3926 6054
239 235 344 291 409

1403 246 1542 305 CUR
1586 247 1767 305 DEUS
1805 248 2018 307 HOMO.
2053 283 2121 293 —
2148 251 2276 310 LIB.
2309 251 2372 308 11.

3411 264 3515 320 ιῖο

237 350 364 404 dico
412 347 540 442 quia
588 363 811 442 possum
876 350 1022 424 loqui
1065 353 1150 411 vel
1198 355 1506 426 ambulare,
1565 361 1820 417 subaudi-
1848 367 1896 426 Α
1927 363 2014 419 ille
2050 365 2286 421 maxime
2320 366 2624 423 laudandus
2653 376 2734 423 est
2777 370 2842 425 de
2876 369 3035 426 bonis
3085 387 3208 442 quae
3255 375 3418 431 habet
3463 390 3518 433 et

239 450 352 508 tur,
379 440 424 495 si
454 437 596 495 volo.
634 440 690 495 Si
727 441 874 496 enim
912 460 1018 499 non
1065 446 1489 519 subintelligitur
1535 452 1820 522 voluntas,

238 548 347 586 non
393 541 478 586 est
521 541 783 602 potestas,
831 535 925 591 sed
973 539 1293 596 necessitas.
1342 541 1476 597 Nam
1532 559 1654 600 cum
1704 547 1825 603 dico

234 625 368 695 quia
415 625 605 680 nolens
648 641 873 695 possum
922 630 1064 686 trahi
1113 642 1208 688 aut
1263 633 1542 703 vinci'i“,
1585 645 1692 694 non
1741 648 1826 696 est

237 715 356 769 haec
392 728 516 768 mea
532 713 628 746 ’⁷⁸⁸
670 727 946 785 potestas,
991 718 1086 774 sed
1130 723 1451 792 necessitas,
1490 736 1544 781 et
1584 736 1825 798 potestas

235 806 491 860 alterius.
542 804 750 878 Quippe
803 823 908 863 non
959 819 1044 866 est
1087 811 1264 878 aliud,
1297 829 1518 884 possum
1568 819 1706 878 trahi
1740 821 1824 876 vel

234 898 414 963 vinci,
449 914 612 969 quam
636 940 652 964 ,
687 899 826 957 alius
872 917 959 957 me
1001 905 1220 961 trahere
1248 907 1333 964 vel
1377 909 1596 966 vincere
1621 922 1821 982 potest.

235 989 532 1047 Possumus
555 992 739 1063 itaque
760 993 942 1051 dicere
963 997 1029 1052 de
1051 996 1292 1065 Christo,
1317 1001 1444 1070 quia
1470 1003 1644 1073 potuit
1670 1020 1826 1060 men-

236 1078 360 1145 tiri,
390 1080 438 1136 si
464 1080 840 1150 subaudiatur,
885 1085 931 1141 si
977 1077 1140 1144 vellet
1168 1108 1181 1143 :
1211 1099 1266 1145 et
1303 1092 1559 1160 quoniam
1603 1096 1822 1151 mentiri

233 1185 341 1223 non
375 1171 549 1240 potuit
575 1172 795 1240 nolens,
822 1190 921 1231 nec
941 1179 1118 1248 potuit
1144 1180 1283 1236 velle
1311 1184 1559 1251 mentiri;
1591 1200 1695 1242 non
1719 1187 1824 1242 mi-

233 1265 448 1318 nus'm
494 1265 601 1321 dici
641 1275 821 1337 potest
849 1271 1159 1340 nequivisse
1209 1276 1453 1331 mentiri.
1505 1278 1596 1335 Sic
1640 1280 1823 1352 itaque

230 1357 438 1425 potuit,
475 1365 530 1413 et
559 1373 663 1415 non
702 1361 880 1430 potuit
908 1364 1149 1419 mentiri.
1184 1365 1312 1423 Bos.
1350 1368 1505 1426 Nunc
1537 1371 1823 1428 redeamus

230 1448 303 1501 ad
342 1447 780 1518 investigandum
825 1452 894 1507 de
938 1453 1032 1510 illo
1079 1457 1233 1525 quasi
1279 1460 1517 1515 nondum
1548 1461 1648 1528 sit,
1680 1461 1824 1517 sicut

230 1541 578 1611 incmpimus.
613 1542 745 1600 Dico
777 1545 965 1616 igitur,
1011 1549 1054 1602 si
1098 1565 1328 1620 peccare
1351 1569 1458 1609 non
1489 1556 1818 1624 poterit'i",

227 1633 360 1700 quia
385 1634 526 1689 sicut
556 1634 724 1704 dicis,
774 1653 880 1692 non
931 1641 1132 1709 poterit
1169 1643 1336 1708 velle;
1382 1661 1451 1700 ex
1495 1648 1822 1704 necessitate

1927 464 2141 521 servat,
2168 471 2276 510 non
2307 456 2412 511 ulla
2451 459 2807 524 necessitate;
2838 461 2931 515 sed
2953 502 2969 526 ,
2997 461 3140 517 sicut
3169 479 3330 534 supra
3362 467 3472 520 dixi
3497 510 3513 536 ,

1926 548 2141 617 propria
2187 557 2243 602 et
2279 558 2483 604 aeterna
2533 549 2992 606 immutabilitate.
3045 552 3136 609 Sic
3181 571 3309 627 ergo
3352 557 3518 613 homo

1927 639 2038 705 ille,
2064 641 2156 710 qui
2185 641 2326 696 idem
2352 641 2468 712 ipse
2495 642 2638 698 Deus
2667 644 2796 704 erit.
2823 646 3080 714 quoniam
3115 663 3276 704 omne
3309 649 3510 706 bonum

1925 733 2068 802 quod
2112 733 2226 803 ipse
2255 733 2504 800 habebit,
2533 750 2564 789 a
2604 749 2664 790 se
2703 736 2958 804 habebit,
3004 753 3107 793 non
3157 742 3512 810 necessitate,

1925 825 2020 881 sed
2048 825 2430 892 libertate"“,
2461 835 2516 882 et
2547 843 2576 881 a
2606 829 2788 898 seipso
2827 827 3039 897 justus,
3069 841 3124 885 et
3166 832 3370 888 idcirco
3396 833 3514 889 lau-

1924 917 2134 974 dandus
2157 918 2283 973 erit.
2311 917 2571 986 Quamvis
2597 921 2741 974 enim
2766 921 3002 976 humana
3032 933 3226 978 natura
3267 941 3295 979 a
3329 927 3515 983 divina

1924 1011 2123 1067 habeat
2169 1011 2312 1081 quod
2360 1011 2616 1079 habebit,
2668 1013 2809 1068 idem
2865 1023 3044 1069 tamen
3094 1016 3210 1085 ipse
3261 1032 3290 1071 a
3338 1019 3514 1088 seipse

1925 1101 2204 1172 (quoniam
2251 1100 2371 1156 dua:
2405 1112 2615 1156 natura:
2652 1117 2759 1156 una
2787 1117 3017 1172 persona
3061 1106 3242 1175 erunt)
3274 1106 3514 1164 habebit.

1923 1193 2046 1248 Bos.
2081 1191 2408 1249 Satisfecisti
2436 1193 2569 1248 mihi
2615 1209 2682 1249 ex
2714 1195 2842 1260 hoc;
2877 1204 2933 1250 et
2979 1205 3164 1265 aperte
3197 1199 3353 1252 video
3383 1199 3512 1266 quia

1923 1291 1976 1340 et
1997 1298 2227 1353 peccare
2256 1299 2363 1340 non
2395 1285 2630 1355 poterit;
2659 1294 2725 1340 et-
2748 1294 2926 1342 tamen
2968 1287 3273 1344 laudandus
3315 1290 3420 1344 erit
3445 1291 3515 1344 de

1916 1377 2129 1448 justitia
2171 1392 2289 1432 sua.
2346 1377 2453 1433 Sed
2499 1393 2645 1433 nunc
2691 1379 3040 1450 quaerendum
3091 1381 3332 1444 aestimo;
3390 1397 3512 1436 cum

1923 1468 2066 1523 Deus
2093 1467 2253 1523 talem
2282 1468 2574 1537 posset'm
2605 1468 2784 1524 facere
2820 1470 3096 1524 hominem
3118 1511 3133 1536 ,
3163 1487 3262 1525 cur
3294 1487 3398 1526 non
3434 1483 3516 1527 ta—

1923 1560 2001 1615 les
2025 1560 2155 1615 fecit
2185 1559 2406 1628 angelos
2431 1568 2486 1615 et
2515 1560 2650 1616 duos
2673 1561 2881 1630 primos
2911 1561 3161 1616 homines
3180 1601 3196 1626 ,
3228 1571 3288 1615 ut
3323 1563 3516 1618 simili-

1924 1661 2010 1708 ter
2049 1661 2106 1708 et
2147 1667 2379 1723 peccare
2425 1668 2531 1709 nou
2577 1663 2832 1724 possent,
2862 1661 2918 1706 et
2945 1653 3011 1708 de
3031 1652 3239 1721 justitia
3273 1668 3369 1707 sua
3398 1653 3516 1707 lau-

223 1725 473 1814 servabit
507 1726 782 1798 justitiam
813 1747 826 1784 :
875 1746 1047 1802 quare
1075 1749 1180 1789 non
1209 1749 1276 1790 ex
1323 1735 1576 1795 libertate
1600 1739 1816 1797 arbitrii
1851 1720 1895 1780 Β
1923 1743 2085 1799 dandi
2109 1720 2332 1800 essent?
2359 1744 2489 1800 Aris.
2525 1720 2788 1814 luitelligis
2821 1758 2940 1813 quae
2965 1720 3102 1798 dicis
3117 1743 3244 1796 ""‘3
3273 1743 3398 1798 Bos.
3424 1742 3517 1798 V'i-

222 1812 410 1883 justus
453 1817 580 1871 erit.
625 1816 756 1885 Qua:
787 1818 954 1890 igitur
981 1822 1156 1889 gratia
1203 1813 1279 1880 illi
1324 1839 1421 1896 pro
1456 1825 1670 1896 justitia
1718 1843 1818 1886 sua

225 1903 548 1960 debebitur?
595 1903 848 1962 Solemus
897 1924 1134 1981 namque
1162 1911 1346 1971 dicere
1388 1914 1562 1972 Deum
1615 1917 1820 1976 idcirco

227 1996 427 2053 fecisse
453 1998 704 2070 angelum
731 2010 787 2057 et
814 2002 1086 2060 hominem
1125 2006 1260 2062 tales
1304 2009 1396 2080 qui
1427 2025 1661 2081 peccare
1693 2027 1822 2085 pos-

223 2094 385 2152 sent;
417 2099 697 2156 quatenus
727 2107 848 2148 cum
881 2105 1103 2163 possent
1148 2098 1400 2156 deserere
1432 2099 1702 2170 justitiam
1723 2145 1739 2172 ,
1765 2114 1822 2162 et

224 2193 296 2233 ex
330 2179 581 2236 libertate
620 2181 833 2239 arbitrii
875 2198 1192 2255 servarent,
1223 2192 1458 2260 gratiam
1504 2203 1560 2250 et
1603 2196 1815 2254 laudem

226 2280 597 2340 mererentur,
651 2289 771 2344 qua:
815 2275 953 2337 illis.
985 2278 1030 2334 si
1077 2281 1406 2338 necessitate
1440 2283 1572 2354 justi
1603 2298 1817 2357 essent,

227 2379 340 2419 non
369 2365 718 2421 deberentur.
743 2367 875 2423 Ans.
907 2368 1099 2426 Nonne
1128 2372 1338 2444 angeli,
1364 2375 1456 2445 qui
1504 2377 1664 2435 modo
1693 2394 1820 2450 pec-

226 2469 360 2510 care
400 2464 711 2526 nequeunt,
760 2456 1015 2515 laudandi
1064 2470 1211 2516 sunt.
1249 2461 1375 2519 Bos.
1425 2463 1566 2521 Sunt
1605 2467 1820 2538 utique;

227 2545 364 2614 quia
399 2545 503 2601 hoc
524 2586 540 2613 ,
571 2548 717 2617 quod
761 2549 923 2606 modo
955 2565 1060 2606 non
1094 2566 1354 2623 possunt,
1386 2569 1702 2614 meruerunt
1727 2576 1824 2631 per

226 2639 336 2692 hoc
368 2637 509 2708 quod
539 2647 833 2708 potuerunt
861 2649 918 2697 et
943 2641 1252 2698 noluerunt.
1280 2645 1408 2702 Ans.
1439 2647 1574 2714 Quid
1602 2650 1738 2707 dicis
1759 2651 1824 2708 de

226 2727 362 2792 Deo,
388 2727 478 2797 qui
504 2744 729 2798 peccare
758 2746 864 2786 non
888 2741 1066 2802 potest
1093 2752 1105 2787 :
1135 2748 1232 2790 nec
1257 2736 1361 2792 hoc
1391 2739 1587 2794 meruit
1615 2756 1711 2810 per
1730 2756 1826 2811 po-

225 2826 484 2874 tcstatem
510 2822 788 2889 peccandi,
811 2837 917 2892 qua
942 2840 1044 2879 non
1072 2827 1316 2894 peccavit
1346 2846 1358 2882 :
1393 2844 1572 2886 nonne
1597 2830 1824 2887 laudan-

226 2909 332 2964 dus
358 2919 445 2965 est
469 2925 568 2982 pro
586 2909 794 2981 justitia
820 2914 950 2969 sua?
977 2914 1101 2971 Bos.
1135 2916 1234 2974 llic
1263 2917 1382 2974 volo
1413 2928 1471 2974 ut
1497 2923 1824 2992 respondeas

225 3014 328 3070 pro
353 3016 442 3055 me
471 3019 487 3056 ε
521 3017 642 3056 nam
672 3005 716 3058 si
753 3004 874 3061 dico
902 3020 1023 3061 eum
1048 3023 1154 3062 non
1176 3024 1296 3066 esse
1325 3010 1675 3080 laudandum,
1706 3016 1822 3070 scio

1922 1835 2056 1893 deor
2080 1835 2214 1892 mihi
2241 1834 2578 1907 intelligere,
2606 1846 2662 1892 et
2689 1834 2898 1893 idcirco
2927 1850 3112 1907 quaero
3137 1851 3239 1890 cur
3257 1850 3354 1891 eos
3380 1835 3516 1892 tales

1921 1942 2029 1984 non
2066 1926 2230 1984 fecit?
2273 1926 2408 1983 ANS.
2463 1926 2732 1994 Quoniam
2779 1941 2882 1983 nec
2927 1929 3138 1998 potuit,
3182 1941 3284 1983 nec
3329 1927 3516 1982 debuit

1923 2017 2039 2074 ﬁeri
2069 2027 2126 2074 ut
2155 2018 2266 2089 90
2295 2017 2667 2090 unusquisque
2682 2017 2778 2050 'm
2816 2032 3006 2074 eorum
3033 2026 3179 2073 esset
3227 2016 3370 2072 idem
3397 2016 3515 2085 ipse

1923 2112 2015 2183 qui
2047 2114 2224 2178 Deus,
2251 2111 2394 2169 sicut
2435 2113 2502 2166 de
2517 2111 2612 2144 ³⁷³⁵
2639 2110 2860 2165 homine
2909 2110 3014 2166 isto
3062 2109 3291 2166 dicimus
3320 2123 3336 2162 :
3369 2117 3426 2163 et
3467 2108 3517 2164 si

1925 2203 2128 2273 quaeris
2163 2217 2263 2258 cur
2292 2216 2402 2258 non
2440 2201 2507 2256 de
2544 2211 2624 2256 ιοι
2663 2201 2902 2270 quot’m
2929 2210 3058 2256 sunt
3100 2215 3347 2271 persona:
3385 2199 3514 2266 Dei,

1925 2293 2008 2348 vel
2035 2292 2233 2348 saltem
2262 2290 2331 2347 de
2363 2304 2472 2346 uno
2501 2291 2606 2346 hoc
2636 2288 2796 2357 fecit,
2835 2290 3139 2361 respondeo
3168 2306 3182 2343 :
3216 2287 3342 2358 quia
3369 2289 3513 2343 ratio

1924 2396 2053 2442 tunc
2083 2383 2201 2440 ﬁeri
2230 2382 2539 2438 nullatenus
2559 2383 2662 2437 hoc
2684 2380 2960 2452 exigebat,
2989 2381 3085 2437 sed
3112 2380 3333 2436 omnino
3365 2379 3513 2450 (quia

1923 2477 2068 2533 Deus
2097 2474 2231 2530 nihil
2259 2475 2378 2531 sine
2409 2475 2623 2530 ratione
2652 2473 2807 2544 facit)
2840 2472 3187 2544 prohibebat.
3223 2472 3346 2529 Bos.
3379 2471 3514 2526 Eru-

1923 2569 2090 2625 besco
2115 2567 2242 2637 quia
2272 2568 2376 2624 hoc
2401 2567 2628 2638 quesivi
2659 2583 2674 2622 :
2703 2564 2790 2621 dic
2822 2565 3049 2636 quaem'
3094 2564 3339 2620 dicturus
3367 2577 3512 2619 eras.

1924 2660 2053 2716 Ans.
2084 2660 2336 2714 Dicamus
2371 2673 2502 2730 ergo
2528 2659 2656 2728 quia
2689 2656 2830 2712 mori
2855 2671 2961 2712 non
2985 2655 3233 2718 debebit,
3257 2654 3515 2726 quoniam

1925 2768 2032 2808 non
2064 2751 2170 2808 erit
2196 2761 2470 2822 peccator.
2503 2751 2630 2806 Bos.
2656 2749 2969 2806 Concedere
3013 2763 3098 2804 me
3125 2754 3365 2819 oportet.

2536 2861 2766 2919 CAPUT
2803 2861 2897 2917 XI.

1930 2953 2084 3021 Quod
2133 2955 2396 3009 moriatur
2419 2969 2485 3008 ea:
2521 2971 2620 3008 sua
2669 2961 2924 3022 potestate
2957 2967 2977 3006 :
3009 2960 3057 3005 et
3098 2951 3240 3021 quod
3274 2948 3516 3005 mortali-

1998 3025 2187 3080 tas'm
2209 3042 2314 3080 non
2334 3026 2590 3096 pertineat
2612 3023 2682 3078 ad
2703 3039 2891 3094 puram
2911 3021 3137 3077 [taurinis
3169 3031 3438 3075 naturam.

226 3107 318 3146 me
344 3094 582 3151 mentiri.
628 3094 685 3150 Si
727 3105 906 3152 autem
930 3097 1052 3154 dico
1075 3098 1432 3172 laudandum,
1463 3106 1626 3162 timeo
1674 3108 1820 3163 inﬁr-
1847 3079 1896 3143 ο
1997 3079 2125 3170 Aris.
2171 3079 2347 3171 Nunc.
2367 3125 2549 3170 autem
2597 3079 2767 3171 rest'at
2815 3114 3076 3184 indagare
3123 3121 3304 3168 utrun-
3343 3111 3517 3182 ροεεῖῑ

227 3198 386 3239 mare
415 3185 680 3241 rationem
693 3186 813 3253 '7“,
847 3203 1009 3257 quam
1033 3189 1141 3246 dixi
1161 3192 1607 3264 deangelis.Ans.
1634 3196 1822 3266 Angeli

228 3291 337 3330 non
361 3285 490 3332 sunt
511 3275 762 3334 laudandi
787 3278 1076 3352 dejustitia
1100 3298 1217 3350 sua,
1245 3287 1369 3357 quia
1397 3302 1620 3357 peccare
1635 3299 1825 3359 potuc-

228 3376 360 3422 ruat
374 3385 390 3436 ;
409 3373 501 3425 sed
519 3370 642 3442 quia
657 3387 753 3441 per
779 3374 883 3429 hoc
909 3375 1306 3444 quodammodo
1328 3394 1359 3434 a
1381 3393 1438 3434 se
1464 3381 1662 3436 habent
1680 3385 1824 3452 quod

229 3475 466 3528 peccare
493 3472 766 3533 nequeunt
797 3483 812 3520 :
843 3465 896 3521 in
922 3482 1030 3538 quo
1079 3469 1421 3540 aliquatenus
1457 3473 1662 3531 similes
1699 3486 1823 3532 sunt

232 3549 382 3614 Deo,
428 3551 520 3621 qui
567 3567 596 3606 a
628 3567 687 3608 se
716 3554 878 3609 habet
925 3556 1183 3627 quidquid
1229 3559 1408 3616 habet.
1441 3563 1650 3618 Dicitur
1677 3565 1821 3620 enim

230 3641 366 3696 dare
407 3642 644 3712 aliquid,
679 3646 772 3715 qui
818 3662 924 3701 non
957 3647 1244 3703 aufert”m
1271 3653 1491 3722 quando
1529 3665 1738 3725 potest;
1769 3667 1822 3713 et

230 3731 418 3786 facere
442 3747 564 3789 esse
601 3734 834 3805 aliquid,
865 3738 957 3808 qui
996 3754 1118 3794 cum
1150 3743 1322 3810 possit
1359 3744 1592 3813 idipsum
1641 3748 1820 3806 facere

231 3837 339 3875 non
370 3837 523 3887 esse,
552 3840 660 3880 non
691 3824 844 3882 facit.
883 3829 973 3884 Sic
1017 3831 1200 3902 itaque
1243 3849 1366 3889 cum
1399 3835 1619 3905 angelus
1648 3842 1823 3908 potuit

229 3911 452 3970 auferre
487 3915 590 3970 sibi
615 3915 912 3986 justitiam,
957 3929 1012 3976 et
1044 3937 1150 3977 non
1179 3923 1431 3993 abstulit;
1462 3938 1516 3983 et
1548 3928 1730 3984 facere
1763 3945 1822 3986 se

231 4023 342 4060 non
371 4023 494 4064 esse
518 4007 758 4078 justum,
793 4022 849 4067 et
893 4028 1000 4069 non
1043 4013 1198 4082 fecit;
1233 4028 1380 4075 recte
1411 4021 1676 4077 asseritur
1705 4022 1822 4094 ipse

231 4095 338 4150 sibi
369 4096 588 4154 dedisse
621 4100 915 4170 justitiam,
968 4111 1024 4158 et
1069 4105 1305 4176 seipsum
1345 4107 1550 4176 justum
1600 4109 1820 4168 fecisse.

234 4187 350 4243 Hoc
376 4187 543 4260 igitur
583 4194 744 4248 modo
773 4193 936 4249 habet
965 4210 995 4249 a
1027 4195 1369 4266 sejustitiam
1396 4201 1544 4272 (quia
1570 4213 1820 4261 creatura

228 4296 355 4336 eam
385 4280 545 4337 aliter
565 4298 597 4338 a
619 4298 678 4339 se
705 4285 905 4341 habere
934 4289 1140 4360 nequit)
1169 4308 1181 4344 :
1206 4300 1258 4345 et
1293 4293 1494 4350 idcirco
1520 4295 1821 4353 laudandus

229 4380 316 4425 est
351 4371 421 4426 de
444 4387 540 4427 sua
557 4372 792 4442 justitia,
819 4391 918 4432 nec
941 4379 1402 4450 necessitatem",
1435 4385 1529 4439 sed
1570 4385 1820 4443 libertate

1923 3207 2060 3262 mori
2088 3207 2387 3262 secundum
2417 3207 2710 3260 humanam
2736 3213 2992 3261 naturam
3020 3223 3033 3257 :
3061 3219 3186 3258 nam
3211 3203 3514 3259 secundum

1923 3296 2163 3352 divinam
2209 3297 2637 3368 incorruptibilis
2684 3311 2900 3369 semper
2933 3296 3058 3352 erit.
3113 3297 3233 3351 Bos.
3287 3296 3362 3351 De
3409 3296 3516 3352 hoc

1923 3387 2128 3442 curm“
2173 3385 2428 3442 dubitare
2473 3387 2769 3454 debemus;
2819 3403 2944 3444 cum
2996 3389 3110 3458 ipse
3150 3397 3309 3443 vetus
3352 3388 3517 3442 homo

1922 3477 2140 3534 futurus
2169 3479 2278 3544 sit,
2302 3487 2360 3533 et
2385 3481 2564 3534 omnis
2593 3478 2754 3535 homo
2781 3479 3102 3534 naturaliter
3131 3478 3379 3534 mortalis
3409 3479 3516 3534 sit?

1921 3567 2052 3622 Aas.
2081 3566 2201 3623 Non
2232 3575 2364 3638 puto
2393 3569 2786 3624 mortalitatem
2813 3569 2881 3624 ad
2908 3583 3136 3640 puram,
3167 3569 3261 3624 sed
3292 3567 3360 3623 ad
3390 3583 3516 3623 cor-

1923 3667 2138 3727 ruptam
2168 3657 2408 3715 hominis
2437 3669 2690 3714 naturam
2725 3660 3020 3731 pertinere.
3054 3659 3263 3730 Quippe
3295 3659 3342 3715 si
3373 3675 3516 3714 nun-

1921 3763 2083 3819 quam
2117 3759 2402 3820 peccasset
2445 3751 2640 3819 homo,
2685 3760 2742 3805 et
2791 3752 3176 3808 immortalitas
3215 3751 3388 3822 ipsius
3417 3751 3516 3805 im-

1924 3837 2254 3892 mutabiliter
2277 3839 2488 3893 tirmata
2511 3840 2790 3904 esset’m;
2817 3855 2922 3894 non
2947 3850 3128 3894 tamen
3151 3840 3332 3895 minus
3353 3840 3517 3895 homo
3575 3841 3582 3850 “

1921 3939 2068 3985 esset
2091 3944 2254 3984 verus
2282 3947 2295 3983 :
2321 3938 2373 3984 et
2401 3931 2618 4000 quando
2641 3932 2902 3986 mortales
2923 3932 2976 3985 in
3000 3931 3518 4000 incorruptibilitate

1925 4029 2247 4090 resurgent,
2280 4037 2388 4077 non
2425 4022 2606 4078 minus
2632 4031 2795 4077 erunt
2838 4023 2954 4077 veri
2998 4023 3246 4080 homines
3278 4038 3443 4077 :nam
3467 4022 3516 4078 si

1922 4113 2221 4183 pertineret
2243 4113 2310 4168 ad
2333 4113 2620 4169 veritatem
2647 4113 2896 4168 humanm
2946 4122 3157 4169 natura:
3186 4112 3514 4182 mortalitas,

1923 4221 2262 4276 nequaquam
2295 4214 2478 4277 posset
2501 4221 2622 4263 esse
2651 4207 2837 4274 homo,
2867 4207 2959 4279 qui
2989 4215 3135 4263 esset
3163 4204 3514 4263 immortalis:

1925 4315 2032 4355 non
2081 4314 2211 4369 ergo
2244 4300 2486 4369 pertinet
2514 4299 2583 4356 ad
2630 4301 3005 4358 sinceritatem
3037 4303 3288 4356 humana:
3313 4306 3518 4354 naturae

1928 4389 2385 4460 corruptibilitas,
2454 4391 2572 4447 sive
2636 4391 3125 4461 incorruptibilitas
3193 4409 3206 4446 :
3260 4391 3516 4462 quoniam

230 4460 412 4522 iustus
441 4473 572 4519 est:
617 4467 742 4539 quia
790 4469 1086 4540 improprie
1129 4472 1327 4528 dicitur
1356 4478 1692 4545 necessitas,
1729 4479 1819 4535 ubi

231 4569 335 4608 nec
381 4557 594 4613 coactio
643 4559 748 4614 ulla
795 4571 905 4628 est,
960 4578 1059 4619 nec
1109 4566 1421 4635 prohibitio.
1480 4567 1822 4642 Quapropter

231 4647 490 4717 quoniam
520 4651 662 4706 Deus
691 4652 933 4723 perfecte
977 4655 1140 4713 habet
1179 4674 1209 4713 a
1236 4674 1294 4716 se
1320 4661 1580 4733 quidquid
1621 4663 1815 4732 habet;

1932 4490 2118 4536 neutra
2152 4481 2284 4538 facit
2323 4492 2418 4536 aut
2448 4482 2682 4537 destruit
2713 4483 3024 4546 hominem;
3054 4483 3147 4537 sed
3178 4481 3346 4537 altera
3375 4481 3518 4536 valet

1927 4573 1992 4626 ad
2017 4571 2134 4641 ejus
2169 4573 2648 4639 miseriam,altera
2677 4575 2746 4630 ad
2771 4573 3186 4630 beatitudinem.
3218 4573 3347 4639 Sed,
3382 4589 3518 4644 quo-

1925 4665 2069 4718 niam
2103 4663 2280 4720 nullus
2327 4665 2490 4720 homo
2519 4671 2635 4730 est,
2665 4663 2756 4734 qui
2795 4677 2902 4718 non
2960 4665 3224 4720 moriatur
3254 4681 3270 4719 :
3316 4664 3518 4720 idcirco

1525 4813 1762 4872 VARUE
1805 4817 2209 4875 LECTIONES.

305 4952 404 4986 ’⁷³⁸
431 4952 595 5008 Trahi
649 4961 707 5008 et
759 4953 902 5008 vinci
971 4971 1097 5009 mss.
1146 4966 1194 5009 et
1269 4955 1413 5011 Edit.
1476 4957 1635 5012 Coth.

233 5023 396 5077 Coth.
437 5039 542 5106 noon
589 5033 673 5080 est
702 5025 824 5106 hinc
847 5041 964 5106 mea

231 5110 346 5149 Ill)"
405 5109 586 5150 mlllUS

1714 4960 1856 5014 trahi
1927 4968 2022 5014 aut
2072 4959 2214 5015 vinci
2365 4959 2459 4996 ’7”
2491 4957 2608 5014 Non
2637 4965 2740 5022 est,
2806 4974 2906 5014 nec
2961 4973 3080 5015 mea
3111 4977 3236 5014 mss.
3287 4969 3336 5014 et
3366 4960 3514 5018 Edit.

1108 5028 1203 5059 ²⁷²⁶
1226 5027 1334 5083 Nec
1383 5028 1560 5084 minus
1607 5046 1731 5084 mss.
1786 5029 1918 5084 Vict.
1983 5031 2038 5085 3.
2089 5039 2135 5084 et
2191 5030 2277 5086 l9.
2335 5029 2395 5084 S.
2453 5029 2614 5083 Misit.
2669 5028 2816 5084 Gem.
2868 5029 2990 5084 Bec.
3047 5041 3098 5084 et
3153 5029 3298 5084 Edit.
3357 5029 3515 5087 Gotlt.

729 5096 1252 5170 ’1’7PeccareAnion
1314 5099 1486 5168 potuit
1549 5116 1673 5153 mss.
1754 5099 1881 5155 Vict.
1939 5100 2096 5170 gem.
2159 5099 2286 5158 Bec.
2347 5099 2472 5170 Jolg
2525 5099 2587 5170 S.
2656 5099 2820 5154 Mtclt.
2877 5109 2924 5154 et
2975 5098 3122 5154 Edit.
3181 5099 3317 5154 Galli
3393 5117 3518 5168 pec-

233 5179 364 5237 care
428 5180 535 5218 non
600 5166 800 5237 poterit
871 5236 876 5237 ί
945 5168 1039 5237 ’ζη
1104 5166 1383 5223 lnﬁrmare
1448 5171 1712 5223 rationem
1775 5189 1874 5225 ms.
1937 5169 2071 5224 Vict.
2125 5173 2211 5227 19.
2286 5166 2564 5225 infirmari
2612 5171 2877 5224 rationem
3025 5171 3118 5201 ²⁷²⁹
3179 5169 3330 5236 Quod
3396 5166 3510 5224 non

149 5295 155 5301 ι
240 5234 580 5309 aufertmss.
600 5234 756 5309 ’Vict.
782 5236 932 5309 Joty,
956 5235 1102 5292 Geni.
1135 5238 1256 5292 Bec.
1288 5249 1335 5292 et
1367 5239 1513 5293 Edit.
1544 5239 1698 5294 Catii.
1724 5241 1814 5309 qui
1845 5258 1947 5295 non
1973 5243 2152 5298 aufert
2227 5243 2321 5274 ²⁷³⁰
2350 5243 2418 5297 Et
2436 5256 2542 5294 nou
2569 5245 2894 5295 necessitate
2922 5258 3048 5294 mss.
3090 5234 3221 5309 Vict.
3264 5239 3518 5309 Jolytuec

237 5307 585 5381 necessitate
642 5307 736 5381 ’"f
775 5307 882 5360 Sed
911 5309 1187 5381 voluntate
1216 5320 1269 5364 et
1301 5311 1548 5364 libertate
1572 5328 1694 5364 mss.
1736 5307 1984 5366 omittunt
2014 5314 2293 5368 voluntate
2317 5321 2370 5367 et
2441 5313 2534 5343 ³⁷³³
2565 5309 2748 5365 Talem
2784 5322 2962 5381 posset
2994 5328 3117 5364 mss.
3187 5308 3336 5381 Gem.
3361 5307 3512 5381 ’ABec.

243 5373 382 5428 Vict.
417 5387 464 5428 et
495 5374 621 5447 1on
653 5377 813 5430 talem
843 5379 1011 5446 possit
1082 5379 1174 5410 ³⁷³³
1207 5381 1342 5445 Quid
1367 5381 1564 5435 dicas?
1596 5398 1694 5434 ms.
1727 5381 1852 5452 Joly
1875 5399 1994 5451 qua:
2016 5384 2197 5438 dicis?
2268 5384 2362 5415 ’7"
2398 5383 2560 5447 Fieri,
2613 5391 2672 5436 ut
2699 5373 3070 5503 unusquisque
3100 5399 3196 5434 ms.
3228 5379 3352 5450 Joly
3374 5378 3513 5435 ﬁeri.

243 5445 628 5503 Unusquisque
703 5447 798 5478 ³⁷³⁵
829 5447 971 5503 Deus
1000 5450 1141 5503 sicut
1171 5451 1236 5503 de
1266 5467 1364 5503 ms.
1387 5450 1512 5503 .Ioln
1547 5453 1707 5503 Deus.
1739 5451 1895 5503 Num:
1927 5455 1992 5503 de
2018 5471 2112 5503 ms.
2150 5453 2284 5503 Vin.
2322 5454 2409 5503 l9.
2440 5455 2579 5503 Deus
2600 5453 2677 5503 sic
2698 5453 2764 5503 de
2838 5452 2934 5483 '7"
3007 5452 3069 5503 ’cl
3104 5462 3179 5503 tot
3226 5461 3355 5503 quot
3387 5468 3513 5503 mss.

240 5445 628 5520 littnsquisque
689 5447 798 5520 f7"
829 5445 971 5503 Deus
1000 5450 1141 5504 sicut
1171 5451 1236 5503 de
1266 5467 1364 5503 ms.
1387 5450 1512 5520 Joly
1547 5453 1707 5505 Deus.
1739 5445 1906 5508 Nune
1927 5455 1992 5506 de
2018 5471 2112 5506 ms.
2150 5453 2284 5508 Vict.
2322 5454 2409 5509 l9.
2439 5445 2579 5508 Deus
2600 5453 2677 5507 sic
2698 5453 2764 5506 dc
2838 5445 2934 5483 ‘7"
2982 5445 3069 5505 Vel
3104 5462 3179 5504 tot
3226 5445 3355 5519 quo]
3387 5468 3513 5504 mss.

235 5529 282 5568 et
312 5514 463 5591 Edit.
489 5514 645 5591 Cotti.
672 5517 1044 5591 detorquet
1086 5521 1178 5551 ’⁷³⁷
1206 5521 1301 5576 Dic
1328 5514 1624 5591 quo‘dims.
1653 5523 1737 5576 dic
1762 5538 1882 5591 qua:
1953 5525 2048 5555 ’⁷³⁸
2076 5525 2226 5591 Quod
2273 5525 2576 5580 mortalitas
2623 5539 2749 5576 mss.
2808 5520 2943 5591 Vict.
2994 5533 3039 5576 ct
3087 5514 3429 5576 Edithot/t.
3462 5533 3520 5576 et

235 5587 386 5654 quod
419 5584 756 5645 mortalitas'
798 5584 1001 5646 m9'Dc
1035 5590 1136 5646 hoc
1158 5607 1254 5648 cur
1285 5584 1407 5646 mss.
1442 5589 1576 5645 Vict.
1617 5593 1698 5646 19.
1727 5584 1794 5648 de
1824 5595 1924 5652 hoc
1953 5595 2040 5650 hic
2085 5584 2208 5629 373°
2241 5597 2420 5653 Firma
2448 5603 2594 5654 esset
2624 5609 2746 5649 mss.
2790 5602 2837 5649 et
2887 5590 3029 5648 Edit.
3085 5592 3241 5652 Col/1.
3303 5594 3516 5650 tinnula

235 5666 381 5709 esset

231 5671 357 5712 esse
