3940 6046
332 232 438 292 Hii

865 230 924 287 S.
962 228 1265 285 ANSELMI
1294 226 1644 287 CANTUAR.
1686 230 2008 288 ARCHIEP.
2046 229 2197 287 OPP.
2242 228 2421 286 PARS
2460 230 2503 286 1.
2536 261 2605 272 --
2634 230 3055 290 DOCMATICA.

3496 234 3630 291 H6

331 347 536 404 bonum
560 343 654 401 tibi
689 343 921 408 videtur,
951 341 1106 410 cujus
1134 342 1477 411 iuteremptio
1497 351 1605 397 tam
1633 343 1773 398 mala
1800 343 1918 399 est?
1946 348 1994 405 Α
2023 352 2206 397 rauter
2231 342 2430 399 factum
2460 352 2581 411 est;
2610 344 2705 399 sed
2730 345 2885 415 quasi
2909 345 3146 400 scienter
3172 343 3325 399 ﬁeret
3345 346 3443 379 ¹⁷¹⁸
3463 351 3630 416 quo-1

331 439 455 495 Bos.
499 439 555 494 Si
580 453 698 494 esse
727 436 842 507 ejus
859 443 966 489 tam
988 435 1189 491 bonum
1229 434 1325 467 ’⁷⁸³
1352 445 1457 501 est,
1486 453 1647 508 quam
1674 437 1814 492 mala
1836 444 1922 492 est

330 530 447 602 ejus
470 527 789 594 destructio,
842 526 963 596 plus
1004 534 1093 581 est
1137 526 1340 582 bonum
1394 526 1918 598 incomparabiliter,

330 637 493 692 quam
522 621 632 677 sint
660 633 724 674 ea
760 627 983 689 peccata
1025 617 1187 683 mala,
1222 633 1345 690 qua:
1395 619 1516 675 sine
1561 618 1921 674 testimatione

330 711 427 743 ’⁷⁸⁸
472 718 693 780 superat
744 707 860 777 eius
898 708 1262 778 interemptio.
1336 710 1467 765 Aus.
1521 708 1717 765 Verum
1759 708 1917 763 dicis.

328 801 518 873 Cogita
547 801 709 856 etiam
739 800 866 871 quia
898 799 992 834 ⁸⁷⁸⁵
1023 808 1251 870 peccata
1297 809 1502 855 tantum
1529 809 1656 855 sunt
1677 799 1918 867 odibilia,

329 903 592 963 quantum
645 901 771 948 sunt
824 891 1089 947 mala:et
1115 893 1221 946 vita
1257 892 1360 947 ista
1406 901 1615 948 tantum
1671 894 1923 951 amabilis

329 984 428 1018 ³⁷⁸⁸
448 992 555 1050 est,
578 992 837 1054 quantum
869 992 954 1039 est
974 984 1135 1039 bona.
1189 983 1343 1040 Unde
1371 984 1617 1052 sequitur
1676 984 1771 1017 ’⁷³⁷
1794 986 1922 1055 quia

329 1079 441 1133 vita
461 1080 565 1133 ista
590 1077 685 1110 ⁸⁷⁸⁸
710 1077 829 1148 plus
870 1085 954 1133 est
979 1077 1228 1132 amabilis
1251 1093 1412 1147 quam
1430 1078 1538 1135 sint
1555 1086 1773 1148 peccata
1802 1079 1922 1135 odi-

330 1168 481 1225 bilia.
521 1169 648 1226 Bos.
672 1169 785 1225 Non
815 1184 1034 1240 possum
1058 1170 1163 1226 hoc
1185 1185 1290 1226 non
1325 1170 1623 1242 intelligere
1651 1171 1766 1226 ⁸⁷⁸⁸.
1796 1171 1920 1228 Ans.

330 1259 568 1316 Putasne
596 1268 808 1316 tantum
836 1262 1037 1316 bonum
1067 1268 1174 1315 tam
1222 1261 1455 1317 amabile
1484 1277 1646 1333 posse
1672 1262 1923 1319 suﬁicere

332 1353 398 1407 ad
433 1352 746 1408 solvendum
769 1354 911 1422 quod
939 1354 1164 1415 debetur
1192 1370 1289 1425 pro
1316 1355 1553 1425 peccatis
1582 1355 1747 1411 totius
1770 1371 1925 1411 mun-

334 1445 423 1499 di?
451 1444 574 1500 Bos.
603 1444 713 1500 lmo
737 1444 856 1515 plus
881 1453 1060 1515 potest
1086 1447 1137 1500 in
1158 1446 1428 1501 inﬁnitum
1455 1446 1571 1501 '7“.
1595 1447 1727 1503 Aus.
1759 1445 1925 1504 Vides

332 1537 498 1606 igitur
531 1538 804 1608 quomodo
850 1537 960 1592 vita
1005 1537 1118 1594 haec
1145 1538 1326 1592 vincat
1377 1539 1558 1593 omnia
1592 1547 1836 1610 peccata,
1878 1541 1924 1596 si

332 1643 433 1698 pro
459 1627 564 1684 illis
599 1628 777 1690 detur.
827 1627 952 1684 Bos.
1006 1628 1227 1699 Aperte.
1282 1628 1414 1684 Aus.
1447 1629 1503 1683 Si
1528 1644 1656 1701 ergo
1682 1630 1812 1686 dare
1839 1630 1922 1686 vi-

2021 426 2385 505 necunquam
2439 434 2817 504 lecitaliqnis,
2868 450 2969 491 nec
3029 434 3212 491 facere
3260 437 3451 506 potuit.
3478 437 3627 495 Bos.

2021 527 2439 583 Rationabiliter
2503 528 2919 599 interemptorcs
2989 528 3190 585 Christi
3243 531 3311 586 ad
3387 533 3625 589 veniam

2021 618 2233 689 pt‘CCali
2267 617 2349 673 sui
2373 618 2679 690 pertingere
2709 618 2950 688 potuisse
3000 622 3310 677 monstrasti
3335 622 3453 679 "”.
3475 625 3622 681 ANS.

2023 706 2160 775 Quid
2178 706 2289 777 jam
2318 707 2517 777 quaeris
2558 707 2829 778 amplius?
2852 708 2991 763 Ecce
3036 707 3150 778 jam
3176 710 3325 767 dives
3346 712 3442 745 ²⁸⁰⁰
3468 727 3619 783 quo-

2023 798 2183 854 modo
2203 797 2542 853 rationabilis
2574 799 2873 856 necessitas
2895 802 3151 857 ostendat
3166 817 3235 858 ex
3258 803 3350 835 ¹⁸⁰¹
3373 804 3620 862 homini-

2021 890 2126 944 bus
2177 890 2563 961 perﬁciendam
2615 906 2737 947 esse
2790 908 3082 963 supernam
3136 894 3456 963 civitatem,
3509 913 3620 954 nec

2024 982 2127 1037 hoc
2150 997 2308 1051 posse
2354 982 2470 1037 ﬁeri
2526 983 2629 1038 nisi
2664 1000 2762 1053 per
2804 986 3179 1042 remissionem
3230 1000 3608 1060 peccatorum,

2024 1085 2185 1141 quam
2211 1071 2371 1127 homo
2396 1072 2576 1127 nullus
2624 1071 2825 1129 habere
2848 1084 3025 1145 potest
3056 1077 3160 1131 nisi
3190 1093 3288 1148 per
3310 1080 3609 1147 hominem,

2025 1164 2116 1233 qui
2148 1164 2286 1218 idem
2324 1164 2439 1235 ipse
2486 1163 2558 1219 sit
2619 1164 2783 1231 Deus,
2821 1178 2985 1236 atque
3020 1185 3116 1224 sua
3150 1180 3322 1227 morte
3363 1172 3615 1230 homines

2000 1263 2342 1326 peccatores
2389 1253 2499 1310 Deo
2521 1256 2836 1312 reconciliet
2862 1258 2979 1314 '3“.
3007 1259 3207 1330 Aperte
3263 1262 3424 1333 igitur
3460 1267 3615 1319 inve-

2028 1344 2206 1400 nimus
2227 1344 2534 1412 Christum,
2593 1361 2754 1416 quem
2786 1348 2950 1403 Deum
2990 1359 3043 1404 et
3069 1350 3341 1407 hominem
3380 1355 3613 1412 conﬁte-

2030 1450 2174 1503 mur,
2225 1451 2346 1491 esse
2396 1446 2667 1492 mortuum
2718 1439 2814 1471 ⁸⁸⁸³
2866 1451 3089 1512 propter
3109 1457 3249 1498 nos:
3287 1444 3389 1501 hoc
3426 1456 3615 1501 autem

2029 1529 2236 1599 absque
2288 1528 2437 1584 omni
2485 1530 2764 1588 dubietate
2809 1531 2908 1566 ’⁸⁸⁸
2960 1535 3210 1603 cognito;
3246 1545 3438 1592 cuncta
3487 1554 3615 1608 qua:

2031 1619 2149 1691 ipse
2170 1620 2326 1687 dicit,
2359 1629 2507 1677 certa
2538 1636 2680 1688 esse,
2705 1622 2960 1695 quoniam
2987 1624 3130 1679 Deus
3158 1626 3374 1683 mentiri
3402 1628 3613 1699 nequit,

335 1696 468 1787 tam,
500 1726 586 1774 est
630 1725 857 1774 mortem
903 1696 1187 1789 accipere:
1220 1718 1360 1775 sicut
1415 1717 1568 1774 datio
1595 1696 1759 1788 hujus
1798 1718 1923 1773 vitae
1958 1696 2003 1757 Β
2029 1718 2085 1765 et
2106 1709 2387 1781 sapienter
2421 1725 2545 1767 esse
2562 1710 2706 1767 facta
2761 1729 2883 1783 qua:
2936 1714 3092 1781 fecit,
3120 1696 3615 1773 dubitandum—non

336 1808 594 1881 przevalet
620 1810 872 1866 omnibus
898 1808 1180 1866 hominum
1203 1810 1464 1882 peccatis,
1491 1809 1567 1865 ita
1596 1818 1652 1868 et
1679 1811 1923 1882 acceptio

334 1900 548 1958 mortis.

934 1991 1167 2051 CAPUT
1192 1992 1313 2050 XV.

334 2080 608 2147 Quomodo
632 2080 803 2137 deleat
832 2092 974 2137 mors
1010 2082 1193 2207 eade‘m
1223 2082 1378 2139 etiam
1402 2092 1617 2154 peccata
1644 2100 1761 2140 eum
1788 2084 1925 2157 peri-

1010 2169 1129 2207 men
1153 2170 1281 2207 tum.

1010 2169 1281 2208 metutum.

404 2244 529 2302 Bos.
550 2245 629 2301 ita
651 2257 775 2303 esse
796 2246 869 2303 de
895 2247 1148 2304 omnibus
1169 2248 1427 2319 peccatis,
1466 2264 1587 2319 qua:
1629 2262 1922 2320 personam

335 2338 431 2395 Dei
459 2354 568 2395 non
621 2346 867 2412 tangunt,
910 2348 1143 2396 constat.
1210 2340 1318 2396 Sed
1368 2356 1513 2396 nunc
1573 2341 1733 2397 video
1777 2340 1924 2397 aliud

335 2430 706 2502 quatrendum.
739 2428 877 2489 Nam
926 2430 973 2486 si
998 2441 1108 2486 tam
1138 2430 1336 2487 malum
1389 2442 1474 2487 est
1524 2445 1647 2487 eum
1675 2431 1928 2488 occidere

336 2538 501 2593 quam
533 2522 673 2579 bona
701 2531 787 2578 est
813 2524 923 2579 vita
947 2522 1085 2593 eius,
1102 2523 1394 2606 .qnomodo
1433 2530 1612 2595 potest
1637 2539 1786 2580 mors
1808 2522 1927 2594 ejus

337 2628 599 2685 superare
617 2621 674 2669 et
700 2613 880 2669 delere
936 2622 1163 2684 peccata
1195 2629 1385 2671 eorum
1421 2616 1512 2681 qui
1550 2630 1674 2672 eum
1713 2616 1929 2673 occide-

341 2706 500 2761 runt?
565 2705 675 2760 Aut
718 2705 764 2761 si
804 2704 1033 2777 alicujus
1080 2721 1270 2762 eorum
1324 2716 1607 2779 peccatum
1636 2708 1779 2765 delet
1807 2709 1927 2777 "m,

338 2796 611 2868 quomodo
655 2811 761 2854 non
785 2805 964 2868 potest
1003 2800 1102 2833 ³⁷³³
1128 2800 1357 2856 aliorum
1401 2815 1617 2872 quoque
1645 2802 1922 2857 hominum

339 2889 557 2960 aliquod
578 2888 793 2946 delere?
819 2890 915 2924 ²¹⁹⁸
930 2888 1219 2948 Credimus
1258 2893 1403 2948 enim
1446 2893 1571 2962 quia
1600 2902 1655 2947 et
1675 2892 1829 2948 multi
1857 2908 1927 2950 ex

340 2979 448 3034 illis
472 2978 666 3034 saluti
722 2987 872 3045 sunt,
907 2987 963 3037 et
1004 2980 1429 3040 innumerabiles
1454 2983 1544 3038 alii
1574 2999 1683 3039 non
1714 2983 1928 3040 salvan-

341 3082 431 3126 tur
475 3071 591 3126 ⁸⁷⁸⁸.
634 3069 766 3125 Aus.
822 3071 976 3129 Hanc
1005 3074 1361 3140 quaestionem
1419 3074 1579 3131 solvit
1618 3074 1924 3146 Apostolus,
1955 3054 2000 3116 (ἶ

338 3166 432 3237 qui
458 3165 635 3222 dixit:
683 3166 809 3236 quia
844 3166 891 3221 si
916 3168 1295 3237 cognovissent,
1346 3184 1614 3241 nunquam
1643 3168 1927 3223 Dominum

337 3259 521 3328 gtoriae
544 3258 925 3328 crueiﬁzissent
955 3257 1008 3327 (ι
1037 3257 1160 3314 Cor.
1185 3275 1246 3325 tt,
1276 3260 1355 3331 8).
1398 3261 1634 3317 Tantum
1687 3274 1928 3331 namque

339 3349 597 3406 d‘l'ferunt
622 3351 862 3407 scienter
879 3350 976 3385 ³⁷⁸⁵
1003 3349 1207 3412 factum
1236 3360 1518 3422 peccatum
1538 3393 1553 3417 ,
1583 3360 1639 3407 et
1658 3353 1801 3423 quod
1825 3365 1927 3423 per

343 3440 702 3510 ignorantiam
744 3439 842 3496 iit:
875 3448 933 3496 ut
951 3440 1184 3506 malum,
1218 3442 1360 3512 quod
1420 3458 1697 3514 nunquam
1743 3442 1926 3501 facere

341 3538 564 3600 possent
584 3545 682 3601 pro
704 3530 983 3586 nimietate
1018 3546 1134 3592 sua.
1162 3532 1207 3587 si
1235 3542 1684 3604 cognosceretur,
1714 3534 1926 3592 veniale

342 3623 433 3687 sit,
470 3622 595 3693 quia
626 3622 940 3692 ignoranter
973 3621 1176 3679 factum
1198 3634 1302 3681 est.
1335 3625 1501 3681 Deum
1539 3626 1681 3682 enim
1708 3627 1925 3685 occide-

345 3730 405 3771 re
430 3715 610 3771 nullus
639 3716 802 3772 homo
840 3731 1100 3787 unquam,
1133 3718 1370 3774 scienter
1393 3719 1608 3786 saltem,
1636 3720 1772 3777 velle
1798 3737 1927 3793 pos-

341 3817 425 3865 set
447 3809 578 3864 "“:
610 3818 665 3866 et
720 3809 845 3866 ideo
886 3812 979 3881 qui
1026 3809 1179 3866 illum
1224 3811 1540 3869 occiderunt
1587 3812 1957 3886 ignoranter,-

344 3915 449 3955 non
472 3900 525 3956 in
556 3900 682 3956 illud
720 3901 990 3958 inﬁnitum
1024 3912 1330 3975 peccatum,
1359 3904 1447 3961 cui
1474 3905 1619 3961 nulla
1645 3907 1749 3961 alia
1777 3920 1927 3962 com-

274 3996 287 4010 ’
341 3993 523 4065 parari
546 4003 771 4065 possunt
816 4005 1071 4065 peccata,
1121 4006 1474 4066 proruerunt.
1501 3997 1637 4053 Nam
1664 4012 1770 4054 non
1797 3990 1927 4055 con:

344 4085 701 4141 sideravimns
749 4085 845 4118 ⁸⁷⁸⁷
904 4085 1022 4154 ejus
1074 4086 1500 4157 magnitudinem
1547 4088 1614 4144 ad
1635 4088 1926 4145 videndum

344 4191 507 4246 quam
535 4176 676 4234 bona
703 4185 850 4234 esset
868 4178 976 4233 vita
1019 4176 1131 4243 illa,
1162 4179 1456 4235 secundum
1480 4179 1585 4236 hoc
1603 4180 1747 4252 quod
1770 4181 1928 4254 igno-

2026 1810 2135 1866 est,
2175 1801 2427 1873 quamvis
2453 1817 2641 1859 eorum
2680 1805 2821 1860 ratio
2862 1821 2970 1861 non
3012 1806 3347 1878 intelligatur
3376 1823 3405 1863 a
3433 1809 3613 1866 nobis.

2026 1894 2155 1953 Bos.
2180 1893 2383 1952 Verum
2419 1906 2507 1953 est
2532 1900 2675 1968 quod
2723 1898 2900 1955 dicis:
2960 1915 3063 1956 nec
3096 1901 3437 1973 aliquatenus
3470 1906 3614 1974 quod

2025 1988 2186 2056 dixit,
2234 2004 2354 2047 esse
2399 2005 2622 2059 verum;
2667 2000 2760 2048 aut
2821 1994 2967 2064 quod
3016 1993 3165 2061 fecit,
3213 1995 3616 2052 rationabiliter

2024 2097 2145 2139 esse
2169 2082 2399 2149 factum,
2432 2082 2641 2140 dubito.
2678 2083 2783 2139 Sed
2808 2085 2912 2141 hoc
2938 2086 3171 2157 postulo,
3201 2095 3260 2142 ut
3282 2087 3423 2157 quod
3452 2090 3611 2158 quasi

2027 2189 2132 2230 non
2161 2176 2387 2237 debere;
2419 2184 2513 2230 aut
2541 2190 2648 2231 non
2676 2190 2837 2246 posse
2865 2175 2980 2232 ﬁeri
3022 2177 3238 2232 videtur
3265 2177 3608 2242 inﬁdelibus;

2029 2263 2083 2319 in
2111 2264 2215 2320 [ide
2243 2265 2550 2322 Christiana
2575 2266 2678 2323 hoc
2706 2267 2838 2339 mihi
2868 2283 2973 2338 qua
3010 2268 3223 2322 ratione
3259 2268 3373 2323 ﬁeri
3396 2269 3613 2336 debeat,

2027 2363 2119 2410 aut
2151 2355 2344 2425 possit,
2397 2356 2652 2428 aperias:
2682 2371 2789 2412 non
2829 2366 2888 2412 ut
2942 2371 3027 2412 me
3059 2357 3113 2412 in
3144 2356 3248 2413 ﬁde
3299 2358 3616 2425 conﬁrmes,

2027 2447 2122 2503 sed
2153 2457 2213 2503 ut
2242 2447 2627 2505 conﬁrmatum
2658 2448 2909 2505 veritatis
2960 2448 3130 2521 ipsius
3174 2447 3451 2506 intellectu
3480 2450 3618 2507 laeti-

2027 2536 2178 2595 ﬁces.

2547 2628 2657 2700 92
2691 2627 2921 2686 CAPUT
2957 2629 3096 2687 XVI.

2031 2738 2273 2806 Qualiter
2302 2737 2442 2795 Deus
2458 2741 2524 2794 de
2552 2755 2728 2795 massa
2746 2741 3032 2811 peccati-ica
3053 2742 3613 2811 assumpsitjtomittcm

2171 2811 2282 2865 sine
2310 2821 2553 2879 peccato;
2598 2818 2646 2864 et
2690 2809 2754 2865 de
2782 2810 3068 2867 saluatione
3091 2809 3299 2866 Adaz'et
3330 2809 3476 2871 Ευαι.

2099 2900 2438 2971 Quapropter
2482 2900 2623 2956 sicut
2668 2916 2879 2965 eorum,
2932 2916 3052 2972 quae
3093 2917 3254 2972 supra
3297 2902 3439 2956 dicta
3467 2911 3613 2968 sunt,

2032 2994 2293 3049 rationem
2338 2993 2742 3063 aperttistizsic
2782 3001 2904 3064 pcto
2952 3001 3012 3048 ut
3058 3008 3268 3061 eorum,
3317 3008 3437 3059 quae
3496 3010 3616 3049 sum

2034 3085 2211 3139 adhuc
2232 3084 2581 3154 quaesiturus,
2624 3086 2889 3141 rationem
2918 3084 3195 3141 ostendas.
3224 3084 3487 3149 Primum,
3513 3085 3619 3140 sci-

2033 3175 2182 3244 licet,
2211 3176 2446 3247 qualiter
2467 3175 2535 3232 de
2580 3192 2757 3232 massa
2816 3177 3142 3247 peccatriee,
3198 3177 3252 3233 id
3303 3178 3484 3233 estde
3519 3178 3620 3232 bu-

2033 3282 2197 3323 mano
2222 3267 2318 3301 ³⁸⁸⁸
2345 3282 2561 3339 genere,
2591 3269 2733 3337 quod
2754 3276 2922 3323 totum
2949 3266 3210 3324 infectum
3230 3276 3345 3324 erat
3369 3278 3616 3341 peccato,

2032 3361 2306 3417 hominem
2333 3361 2447 3416 sine
2471 3370 2713 3432 peccato,
2747 3361 2898 3431 quasi
2958 3376 3207 3433 azymum
3260 3360 3328 3418 de
3370 3376 3618 3417 sormea-

2034 3458 2148 3506 tato
2181 3450 2301 3516 ¹³⁰⁶,
2339 3451 2480 3506 Deus
2505 3451 2814 3522 assumpsit.
2870 3450 3006 3507 Nam
3050 3451 3174 3507 licet
3209 3451 3321 3522 ipsa
3382 3450 3618 3506 hominis

2031 3541 2273 3613 ejusdem
2322 3543 2602 3613 conceptio
2658 3543 2729 3597 sit
2779 3543 3003 3611 munda,
3046 3551 3101 3599 et
3137 3542 3341 3614 absque
3384 3541 3618 3599 carnalis

2031 3634 2405 3690 delectationis
2450 3644 2700 3705 peccato;
2747 3633 2909 3706 Virgo
2953 3643 3131 3690 tamen
3161 3635 3295 3706 ipsa.
3346 3635 3487 3689 unde
3524 3649 3616 3690 as-

2030 3735 2276 3794 sumptus
2298 3732 2402 3790 est,
2457 3724 2624 3779 estin
2673 3725 3045 3795 iniquitatibus
3103 3734 3383 3795 concepta,
3434 3735 3490 3779 et
3563 3725 3616 3778 in

2030 3818 2268 3889 peccatis
2288 3818 2535 3887 concepit
2554 3833 2674 3874 eam
2732 3827 2906 3874 mater
2950 3819 3066 3890 ejus
3100 3818 3219 3883 πυ,
3268 3827 3324 3872 et
3354 3834 3475 3872 cum
3507 3816 3619 3872 ori-

2029 3908 2194 3979 ginali
2255 3918 2479 3980 peccato
2543 3917 2670 3963 nata
2698 3916 2803 3974 est,
2831 3908 3084 3978 quoniam
3121 3915 3175 3963 et
3231 3907 3343 3977 ipsa
3365 3906 3418 3961 in
3443 3906 3614 3960 Adam

2028 4000 2293 4068 peccavit,
2318 4000 2372 4055 in
2395 4013 2502 4070 quo
2547 4013 2738 4055 omnes
2756 4008 3136 4071 peccaverunt.
3168 3999 3298 4054 Axs.
3323 3998 3614 4067 Postquam

2029 4091 2531 4150 constathominem
2594 4090 2743 4147 illum
2777 4106 2898 4149 esse
2929 4093 3095 4147 Deum
3144 4091 3264 4157 ⁸⁸η,
3289 4099 3344 4146 et
3370 4100 3617 4160 peccato-
3700 4088 3709 4097 '

2033 4200 2151 4241 rum
2177 4182 2646 4241 reconciliatorem
2673 4184 2790 4251 Μ’,
2818 4183 3039 4239 dubium
3093 4198 3202 4239 non
3225 4191 3308 4239 est
3347 4196 3472 4238 eum
3498 4196 3616 4237 om-

1627 4379 1859 4437 VARUE
1894 4378 2301 4438 LECTIONES.

416 4518 514 4590 ἳτυ
526 4517 581 4590 Si
612 4533 772 4574 omne
797 4519 996 4590 bonum
1024 4525 1134 4590 tam
1160 4515 1305 4590 Edit.
1333 4513 1490 4590 Gotlt.
1522 4516 1924 4590 apertissimum
1946 4525 2034 4590 est
2062 4516 2227 4590 ___"“
2251 4513 2665 4590 Existimatione
2692 4527 2819 4567 mss.
2857 4508 3248 4590 mstimatioﬂe.
3296 4506 3390 4590 {"5
3403 4507 3610 4590 Cogita.

344 4589 470 4660 quia
501 4589 666 4661 etiam
683 4605 805 4661 mss.
829 4584 1163 4661 Vjct._cogita
1193 4587 1357 4661 etiam
1373 4586 1496 4661 quia
1538 4578 1881 4661 ""‘f'l‘antntn
1898 4586 2146 4661 amabilis
2173 4602 2298 4640 mss.
2322 4583 2456 4661 Vict.
2479 4592 2685 4661 tantum
2709 4578 3354 4661 c§_t_atnabilis_:"fjlnde
3368 4579 3615 4661 sequitur

344 4646 470 4712 mss.
515 4656 648 4712 Vict.
669 4657 820 4731 joly,
844 4646 1287 4731 S._J_!iclt:_Cister.
1311 4646 1477 4731 Uti-de
1488 4656 1734 4724 sequitur
1777 4656 1883 4731 1"”
1899 4657 2020 4731 Vita
2040 4658 2166 4731 haec
2191 4673 2316 4710 mss.
2348 4654 2566 4731 Victis!
2583 4652 2720 4731 aly
2745 4653 2862 4731 Vita
2884 4652 2986 4706 ista
3040 4650 3135 4731 "’3"
3160 4646 3272 4731 Hoc
3296 4664 3401 4731 non
3418 4646 3616 4703 intelli-

349 4744 476 4795 αντε
500 4740 627 4782 mss.
653 4720 861 4798 Joljet
886 4726 1023 4798 Vict.
1054 4727 1286 4798 l9.gb:e_c
1312 4720 1609 4798 intelligere
1629 4744 1735 4798 gms.
1777 4725 1896 4798 Vict
1922 4727 2009 4781 1⁵5.
2040 4728 2142 4798 hoc
2173 4738 2404 4798 negare
2446 4724 2545 4798 f7?“
2581 4720 2767 4798 Potest
2789 4722 3072 4798 plusquam
3101 4720 3153 4775 in
3182 4720 3612 4798 inlinitntnhmss.

345 4794 465 4870 plus
489 4806 668 4870 potest
698 4794 1221 4870 ἰπίίιιῐὶηἰιιιιηὼΑΨῘΔ
1240 4794 1530 4870 Peccatum
1560 4797 1701 4853 delet
1722 4814 1821 4870 ms,
1858 4795 2054 4870 Victor.
2086 4794 2593 4870 {9,_péccati‘qclgi_
2647 4794 2742 4870 11‘"

2833 4786 3062 4847 ttomodo
3090 4798 3271 4862 potest
3293 4786 3613 4862 ms.__Cistcr.

348 4857 623 4939 quomodo
645 4883 765 4939 non
781 4875 958 4939 potest
1028 4867 1122 4900 ’⁷³⁸
1142 4866 1370 4939 Aliquod
1393 4866 1575 4939 delere
1602 4883 1699 4922 ms.
1726 4866 1852 4939 Joly
1876 4868 2082 4937 aliquot
2108 4857 2297 4939 delere
2336 4865 2462 4939 δέ)
2491 4864 2594 4919 Alii
2632 4857 2916 4939 salvantur
2954 4878 3066 4939 jus.
3090 4857 3105 4862 ’
3123 4859 3312 4939 (ἐκεῖ.
3362 4857 3451 4939 al_i_i
3507 4873 3611 4913 non

346 4928 627 4996 salvantur
698 4928 798 4970 ⁸⁷⁸⁵
824 4936 1086 4994 Diﬁ‘erunt
1114 4928 1351 4991 scienter
1370 4952 1494 4991 mss.
1531 4936 1665 4992 Vict.
1695 4928 1874 4992 diﬁ‘ert
1899 4928 2133 4994 scienter
2205 4936 2301 4968 ’⁷⁸⁸
2333 4936 2482 4990 Velle
2511 4934 2683 5005 possit
2708 4950 2837 4987 mss.
2866 4942 2913 4986 et
2946 4932 3088 4986 Edit.
3144 4929 3305 4985 Goth.
3330 4928 3470 4984 velle
3482 4942 3617 5053 pos-

348 5018 431 5053 εστι
501 5009 596 5042 '7"
624 5008 756 5053 Nam
785 5008 829 5053 si
857 5007 1320 5053 mnsideravimns
1346 5022 1473 5053 mss-
1504 5018 1553 5053 et
1594 5006 1736 5053 Edit-
1777 5007 1933 5053 th-
1967 5024 2090 5053 nnm
2119 5022 2223 5053 nnn
2254 5005 2718 5053 nnnsideravimtts
2792 5003 2887 5036 ³⁷³⁵
2915 5003 3166 5053 Scienter
3195 4999 3288 5053 ﬁet
3324 5016 3452 5052 mss.
3522 5000 3611 5053 ala

347 5018 432 5066 srt
501 5009 596 5042 ""
624 5008 756 5064 Nam
785 5008 829 5064 si
857 5007 1320 5063 consideravimns
1346 5022 1473 5061 mss.
1504 5018 1553 5062 et
1593 5006 1736 5061 Edit.
1777 5007 1935 5064 Gotlt.
1966 5024 2090 5063 nam
2119 5022 2224 5062 non
2254 4999 2718 5062 consideravimus
2792 5003 2887 5036 ’⁷⁸⁵
2915 5003 3166 5059 Scienter
3195 4999 3288 5054 lict
3324 5016 3452 5052 mss.
3482 4999 3611 5069 Jolg

345 5093 393 5137 et
436 5079 572 5152 Vict.
600 5079 1024 5152 scienter__lieret_
1072 5075 1533 5152 _""__l_’ertingere_
1546 5081 1790 5152 potuisse
1819 5079 2132 5152 monstrasti
2169 5076 2358 5152 ms_._S.
2387 5075 2906 5152 M‘icltupertin‘gere
2961 5071 3271 5152 monstrasti

1433 5185 1447 5199 .
1479 5137 1641 5201 Mi'ch.
1672 5146 1813 5201 Edit.
1846 5147 2004 5203 Gotlt.
2044 5148 2180 5203 Ecce
2207 5148 2361 5201 vides
2435 5144 2529 5177 m‘
2560 5137 2811 5201 ostendit
2845 5160 2909 5199 ex
2956 5159 3082 5198 mss.
3139 5139 3326 5211 Joly,_
3350 5138 3525 5211 Vict.‘
3547 5137 3608 5192 S.

341 5152 454 5221 j-im
484 5150 633 5221 vides
662 5165 786 5205 mss.
826 5148 959 5221 Vict.
990 5145 1143 5221 ngy,
1170 5145 1356 5201 Cister.

3347 5069 3443 5101 ἐκ
3477 5069 3616 5124 Ecce

350 5208 515 5277 Mich.
549 5219 736 5276 Cister.
768 5229 815 5271 et
848 5217 990 5271 Edit.
1021 5208 1178 5271 65th.
1210 5216 1460 5271 ostendat
1487 5234 1550 5272 ex
1627 5218 1722 5249 ²⁸⁰²
1753 5218 1860 5274 Deo
1891 5219 2143 5273 conciliet
2174 5234 2296 5272 mss.
2331 5215 2477 5271 Gem.
2512 5214 2634 5269 Bec.
2677 5213 2811 5268 Vict.
2834 5214 3077 5285 Jolyaet
3102 5208 3447 5285 Editiﬂoth.
3491 5209 3614 5285 _D_eo

349 5292 664 5348 reconciliet

734 5289 829 5322 ’⁸⁸³
858 5288 1215 5346 Conﬁtemur.
1250 5295 1304 5341 et
1335 5298 1607 5341 mortuum
1644 5305 1769 5343 mss.
1800 5285 1948 5342 Gem.
1983 5288 2106 5342 Bec.
2135 5288 2459 5342 conﬁtemur
2492 5300 2614 5341 esse
2642 5279 2946 5339 mortuum'
2988 5281 3086 5315 ’⁸⁸⁸
3112 5280 3364 5335 Omnium
3416 5279 3606 5333 dubie-

349 5370 461 5416 tate
480 5378 607 5433 mss.
639 5357 783 5433 Gem.
817 5358 935 5433 Bac.
973 5358 1175 5433 Cister.
1195 5356 1330 5412 Vict.
1355 5357 1521 5433 1’3._§._
1550 5357 1792 5433 Miclnet
1821 5358 1967 5433 Edit.
2003 5356 2162 5413 ϐοτὰ.
2197 5359 2343 5412 omui
2372 5357 2782 5433 dubietatenms.
2826 5352 2958 5433 Vict:
2996 5353 3081 5408 19.
3107 5348 3613 5433 omniuubilatione

350 5449 449 5485 ms.
478 5431 618 5487 Vict.
652 5431 736 5485 15.
769 5430 913 5484 omni
943 5429 1294 5500 ambiguitate
1367 5428 1799 5500 “°"_l_’eccatrice
1823 5439 1878 5484 et
1904 5430 2140 5484 humano
2168 5445 2309 5500 mss.
2335 5428 2529 5500 omnia,
2558 5435 2608 5479 et
2637 5422 2989 5500 [idin-Cotti.
3037 5420 3611 5500 peccatrice,__id__est.

353 5502 420 5555 de
450 5502 682 5574 humano
754 5500 850 5533 ’3“
878 5500 951 5574 De
980 5489 1427 5574 (et'tt'feutatgms.
1476 5498 1681 5574 V_ict._'_5.
1708 5500 2067 5574 deierntento
2141 5498 2232 5531 ποτ
2266 5499 2447 5574 Mater
2466 5489 2583 5565 ejus
2611 5512 2736 5549 mss.
2772 5491 2907 5547 Vict.
2940 5489 3111 5574 uniter
3141 5506 3236 5545 sua
3310 5489 3407 5523 ’⁸⁸⁵⁸
3455 5489 3610 5574 Illum

350 5586 469 5625 t-sse
498 5571 665 5640 Deum
691 5579 898 5640 ctmss.
916 5569 1063 5640 Joly,
1097 5568 1232 5624 Vict.
1270 5568 1459 5623 Cister.
1494 5569 1557 5624 S.
1595 5570 1755 5623 Mich.
1787 5570 1934 5623 illum
1969 5573 2133 5625 Deum
2160 5579 2212 5627 ct
2291 5569 2385 5601 ’5"
2414 5558 2766 5624 Peccatorum
2800 5562 3265 5620 reconciliatorem
3296 5576 3423 5617 mss.
3462 5558 3611 5628 101g,

362 5640 496 5696 Vict.
527 5638 714 5695 Cister.
749 5639 806 5694 S.
844 5637 1379 5717 ΜὶςΙιξυοεεειῑοιουω
1422 5657 1540 5697 esse
1570 5640 2037 5696 t'cconcilialorcttt
