3940 6046
277 203 382 259 617

1440 199 1581 254 CUll
1625 197 1803 252 DEUS
1845 194 2061 252 HOMO.
2100 225 2167 236 ——
2201 195 2323 250 LIB.
2364 196 2425 250 ll.

3457 199 3559 256 418

277 323 410 376 nino
431 319 544 373 sine
573 327 792 389 peceato
834 317 928 349 ²⁸¹⁰
953 332 1073 372 esse
1107 334 1120 370 :
1160 317 1260 372 hoc
1286 326 1466 370 autem
1498 329 1616 369 esse
1643 331 1748 367 non
1776 327 1864 365 va-
1897 319 1936 373 Α
1972 309 2182 374 venire,
2215 310 2464 366 concedit
2485 325 2598 373 rex,
2639 320 2858 380 propter
2887 311 3311 381 magnitudinem
3353 316 3560 367 servitii

275 415 373 478 let,
409 411 508 465 nisi
541 411 742 478 absque
775 417 998 478 peccato
1026 409 1091 462 de
1135 422 1310 461 massa
1352 405 1655 474 peccatrice
1694 403 1758 456 sit
1784 417 1870 457 as-

275 511 545 572 sumptus.
569 499 684 567 Qua
707 515 837 554 vero
876 500 1086 554 ratione
1113 499 1201 530 ²⁸¹¹
1228 497 1492 566 sapientia
1543 497 1636 550 Dei
1664 496 1764 550 hoc
1790 495 1868 549 fe-

275 595 376 658 cit,
413 594 456 648 si
489 607 593 646 non
625 591 1275 661 possumus.intelligere,
1334 605 1436 644 non
1465 589 1723 644 debemus
1775 587 1870 642 mi.

275 685 420 748 rari;
451 682 545 737 sed
570 696 692 736 cum
726 681 1074 736 veneratione
1121 679 1354 734 tolerare
1391 677 1599 748 aliquid
1655 692 1779 732 esse
1813 676 1868 730 in

275 773 504 848 secretis
527 780 688 826 tanta!
712 771 786 825 rei
817 773 961 840 quod
991 771 1319 841 ignoremus.
1343 768 1550 840 Quippe
1571 767 1869 822 mirabilius

277 866 424 918 Deus
451 863 543 893 ’⁸η
574 863 899 914 restauravit
949 861 1236 915 humanam
1301 869 1546 913 naturam
1577 874 1736 928 quam
1789 859 1870 911 iu-

277 950 544 1007 stauravit
577 967 590 1001 :
624 949 906 1019 aequaliter
929 951 1072 1006 enim
1098 961 1392 1020 utrumque
1423 951 1529 1004 Deo
1561 948 1716 1002 facile
1747 957 1865 1013 est;

276 1042 372 1096 sed
399 1042 561 1119 horno
591 1048 881 1108 antequam
914 1049 1060 1095 esset
1088 1055 1194 1094 non
1242 1039 1504 1109 peccavit,
1529 1048 1587 1092 ut
1621 1039 1732 1092 lieri
1763 1054 1869 1092 non

277 1135 521 1189 deberet.
557 1131 847 1202 Postquam
871 1147 998 1187 vero
1020 1131 1193 1187 factus
1227 1138 1330 1195 est,
1362 1131 1635 1200 peccando
1671 1130 1870 1184 meruit

278 1237 339 1282 ut
362 1230 502 1298 quod
528 1240 583 1285 et
603 1229 666 1283 ad
695 1228 840 1299 quod
864 1227 1036 1281 factus
1057 1234 1174 1281 erat
1194 1225 1468 1294 perderet:
1495 1223 1740 1293 quamvis
1763 1236 1868 1276 non

278 1321 574 1391 perdiderit
600 1319 822 1378 omnino
849 1319 992 1390 quod
1027 1317 1204 1372 factus
1227 1325 1363 1380 erat,
1384 1325 1602 1370 utesset
1643 1314 1733 1384 qui
1774 1329 1868 1383 pu-

281 1415 490 1467 nitetur
520 1413 635 1481 ’8“,
683 1423 777 1467 aut
813 1412 902 1467 cui
947 1411 1092 1467 Deus
1157 1407 1550 1464 misereretur:
1617 1415 1868 1460 neutrum

277 1507 422 1560 enim
463 1506 651 1559 horum
679 1504 793 1558 fieri
820 1509 1021 1574 posset,
1077 1500 1121 1557 si
1146 1501 1200 1555 in
1241 1499 1469 1554 nihilum
1499 1497 1754 1553 redactus
1783 1513 1871 1553 es-

277 1606 381 1652 set.
414 1596 588 1651 Tanto
610 1611 739 1663 ergo
766 1593 1064 1650 mirabilius
1099 1592 1242 1647 Deus
1271 1590 1420 1645 illum
1435 1590 1670 1646 restituit
1704 1606 1866 1660 quam

278 1685 514 1741 instituit
545 1703 559 1739 :
602 1660 806 1754 quanto
837 1686 938 1739 hoc
958 1685 1024 1739 de
1047 1690 1328 1754 peccatore
1351 1690 1539 1737 contra
1570 1681 1820 1736 meritum
1847 1698 1860 1746 ;
1899 1660 1942 1713 Β

280 1775 410 1829 illud
445 1791 549 1830 non
582 1776 646 1828 dc
676 1785 989 1844 peccatore,
1017 1788 1118 1828 nec
1179 1781 1365 1827 contra
1419 1772 1672 1826 meritum
1717 1770 1862 1826 fecit.

279 1867 553 1932 Quantum
589 1867 750 1920 etiam
779 1876 856 1920 est
908 1866 1074 1920 Deum
1119 1873 1173 1919 et
1201 1863 1476 1920 hominem
1504 1863 1582 1918 sic
1614 1863 1668 1917 in
1698 1878 1867 1918 unum

278 1961 591 2023 convenire,
621 1969 698 2023 ut.
732 1968 949 2014 servata
985 1958 1293 2029 integritate
1320 1957 1603 2027 utriusque
1633 1965 1862 2021 naturas,

281 2052 420 2104 idem
451 2052 522 2105 sit
554 2053 712 2106 homo
752 2050 842 2120 qui
895 2050 1053 2104 Deus.
1110 2048 1242 2115 Quis
1275 2062 1406 2118 ergo
1456 2056 1747 2118 praesumat
1781 2047 1866 2103 vel

279 2143 521 2212 cogitare
547 2142 690 2211 quod
738 2142 1006 2195 humanus
1049 2139 1144 2170 ’““
1167 2137 1473 2193 intellectus
1504 2137 1680 2191 va‘eat
1706 2150 1866 2207 pene-

282 2244 426 2288 trare
457 2248 617 2302 quam
639 2232 944 2300 sapienter,
969 2245 1133 2300 quam
1159 2230 1481 2284 mirabiliter
1508 2238 1616 2284 tam
1660 2229 1868 2284 inseru-

281 2323 444 2378 tabilc
472 2338 608 2392 Opus
647 2322 820 2378 factus
881 2321 984 2376 sit?
1036 2321 1160 2376 Bos.
1213 2319 1496 2376 Assentior
1515 2321 1644 2389 quia
1691 2319 1866 2376 nullus

281 2413 443 2469 horno
465 2425 644 2483 potest
685 2414 737 2468 iu
787 2415 890 2468 hac
931 2413 1041 2468 vita
1083 2421 1290 2467 tantum
1344 2420 1612 2467 secretum
1654 2410 1867 2481 penitus

279 2505 491 2574 aperire
520 2521 534 2556 :
568 2519 666 2560 nec
686 2513 810 2575 peto
833 2513 892 2558 ut
920 2503 1090 2558 facias
1113 2545 1130 2571 ,
1168 2503 1310 2572 quod
1367 2501 1542 2556 nullus
1600 2501 1761 2556 homo
1788 2499 1868 2555 fa-

279 2613 406 2654 cere
435 2608 643 2667 potest;
681 2600 774 2652 sed
817 2604 1049 2662 tantum,
1071 2603 1336 2665 quantum
1364 2603 1536 2663 potes.
1569 2591 1694 2647 Plus
1721 2593 1866 2648 enim

279 2691 632 2763 persuadebis
649 2690 868 2745 altiores
897 2689 951 2744 in
972 2689 1075 2745 hac
1121 2702 1181 2742 re
1206 2686 1441 2742 rationes
1481 2685 1666 2751 latere,
1691 2685 1734 2738 si
1768 2685 1868 2739 ali-

279 2798 442 2852 quam
481 2791 532 2836 te
565 2780 951 2835 monstraveris
995 2779 1194 2839 videre.
1222 2791 1385 2846 quam
1415 2775 1459 2830 si
1492 2784 1543 2830 te
1585 2775 1784 2829 nullam
1814 2774 1866 2829 in

279 2892 341 2930 ea
376 2873 640 2928 rationem
686 2872 1003 2941 intelligere,
1055 2868 1188 2924 nihil
1226 2867 1475 2934 dicendo,
1530 2866 1864 2936 probaveris.

1973 403 2137 470 illius,
2183 413 2240 459 ut
2293 405 2604 473 quicunque
2631 402 2711 456 vel
2737 411 2880 465 aute’,
2937 402 3020 457 vel
3055 413 3174 471 post
3197 404 3338 458 diem
3390 405 3559 468 illam,

1971 496 2200 552 confessi
2225 495 2450 559 fuerint,
2482 510 2539 549 se
2567 495 2705 549 velle
2732 508 2829 562 per
2857 493 2988 546 illud
3029 510 3184 564 opus,
3211 495 3352 566 quod
3381 511 3442 550 ea
3474 497 3563 552 die

1971 587 2082 651 fiet,
2119 587 2333 643 veniam
2365 587 2682 658 impetrare.
2733 596 2787 640 et
2835 590 2902 641 ad
2931 595 3147 656 pactum
3181 587 3251 640 ibi
3293 586 3561 641 constitu-

1971 686 2084 734 tum
2111 679 2370 734 accedere
2388 719 2403 743 ,
2427 679 2495 732 ab
2519 679 2665 732 omni
2690 677 2846 747 culpa
2862 679 2972 734 sint
3004 677 3232 732 absoluti
3253 680 3518 748 pianerha
3544 697 3556 734 :

1970 783 2024 828 et
2053 774 2098 828 si
2129 773 2412 842 contigerit
2441 781 2499 826 ut
2529 781 2648 842 post
2688 773 2825 826 hanc
2849 773 3058 827 veniam
3089 775 3280 826 iterum
3313 788 3489 841 pet-ce
3519 783 3558 834 t.

1969 863 2014 917 si
2045 862 2204 932 digne
2227 862 2318 892 ²⁸¹⁷
2344 859 2659 915 satisfacere
2681 870 2736 914 et
2766 860 2962 930 corrigi
2991 861 3248 930 deinceps
3265 860 3467 915 volucri
3517 872 3558 921 t.

1969 968 2068 1024 per
2095 954 2334 1022 ejusdem
2387 952 2528 1024 pacti
2570 950 2863 1005 efficaciam
2917 952 3108 1006 iterum
3157 953 3369 1007 vcn'am
3424 969 3560 1007 rcci-

1969 1045 2122 1115 piant
2149 1062 2162 1098 :
2189 1046 2268 1099 sic
2291 1053 2492 1107 tamen,
2551 1052 2610 1096 ut
2646 1042 2824 1096 nullus
2854 1042 3115 1112 palatium
3151 1041 3267 1110 ejus
3295 1043 3560 1114 ingredia-

1972 1145 2088 1202 tur;
2113 1138 2282 1190 donec
2309 1137 2512 1189 factum
2562 1135 2635 1189 sit
2677 1135 2780 1189 hoc
2809 1135 2950 1189 unde
3000 1134 3170 1204 culpa:
3197 1135 3244 1169 ’⁸
3269 1134 3291 1165 ⁸
3312 1136 3560 1189 relaxen-

1972 1237 2061 1282 tur
2094 1229 2209 1283 ‘3".
2272 1227 2578 1283 Secundum
2626 1227 2766 1282 hanc
2803 1227 3207 1282 similitudinem
3236 1269 3252 1295 ,
3304 1230 3558 1298 quoniam

1969 1334 2076 1374 non
2124 1328 2414 1390 potuerunt
2469 1318 2562 1350 ³⁸⁸⁸
2608 1333 2798 1372 omnes
2850 1318 3099 1373 homines
3157 1320 3248 1388 qui
3309 1319 3556 1375 salvaudi

1969 1419 2146 1476 erant,
2177 1419 2470 1479 prmsentes
2513 1422 2654 1473 esse,
2685 1408 2902 1478 quando
2957 1409 3378 1479 redemptionem
3411 1409 3558 1464 illam

1969 1501 2217 1557 Christus
2248 1500 2407 1567 fecit;
2441 1509 2588 1555 tanta
2618 1499 2720 1554 fuit
2749 1500 2830 1554 vis
2860 1500 2911 1554 iu
2935 1499 3052 1569 ejus
3082 1509 3274 1567 morte,
3315 1508 3373 1555 ut
3395 1502 3557 1555 etiam

1973 1593 2024 1646 in
2050 1591 2300 1646 absentes
2333 1590 2416 1645 vel
2445 1590 2585 1657 loco,
2615 1589 2696 1644 vel
2727 1598 2987 1658 tempore,
3043 1589 3160 1658 ejus
3190 1592 3551 1660 protendatur

1967 1684 2051 1739 cili
2071 1695 2210 1738 etus.
2241 1685 2357 1750 Quo
2383 1695 2564 1738 autem
2617 1699 2721 1737 non
2738 1683 2910 1738 solum
2940 1684 3298 1754 prmsentibus
3327 1685 3418 1715 ’ω
3436 1701 3561 1754 pro-

1969 1777 2125 1830 desse
2165 1776 2381 1839 debeat,
2415 1775 2541 1830 hinc
2574 1773 2734 1829 facile
2761 1775 3136 1844 cognoscitur;
3170 1775 3295 1843 quia
3338 1791 3444 1830 non
3483 1785 3562 1830 tot

1967 1875 2259 1937 praisentes
2309 1881 2430 1922 esse
2455 1865 2572 1935 ejus
2615 1865 2775 1920 morti
2823 1873 3118 1934 potuerunt
3159 1867 3274 1934 '3”,
3322 1876 3453 1937 quot
3489 1869 3556 1922 ad

1967 1973 2214 2032 supernae
2261 1959 2498 2015 civitatis
2549 1958 3010 2014 constructionem
3059 1961 3352 2015 necessarii
3388 1971 3556 2025 sunt;

1967 2052 2180 2108 etiamsi
2197 2066 2406 2117 omnes,
2445 2051 2536 2119 qui
2569 2051 2808 2122 ejusdem
2847 2051 3039 2106 mortis
3068 2061 3310 2122 tempore
3335 2054 3560 2109 ubicun-

1968 2160 2074 2215 que
2129 2153 2304 2205 eraut,
2353 2143 2420 2196 ad
2446 2143 2595 2196 illam
2643 2140 3070 2210 redemptionem
3119 2142 3556 2198 admitterentur.

1967 2236 2158 2292 Plures
2177 2236 2319 2290 enim
2343 2231 2780 2298 suntdaemones,
2805 2247 2990 2300 quam,
3021 2231 3088 2286 de
3112 2233 3310 2302 quibus
3342 2245 3554 2288 restau-

1969 2328 2170 2382 randns
2197 2336 2280 2382 est
2303 2341 2561 2380 numerus
2585 2338 2794 2387 eorum,
2819 2338 2883 2379 ea
2906 2325 2994 2380 die
3017 2325 3259 2380 viverent
3287 2326 3557 2382 hemiues.

1966 2417 2077 2474 Nec
2105 2418 2434 2474 credendqu
2459 2427 2572 2479 est,
2605 2430 2669 2470 ex
2698 2432 2806 2485 quo
2851 2415 3026 2471 factus
3052 2424 3138 2472 est
3163 2417 3345 2479 homo,
3389 2416 3555 2471 ullum

1970 2519 2178 2578 tempus
2224 2507 2410 2574 fuisse,
2439 2523 2548 2579 quo
2597 2509 2830 2562 mundus
2860 2508 2963 2562 iste
2991 2523 3113 2562 cum
3143 2508 3410 2562 creaturis
3435 2523 3556 2577 qua:

1969 2601 2062 2631 ’⁸³³
2082 2599 2236 2676 factae
2265 2607 2391 2654 sunt
2413 2599 2479 2652 ad
2509 2613 2640 2652 usus
2665 2597 2943 2653 hominum
2968 2638 2982 2664 ,
3007 2601 3085 2654 sic
3115 2614 3317 2654 vacuus
3347 2598 3559 2666 fuisset,

1968 2700 2027 2748 ut
2057 2691 2234 2746 uullus
2282 2700 2425 2746 esset
2473 2691 2525 2744 in
2565 2691 2656 2746 illo
2697 2708 2760 2746 ex
2809 2691 3048 2746 humano
3096 2706 3295 2762 genere
3337 2691 3406 2746 ad
3457 2691 3561 2746 hoc

1968 2781 2266 2852 pertinens,
2296 2789 2516 2850 prepter
2571 2782 2714 2851 quod
2757 2779 2931 2836 factus
2971 2791 3058 2836 est
3087 2783 3266 2836 homo.
3334 2780 3560 2838 Videtur

1969 2872 2112 2928 enim
2141 2871 2524 2924 inconveniens
2545 2871 2686 2939 quod
2716 2869 2855 2924 Deus
2885 2869 2965 2925 vel
2989 2885 3096 2924 uuo
3138 2881 3409 2926 momento
3438 2888 3559 2941 per-

278 2968 412 3024 Aas.
445 2965 610 3021 Video
633 2979 717 3019 me
745 2963 812 3017 ab
839 2961 1246 3031 importunitate
1273 2969 1360 3013 tua
1412 2973 1517 3012 non
1555 2973 1711 3027 posse
1736 2957 1871 3013 libc-
1896 3001 1937 3059 Ο
1971 2964 2182 3019 miserit
2223 2963 2518 3016 humanum
2552 2975 2748 3031 genus,
2780 2970 2835 3016 ct
2869 2977 2935 3017 ea
2988 2978 3109 3032 quae
3159 2962 3286 3018 fecit
3336 2975 3558 3033 propter

279 3060 388 3115 rari
436 3076 452 3112 :
507 3057 602 3112 sed
656 3057 700 3111 si
758 3055 1100 3124 aliquatenus
1160 3059 1350 3122 potero
1411 3052 1553 3120 quod
1626 3050 1869 3120 postulas

277 3150 587 3216 ostendere,
614 3147 812 3217 gratias
841 3159 1070 3215 agamus
1092 3144 1224 3199 Deo.
1268 3142 1326 3198 Si
1355 3156 1487 3197 vero
1517 3155 1622 3196 non
1654 3151 1866 3211 potero,

280 3238 549 3295 sumciaut
590 3253 653 3293 ea
710 3253 830 3308 qua:
879 3251 1042 3307 supra
1081 3236 1309 3306 probata
1359 3244 1506 3292 sunt.
1550 3233 1684 3288 Cum
1723 3239 1866 3289 enim

271 3342 500 3402 constat
531 3331 696 3385 Deum
718 3330 988 3386 hominem
1015 3329 1131 3384 fieri
1174 3337 1448 3400 oportere,
1494 3331 1713 3386 dubium
1762 3346 1866 3384 non

281 3432 369 3477 est
390 3421 711 3491 sapientiam
733 3429 788 3475 et
833 3418 1133 3489 potentiam
1181 3418 1257 3472 illi
1289 3434 1396 3474 non
1439 3418 1646 3483 deesse,
1677 3429 1738 3474 ut
1767 3420 1871 3474 hoc

282 3512 403 3568 sine
460 3522 682 3581 peccato
731 3510 846 3564 ﬁat.
900 3508 1028 3564 Bos.
1056 3508 1148 3564 Sic
1191 3509 1424 3565 libenter
1469 3509 1696 3580 accipio.
1739 3511 1868 3565 ANS.

283 3603 739 3674 Oportuitutique
768 3601 862 3633 ²⁸¹⁸
892 3609 950 3656 ut
980 3599 1071 3655 illa
1125 3600 1447 3671 redemptio,
1494 3615 1660 3671 quam
1711 3601 1871 3657 Chri-

283 3705 404 3751 stus
430 3693 577 3759 fecit,
608 3692 888 3762 prodesset
920 3707 1028 3747 non
1074 3690 1247 3747 solum
1276 3691 1384 3747 illis
1408 3693 1502 3763 qui
1532 3707 1599 3749 eo
1629 3700 1872 3762 tempore

285 3786 526 3850 fuerunt,
556 3784 648 3838 sed
679 3793 735 3837 et
756 3782 895 3838 aliis.
929 3780 1014 3836 Sit
1041 3781 1186 3836 etaim
1232 3797 1327 3837 rex
1351 3781 1573 3854 aliquis,
1611 3783 1696 3838 cui
1730 3791 1872 3838 totus

286 3876 516 3946 populus
536 3890 646 3930 sua:
666 3873 944 3943 cujusdam
968 3874 1208 3930 civitatis
1234 3875 1315 3930 sic
1337 3875 1604 3944 peccavit,
1645 3884 1874 3944 excepto

287 3981 398 4020 uno
425 3965 558 4030 solo,
592 3965 680 4036 qui
712 3973 890 4020 tamen
932 3972 1016 4020 est
1042 3963 1109 4020 de
1134 3963 1348 4019 illorum
1401 3979 1628 4034 genere;
1667 3971 1724 4017 ttt
1755 3963 1875 4017 uul-

287 4054 397 4108 lum
421 4069 606 4110 eorum
656 4054 838 4109 facere
880 4053 1050 4124 possit
1094 4053 1234 4110 unde
1259 4055 1448 4109 mortis
1473 4053 1871 4109 damnationem

287 4148 486 4202 evadat
515 4165 528 4201 :
557 4147 647 4202 ille
691 4157 890 4210 autem,
917 4145 1007 4217 qui
1041 4145 1188 4202 solus
1209 4155 1293 4201 est
1336 4145 1626 4211 innocens,
1667 4153 1872 4201 tantam

287 4241 432 4310 apud
456 4253 633 4311 regem
684 4237 880 4293 habeat
917 4237 1168 4308 gratiam,
1225 4247 1285 4291 ut
1334 4238 1540 4308 possit;
1575 4246 1629 4292 et
1670 4248 1874 4293 tantam

1971 3070 2126 3109 usum
2158 3069 2370 3118 eorum,
2401 3052 2466 3106 de
2513 3053 2713 3121 quibus
2761 3067 2993 3122 superna
3019 3053 3210 3110 civitas
3233 3054 3560 3122 perficienda

1970 3145 2240 3214 est,quasi
2271 3144 2468 3199 frustra
2501 3145 2798 3201 exstitisse.
2825 3145 2960 3199 Nam
3002 3145 3346 3215 aliquatenus
3373 3147 3425 3201 in
3461 3163 3556 3201 va-

1969 3253 2094 3292 num
2135 3251 2253 3292 esse
2279 3235 2617 3302 viderentur,
2673 3237 2909 3306 quandiu
2940 3251 3044 3291 non
3090 3237 3156 3292 ad
3184 3237 3308 3301 hoc,
3339 3249 3561 3308 propter

1969 3326 2109 3398 quod
2139 3327 2371 3381 maxime
2405 3324 2544 3379 facta
2581 3335 2758 3382 essent
2786 3327 2906 3393 ωδ,
2939 3329 3252 3383 viderentur
3295 3329 3558 3385 subsiste-

1970 3436 2045 3475 re.
2082 3419 2206 3474 Bos.
2231 3418 2557 3489 Cougrueuti
2586 3419 2822 3484 ratione,
2877 3429 2932 3474 et
2982 3421 3070 3475 cui
3100 3420 3232 3475 nihil
3258 3436 3561 3493 repugnare

1969 3510 2201 3576 videtur,
2230 3521 2501 3566 monstras
2529 3511 2734 3566 nullum
2763 3526 3002 3581 unquam
3037 3521 3250 3582 tempus
3278 3513 3465 3579 fuisse,
3493 3531 3559 3570 ex

1971 3617 2078 3672 quo
2127 3601 2304 3658 factus
2331 3610 2417 3656 est
2460 3601 2642 3665 homo,
2692 3604 2896 3671 absque
2946 3602 3158 3672 aliquo,
3203 3605 3294 3674 qui
3323 3605 3390 3658 ad
3436 3620 3557 3661 eam

1973 3696 2266 3766 pertineret
2293 3693 2433 3765 (sine
2458 3710 2564 3764 qua
2593 3691 2768 3748 factus
2807 3702 2955 3749 esset
2977 3709 3112 3750 vane
3157 3698 3337 3753 omnis
3375 3697 3560 3765 homo)

1973 3785 2468 3842 reconciliationem
2502 3802 2516 3838 :
2553 3784 2698 3854 quod
2743 3798 2850 3838 non
2873 3785 3048 3840 solum
3089 3789 3440 3849 conveniens.
3464 3791 3560 3844 sed

1973 3877 2137 3931 etiam
2169 3873 2534 3929 necessarium
2580 3889 2700 3930 esse
2741 3877 2838 3908 ’m
2887 3891 3174 3947 possumus
3217 3877 3560 3932 concludere.

1977 3965 2032 4021 Si
2117 3967 2260 4020 enim
2313 3961 2725 4020 convenientius
2780 3975 2836 4021 et
2879 3965 3255 4020 rationabilius
3278 3975 3365 4021 est
3435 3969 3559 4032 hoc,

1975 4073 2135 4128 quam
2165 4057 2452 4128 aliquando
2480 4058 2682 4113 nullum
2739 4057 2928 4122 fuisse,
2954 4054 3021 4111 de
3050 4069 3158 4126 quo
3183 4055 3414 4110 intentio
3441 4056 3558 4119 Dei,

1974 4165 2080 4220 qua
2135 4149 2407 4204 hominem
2462 4151 2608 4214 fecit,
2651 4149 3033 4219 perliceretur;
3077 4162 3178 4202 nec
3225 4154 3310 4202 est
3359 4146 3560 4216 aliqud

1977 4243 2118 4312 quod
2144 4243 2266 4297 huic
2288 4243 2479 4307 obviet
2529 4241 2721 4296 rationi
2757 4255 3025 4297 :uecesse
3083 4247 3166 4294 cst
3204 4255 3419 4308 semper
3471 4241 3564 4291 ali-

285 4331 636 4387 dileCtiouem
670 4347 796 4400 erga
821 4345 962 4396 reos,
1011 4337 1070 4383 ut
1097 4328 1224 4383 velit
1256 4345 1465 4396 onmes,
1515 4329 1606 4399 qui
1653 4330 1876 4384 credent
1907 4361 1952 4416 Β
1977 4348 2135 4402 quem
2175 4333 2240 4386 ad
2277 4333 2586 4402 prmdiclam
2643 4331 3135 4388 reconciliationem
3197 4334 3557 4400 pertinentem

288 4425 388 4457 ³⁸⁸⁸
417 4441 513 4479 suo
541 4424 786 4489 consilio,
843 4419 1194 4477 reconciliare
1251 4422 1482 4491 quodam
1524 4422 1746 4477 servitio
1769 4422 1871 4492 ipsi

288 4517 405 4587 regi
436 4516 588 4571 valde
616 4515 901 4586 placituro,
929 4515 1073 4584 quod
1098 4513 1340 4568 facturus
1363 4522 1444 4568 est
1465 4513 1550 4570 die
1573 4514 1869 4569 secundum

289 4606 624 4660 voluntatem
658 4605 800 4676 regis
849 4611 1069 4658 statuto.
1102 4604 1168 4658 Et
1217 4603 1472 4674 quoniam
1529 4618 1634 4658 non
1685 4617 1874 4658 omnes

287 4710 536 4772 possunt,
561 4699 652 4770 qui
681 4699 1065 4755 reconciliandi
1088 4705 1234 4763 sunt,
1272 4697 1340 4752 ad
1369 4696 1510 4752 diem
1547 4694 1694 4752 illam
1737 4710 1870 4751 cou-

1977 4425 2164 4481 fuisse.
2228 4423 2380 4480 Unde
2425 4425 2595 4480 Adam
2648 4434 2702 4478 ct
2751 4424 2915 4477 Evam
2939 4423 3004 4476 ad
3038 4423 3181 4476 illam
3233 4421 3560 4492 pertinuisse

1979 4514 2399 4582 redemptionem
2443 4515 2807 4568 .dubitaudutn
2859 4529 2964 4567 nou
3015 4524 3116 4574 est,
3152 4512 3399 4582 quamvis
3454 4513 3559 4568 huc

1979 4608 2272 4662 auctoritas
2303 4607 2482 4660 divina
2516 4617 2700 4675 aperte
2732 4621 2836 4660 non
2866 4605 3196 4675 pronuntiet.
3222 4605 3354 4661 Axs.
3378 4605 3561 4660 luere-

1981 4695 2144 4749 dibilc
2180 4709 2396 4764 quoque
2447 4695 2922 4756 videtur.auando
2977 4695 3119 4750 Deus
3167 4693 3286 4750 illos
3335 4694 3483 4764 fecit,
3507 4705 3563 4751 et

1618 4805 1854 4862 VARIIE
1884 4805 2287 4862 LECTIONES.

363 4929 460 4961 ’⁸⁸⁸
499 4929 632 4986 Eum
689 4929 809 4985 sine
864 4937 1088 4998 peccato
1145 4944 1270 4980 mss.
1338 4923 1485 4998 Gem.
1548 4921 1672 4977 Bec.
1731 4920 1876 4992 Joly,
1911 4912 2084 4998 _}fict.
2113 4922 2376 4998 ὅπη-ετ
2431 4921 2576 4975 Edit.
2629 4921 2786 4976 Galli.
2837 4937 2969 4998 eum
3016 4920 3236 4998 o_mniuo
3278 4921 3560 4998 sinepec«

287 5010 416 5056 cato
464 5017 565 5054 ms.
640 4999 774 5053 Vict.
844 4991 929 5055 1⁷9.
995 5013 1118 5052 eum
1172 4999 1288 5051 sine
1337 4995 1492 5064 oniui
1541 5003 1855 5064 peccatogr
1909 4992 2000 5064 ’“_“
2048 4991 2161 5064 Qua
2207 4991 2421 5064 ratione
2475 5008 2602 5064 vero
2668 5011 2762 5046 ms.
2837 4991 2966 5045 Vict.
3034 4994 3067 5064 5
3142 4996 3266 5064 quia
3320 5009 3446 5044 vero
3474 4992 3558 5043 in-

291 5071 537 5126 tentione
679 5070 772 5101 ’δι’
820 5070 1082 5124 Mirabilis
1135 5067 1274 5123 Deus
1321 5081 1418 5119 ms.
1476 5061 1610 5117 Vict.
1676 5073 1722 5116 et
1775 5062 1876 5116 Ed.
1931 5061 2091 5115 Cotli.
2149 5061 2450 5116 mirabilius
2509 5063 2648 5116 Deus
2771 5064 2865 5094 ²⁸¹³
2919 5063 3070 5128 Quod
3104 5063 3381 5130 puniretur
3433 5077 3558 5112 mss.

288 5151 341 5194 et
397 5140 542 5194 Edit.
594 5139 748 5195 Galli.
804 5141 894 5210 qui
951 5142 1230 5210 puniretur
1324 5134 1466 5210 ‘2‘”
1496 5134 1648 5210 Quod
1684 5135 1976 5210 humanus
2017 5149 2114 5210 nis.
2179 5131 2508 5210 Jolythquis
2531 5135 2675 5210 quod
2698 5134 3113 5210 ΔΙιυεικιιιιιε-ηςις.
3157 5130 3288 5210 Vict.
3333 5131 3417 5210 to.
3479 5130 3562 5183 Vel

287 5213 417 5281 quis
443 5212 711 5281 humanus
821 5201 1445 5281 '“‘5'Oportuitpti‘que
1469 5201 1565 5259 ms.
1605 5204 1732 5281 Joly
1756 5204 1998 5281 oportuit
2030 5203 2220 5281 itaque
2252 5201 2411 5281 '33”
2444 5201 2561 5281 Qui
2581 5205 2804 5281 credent
2831 5220 2927 5256 ms.
2971 5201 3096 5281 {aly
3127 5203 3218 5281 qui
3262 5203 3560 5281 crederent

288 5269 396 5335 ἤιε.
444 5279 576 5334 Vict.
613 5281 666 5334 5.
698 5282 788 5348 qui
814 5269 1044 5336 credunt
1118 5279 1207 5310 ’8”
1236 5277 1291 5334 Si
1315 5269 1473 5348 digne
1497 5294 1592 5329 ms.
1615 5269 1747 5348 doiy
1775 5269 1866 5348 sed
1894 5274 2051 5348 digne
2127 5274 2221 5305 ³⁸⁸⁸⁸
2251 5273 2717 5348 Sit,_itt_nle_eulpzr
2745 5291 2869 5327 mss.
2895 5283 2941 5326 et
2972 5269 3423 5348 Edit._§oth._§it
3456 5269 3559 5323 hoc

291 5352 439 5406 unde
461 5352 634 5422 culpae
706 5339 797 5382 ί⁸¹⁹
834 5351 1166 5407 ltelavantur
1196 5339 1493 5422 mssaVict.
1528 5339 1748 5422 et
1783 5339 2279 5422 C_ot_h.'r_ela_s‘entur
2351 5343 2445 5422 ‘_‘_’°
2497 5342 2612 5398 Non
2637 5339 3090 5422 potueruntnon;
3133 5339 3262 5393 Vict.
3317 5339 3402 5394 19.
3454 5356 3559 5418 non

290 5409 567 5490 poterant.
624 5424 715 5454 ’3“
747 5422 862 5477 Non
894 5422 1070 5477 solum
1102 5418 1454 5490 praesentibus
1480 5414 1782 5490 nus._Joly,
1819 5412 1955 5467 Vict.
2181 5427 2284 5466 non
2310 5411 2438 5490 solis
2463 5409 2817 5490 praesentibus
2889 5413 2984 5490 38"”
3033 5410 3160 5490 Ejus
3219 5423 3339 5490 esse
3393 5409 3556 5490 morti

288 5479 593 5562 potuerunt
619 5491 743 5547 ritas.
790 5492 924 5547 Vict.
955 5504 999 5546 et
1025 5479 1151 5562 Joiy
1177 5505 1313 5562 esse
1328 5487 1444 5556 ejus
1469 5486 1626 5540 morti
1653 5479 1906 5553 poterant
1944 5484 2073 5562 “9?.”
2099 5484 2374 5562 creaturis
2405 5479 2516 5538 suis
2538 5501 2657 5553 quae
2710 5502 2849 5562 mss;
2872 5483 3015 5562 J‘oly,
3087 5479 3213 5562 Vict.
3269 5479 3458 5562 Cister.
3512 5488 3562 5532 et

287 5551 479 5615 Editio
510 5561 731 5618 Gothica
763 5565 934 5616 omitt.
966 5566 1080 5617 suis
1118 5551 1246 5592 "8“
1276 5551 1454 5614 Factae
1481 5551 1669 5611 essent
1691 5572 1814 5608 ηιεε.
1845 5565 1891 5607 et
1932 5553 2080 5606 Edit.
2138 5553 2297 5609 Galli.
2329 5554 2469 5612 facta
2499 5551 2681 5612 essent
2755 5554 2850 5586 ²⁸²³
2896 5551 3198 5609 (lonveiiire
3243 5551 3338 5606 sed
3391 5551 3558 5606 etiam

289 5647 522 5690 necesse
546 5649 666 5689 esse
689 5652 812 5687 mss.
842 5634 1172 5688 conveniens
1204 5633 1295 5687 sed
1327 5630 1488 5685 etiam
1525 5626 1888 5682 necessarium
1918 5638 2038 5678 esse
