3940 6046
405 182 518 263 -ιιθ

957 150 1017 255 S.
1062 199 1362 256 ANSELMI
1407 198 1761 257 CANTUAR.
1811 197 2132 255 ARCHIEP.
2163 200 2315 257 OPP.
2360 201 2540 261 PARS
2574 206 2615 261 Ι.
2644 237 2712 248 --
2736 207 3157 267 DOGMATICA.

3572 218 3678 274 420

411 312 692 385 proposuit
714 286 1125 369 immntahilitcr
1163 313 1343 370 facere
1362 316 1428 370 de
1463 315 1567 371 illis
1595 330 1787 371 omnes
1813 316 1991 370 homi-
2020 321 2064 379 Α
2094 318 2359 387 quaeritur
2403 330 2584 377 utrum
2620 322 2760 379 idem
2809 324 2952 382 Deus
2982 329 3145 383 homo
3170 329 3265 361 ’⁸³⁸
3295 333 3533 401 potuerit
3563 350 3681 392 ser-

408 416 533 467 nes,
561 416 698 471 quos
721 402 789 454 ad
827 400 1102 456 caelestem
1117 400 1395 457 civitatem
1425 412 1805 474 assumpturus
1833 413 1990 470 erat;

409 491 554 560 quod
615 489 731 543 illos
781 490 916 543 duos
970 489 1040 544 ab
1068 489 1173 544 hoc
1200 489 1497 546 excluserit
1526 493 1824 563 proposito.
1867 493 1992 563 Bos.

408 579 522 633 lmo
553 578 671 631 illus
705 578 938 631 maxime
960 580 1027 632 ad
1078 578 1182 632 hoc
1223 576 1423 634 fecisse
1445 580 1590 635 credi
1622 582 1806 645 debet,
1831 593 2000 639 utes-

409 680 529 727 sent
548 670 615 724 de
649 669 776 732 illis,
804 678 1023 739 propter
1046 685 1183 740 quos
1207 671 1331 726 facti
1360 683 1505 728 sunt.
1541 674 1669 729 ANS.
1698 675 1839 731 Bene
1867 690 1997 732 con-

407 760 635 813 sideras.
679 758 831 812 Nulla
883 768 1061 814 tamen
1099 760 1281 814 anima
1323 771 1448 817 ante
1499 772 1731 820 mortem
1766 766 1991 834 Christi,

405 848 715 917 paradisum
744 847 1019 903 caelestem
1055 850 1262 919 ingredi
1302 852 1505 920 potuit;
1538 855 1675 907 sicut
1697 870 1858 925 supra
1882 856 1992 910 dixi

407 937 475 990 de
501 939 643 1007 regis
655 936 875 1007 palatio.
901 937 1028 993 Bos.
1056 939 1146 995 Sic
1171 950 1437 997 tenemus.
1470 944 1600 998 Ass.
1617 943 1779 1015 Virgo
1805 956 1993 1001 autem

404 1026 514 1092 illa,
548 1030 615 1082 de
634 1044 740 1097 qua
767 1028 856 1083 ille
881 1030 1041 1084 homo
1080 1040 1392 1099 assumptus
1432 1042 1516 1087 est
1571 1032 1639 1087 de
1663 1048 1773 1102 quo
1823 1034 1994 1104 loqui-

403 1133 553 1181 mur,
607 1117 709 1172 fuit
748 1119 816 1174 de
844 1118 975 1185 illis,
1027 1120 1268 1189 quiante
1300 1122 1633 1176 nativitatem
1651 1123 1878 1194 ejusm‘
1896 1141 1995 1195 per

400 1225 522 1264 eum
539 1209 922 1265 mundatisunt
947 1224 978 1264 a
999 1211 1237 1280 peccatis
1261 1228 1275 1275 ;
1305 1222 1360 1266 et
1382 1212 1437 1268 in
1460 1210 1699 1283 ejusipsa
1730 1216 1990 1269 munditia

401 1301 468 1355 de
492 1301 579 1355 illa
608 1313 917 1372 assumptus
941 1301 1456 1359 cst.-Bos.Placeret
1483 1305 1615 1359 mihi
1640 1305 1734 1337 ⁸⁸⁸⁷
1761 1307 1991 1361 multant

400 1395 543 1463 quod
594 1394 758 1460 dicis;
801 1394 905 1449 nisi
955 1409 1078 1448 cum
1118 1395 1234 1463 ipse
1282 1395 1541 1451 debeata
1567 1396 1746 1465 seipse
1791 1397 1992 1452 habere

399 1484 718 1538 munditiam
754 1499 784 1537 a
811 1494 1056 1554 peccato,
1087 1485 1302 1539 videtur
1340 1498 1460 1539 eam
1503 1486 1706 1541 habere
1742 1502 1772 1540 a
1795 1497 1990 1552 matre,

334 1602 337 1605 λ
399 1584 450 1631 et
480 1592 584 1630 non
619 1592 714 1646 per
740 1592 800 1632 se
828 1579 1060 1632 mundus
1088 1592 1212 1633 esse
1243 1570 1373 1643 "’3,
1394 1579 1487 1632 sed
1530 1594 1631 1648 per
1655 1579 1822 1633 illam.
1860 1581 1987 1634 Ans.

2097 425 2228 467 vare
2256 421 2424 469 Vitam
2452 430 2631 480 suam,
2663 426 2722 471 ut
2753 432 3028 488 nunquam
3072 429 3397 489 moreretur,
3429 424 3684 483 dubitan-

2098 503 2224 556 dum
2267 516 2378 559 norr
2424 515 2507 560 est
2547 507 2935 576 qnia'semper
2965 508 3217 566 habuerit
3237 511 3333 544 ⁸⁸⁸⁵
3355 522 3678 582 potestatem

2095 593 2367 659 servandi,
2397 598 2643 664 quamvis
2671 597 2971 668 nequiverit
3000 598 3137 654 velle
3166 616 3409 668 servare,
3440 616 3496 659 ut
3536 623 3680 663 nun-

2097 699 2257 753 quam
2289 696 2596 742 moreretur
2625 706 2638 742 :
2671 697 2727 744 et
2767 692 3023 761 quoniam
3065 694 3167 749 hoc
3202 711 3229 749 a
3258 698 3437 767 seipse
3462 699 3675 766 habuit,

2097 786 2175 844 ut,
2204 776 2434 845 scilicet,
2471 780 2608 835 velle
2636 797 2740 837 non
2772 770 2988 853 posset,
3032 800 3141 840 non
3182 791 3532 856 necessitate,
3581 796 3674 847 sed
3762 802 3771 809 ‘

2095 864 2265 921 libera
2316 876 2583 937 potestate
2634 865 2867 926 animam
2924 888 3077 929 suam
3136 878 3333 945 posuit.
3374 879 3498 934 Bos.
3555 879 3672 937 Non

2094 956 2318 1011 omnino
2339 957 2543 1013 similes
2571 948 2790 1014 fuerunt
2828 960 2882 1016 in
2909 962 3000 1019 illo
3031 964 3150 1020 istae
3177 975 3491 1035 potestateS,
3520 986 3673 1028 men-

2097 1044 2283 1112 tiendi,
2315 1048 2546 1114 scilicet,
2583 1059 2639 1105 et
2665 1053 2913 1108 servandi
2941 1054 3123 1111 vitam.
3153 1057 3229 1114 lbi
3258 1061 3402 1115 enim
3428 1063 3675 1132 sequitur

2094 1137 2240 1206 quia,
2295 1137 2340 1193 si
2390 1140 2568 1205 vellet,
2607 1150 2787 1210 posset
2815 1145 3028 1199 mentiri
3062 1147 3190 1203 :hic
3240 1162 3421 1206 autem
3458 1153 3674 1209 videtur

2093 1229 2244 1297 quia,
2272 1228 2316 1284 si
2345 1245 2449 1284 non
2483 1231 2643 1287 vellet
2663 1233 2780 1301 ⁸⁸⁸⁸,
2810 1251 2918 1290 non
2945 1239 3117 1309 magis
3149 1239 3251 1295 hoc
3272 1256 3471 1311 posset,
3504 1260 3669 1316 quam

2094 1329 2274 1390 posset
2312 1335 2419 1376 non
2463 1338 2586 1378 esse
2611 1325 2753 1394 quod
2795 1336 2932 1383 erat.
2957 1327 3089 1385 Nam
3124 1333 3192 1387 ad
3227 1333 3329 1390 hoc
3359 1346 3475 1391 erat
3507 1338 3673 1394 homo

2093 1420 2152 1464 ut
2184 1412 2512 1480 moreretur;
2543 1422 2599 1468 et
2623 1423 2840 1485 propter
2875 1416 3031 1486 hujus
3057 1418 3251 1477 futurae
3277 1426 3471 1481 mortis
3501 1424 3665 1484 tidem

2093 1502 2158 1555 de
2183 1502 2402 1573 Virgine
2432 1506 2605 1575 potuit
2646 1508 2871 1574 assumi,
2914 1508 3054 1564 sicut
3097 1525 3259 1582 supra
3292 1514 3499 1571 dixisti.
3530 1514 3666 1574 Axs.

2093 1589 2556 1658 Quemadmodum
2603 1605 2762 1664 putas
2790 1598 2935 1652 il‘lum
2971 1615 3076 1655 non
3116 1603 3355 1671 potuisse
3384 1620 3488 1660 non
3528 1610 3670 1663 mori

400 1666 516 1722 Non
558 1669 630 1722 ita
676 1677 779 1723 est.
831 1668 937 1723 Sed
984 1669 1240 1738 quoniam
1306 1669 1496 1723 matris
1558 1669 1842 1733 munditia,
1891 1684 1981 1739 per

2089 1691 2182 1736 aut
2217 1683 2542 1740 necessitate
2580 1662 2856 1742 mortuum
2880 1704 3003 1747 esse
3022 1693 3147 1757 m7;
3179 1694 3303 1764 quia
3345 1712 3450 1751 non
3494 1700 3671 1767 potuit

398 1772 568 1839 quam
589 1758 823 1814 mundus
848 1766 953 1823 est,
973 1773 1079 1813 non
1125 1758 1225 1812 fuit
1261 1758 1366 1814 nisi
1389 1759 1458 1815 ab
1484 1760 1608 1826 illo;
1631 1760 1746 1830 ipse
1772 1774 1986 1830 quoque

400 1863 498 1917 per
524 1848 762 1919 seipsum
790 1856 846 1903 et
875 1863 906 1903 a
929 1864 990 1903 se
1010 1850 1246 1904 mundus
1271 1848 1393 1904 fuit.

822 1959 1049 2016 CAPUT
1078 1960 1220 2016 xvn
1251 1959 1346 2032 [αι.
1373 1923 1540 2034 xvi].

400 2063 674 2131 Quomodo
701 2083 804 2121 non
836 2069 1137 2143 necessitate
1176 2082 1415 2123 mortuus
1446 2080 1541 2137 est,
1571 2072 1663 2142 qui
1686 2088 1789 2127 non
1813 2074 1984 2143 potuit

749 2154 860 2191 esse
883 2139 986 2192 nisi
1017 2141 1143 2209 quia
1173 2148 1286 2193 erat
1320 2139 1631 2196 moriturus.

493 2226 618 2284 Bos.
686 2228 830 2285 Bene
905 2239 992 2287 est
1056 2232 1123 2287 de
1164 2232 1288 2287 hoc.
1328 2232 1556 2289 .Verum
1615 2236 1793 2291 adhuc
1848 2236 1984 2292 mihi

397 2319 492 2352 ⁸⁸⁸⁸
562 2320 711 2377 aliud
781 2321 993 2378 videtur
1069 2326 1441 2394 quaerendum.
1514 2328 1759 2384 Diximus
1838 2333 1983 2385 enim

393 2425 558 2481 supra
596 2413 722 2483 quia
764 2427 872 2469 non
894 2416 1224 2471 necessitate
1249 2418 1545 2475 moriturus
1564 2429 1705 2487 erat,
1757 2430 1815 2477 et
1843 2437 1986 2479 nunc

397 2503 643 2579 videmus
689 2505 817 2574 quia
866 2515 1044 2561 mater
1107 2506 1223 2577 ejus
1261 2523 1359 2579 per
1396 2508 1515 2579 ejus
1569 2521 1802 2567 mortem
1832 2504 1981 2568 futuo

396 2577 511 2650 mi
550 2596 746 2650 munda
774 2596 897 2662 fuit,
932 2598 1074 2667 quod
1126 2600 1229 2654 nisi
1262 2577 1374 2655 tu.
1398 2577 1613 2668 fuisset,
1639 2603 1754 2672 ipse
1784 2604 1851 2658 de
1896 2604 1983 2661 illa

393 2701 515 2742 esse
574 2702 678 2743 non
738 2688 1021 2756 potuisset.
1063 2690 1346 2758 Quomodo
1402 2705 1535 2764 ergo
1588 2708 1693 2750 non
1741 2694 1838 2729 ⁸⁸³⁸)
1889 2712 1983 2753 ne-

390 2776 647 2833 cessitate
676 2788 918 2835 mortuus
943 2790 1043 2843 est,
1086 2783 1177 2852 qui
1209 2797 1314 2839 non
1361 2784 1467 2839 nisi
1506 2785 1634 2856 quia
1691 2789 1985 2846 moriturus

393 2881 539 2932 erat,
580 2872 755 2940 putuit
795 2873 960 2928 esse?
1016 2873 1152 2930 Nam
1198 2876 1246 2931 si
1306 2878 1604 2935 moriturus
1648 2896 1757 2936 non
1813 2895 1979 2949 esset,

399 2961 577 3032 Virgo,
598 2964 667 3018 de
692 2979 799 3033 qua
849 2976 1157 3042 assumptus
1184 2976 1287 3035 est,
1339 2973 1535 3027 munda
1584 2987 1691 3027 non
1743 2974 1977 3031 fuisset:

2089 1788 2194 1828 non
2218 1777 2503 1846 essequod
2522 1788 2640 1832 erat
2669 1796 2680 1832 :
2712 1780 2784 1834 ita
2812 1791 2965 1861 potes
2993 1798 3240 1841 asserere
3266 1786 3412 1842 illum
3446 1804 3553 1845 non
3573 1807 3673 1861 po-

2088 1865 2256 1920 tuisse
2281 1866 2417 1922 velle
2445 1882 2553 1923 non
2582 1871 2740 1933 mori,
2771 1858 2864 1926 aut
2886 1874 3209 1929 necessitate
3243 1879 3379 1933 mori
3406 1858 3666 1949 voluisse;

2085 1958 2343 2028 quoniam
2380 1961 2524 2028 quod
2548 1970 2690 2028 erat,
2722 1978 2828 2019 non
2866 1978 2987 2021 esse
3012 1982 3120 2022 non
3146 1969 3316 2036 potuit
3345 1987 3359 2024 :
3388 1987 3492 2026 non
3521 1973 3668 2029 enim

2088 2048 2259 2117 magis
2316 2047 2433 2117 ipse
2481 2047 2657 2106 factus
2707 2066 2790 2107 est
2818 2054 2982 2109 homo
3011 2056 3077 2109 ad
3118 2057 3221 2112 hoc
3255 2067 3314 2113 ut
3343 2064 3667 2131 moreretur,

2086 2149 2249 2205 quam
2292 2145 2352 2192 ut
2385 2137 2549 2194 vellet
2585 2140 2743 2196 mori.
2787 2140 3128 2215 Quapropter
3176 2148 3318 2202 sicut
3366 2166 3471 2205 non
3502 2152 3667 2208 debes

2085 2227 2266 2283 dicere
2291 2228 2415 2298 quia
2439 2244 2543 2284 non
2564 2232 2740 2302 potuit
2764 2221 2867 2288 non
2900 2234 3034 2291 velle
3061 2238 3196 2292 mori
3215 2239 3329 2304 ⁸⁸³⁸,
3357 2252 3448 2295 aut
3476 2258 3664 2299 neces-

2084 2318 2247 2374 sitate
2284 2319 2452 2375 voluit
2494 2323 2631 2377 mori
2666 2323 2785 2379 :sic
2826 2340 2930 2379 non
2960 2336 3039 2381 est
3063 2328 3351 2385 dicendum
3404 2336 3528 2402 quia
3557 2350 3664 2390 non

2083 2409 2262 2479 potuit
2288 2424 2396 2466 non
2429 2412 2589 2479 mori,
2614 2422 2709 2468 aut
2755 2416 3086 2474 necessitate
3126 2432 3374 2478 mortuus
3397 2433 3502 2494 est.
3536 2423 3662 2481 Bos.

2081 2498 2198 2555 lmo
2252 2501 2511 2570 quoniam
2557 2503 2732 2559 eidem
2770 2504 3051 2576 subiacent
3084 2511 3305 2577 rationi,
3344 2513 3572 2580 scilicet,
3608 2526 3661 2571 et

2083 2590 2243 2656 mori,
2281 2600 2339 2646 et
2363 2591 2501 2647 velle
2547 2594 2684 2647 mori
2712 2593 2838 2660 “";
2881 2604 3173 2669 utrumque
3218 2602 3433 2657 videtur
3468 2605 3522 2659 in
3574 2603 3665 2660 illo

2083 2682 2519 2737 necessitate'm
2560 2683 2750 2740 fuisse.
2798 2685 2929 2743 Axs.
2980 2687 3115 2755 Quis
3158 2700 3219 2745 se
3263 2702 3455 2761 sponte
3493 2694 3664 2751 voluit

2082 2772 2357 2829 hominem
2412 2772 2616 2840 facere,
2654 2784 2714 2830 ut
2760 2777 2947 2832 eadem
3009 2780 3334 2837 immutabili
3381 2784 3663 2841 voluntate

2083 2875 2412 2932 moreretur,
2460 2876 2517 2922 et
2571 2882 2669 2938 per
2712 2869 2871 2940 hujus
2912 2869 3072 2926 iidem
3118 2874 3458 2932 certitudinis
3508 2879 3661 2949 virgo

2082 2957 2282 3012 munda
2310 2958 2484 3027 ﬁeret,
2529 2961 2595 3016 de
2623 2975 2728 3030 qua
2769 2962 2932 3018 homo
2963 2963 3052 3020 ille
3093 2970 3502 3024 assumeretur?
3533 2969 3659 3025 Bos.

388 3054 647 3123 quentia"!
671 3058 773 3111 hoc
802 3072 1140 3129 nequaquam
1163 3059 1328 3115 valuit
1356 3076 1496 3130 esse,
1522 3062 1626 3119 nisi
1658 3078 1840 3120 veram
1867 3066 1981 3137 ejus

2085 3049 2227 3106 Deus
2254 3051 2423 3107 Filius
2469 3026 2585 3106 Dei.
2619 3026 2747 3107 dus.
2777 3054 2969 3111 Nonne
3006 3067 3361 3114 monstratum
3392 3070 3477 3115 est
3496 3075 3657 3131 supra

386 3147 497 3218 93
540 3158 767 3205 mortem
805 3151 1105 3218 credendo;
1133 3166 1233 3208 nec
1270 3154 1360 3209 ille
1382 3155 1449 3210 de
1477 3155 1565 3210 illa
1595 3158 1771 3227 potuit
1817 3158 1981 3214 aliter

389 3242 615 3295 assumi.
648 3241 847 3309 Quare,
895 3243 941 3298 si
992 3259 1098 3300 non
1127 3254 1371 3302 mortuus
1411 3256 1497 3303 est
1533 3264 1599 3305 ex
1631 3251 1976 3318 necessitate,

391 3341 674 3400 postquam
705 3345 1016 3404 assumptus
1038 3344 1126 3391 est
1155 3336 1221 3390 de
1244 3337 1465 3410 Virgine
1485 3382 1501 3409 ,
1535 3343 1711 3411 potuit
1731 3358 1836 3397 non
1857 3357 1979 3400 esse

391 3432 701 3491 assumptus
734 3424 802 3478 de
850 3422 1092 3494 Virgine,
1138 3435 1424 3497 postquam
1476 3440 1560 3486 est
1615 3443 1971 3503 assumptus:

388 3512 533 3579 quod
578 3526 684 3566 non
723 3523 806 3568 est
852 3515 1125 3584 possibile.
1171 3518 1300 3572 Ans.
1333 3518 1390 3572 Si
1442 3519 1602 3586 bene,
1649 3536 1769 3591 qua:
1812 3538 1973 3593 supra

386 3603 530 3656 dicta
554 3614 698 3668 sunt,
729 3607 1159 3673 eons‘iderasses,
1201 3624 1334 3665 sane
1368 3613 1721 3680 quaestionem
1761 3615 1812 3669 in
1844 3616 1971 3685 illis,

388 3702 449 3746 ut
476 3702 605 3764 puto
624 3696 744 3762 “",
794 3698 1025 3752 solutam
1077 3699 1460 3759 lntellexisses.
1508 3701 1631 3760 Bos.
1667 3704 1782 3761 Non
1813 3707 1971 3764 video

384 3786 675 3854 qttomodo.
724 3789 860 3842 Ms.
891 3788 1096 3855 Nonne,
1147 3791 1364 3861 quando
1394 3793 1743 3862 qumsivimus
1789 3805 1969 3850 utrum

388 3877 489 3932 ille
529 3880 746 3937 mentiri
788 3884 1050 3953 potuerit,
1089 3888 1524 3943 monstravimus
1569 3889 1622 3942 in
1662 3889 1970 3945 mentiendo

382 3970 524 4024 duas
550 3985 669 4027 esse
692 3982 1025 4042 potestates;
1052 3992 1237 4045 unam,
1267 3977 1541 4045 videlicet,
1572 3979 1785 4034 volendi
1823 3997 1970 4035 men-

386 4061 498 4127 tiri,
531 4062 758 4118 alteram
796 4067 1119 4122 mentiendi:
1148 4078 1202 4122 et
1226 4070 1502 4138 quoniam,
1529 4084 1648 4123 cum
1674 4070 1967 4126 mentiendi

385 4163 708 4221 potestatem
755 4155 1001 4225 haberet,
1044 4160 1144 4212 hoc
1160 4158 1307 4213 ""a
1348 4160 1527 4228 seipse
1561 4161 1749 4216 habuit
1777 4170 1837 4216 ut
1861 4178 1964 4218 non

386 4251 568 4311 posset
588 4244 722 4299 velle
744 4247 991 4312 mentiri;
1031 4248 1233 4304 idcirco
1265 4249 1331 4305 de
1356 4265 1452 4303 sua
1478 4250 1709 4321 iustitia,
1735 4268 1839 4322 qua
1868 4269 1963 4308 ve-

2080 3142 2225 3212 quod
2254 3143 2349 3199 Dei
2377 3143 2620 3199 voluntas
2643 3144 2737 3177 ’⁸⁸³
2768 3146 2912 3201 nulla
2943 3148 3154 3217 cogitur
3188 3151 3540 3219 necessitate;
3564 3154 3659 3208 sed

2082 3235 2197 3303 ipsa
2217 3233 2311 3267 ³⁸⁸⁸
2362 3248 2421 3289 se
2464 3244 2761 3305 spontanea
2818 3252 2915 3292 sua
2979 3247 3162 3294 servat
3200 3234 3655 3307 immutabtlitate,

2078 3325 2295 3397 quando
2366 3325 2571 3381 dicitur
2632 3326 2831 3397 aliquid
2891 3332 3215 3386 necessitate
3274 3332 3484 3389 facere?
3527 3334 3656 3390 Bos.

2080 3417 2217 3474 Vere
2241 3416 2342 3450 ”"
2378 3428 2740 3475 monstratum
2762 3430 2864 3475 est.
2893 3419 2998 3477 Sed
3017 3423 3260 3478 videmus
3288 3437 3508 3480 econtra
3530 3428 3657 3497 quia

2076 3511 2220 3581 quod
2266 3508 2408 3565 Deus
2438 3512 2848 3567 intmutabiliter
2870 3512 3000 3581 vult,
3036 3529 3142 3569 non
3172 3525 3350 3586 potest
3378 3532 3480 3572 non
3513 3532 3655 3583 esse,

2075 3600 2171 3657 sed
2212 3614 2435 3657 necesse
2471 3593 2717 3656 estesse.
2747 3600 3110 3672 Quapmpter,
3142 3605 3186 3658 si
3233 3605 3372 3659 Dens
3401 3605 3567 3660 voluit
3598 3612 3656 3661 ut

2073 3693 2164 3750 ille
2198 3694 2361 3749 homo
2391 3703 2712 3759 moreretur,
2746 3710 2853 3750 non
2880 3696 3052 3765 potuit
3081 3711 3187 3751 non
3219 3698 3377 3752 mori.
3417 3699 3544 3754 Ans.
3575 3700 3653 3753 Ex

2071 3797 2138 3840 eo
2167 3783 2294 3855 quia
2323 3783 2491 3840 Filius
2532 3783 2625 3839 Dei
2661 3786 2962 3854 assumpsit
2995 3786 3265 3841 hominem
3293 3801 3356 3842 ea
3379 3789 3655 3843 voluntate

2070 3885 2133 3932 ut
2180 3886 2504 3943 moreretur,
2553 3878 2750 3946 probas
2792 3878 3041 3932 eumdem
3087 3878 3363 3934 hominem
3418 3894 3524 3934 non
3561 3897 3653 3950 po-

2070 3969 2240 4023 tuisse
2265 3982 2374 4023 non
2398 3967 2536 4022 mori
2561 3967 2675 4021 "“.
2719 3967 2840 4023 Bos.
2870 3967 2951 4023 Ita
2969 3952 3241 4040 intelligo.
3266 3970 3393 4025 Aris;
3425 3970 3507 4025 An
3543 3985 3650 4026 non

2069 4060 2319 4117 similiter
2341 4061 2587 4129 apparuit
2612 4074 2680 4113 ex
2708 4059 2792 4113 his
2817 4074 2937 4129 quae
2962 4061 3103 4115 dicta
3151 4069 3295 4126 sunt,
3328 4060 3523 4138 Filium
3554 4061 3647 4117 Dei

2068 4163 2123 4209 et
2157 4160 2494 4222 assumptum
2543 4151 2817 4207 hominem
2853 4166 3015 4205 unam
3063 4166 3184 4206 esse
3230 4167 3540 4223 personam,
3591 4160 3648 4207 ut

2068 4248 2208 4302 idem
2253 4244 2325 4301 sit
2371 4243 2514 4299 Deus
2556 4250 2611 4299 et
2647 4244 2828 4310 homo,
2878 4242 3155 4299 Filiusm'
3207 4244 3390 4299 Dei-et
3415 4243 3649 4314 Virginis

385 4333 597 4389 ritatem
631 4340 884 4403 servavit,
917 4353 1039 4394 eum
1059 4353 1181 4395 esse
1202 4338 1568 4394 laudandum?
1594 4340 1719 4396 Bos.
1753 4336 1830 4396 Ita
1858 4354 1959 4399 est.
1995 4367 2040 4426 ο
2071 4337 2248 4393 ﬁlius?
2276 4336 2404 4391 Bos.
2464 4334 2557 4390 Sic
2588 4344 2692 4390 est.
2719 4336 2849 4390 Aus.
2877 4334 3021 4390 Idem
3052 4335 3217 4406 igitur
3239 4336 3400 4390 homo
3434 4351 3528 4390 sua
3554 4349 3649 4390 vo-

385 4430 514 4482 Aas.
556 4426 817 4485 Similiter
862 4440 967 4496 est,
1006 4433 1056 4485 in
1083 4434 1351 4487 servando
1388 4434 1576 4498 vitam,
1607 4444 1847 4505 potestas
1870 4450 1964 4490 vo-

385 4518 524 4574 lendi
556 4536 795 4587 servare,
838 4532 894 4578 et
931 4534 1168 4593 potestas
1217 4526 1502 4587 servandi:
1534 4526 1668 4581 Cum
1717 4543 1845 4598 ergo
1868 4526 1962 4560 ’⁸³³

2068 4432 2275 4487 luntate
2304 4446 2412 4486 non
2448 4428 2620 4502 potuit
2669 4444 2777 4483 non
2818 4430 2982 4494 mori,
3027 4438 3082 4484 et
3122 4436 3364 4484 mortuus
3387 4439 3488 4484 est.
3517 4428 3642 4483 Bos.

2066 4523 2278 4597 Negare
2299 4538 2531 4594 nequeo.
2557 4523 2684 4577 ΑΜ.
2709 4521 2975 4587 Quoniam
2997 4535 3128 4592 ergo
3148 4521 3244 4553 ”"
3274 4521 3520 4576 voluntas
3547 4520 3643 4576 Dei

1623 4659 1855 4749 VARI/i3
1896 4659 2296 4718 LECTIONES.

456 4785 550 4818 ³⁸³⁸
592 4787 999 4872 necessitatem“
1027 4806 1142 4861 ejus
1200 4808 1321 4847 mss.
1383 4804 1431 4872 et
1479 4791 1622 4848 Edit.
1685 4793 1842 4848 com.
1921 4795 2255 4872 nativitatem
2313 4795 2453 4872 ejus

809 4860 904 4892 ²⁸⁴³
962 4856 1071 4916 Ρεέ
1117 4877 1176 4917 se
1251 4866 1482 4919 mundus
1541 4880 1647 4928 non
1715 4879 1834 4919 esse
1896 4882 1994 4920 ms.
2052 4862 2179 4934 Joly
2236 4874 2283 4917 et
2341 4856 2496 4934 Ἑιξὶί.
2563 4856 2886 4934 (ἔθιζε-,μηρη
2950 4876 3051 4934 per
3107 4875 3167 4915 se
3225 4856 3455 4913 mundus
3506 4872 3644 4934 esse

383 4864 471 4910 cet
533 4859 663 4913 mihi

382 4926 727 5013 ’m'Vemm
781 4931 957 4986 adhuc
1005 4932 1415 5013 tn‘i‘lii.ln__,_ms.
1487 4926 1615 4989 Vici.
1685 4934 1770 4989 19.
1823 4926 2169 5013 ltignincipif
2193 4930 2500 5013 Caput-“l7-

1026 5003 1113 5035 ⁸⁸³⁸
1157 5003 1214 5059 In
1265 5005 1370 5060 illis
1422 5015 1481 5059 ut
1548 5013 1673 5073 puto
1724 5021 1823 5058 ms.
1883 5004 2018 5058 Vict.
2066 5000 2155 5059 i9.
2185 5000 2307 5070 cuin
2339 5000 2459 5067 illis,
2489 5008 2701 5073 nt_p_t_tto

383 4999 541 5054 modo
595 5014 725 5070 ergo
774 5016 881 5055 non

382 5070 563 5134 habet,
609 5070 711 5125 hoc

2573 4790 2665 4857 ω’
2730 4788 2977 4845 Placeret
3025 4792 3155 4846 mihi
3203 4804 3302 4843 ms.
3345 4785 3473 4857 Joly
3524 4786 3642 4856 pla-

2665 4929 2759 4962 ²⁸⁹⁰
2811 4926 3091 4997 Quomodo
3146 4944 3252 4984 non
3309 4943 3434 4982 mss.
3498 4926 3645 4997 Quo-

2844 4995 2938 5033 ‘3“
2969 5000 3218 5065 llaberet,
3245 5000 3350 5055 hoc
3376 5012 3493 5052 rma.
3516 4995 3643 5066 1on

836 5071 931 5104 ’⁸³⁸
956 5072 1089 5129 Cum
1114 5083 1292 5129 autem
1321 5092 1445 5130 mss.
1474 5060 1596 5129 cuin
1624 5090 1754 5144 ergo
1781 5074 1876 5116 ⁸⁸³⁸
1904 5075 2045 5129 Idem
2074 5064 2225 5144 Deus
2245 5074 2405 5127 homo
2448 5060 2847 5144 'ms_.‘_'_Vict._l9.
2884 5072 3023 5125 idem
3054 5060 3226 5144 homo
3289 5068 3386 5101 ³⁸³⁵
3413 5060 3643 5144 Semper

383 5140 572 5196 habuit
597 5158 695 5195 ms.
737 5140 874 5196 Vict.
913 5144 996 5199 19.
1028 5160 1243 5214 semper
1269 5145 1520 5224 habuerit
1593 5136 2201 5224 “'“vNoanot-i'vellet,
2230 5158 2342 5224 non
2387 5156 2484 5195 ms.
2534 5138 2670 5224 Vict.
2695 5141 2783 5196 l9.
2817 5145 2953 5224 mori
2984 5156 3097 5224 non
3127 5140 3309 5206 vellet,
3363 5154 3502 5224 non“

383 5208 646 5267 Mortuum
675 5228 795 5267 esse
821 5230 919 5268 ms.
967 5213 1095 5268 Vict.
1123 5208 1210 5268 f9.
1242 5215 1560 5293 moriturum
1587 5229 1736 5293 esse_
1778 5215 1873 5248 ’⁸³³
1900 5213 2016 5293 Non
2042 5213 2381 5293 potui_t__velle
2402 5212 2673 5293 nonmori
2723 5227 2823 5293 nis.
2846 5210 3280 5293 rVict..l9_._Apon
3309 5208 3508 5293 "potuit
3530 5221 3639 5293 non

381 5281 519 5335 velle
545 5283 681 5337 mori
755 5283 848 5315 ⁸⁸⁸³
875 5284 1093 5340 Scilicet
1118 5294 1172 5339 et
1200 5285 1335 5339 mori
1361 5295 1414 5338 et
1443 5284 1574 5362 velle
1601 5285 1883 5362 mori___ms.
1914 5279 2100 5362 Cistér.
2128 5284 2345 5362 scilicet
2363 5291 2417 5362 et
2444 5281 2587 5362 velle
2613 5283 2775 5362 mori,
2804 5292 2858 5337 et
2884 5281 3024 5335 mori
3100 5281 3276 5362 "fl'lln
3304 5279 3406 5362 illa
3446 5291 3639 5362 neces-

246 5403 250 5406 .
379 5350 543 5406 sitate
569 5370 693 5407 mss.
723 5351 856 5407 Vict.
894 5355 979 5435 19‘.
1006 5366 1052 5409 et
1072 5352 1271 5435 βίων.
1302 5354 1487 5435 etnEd.
1512 5352 1632 5435 αρτ.
1663 5356 1715 5435 in
1746 5354 1836 5410 illo
1860 5354 2184 5435 necessitate
2257 5351 2530 5435 '“f‘Quod‘
2554 5352 2644 5435 Dei
2673 5354 2922 5435 voluntas
2968 5368 3104 5435 mss;
3114 5350 3314 5435 {91y}!
3347 5348 3478 5435 Vict-
3510 5349 3638 5435 (illi?

350 5469 356 5475 .
381 5421 475 5474 Dei
502 5423 766 5477 voluntas-
817 5425 911 5457 ηδ’
938 5425 1045 5480 Sed
1072 5426 1184 5495 ipse
1210 5441 1334 5478 mss.
1354 5424 1503 5479 Gem.
1531 5425 1655 5481 Bec.
1682 5424 1828 5497 Joly,
1860 5422 1995 5479 Vict.
2022 5424 2210 5480 Cister;
2236 5435 2286 5480 rt
2318 5425 2462 5478 Edit.
2487 5422 2639 5506 Gelli.
2674 5421 2780 5476 Sed
2810 5425 2924 5544 ilpsa
2951 5435 3010 5476 se
3083 5421 3180 5454 N'
3231 5424 3296 5474 Α.
3353 5432 3478 5473 vere
3507 5433 3635 5470 mss.

380 5488 441 5543 Β.
471 5506 594 5544 vere
618 5492 711 5524 ³⁸⁸⁵
740 5493 1056 5544 Moreretur.
1084 5496 1280 5544 nrohas
1305 5496 1534 5544 etindem
1563 5497 1836 5544 hominem
1866 5510 1969 5544 non
1999 5498 2237 5544 noluisse
2265 5511 2370 5544 non
2402 5510 2534 5544 mort
2591 5508 2690 5544 ms.
2739 5492 2810 5544 Jo
2834 5509 2865 5544 τι
2918 5499 3244 5544 moreretur.
3300 5505 3407 5544 non
3463 5489 3635 5544 notuit

380 5488 441 5543 Β.
471 5506 594 5547 vere
618 5492 711 5566 ’ξεί
730 5493 1056 5566 ίῌοιξᾳι-ειιιτ,
1084 5488 1280 5566 probas
1305 5488 1836 5566 eundemhomine'm
1866 5510 1970 5550 non
1999 5498 2237 5566 potuisse
2265 5511 2370 5566 non
2402 5496 2534 5549 mori
2591 5508 2690 5547 ms.
2739 5492 2810 5546 Jo

2834 5489 2865 5562 ξι
2918 5499 3244 5562 moreretur,
3300 5505 3417 5562 non
3463 5489 3641 5557 potuit

382 5575 488 5641 non
517 5564 650 5617 mori
725 5563 815 5597 ⁸⁸⁸⁸
842 5552 1119 5633 ιιοωο,’ἑι
1145 5565 1284 5646 ﬁlius
1307 5580 1431 5621 mss.
1460 5564 1605 5636 July,
1630 5566 1820 5621 Cisler.
1851 5552 2015 5622 homo
2039 5565 2181 5624 filius
2255 5565 2350 5599 'm
2376 5566 2658 5636 Quomodo
2684 5578 2814 5634 ergo
2834 5552 2967 5618 ἵκω.
2998 5572 3045 5618 et
3101 5552 3245 5616 Edit-
3294 5552 3477 5615 ϐουσί
3503 5574 3639 5627 qui"

379 5631 525 5685 niam
554 5646 680 5702 ergo
