3940 6046
282 191 379 248 ΩΙ

1386 192 1524 248 ιςυιι
1579 187 1760 244 DEUS
1797 185 2009 242 HOMO.
2045 217 2110 226 —
2145 188 2274 245 LIB.
2316 189 2376 244 ll.

3451 194 3557 248 {Si

283 304 431 360 ttulla
462 304 787 360 necessitate
819 303 944 360 facit
976 304 1202 375 aliquid,
1241 304 1333 360 sed
1364 321 1457 361 sua
1485 313 1755 375 potestate
1794 313 1872 386 et,
1904 308 1950 366 Α
1980 301 2066 368 Ει,
2095 302 2235 356 sicut
2277 317 2397 354 cum
2442 300 2580 356 Deus
2605 299 2734 356 facit
2761 302 2997 372 aliquid,
3036 314 3319 374 postquam
3356 303 3559 362 factum

283 396 538 452 voluntas
589 394 734 449 illius
768 395 868 450 fuit
897 395 1146 451 voluntas
1185 397 1299 460 Dei,
1354 396 1498 452 nulla
1543 398 1868 452 necessitate

282 496 530 542 mortuus
557 495 664 552 est,
704 488 799 542 sed
843 487 954 542 sola
981 504 1073 542 sua
1102 498 1387 558 potestate.
1415 487 1542 543 Bos.
1567 489 1869 557 Argumen-

285 579 586 634 tutionibus
636 579 743 633 tuis
771 580 991 634 obviare
1025 595 1234 649 nequeo
1265 599 1278 633 :
1322 595 1448 634 nam
1489 596 1590 635 nec
1620 581 1868 650 proposi-

284 671 462 725 tiones
494 685 630 739 quas
678 673 980 738 prtemittis,
1037 689 1135 727 nec
1173 674 1586 740 consequentias
1623 689 1758 742 quas
1787 674 1868 726 in-

285 761 419 823 fers,
447 760 714 816 ullatenus
749 761 1024 815 infirmare
1051 763 1222 816 valco.
1252 762 1358 816 Sed
1399 773 1574 818 tamen
1601 765 1700 818 hoc
1733 765 1864 818 mihi

285 865 502 919 semper
531 850 625 883 ’⁸⁵⁵⁷
675 852 1117 920 occurrit,un
1152 853 1262 907 dixi
1292 853 1388 884 ’3”
1423 871 1435 907 :
1471 855 1595 924 quia
1629 855 1677 909 si
1710 855 1870 908 vellct

284 957 392 995 non
449 941 606 1006 mori,
650 957 755 995 non
811 943 983 1014 magis
1035 945 1138 1000 hoc
1184 956 1382 1013 posset,
1411 961 1572 1014 quam
1609 961 1714 1000 non
1751 962 1870 1003 esse

284 1032 428 1098 quod
453 1042 600 1095 erat;
629 1046 753 1085 vere
773 1031 866 1063 ’“9
898 1049 1130 1102 namque
1170 1037 1464 1090 moriturus
1509 1046 1628 1091 erat
1677 1055 1691 1091 :
1737 1053 1870 1106 quo-

284 1121 430 1173 niam
478 1120 524 1173 si
569 1135 692 1176 vere
723 1137 827 1175 non
878 1121 1066 1178 fuisset
1108 1126 1403 1180 moriturus
1434 1167 1449 1192 ,
1513 1143 1617 1182 non
1679 1129 1872 1184 fuisset

283 1227 411 1265 vera
466 1210 602 1268 fides
656 1211 852 1267 futurae
908 1218 1098 1269 mortis
1146 1217 1284 1285 ejus,
1338 1232 1434 1286 per
1479 1233 1642 1288 quam
1683 1230 1738 1274 et
1779 1221 1868 1274 illa

287 1301 452 1372 Virgo
488 1303 556 1358 de
579 1320 680 1372 qua
712 1315 871 1359 natus
897 1315 997 1367 est,
1023 1315 1077 1360 et
1105 1308 1196 1361 alii
1227 1307 1378 1362 multi
1420 1311 1662 1363 mundati
1684 1320 1812 1365 sunt
1838 1325 1868 1364 a

283 1403 531 1460 peccato.
578 1393 717 1448 Nam
765 1397 810 1449 si
848 1411 974 1450 vera
1024 1411 1127 1451 non
1178 1397 1387 1464 fuisset,
1442 1399 1574 1454 nihil
1614 1402 1872 1470 prodesse

284 1485 576 1552 potuisset.
607 1485 948 1557 Quapropter
980 1489 1022 1542 si
1057 1490 1228 1558 potuit
1249 1490 1342 1522 ⁸⁸⁵⁰
1376 1507 1478 1545 non
1516 1493 1674 1556 mori,
1698 1495 1871 1562 potuit

283 1574 466 1632 facere
495 1594 598 1632 non
625 1593 746 1633 esse
773 1594 952 1634 verum
983 1581 1123 1649 quod
1155 1597 1338 1636 verum
1367 1595 1503 1638 erat.
1532 1585 1658 1638 ANS.
1691 1585 1870 1652 Quare

1974 394 2206 464 est,jatn
2239 411 2342 451 non
2390 404 2566 464 potest
2608 410 2715 450 non
2756 410 2880 452 esse
2927 397 3164 462 factum,
3206 397 3301 452 sed
3343 413 3560 468 semper

1975 502 2159 542 verum
2188 497 2270 541 est
2311 486 2510 540 factum
2539 501 2679 552 esse,
2704 502 2804 541 nec
2836 495 3014 541 tamen
3056 497 3201 541 recte
3226 488 3424 542 dicitur
3453 488 3561 543 itu-

1975 576 2233 645 possibile
2262 578 2369 631 Deo
2394 592 2514 632 esse
2537 585 2594 629 at
2623 576 2780 631 faciat
2811 578 2953 646 quod
2976 577 3309 646 praeteritum
3339 587 3422 632 est
3451 595 3556 631 non

1970 683 2093 723 esse
2123 670 2457 740 ptaeteritum
2482 667 2576 700 ’⁸³⁸
2607 686 2620 721 :
2652 669 2784 722 nihil
2808 669 2954 722 enim
2983 669 3053 722 ibi
3083 678 3341 736 operatur
3368 685 3558 723 neces-

1971 760 2103 813 sitas
2129 775 2236 812 non
2285 743 2536 823 faciendi,
2587 767 2682 812 aut
2712 757 3117 828 impossibilitas
3153 759 3418 823 faciendi;
3460 761 3557 814 sed

1972 849 2065 902 Dei
2101 849 2214 903 sola
2259 849 2527 914 voluntas,
2577 849 2666 917 qui
2713 850 2994 904 veritatem
3017 851 3111 882 ’⁸⁸⁵
3145 866 3360 920 semper
3405 852 3556 921 (quia

1971 940 2084 1007 ipse
2109 939 2305 994 veritas
2339 939 2444 1011 est)
2469 939 2882 1006 immutabilem,
2924 941 3063 995 sicut
3107 950 3210 1005 est,
3244 957 3364 997 isse
3396 945 3504 996 vult
3539 961 3555 996 :

1975 1030 2048 1084 ita
2076 1030 2120 1084 si
2148 1031 2403 1099 proponit
2433 1046 2492 1086 se
2530 1030 2733 1100 aliquid
2789 1031 3202 1086 immutabiliLer
3244 1025 3552 1096 facturuin;

1970 1122 2216 1190 quamvis
2255 1125 2397 1191 quod
2445 1122 2719 1192 proponit,
2752 1131 3040 1190 antequam
3075 1121 3188 1182 fiat,
3237 1139 3340 1176 non
3389 1124 3560 1191 possit

1971 1230 2078 1269 non
2109 1230 2230 1270 esse
2255 1214 2531 1279 futurum;
2565 1230 2669 1268 non
2701 1224 2876 1268 tamen
2904 1214 3008 1268 ulla
3042 1217 3200 1270 estin
3229 1230 3296 1269 eo
3321 1213 3559 1270 faciendi

1971 1307 2288 1370 necessitas,
2331 1316 2425 1360 aut
2471 1322 2578 1360 non
2637 1305 2871 1360 faciendi
2937 1305 3344 1375 impossibilitas
3384 1325 3396 1358 :
3431 1307 3556 1372 quia

1971 1397 2083 1452 sola
2109 1405 2364 1466 operatur
2395 1397 2448 1450 in
2482 1411 2546 1450 eo
2579 1395 2846 1449 voluntas.
2903 1393 3126 1460 ριιοιίε,
3154 1410 3389 1463 namque
3425 1397 3559 1449 dici-

1973 1500 2060 1544 tur
2088 1491 2228 1544 Deus
2275 1505 2379 1543 non
2423 1502 2601 1557 posse,
2632 1487 2776 1540 nulla
2818 1497 3046 1557 negatur
3097 1488 3149 1540 in
3181 1501 3246 1540 eo
3276 1495 3557 1556 potestas;

1973 1587 2066 1640 sed
2099 1583 2478 1654 insuperabilis
2515 1583 2856 1654 significatur
2905 1581 3144 1650 potentia
3169 1580 3263 1612 ³⁸⁵⁸
3308 1589 3365 1634 et
3405 1581 3558 1634 forti-

283 1682 474 1720 verum
523 1677 664 1732 erat,
708 1680 999 1740 antequam
1039 1684 1362 1737 moreretur,
1408 1677 1532 1744 quia
1577 1677 1870 1732 moriturus
1904 1700 1944 1753 Β
1975 1677 2119 1731 tudo.
2154 1675 2273 1730 Non
2313 1675 2456 1729 enim
2505 1675 2651 1728 aliud
2696 1673 3032 1743 intelligitur,
3094 1672 3196 1726 nisi
3240 1671 3366 1739 quia
3411 1670 3558 1726 nulla

285 1757 450 1810 erat?
499 1758 620 1812 Bos.
654 1760 922 1825 Quoniam
966 1761 1066 1814 hoc
1097 1763 1189 1803 1"“
1222 1765 1334 1832 ipse
1379 1775 1573 1834 sponte
1617 1767 1784 1822 voluit
1815 1778 1869 1822 ct

287 1852 611 1906 immutabili
651 1854 945 1909 voluntate.
975 1856 1103 1910 Aus.
1147 1857 1201 1911 Si
1231 1873 1380 1928 ergo,
1427 1859 1568 1912 sicut
1599 1859 1756 1926 dicis,
1791 1861 1870 1914 id-

285 1943 434 1997 circo
459 1959 566 1998 non
590 1945 760 2012 potuit
784 1960 888 1999 non
918 1946 1074 2011 mori,
1103 1949 1227 2017 quia
1251 1964 1376 2002 vere
1397 1949 1694 2004 moritttrus
1717 1961 1865 2005 erat:

285 2044 339 2086 et
368 2034 490 2088 ideo
521 2050 644 2088 vere
673 2046 789 2090 erat
818 2039 1126 2098 moriturus,
1161 2038 1284 2108 quia
1320 2039 1421 2094 hoc
1453 2040 1568 2110 ipse
1599 2051 1790 2109 sponte
1815 2048 1869 2094 et

288 2123 698 2180 immutabiliter
745 2127 908 2182 voluit
944 2144 958 2182 :
991 2129 1235 2198 sequitur
1275 2129 1425 2183 illum
1475 2145 1580 2184 non
1624 2132 1695 2184 ob
1725 2131 1867 2185 aliud

285 2228 391 2267 non
425 2215 664 2283 potuisse
693 2232 797 2270 non
835 2218 990 2280 mori,
1031 2219 1133 2272 nisi
1164 2220 1288 2289 quia
1323 2219 1646 2275 immutabili
1680 2222 1870 2276 volun-

288 2315 400 2359 tate
423 2304 595 2362 voluit
638 2308 793 2361 mori.
827 2307 951 2364 Bos.
985 2309 1062 2364 lta
1094 2318 1177 2364 est
1206 2327 1221 2363 :
1256 2311 1350 2365 sed
1383 2325 1718 2381 qttzecunque
1754 2311 1870 2367 fue-

288 2399 358 2452 rit
386 2414 572 2465 causa,
611 2415 796 2456 verum
842 2410 926 2457 est
974 2411 1152 2458 tamen
1188 2403 1314 2474 quia
1370 2419 1475 2460 non
1532 2405 1708 2474 potuit
1757 2422 1866 2460 non

286 2491 424 2544 muri
463 2499 518 2545 et
541 2504 764 2546 necesse
792 2490 1079 2552 fuitjllutu
1114 2493 1271 2547 mori.
1315 2493 1445 2547 Axs.
1488 2493 1662 2551 Nimis
1693 2493 1868 2549 hteres

286 2579 340 2633 in
369 2580 538 2636 nihilo
567 2600 579 2635 :
613 2592 668 2636 et
697 2586 777 2652 (ut
807 2583 909 2638 dici
948 2582 1106 2650 solet)
1136 2584 1337 2653 quaeris
1364 2585 1562 2640 nodum
1587 2584 1640 2639 in
1666 2587 1866 2655 scirpo.

283 2673 410 2730 Bos.
444 2676 529 2731 An
577 2692 637 2732 es
666 2677 865 2732 oblitus
901 2678 1030 2746 quid
1063 2677 1356 2748 objecerim
1383 2677 1478 2709 ³⁸⁸³
1505 2677 1870 2733 excusationi-

285 2766 386 2822 bus
417 2768 528 2823 tuis
572 2768 622 2822 in
675 2769 834 2840 hujus
879 2769 1259 2840 diSputationis
1306 2763 1505 2824 nostra:
1551 2769 1866 2839 principio:

285 2859 434 2926 quia,
476 2859 745 2926 videlicet,
795 2862 936 2931 quod
976 2861 1338 2929 postulabam,
1379 2877 1486 2914 non
1537 2861 1745 2915 faceres
1775 2861 1870 2916 do-

286 2949 424 3013 ctis;
461 2949 555 3004 sed
606 2951 758 3015 mihi,
801 2961 856 3005 et
894 2951 997 3006 hoc
1038 2952 1214 3021 ipsum
1261 2965 1472 3005 mecum
1523 2949 1870 3021 petentibus?

1976 1783 2062 1822 res
2083 1775 2261 1838 potest
2286 1766 2494 1822 efﬁcere
2529 1777 2590 1820 ut
2627 1777 2752 1837 agat
2790 1767 2877 1820 ille
2927 1765 3068 1833 quod
3119 1774 3345 1833 negatur
3371 1779 3553 1834 posse.

1970 1859 2106 1914 Nam
2137 1859 2363 1914 multum
2398 1860 2594 1913 usitata
2622 1869 2705 1912 est
2737 1857 3044 1927 bujusntodi
3079 1857 3296 1920 locutio,
3325 1867 3384 1912 ut
3411 1841 3560 1911 dica~

1973 1961 2060 2006 tur
2087 1968 2174 2007 res
2196 1953 2375 2021 aliqua
2416 1966 2601 2020 posse;
2635 1966 2740 2004 non
2770 1952 2896 2019 quia
2934 1951 2987 2004 in
3021 1951 3132 2015 illa,
3163 1950 3254 2004 sed
3299 1951 3557 2020 quoniam

1969 2044 2022 2098 in
2058 2043 2159 2096 alia
2212 2058 2270 2096 re
2310 2051 2393 2098 est
2423 2050 2704 2111 potestas:
2735 2052 2789 2095 et
2813 2056 2918 2094 non
2945 2054 3132 2110 posse;
3161 2055 3265 2093 non
3297 2041 3560 2109 quoniam

1969 2133 2023 2188 in
2054 2133 2165 2197 illa,
2193 2133 2286 2188 sed
2315 2133 2439 2200 quia
2488 2133 2541 2185 in
2591 2131 2695 2185 alia
2737 2145 2795 2184 re
2823 2140 2904 2184 est
2944 2131 3280 2198 impotentia.
3316 2130 3560 2184 Dicimus

1969 2241 2202 2295 namque
2235 2242 2250 2278 :
2283 2225 2387 2279 Iste
2420 2225 2583 2279 homo
2607 2232 2784 2293 potest
2807 2222 2974 2286 vinci,
2998 2238 3114 2292 pro,
3145 2221 3356 2290 Aliquis
3383 2230 3560 2290 potest

1969 2332 2092 2372 eum
2131 2319 2347 2372 vincere
2378 2333 2392 2369 :
2433 2325 2508 2380 et,
2541 2315 2634 2369 llle
2663 2330 2771 2369 non
2800 2323 2979 2383 potest
3018 2313 3188 2378 vinci;
3222 2328 3338 2382 pro,
3364 2311 3558 2367 Nullus

1968 2425 2092 2466 eum
2122 2410 2340 2465 vincere
2388 2417 2582 2479 potest.
2632 2406 2750 2462 Non
2801 2407 2947 2461 enim
2990 2414 3232 2474 potestas
3267 2413 3354 2460 est
3397 2419 3558 2474 posse

1971 2499 2130 2564 vinci,
2170 2499 2265 2554 sed
2300 2497 2619 2568 impotentia
2655 2515 2669 2550 :
2699 2511 2802 2552 nec
2829 2495 2973 2550 vinci
3020 2509 3126 2550 non
3155 2509 3315 2565 posse
3374 2495 3550 2566 impo-

1969 2593 2138 2646 tentia
2165 2601 2266 2656 est,
2301 2593 2395 2646 sed
2440 2598 2698 2662 potestas.
2739 2588 2852 2644 Nec
2882 2589 3112 2644 dicimus
3163 2588 3333 2643 Deum
3371 2604 3560 2644 neces-

1970 2683 2131 2737 sitate
2166 2681 2344 2736 facere
2387 2681 2610 2750 aliquid,
2645 2695 2712 2735 eo
2745 2679 2971 2750 quod'in
3007 2678 3099 2733 illo
3125 2678 3198 2732 sit
3232 2679 3337 2733 ulla
3368 2693 3560 2734 neces-

1970 2777 2131 2840 sitas;
2164 2775 2258 2828 scd
2306 2775 2561 2844 quoniam
2594 2783 2678 2829 est
2715 2774 2767 2827 in
2806 2773 2913 2826 alio
2946 2789 2958 2824 :
2987 2774 3126 2826 sicut
3153 2772 3260 2825 dixi
3293 2773 3359 2825 de
3386 2772 3557 2840 impo-

1975 2867 2138 2921 tentia
2163 2867 2276 2930 ³⁸⁵⁷,
2307 2867 2522 2935 quando
2550 2865 2748 2919 dicitur
2790 2880 2896 2918 non
2937 2878 3114 2933 posse.
3142 2860 3334 2917 Onmis
3359 2863 3560 2932 quippe

1975 2957 2268 3012 necessitas
2288 2965 2376 3010 est
2409 2965 2501 3009 aut
2527 2955 2758 3018 coactiu,
2787 2963 2883 3008 aut
2912 2954 3212 3024 prohibitio
3247 2971 3260 3006 :
3290 2968 3410 3021 quae
3439 2953 3559 3007 dote

288 3037 510 3094 Sustine
544 3039 724 3110 igitur,
758 3049 815 3094 ut
843 3057 940 3110 pro
973 3041 1228 3096 tarditate
1255 3049 1309 3095 et
1338 3041 1660 3096 hebetudine
1698 3039 1866 3094 nostri
1899 3059 1940 3115 ο
1975 3045 2326 3100 necessitates
2371 3051 2759 3098 convertuntur
2807 3043 3036 3097 invicem
3065 3041 3374 3105 contrarie;
3419 3042 3563 3096 sicut

293 3131 496 3200 ingenii
565 3147 827 3201 quaeram,
880 3143 1144 3202 quatenus
1190 3133 1319 3187 mihi
1359 3143 1414 3187 et
1455 3132 1560 3187 illis
1611 3132 1773 3186 etiam
1819 3133 1871 3186 in

286 3221 584 3289 puerilibus
612 3224 1020 3291 qmestionibus,
1059 3223 1200 3278 sicut
1227 3224 1516 3292 incmpisti,
1546 3223 1869 3278 satisfacias.

607 3334 835 3390 CAPUT
873 3335 1034 3391 xvut
1073 3336 1166 3408 [αι.
1208 3333 1370 3408 xvu]
1397 3334 1518 3388 ἐι-³.

290 3443 432 3512 Quid
472 3448 526 3500 in
574 3447 682 3500 Deo
726 3465 828 3501 non
871 3450 937 3503 sit
989 3449 1292 3513 necessitas,
1322 3446 1397 3502 vel
1437 3447 1828 3516 impossibilitas
1854 3467 1872 3502 :

359 3526 408 3569 et
456 3517 580 3587 quid
620 3519 686 3572 sit
729 3520 1007 3573 necessitas
1069 3535 1254 3590 cogens
1287 3559 1301 3583 ,
1341 3527 1388 3570 et
1443 3519 1721 3572 necessitas
1769 3535 1872 3571 non

359 3603 567 3656 cogens.

363 3701 490 3754 Aus.
521 3699 640 3755 Jam
670 3701 904 3758 diximus
926 3701 1049 3772 quia
1076 3701 1214 3757 Deus
1237 3700 1528 3772 improprie
1552 3701 1748 3756 dicitur
1775 3699 1873 3754 ali-

289 3794 418 3860 quid
449 3803 554 3847 non
588 3810 766 3864 posse,
793 3805 886 3850 aut
913 3796 1238 3850 necessitate
1265 3795 1465 3849 facere.
1498 3793 1686 3850 Omnis
1716 3793 1871 3862 quip-

288 3898 358 3952 pe
389 3886 707 3951 necessitas,
732 3896 784 3941 et
814 3886 1240 3956 impossibilitas,
1268 3887 1382 3958 ejus
1411 3886 1655 3956 subiacet
1679 3885 1870 3939 volun-

291 3975 424 4038 tati;
461 3975 602 4030 illius
639 3985 816 4031 autem
843 3976 1094 4032 voluntas
1125 3977 1254 4031 nulli
1287 3978 1533 4032 subditur
1559 3976 1870 4032 necessitati

291 4074 386 4120 aut
425 4066 860 4136 impossibilitati.
893 4067 1038 4141 Nihil.
1065 4069 1208 4122 enim
1252 4075 1338 4122 est
1383 4067 1745 4122 necessarium
1778 4073 1872 4120 aut

293 4158 646 4226 impossibile,
681 4159 782 4214 nisi
812 4160 936 4228 quia
981 4160 1093 4230 ipse
1124 4159 1196 4214 ita
1221 4159 1333 4213 vult
1364 4175 1378 4213 :
1413 4159 1589 4228 ipsum
1628 4172 1756 4212 vero
1780 4165 1875 4211 aut

291 4247 430 4302 velle
452 4257 545 4300 aut
570 4249 710 4304 nolle
738 4249 940 4319 aliquid
966 4258 1188 4320 propter
1229 4248 1610 4303 necessitatem
1638 4256 1731 4301 aut
1767 4247 1871 4300 im—

250 4376 261 4386 .
293 4338 729 4408 possibilitatem,
767 4339 1001 4394 alienum
1033 4349 1116 4394 est
1161 4357 1188 4394 a
1220 4340 1469 4393 veritate.
1506 4338 1704 4404 Quare,
1737 4353 1871 4406 quo-

1978 3151 2217 3202 necesse,
2267 3145 2321 3190 et
2359 3135 2710 3205 impossibile.
2747 3132 3020 3202 Quidquid
3063 3147 3298 3201 namque
3348 3133 3562 3201 cogitur

1975 3245 2114 3296 esse,
2140 3229 2456 3298 prohibetur
2486 3243 2589 3282 non
2615 3217 2769 3292 esse;
2797 3235 2852 3281 et
2881 3226 3024 3296 quod
3055 3225 3267 3295 cogitur
3287 3239 3394 3278 non
3413 3239 3555 3290 esse,

1976 3320 2294 3390 prohibetur
2324 3331 2445 3371 esse
2493 3335 2506 3370 :
2549 3317 3004 3386 quemadmodum
3045 3315 3186 3384 quod
3215 3329 3440 3370 necesse
3475 3326 3562 3369 est

1974 3425 2114 3471 esse,
2147 3405 2476 3476 impossibile
2501 3417 2584 3460 est
2612 3420 2718 3460 non
2753 3405 2918 3460 esse?
2965 3416 3018 3460 et
3051 3405 3194 3474 quod
3222 3419 3443 3462 necesse
3477 3413 3562 3457 cst

1975 3518 2081 3557 non
2133 3515 2278 3566 esse,
2323 3497 2433 3570 94
2468 3498 2796 3568 impossibile
2837 3508 3101 3564 estesse;
3134 3506 3191 3554 et
3230 3497 3556 3552 conversim.

1903 3606 1909 3611 '
1973 3592 2108 3647 Cum
2137 3601 2316 3645 autem
2362 3591 2592 3646 dicimus
2640 3589 2846 3659 aliquid
2903 3604 3128 3644 necesse
3153 3603 3277 3644 esse
3319 3599 3414 3642 aut
3447 3604 3562 3642 non

1973 3700 2094 3741 esse
2120 3686 2172 3739 in
2204 3686 2330 3749 Deo,
2364 3700 2471 3739 non
2503 3685 2817 3754 intelligitur
2838 3685 2980 3754 quod
3011 3685 3084 3740 sit
3112 3685 3164 3738 in
3201 3683 3293 3737 illo
3321 3684 3560 3738 necessi-

1976 3786 2059 3832 tas
2082 3786 2399 3846 aut-cogens
2431 3785 2525 3828 aut
2553 3777 2849 3844 prohibens
2875 3790 2888 3827 :
2916 3775 3008 3828 sed
3040 3775 3377 3843 signiﬁcatur
3411 3775 3556 3842 quod

1975 3870 2030 3924 in
2059 3869 2311 3924 omnibus
2336 3866 2456 3921 aliis
2505 3866 2667 3921 rebus
2701 3875 2782 3920 est
2821 3866 3117 3919 necessitas
3144 3866 3438 3934 prohibens
3465 3879 3561 3918 eas

1973 3961 2174 4025 facere,
2203 3969 2258 4014 et
2284 3973 2480 4030 cogens
2530 3971 2638 4012 non
2685 3957 2868 4010 facere
2894 3973 2908 4008 :
2935 3963 3125 4010 contra
3173 3957 3274 4010 hoc
3311 3956 3455 4024 quod
3489 3956 3556 4008 de

1975 4053 2084 4107 Deo
2129 4050 2344 4105 dicitur.
2393 4047 2701 4113 Nam,cum
2743 4046 2980 4100 dicimus
3025 4045 3167 4114 quod
3209 4030 3430 4099 necesse
3476 4054 3559 4098 cst

1976 4144 2142 4198 Deum
2196 4155 2411 4210 semper
2453 4155 2640 4194 verum
2676 4138 2893 4201 .dicere,
2943 4145 2998 4190 et
3041 4151 3260 4191 necesse
3295 4144 3379 4191 est
3433 4151 3560 4190 eum

1975 4246 2250 4302 nunquam
2275 4229 2369 4261 ³⁸⁵⁸
2407 4229 2643 4291 ιιιθιιιίτι,
2683 4243 2790 4281 non
2834 4226 3036 4282 dicitur
3069 4225 3234 4290 aliud,
3283 4225 3406 4280 nisi.
3430 4227 3558 4294 quia

1975 4333 2122 4378 tanta
2163 4331 2248 4377 est
2281 4323 2332 4376 in
2369 4320 2458 4376 illo
2505 4319 2805 4375 constantia
2855 4318 3109 4372 servandi
3147 4318 3450 4382 veritatem,
3500 4327 3562 4370 ut

292 4406 440 4481 iniam
475 4428 656 4482 omnia
687 4444 806 4498 qua:
835 4430 968 4496 vult,
1011 4437 1065 4483 et
1108 4445 1212 4483 non
1248 4428 1350 4483 nisi
1382 4444 1499 4498 qua!
1530 4427 1665 4491 vult,
1701 4426 1868 4479 facit:
1905 4409 1950 4468 D
1981 4426 2200 4466 necesse
2233 4413 2303 4464 είί
2337 4409 2538 4462 "uuam
2581 4423 2694 4462 rem
2740 4406 2924 4498 face"?
2946 4414 3424 4498 Ροξξθννιὲίγῗθιύιη
3449 4422 3555 4458 "0"

293 4519 436 4572 sicut
459 4518 600 4572 nulla
638 4520 953 4586 necessitas,
997 4520 1109 4574 sive
1142 4519 1574 4589 impossibilitas,
1623 4515 1874 4586 praecedit

293 4608 412 4676 ejus
447 4610 585 4663 velle
612 4619 704 4664 aut
740 4610 910 4675 nolle;
946 4610 1016 4664 ita
1059 4625 1158 4665 nec
1183 4609 1299 4679 ejus
1327 4608 1505 4663 facere
1528 4616 1622 4661 aut
1655 4621 1762 4661 non
1793 4604 1872 4658 fa-

292 4713 419 4755 cere
449 4718 462 4754 :
496 4702 741 4770 quamvis
771 4700 938 4767 multa
979 4699 1109 4756 velit
1135 4699 1565 4762 immutabiliter,
1607 4705 1660 4751 et
1687 4696 1870 4750 faciat.

1982 4505 2144 4567 dicat,
2159 4501 2624 4556 aututtnentiatur
2639 4498 2732 4570 [aL
2750 4515 2864 4568 cap.
2887 4497 2929 4550 Χ
2943 4496 3069 4568 ΥΙΙΙἸ
3087 4497 3201 4551 ‘3”.
3217 4497 3556 4567 Quapropter

1981 4611 2101 4650 cum
2126 4595 2353 4650 dicimus
2378 4594 2500 4663 quia
2534 4593 2695 4646 homo
2721 4590 2827 4654 ille,
2859 4591 2947 4660 qui
2975 4590 3266 4645 secundum
3295 4589 3559 4643 unitatem

1982 4701 2226 4758 personae
2255 4685 2417 4756 (sicut
2451 4698 2612 4754 supra
2648 4683 2849 4738 dictum
2889 4684 2993 4754 est)
3045 4683 3184 4736 idem
3215 4682 3326 4752 ipse
3357 4691 3440 4737 est
3464 4683 3556 4750 qui

1574 4838 1806 4894 vitam
1844 4797 2242 4893 moriones.

369 4977 460 5010 ’⁸³⁷
493 4977 602 5031 Hoc
656 4977 785 5032 mihi
842 4990 1058 5046 semper
1102 4992 1199 5029 ms.
1232 4971 1366 5028 Vict.
1403 4973 1490 5028 l9.
1519 4973 1606 5027 hic
1644 4971 1774 5024 tnihi
1807 4983 2022 5038 semper

293 5050 408 5104 dixi
483 5027 1233 5114 ίέειίΝὸῆἶιὶοέίζῆὃῐιῖιήδέῑε
1257 5027 1586 5113 hocposset,
1616 5056 1777 5112 quam
1808 5027 1989 5110 posset
2011 5052 2122 5092 non
2148 5051 2271 5114 esse
2295 5027 2440 5114 quod
2467 5044 2586 5114 erat
2619 5045 2744 5114 iere
2773 5047 2875 5114 ins.
2889 5027 3024 5114 ,ἐσίῃ

2151 4965 2244 4998 ³⁸⁸⁸
2271 4962 2437 5034 Quod!
2483 4960 2667 5015 dixisti
2724 4974 2830 5013 mss
2887 4967 2934 5034 et
2979 4957 3138 5034 _Ettit.
3199 4954 3364 5034 Gothi
3410 4954 3557 5023 quod

3077 5042 3180 5081 non
3231 5041 3388 5088 mort,
3449 5039 3555 5077 non

471 5095 1447 5189 magisEbi‘ﬁbsééfiiuiﬁf’iioiiesse
1462 5095 1609 5184 quod
1634 5095 1959 5189 iet-abivenre
2003 5124 2128 5188 mss.
2148 5105 2281 5189 Vict.
2315 5095 2583 5184 Cisteraet
2609 5099 2753 5189 Edit-
2779 5097 2934 5189 (riqtflt.
2958 5095 3090 5189 [non
3118 5095 3410 5189 nigri-33.192

292 5165 1344 5258 iioié'ii’is'séi'ﬁthii'ibﬁHaec
1362 5165 1690 5258 erait—vere
1763 5181 1856 5258 ¹⁸ξ⁵⁰
1887 5173 2528 5258 Si_potuisset’nontnori
2557 5189 2680 5258 mss.
2707 5181 2753 5224 et
2781 5165 3211 5258 ΕάὶιὶςιιιΙι-ςῌξξ

295 5235 1048 5324 ἶῖἱόἑῖ”ιεέῗῧῖιιῖιῖιᾘὶιό”ιῖὸὶ;
1068 5235 1643 5310 55's.}?'Ediiicoui.’
1662 5235 1916 5323 quoniam
1944 5235 2048 5304 1ιόο
2094 5248 2216 5324 -²⁸⁶²
2243 5245 2383 5312 Quid
2411 5242 2702 5311 objecerim
2756 5239 3019 5324 nisaloty
3069 5237 3210 5324 qugd
3251 5235 3554 5324 lobietzer‘tttt

293 5329 393 5362 ³⁸⁵⁸
455 5329 518 5382 1η
543 5346 640 5382 ms.
671 5328 808 5383 Vict.
843 5329 928 5383 l9.
954 5326 1123 5396 Caput
1151 5327 1238 5396 l8.

291 5401 404 5455 ciat
429 5403 570 5470 quod
598 5400 927 5469 praeteritum
949 5407 1031 5470 est
1061 5412 1074 5451 :

292 5471 554 5540 Signutnr

1151 5395 1242 5428 ³⁸³⁸
1271 5393 1402 5462 Quae
1425 5396 1706 5449 veritatem
1737 5379 1861 5447 inss.
1891 5379 2040 5462 iVict.
2068 5390 2216 5462 July,
2249 5385 2437 5462 Cister.
2474 5395 2521 5439 et
2555 5379 3056 5462 Edit.“Gottt._.qu'i.
3100 5379 3300 5462 veritati

655 5445 1159 5525 ίὲἑιῖἰὲιἿτῖἐῘόἓεὶετ.
1187 5445 1807 5537 signita'c'aitii'tibicinia
1863 5461 1955 5537 ’ξεν
1986 5461 2125 5537 ptxi,
2159 5445 2474 5528 impotentia
2496 5472 2622 5510 mss.
2647 5445 2987 5537 Editgoth.’
3008 5445 3244 5537 atridae
3262 5445 3555 5537 impotes:

1387 5302 2223 5391 55'5~'ri'éiai‘iitiiiii'ﬁgmentum
2253 5302 2336 5391 Est
2364 5302 3108 5391 non-essepra‘ﬁeritum'msi
3133 5303 3404 5391 Sunt-icit.
3461 5302 3553 5391 ﬁt“:

2956 5377 3045 5447 qui
3100 5375 3386 5447 veritatem
3461 5373 3557 5404 ’⁸⁸⁸

293 5518 544 5597 itan-"5533
575 5518 819 5596 ﬁééé'éé’c'
833 5518 954 5595 eum
979 5518 1267 5606 nunquam,
1287 5518 1390 5590 ius;
1412 5518 1669 5606 Cinciae:
1697 5533 1844 5606 Edit.
1875 5529 2031 5584 Catii.
2065 5518 2287 5586 necesse
2313 5537 2396 5586 est
2415 5540 2688 5598 nunquam
2762 5521 2856 5553 '3"
2877 5535 3004 5575 mss.
3035 5518 3372 5574 continuatur
3398 5525 3553 5586 caput

293 5613 612 5681 prendens.
649 5611 738 5668 Vel
769 5625 873 5665 non
907 5627 1029 5665 mss.
1066 5602 1202 5663 Vict.
1234 5608 1318 5662 19.
1353 5616 1400 5660 et
1425 5605 1566 5659 Edit.
1593 5602 1746 5658 Gotlt.
1780 5605 1848 5658 Et
1880 5619 1980 5656 non
