3936 6048
377 180 487 238 ιεε

912 180 970 237 S.
1018 180 1318 238 ANSEIMI
1358 177 1714 237 CANTUAR.
1766 173 2089 231 ARCHIEP.
2144 174 2296 232 OPP.
2347 176 2602 237 PABSJ
2652 213 2694 222 -
2724 182 3143 242 DOGMATICA.

3550 193 3661 249 42$

377 296 549 352 Filius
578 296 669 351 Dei
701 296 860 363 Deus,
895 312 1001 352 non
1026 297 1200 368 potuit
1236 311 1340 351 non
1378 296 1537 361 mori,
1570 303 1663 348 aut
1684 292 1820 350 velle
1851 308 1956 349 non
1987 297 2037 357 Δ
2067 292 2372 349 ccssitatem
2398 309 2540 352 esse.
2588 296 2687 353 Est
2712 314 2947 369 namque
2991 302 3292 359 necessitas
3321 309 3670 375 praecedens,

379 388 543 453 mori,
577 398 861 459 postquam
904 388 973 444 de
1001 386 1222 459 Virgine
1265 395 1424 442 natus
1448 394 1534 441 est
1565 403 1580 441 :
1613 401 1720 440 non
1751 384 1963 455 signiti-

377 490 535 537 catur
584 481 637 535 in
665 479 755 535 illo
795 479 900 534 ulla
941 478 1259 550 impotentia
1298 476 1578 541 servandi,
1610 484 1706 530 aut
1752 474 1962 531 volendi

379 586 601 628 servare
630 573 796 624 vitam
837 584 990 625 suam
1044 567 1440 633 immortalem;
1481 566 1577 622 sed
1611 564 1965 621 immutabili-

380 671 465 718 tas
492 659 783 717 voluntatis
818 658 957 729 ejus,
989 674 1094 729 qua
1119 673 1180 715 se
1202 665 1394 729 sponte
1418 655 1547 713 fecit
1576 656 1852 712 hominem
1892 654 1960 709 ad

376 753 502 821 hoc,
529 762 591 809 ut
614 753 668 808 in
695 754 884 808 eadem
916 751 1196 809 voluntate
1226 764 1583 823 perseverans
1613 756 1957 811 moreretur;

375 855 432 900 et
454 844 580 915 quia
623 844 769 899 nulla
816 857 904 899 res
944 844 1117 915 potuit
1150 841 1297 898 illam
1340 841 1678 897 voluntatem
1729 848 1961 894 mutare.

374 938 504 995 Plus
530 937 675 992 enim
702 946 849 993 esset
882 935 1196 1007 impotentia
1225 949 1390 1006 quam
1415 933 1677 1003 potentia,
1705 932 1751 987 si
1782 939 1966 1002 posset

373 1030 513 1086 velle
545 1030 789 1095 mentiri,
824 1037 918 1084 aut
961 1027 1169 1094 fallere,
1205 1037 1300 1082 aut
1350 1034 1563 1081 mutare
1605 1024 1962 1088 voluntatem,

373 1136 537 1192 quam
569 1122 720 1192 prius
761 1119 1152 1177 immutabilem
1187 1132 1310 1175 esse
1337 1116 1527 1173 voluit.
1560 1114 1629 1170 Et
1670 1116 1718 1170 si
1750 1114 1964 1187 (quem-

375 1212 667 1269 admodum
709 1226 872 1283 supra
904 1211 1039 1282 dixi)
1089 1225 1214 1266 cum
1262 1207 1460 1279 aliquis
1491 1215 1683 1277 sponte
1736 1219 1797 1261 se
1836 1219 1964 1276 pro-

382 1305 535 1377 ponit
574 1305 846 1361 facturum
878 1305 1075 1360 bonum
1112 1301 1357 1373 aliquod,
1380 1308 1436 1355 et
1467 1300 1659 1357 eadem
1688 1299 1964 1357 voluntate

376 1406 563 1469 postea
609 1394 823 1467 perlicit
870 1395 1012 1466 quod
1051 1393 1147 1428 ““
1177 1394 1491 1466 proposuit;
1546 1393 1797 1464 quamvis
1841 1394 1961 1463 cogi

375 1485 548 1556 possit
576 1524 591 1551 ,
625 1485 670 1540 si
716 1484 849 1539 nolit
887 1484 1210 1555 promissum
1241 1482 1480 1549 solvere;
1525 1497 1632 1538 non
1664 1490 1846 1537 tamen
1877 1481 1962 1537 di-

380 1575 588 1631 cendus
630 1584 714 1629 est
765 1574 1092 1631 necessitate
1141 1573 1327 1639 facere
1367 1574 1511 1644 quod
1551 1573 1710 1641 facit;
1750 1573 1846 1629 sed
1873 1586 1956 1635 ea,

2066 397 2188 453 quae
2213 398 2374 439 causa
2399 395 2484 440 est
2515 396 2573 442 ut
2608 388 2679 442 sit
2717 403 2836 443 res:
2870 398 2926 444 et
2953 401 3039 444 est
3066 393 3363 449 necessitas
3397 409 3660 467 sequens.

2067 486 2228 542 quam
2248 488 2338 529 res
2365 474 2517 530 facit.
2540 476 2857 533 Praecedens
2879 488 2938 534 et
2961 478 3197 537 alliciens
3227 486 3523 542 necessitas
3549 501 3659 557 est,

2066 580 2188 620 cum
2210 565 2409 622 dicitur
2455 568 2652 624 cmlum
2695 570 2865 638 volvi;
2897 572 3021 641 quia
3054 588 3277 631 necesse
3310 586 3418 645 est,
3449 588 3510 635 ut
3542 582 3664 636 vol-

2064 662 2244 709 vatur.
2287 653 2531 727 Sequens
2575 666 2729 723 vero,
2775 668 2832 715 et
2875 675 2996 730 quae
3045 663 3177 718 nihil
3213 663 3398 733 ellicit,
3447 669 3543 724 sed
3575 674 3660 737 tit,

2063 753 2148 800 est
2167 744 2263 778 ’⁸⁸⁸
2292 761 2414 802 cum
2445 747 2566 803 dico
2594 757 2648 804 te
2672 762 2739 804 ex
2765 752 3090 809 necessitate
3118 752 3287 824 loqui,
3307 758 3435 826 quia
3465 759 3660 830 loque-

2065 836 2162 893 ris.
2184 836 2318 892 Cum
2346 839 2492 893 enim
2519 838 2621 895 hoc
2649 840 2792 909 dico,
2819 842 3067 913 signiﬁco
3096 844 3228 901 nihil
3258 845 3441 904 facere
3467 864 3657 921 posse,

2064 934 2145 992 ut,
2177 927 2302 982 dum
2330 927 2568 999 loqueris
2593 946 2699 987 non
2726 931 2985 1002 loquaris,
3019 949 3126 990 non
3155 937 3297 1006 quod
3327 936 3468 996 alius
3490 942 3659 997 ιε¹⁸⁸τ

2063 1025 2223 1086 cogat
2247 1018 2315 1074 ad
2340 1018 2685 1090 loquendum.
2714 1020 2851 1077 Nam
2874 1023 3132 1081 violentia
3163 1027 3426 1084 naturalis
3458 1032 3656 1087 condi-

2066 1106 2229 1166 tionis
2276 1112 2421 1183 cogit
2462 1112 2660 1167 cmlum
2705 1113 2877 1182 volvi;
2909 1125 2962 1173 te
3004 1130 3134 1174 vero
3172 1120 3318 1174 nulla
3358 1124 3659 1181 necessitas

2063 1194 2195 1288 facit
2219 1197 2363 1270 loqui
2386 1202 2501 1259 ηδ’.
2526 1204 2632 1261 Sed
2664 1203 2970 1288 ubicunque
2995 1217 3078 1263 est
3113 1210 3422 1280 prmeedens
3465 1230 3657 1271 neces-

2064 1287 2224 1356 sitas,
2260 1301 2344 1347 est
2382 1302 2440 1349 et
2476 1308 2746 1365 sequens;
2796 1287 2903 1350 non
2949 1307 3129 1353 autem
3179 1302 3268 1356 ubi
3297 1318 3550 1375 sequens,
3578 1306 3654 1361 ibi

2064 1378 2247 1443 statim
2277 1390 2332 1437 et
2360 1385 2693 1452 przecedens.
2727 1384 3021 1442 Possumus
3053 1404 3288 1460 namque
3316 1392 3519 1459 dicere,
3551 1409 3656 1449 ne-

2065 1487 2217 1530 cesse
2249 1483 2332 1530 est
2360 1474 2556 1530 ctelum
2587 1475 2747 1543 volvi,
2770 1476 2896 1547 quia
2927 1477 3164 1534 volvitur
3192 1496 3207 1535 :
3235 1483 3329 1539 sed
3365 1500 3473 1541 non
3494 1486 3655 1542 simi-

2064 1563 2189 1620 liter
2214 1573 2302 1621 est
2322 1579 2532 1633 verum,
2574 1565 2777 1622 idcirco
2808 1576 2859 1622 te
2891 1567 3057 1639 loqui,
3087 1571 3214 1640 quia
3242 1587 3463 1630 necesse
3482 1586 3652 1632 estut

379 1679 488 1736 qua
526 1666 829 1735 proposuit,
862 1665 1028 1720 libera
1064 1663 1352 1721 voluntate.
1393 1663 1510 1718 Non
1549 1663 1695 1719 enim
1725 1663 1965 1719 necessi-
1996 1656 2040 1712 B
2064 1652 2325 1725 loquaris.
2367 1655 2473 1711 lsta
2518 1670 2753 1726 sequens
2784 1660 3081 1716 necessitas
3130 1662 3301 1717 currit
3328 1678 3427 1735 per
3466 1669 3652 1723 omnia

379 1764 493 1811 tate
537 1763 632 1808 aut
673 1754 987 1825 impotentia
1033 1754 1171 1821 ﬁeri,
1210 1753 1294 1809 vel
1337 1769 1442 1810 non
1493 1754 1611 1810 lteri
1663 1754 1769 1810 dici
1801 1755 1964 1811 debet

379 1845 609 1915 aliquid,
658 1841 762 1897 'uhi
800 1858 974 1914 neque
1033 1845 1352 1912 necessitas,
1401 1858 1578 1915 neque
1639 1845 1960 1917 impotentia

381 1937 676 2008 quidquam
706 1948 1019 2010 operantur,
1044 1938 1138 1993 sed
1165 1937 1414 1995 voluntas
1448 1955 1463 1993 :
1492 1938 1561 2004 si,
1614 1938 1857 2009 inquam,
1886 1939 1962 1993 ita

374 2034 465 2083 est
508 2026 563 2082 in
600 2028 840 2093 homine,
888 2026 1058 2083 multo
1088 2026 1260 2098 magis
1303 2026 1624 2090 necessitas,
1655 2033 1751 2081 aut
1791 2026 1966 2097 impo-

376 2119 543 2175 tentia
576 2133 916 2191 nequaquam
946 2118 1289 2175 nominanda:
1309 2103 1436 2174 sunt
1463 2118 1515 2174 in
1534 2116 1667 2185 Deo,
1690 2118 1783 2189 qui
1803 2117 1960 2183 nihil,

375 2210 479 2266 nisi
507 2213 654 2282 quod
684 2213 816 2278 vult,
865 2210 998 2269 facit
1017 2212 1143 2279 '3“;
1175 2220 1232 2268 et
1265 2211 1421 2280 cujus
1450 2210 1786 2267 voluntatem
1816 2211 1962 2266 nulla

376 2301 464 2357 vis
488 2316 707 2372 cogere,
757 2311 853 2358 aut
878 2302 1170 2373 prohibere
1196 2300 1361 2357 valet.
1386 2300 1470 2356 Ad
1497 2301 1603 2356 hoc
1621 2299 1769 2355 enim
1794 2299 1964 2356 valuit

374 2392 431 2448 in
463 2392 680 2448 Christo
731 2393 1021 2448 diversitas
1047 2401 1366 2448 naturarum
1406 2397 1462 2446 et
1489 2391 1671 2471 unitas
1691 2404 1959 2462 persona,

373 2492 457 2548 ut,
480 2483 625 2554 quod
646 2498 785 2553 Opus
812 2492 930 2537 erat
955 2482 1069 2538 fieri
1092 2482 1160 2537 ad
1178 2481 1456 2538 hominum
1484 2481 1960 2548 restaurationem,

373 2574 421 2630 si
449 2575 682 2630 humana
720 2587 827 2628 nou
865 2582 1051 2649 posset
1079 2582 1296 2640 natura,
1323 2570 1529 2628 faceret
1568 2572 1785 2639 divina;
1829 2582 1885 2627 et
1914 2574 1961 2628 si

374 2663 573 2718 divina:
612 2662 835 2718 minime
893 2660 1231 2727 conveniret,
1275 2661 1558 2718 exhiberet
1595 2662 1866 2729 humana;
1905 2671 1964 2718 et

374 2768 485 2808 non
525 2752 668 2809 alius
713 2762 878 2823 atque
932 2752 1093 2821 alius,
1162 2753 1257 2809 sed
1306 2752 1451 2809 idem
1492 2756 1609 2825 ipse
1661 2764 1824 2821 esset,
1866 2754 1959 2823 qui

375 2854 668 2916 utrumque
694 2847 936 2902 existens
967 2846 1206 2917 perfecte
1241 2860 1339 2917 per
1365 2847 1659 2903 humanam
1701 2847 1958 2915 solveret,

375 2939 518 3009 quod
531 2937 620 2994 illa
646 2937 911 3004 debebat;
938 2946 992 2992 et
1016 2953 1113 3010 per
1137 2937 1376 2994 divinam
1397 2946 1600 3009 posset,
1627 2938 1771 3008 quod
1796 2953 1961 3010 expc.

377 2997 580 3085 diebat.
616 3029 856 3101 Denique
886 2997 1070 3099 Virgo,
1099 3044 1222 3101 quae
1257 3045 1356 3101 per
1393 2997 1554 3086 iidem
1584 2997 1784 3087 munda
1815 2997 1960 3088 facta
1988 2997 2035 3064 α

374 3128 482 3187 εει,
531 3120 684 3176 utde
726 3119 814 3175 illa
868 3129 1053 3191 posset
1101 3120 1329 3187 assumi,
1368 3135 1704 3192 nequaquam
1734 3121 1963 3178 credidit

377 3210 637 3266 illum'm
666 3225 788 3266 esse
800 3212 1120 3267 moriturum
1147 3210 1265 3278 ³⁸⁸⁸,
1292 3210 1396 3267 nisi
1419 3210 1547 3282 quia
1566 3209 1963 3282 vellemquem-

375 3303 667 3358 admodum
702 3316 799 3372 per
851 3302 1188 3373 prophetam,
1220 3301 1313 3372 qui
1365 3302 1433 3357 de
1463 3301 1554 3357 illo
1586 3301 1721 3357 dixit
1752 3318 1768 3356 :
1800 3299 1964 3357 Obla-

376 3402 464 3446 ttts
507 3400 604 3457 est,
647 3392 775 3461 quia
816 3391 926 3460 ipse
968 3390 1131 3445 uoluit
1190 3390 1327 3462 (Isa.
1370 3405 1487 3455 ιιιι,
1541 3389 1621 3462 7),
1676 3389 1960 3447 didicerat.

376 3482 719 3553 Quapropter
764 3482 1021 3553 quoniam
1058 3496 1186 3538 vera
1229 3482 1333 3537 fuit
1370 3482 1504 3539 lides
1543 3482 1684 3554 ejus,
1738 3497 1962 3541 necesse

375 3581 499 3629 erat
522 3573 596 3627 ita
627 3571 869 3627 futurum
901 3586 1044 3639 esse,
1080 3571 1223 3628 sicut
1244 3571 1494 3629 credidit.
1524 3571 1674 3640 Quod
1705 3573 1752 3630 si
1776 3582 1828 3631 te
1857 3574 1962 3630 ite-

377 3679 499 3720 rum
551 3664 853 3735 perturbat,
888 3664 1018 3735 quia
1045 3663 1309 3731 dicom‘,
1357 3680 1582 3722 necesse
1623 3673 1742 3722 erat
1784 3683 1801 3721 :
1846 3681 1962 3722 me-

377 3763 564 3817 mento
589 3755 720 3825 quia
751 3756 951 3810 veritas
992 3754 1115 3811 fidei
1144 3754 1384 3824 Virginis
1412 3769 1517 3811 non
1554 3754 1659 3812 fuit
1691 3770 1875 3823 causa,
1903 3762 1962 3812 ut

375 3847 466 3905 ille
501 3855 694 3920 sponte
728 3856 1079 3904 moreretur:
1111 3849 1210 3905 sed
1237 3848 1365 3919 quia
1401 3848 1506 3905 hoc
1541 3847 1785 3906 futurum
1811 3859 1958 3916 erat,

374 3956 504 3998 vera
538 3941 639 3998 fuit
674 3940 828 3998 ﬁdes.
856 3940 1220 4008 Quamome
1244 3940 1291 3996 si
1329 3941 1547 4005 dicitur,
1590 3955 1816 3996 necesse
1844 3949 1963 3996 erat

376 4042 439 4089 ut
467 4034 741 4089 voluntate
778 4032 894 4088 sola
931 4039 1275 4098 moreretur;
1320 4032 1450 4101 quia
1491 4044 1622 4086 vera
1658 4029 1763 4086 fuit
1801 4031 1959 4098 lides,

374 4127 491 4182 sive
525 4125 826 4197 prophetia,
851 4138 974 4194 qua:
1016 4123 1083 4178 de
1116 4123 1220 4179 hoc
1254 4130 1649 4192 prtecesserant
1676 4121 1770 4155 ³⁸⁸⁵
1797 4140 1813 4189 ;
1853 4138 1959 4180 non

277 4202 283 4208 ’
375 4224 460 4271 εει
494 4215 661 4279 aliud,
694 4230 858 4285 quam
886 4215 931 4269 si
963 4213 1115 4269 dicas
1155 4226 1379 4269 necesse
1411 4211 1584 4268 fuisse
1611 4214 1685 4268 ita
1718 4211 1958 4269 futurum

375 4323 518 4372 esse,
546 4307 801 4378 quoniam
846 4307 927 4362 sic
961 4304 1203 4361 futurum
1254 4316 1411 4361 erat:
1447 4305 1752 4377 huiusmodi
1774 4316 1956 4361 autem

376 4398 671 4454 necessitas
704 4411 812 4453 non
845 4396 988 4467 cogit
1010 4411 1124 4451 rem
1148 4409 1298 4462 esse;
1327 4394 1426 4452 sed
1451 4409 1575 4452 esse
1596 4396 1673 4452 rei
1708 4395 1841 4453 facit
1866 4397 1986 4452 ne—'

2065 1753 2330 1817 tempora,
2389 1747 2492 1804 hoe
2552 1750 2713 1804 modo
2745 1765 2760 1803 :
2792 1748 3063 1821 Quidquid
3119 1751 3242 1819 fuit,
3299 1770 3524 1812 necesse
3567 1770 3657 1814 est

2064 1834 2249 1892 fuittse.
2306 1835 2578 1907 Quidquid
2627 1846 2731 1907 est,
2795 1854 3017 1897 necesse
3058 1851 3143 1897 est
3187 1858 3326 1901 esse.
3377 1846 3653 1919 Quidquid

2063 1926 2305 1982 futurum
2343 1936 2445 1995 εει,
2477 1941 2700 1984 necesse
2728 1939 2813 1985 est
2836 1930 3072 1988 futurum
3100 1932 3286 1990 fuisse.
3315 1935 3441 1993 Haec
3463 1941 3651 1994 est“"

2063 2018 2154 2074 illa
2193 2019 2509 2088 necessitas,
2554 2035 2675 2091 qute
2715 2022 2828 2092 (ubi
2879 2030 3075 2080 tractat
3098 2027 3194 2059 ’⁸⁷⁸
3222 2028 3540 2087 Aristoteles
3581 2034 3687 2091 de.

2063 2107 2522 2179 propositionibus
2593 2111 2958 2183 singularibus
3030 2123 3086 2171 et
3156 2115 3374 2191 futuris)
3438 2123 3655 2179 videtur

2062 2198 2380 2256 utrumlibet
2407 2199 2709 2271 destruere,
2746 2212 2801 2259 et
2822 2205 3001 2260 omnia
3046 2221 3167 2263 esse
3194 2223 3262 2264 cx
3285 2210 3381 2244 ⁸⁸⁷⁸
3410 2214 3656 2271 necessi-

2065 2296 2176 2344 tate
2214 2300 2474 2346 astruere.
2507 2288 2619 2347 llac
2659 2295 2902 2362 sequenti
2929 2304 2986 2351 ct
3009 2295 3144 2351 nihil
3180 2296 3426 2354 eﬂicienti
3457 2315 3651 2357 neces-

2062 2377 2243 2448 sitate,
2281 2381 2534 2450 quoniam
2563 2397 2690 2438 vera
2719 2383 2819 2441 fuit
2847 2385 3002 2453 ﬁdes,
3046 2386 3132 2444 vel
3158 2391 3441 2461 prophetia
3455 2392 3549 2425 “"
3575 2398 3650 2449 de

2062 2470 2300 2540 Christo,
2332 2472 2459 2543 quia
2484 2488 2553 2530 ex
2581 2475 2881 2545 voluntate,
2930 2494 3036 2536 non
3067 2494 3133 2535 ex
3172 2482 3494 2541 necessitate
3524 2502 3652 2541 mo-

2063 2562 2271 2619 riturus
2296 2564 2392 2597 ³⁸⁷⁸
2443 2573 2592 2634 erat,
2653 2582 2879 2626 necesse
2919 2569 3043 2639 fuit,
3080 2581 3139 2626 ut
3192 2573 3272 2630 sic
3318 2585 3511 2632 esset:
3544 2579 3649 2634 hac

2064 2656 2226 2713 homo
2254 2656 2430 2714 factus
2469 2668 2555 2716 est
2583 2677 2598 2716 :
2627 2660 2730 2716 hac
2757 2659 2907 2727 fecit,
2934 2671 2989 2719 et
3020 2664 3212 2735 passus
3248 2676 3355 2734 est,
3387 2669 3651 2741 quidquid

2064 2743 2192 2802 fecit
2238 2759 2293 2803 ct
2340 2764 2533 2819 passus
2561 2759 2645 2807 est
2676 2768 2692 2807 :
2722 2750 2825 2808 hac
2861 2752 3052 2820 voluit,
3083 2769 3420 2827 quaecunque
3457 2758 3648 2814 voluit.

2061 2836 2186 2893 ideo
2209 2838 2353 2896 enim
2379 2843 2707 2899 necessitate
2734 2841 2972 2911 fuerunt,
3009 2846 3134 2916 quia
3164 2844 3344 2902 futura
3363 2858 3522 2908 erant
3545 2869 3561 2906 :
3592 2862 3653 2908 (ιι

2064 2929 2248 2987 futura
2289 2943 2464 3000 erant,
2517 2936 2643 3006 quia
2691 2935 2907 2994 fuerunt
2938 2952 2954 2992 :
2985 2946 3041 2994 et
3084 2937 3329 3007 fuerunt,
3352 2943 3476 3012 quia
3527 2944 3646 2999 fue-

2065 3032 2192 3079 runt
2222 3042 2237 3081 :
2269 3035 2322 3081 et
2354 3026 2405 3100 si
2433 3026 2517 3084 vis
2565 3028 2829 3096 omnium,
2872 3045 2992 3099 qua:
3039 3029 3169 3086 fecit
3214 3042 3271 3087 et
3307 3049 3428 3104 qua:
3456 3050 3646 3105 passus

2064 3124 2170 3182 est,
2215 3131 2402 3174 veram
2449 3119 2592 3175 scire
2620 3120 3029 3188 necessitatem;
3063 3121 3203 3178 scito
3243 3124 3422 3180 omnia
3451 3141 3517 3181 ex
3547 3142 3646 3180 ne—

2063 3208 2318 3265 cessitate
2343 3210 2528 3276 fuisse,
2543 3212 2667 3281 quia
2692 3211 2809 3281 ipse
2832 3212 3017 3269 voluit.
3042 3213 3385 3273 Voluntatem
3411 3233 3538 3274 vero
3550 3220 3650 3253 ³⁸η

2063 3298 2182 3369 ejus
2227 3300 2373 3357 nulla
2424 3303 2705 3374 praecessit
2733 3305 3048 3361 necessitas.
3078 3306 3278 3374 Quare,
3306 3308 3352 3364 si
3385 3324 3489 3365 non
3530 3309 3652 3364 fuc-

2063 3399 2192 3447 runt
2216 3391 2319 3447 nisi
2346 3393 2471 3464 quia
2499 3393 2615 3464 ipse
2634 3394 2832 3463 voluit;
2862 3396 2909 3450 si
2936 3411 3039 3451 non
3068 3395 3349 3467 voluisset,
3383 3412 3488 3455 non
3513 3399 3650 3456 fuis-

2063 3494 2206 3542 sent.
2230 3485 2321 3542 Sic
2346 3486 2532 3557 itaque
2551 3487 2652 3520 ⁸⁸⁷³
2679 3502 2837 3544 nemo
2864 3487 2984 3543 tulit
3013 3490 3252 3545 animam
3281 3491 3399 3563 ejus
3427 3493 3496 3548 ab
3524 3493 3645 3559 illo;

2062 3575 2158 3630 sed
2194 3576 2307 3646 ipse
2339 3577 2521 3647 posuit
2547 3592 2690 3644 eam,
2727 3588 2783 3634 et
2827 3578 3022 3636 iterum
3063 3582 3295 3653 sumpsit
3332 3597 3453 3638 eam
3479 3601 3494 3638 :
3519 3586 3645 3655 quia

2063 3676 2383 3737 potestatem
2409 3669 2596 3726 habuit
2630 3669 2860 3740 ponendi
2889 3670 3126 3727 animam
3157 3686 3333 3742 suam,
3363 3682 3419 3731 et
3446 3674 3647 3731 iterum

2063 3758 2310 3815 sumendi
2356 3774 2502 3825 eam,
2547 3760 2690 3816 sicut
2739 3760 2855 3832 ipse
2904 3762 3040 3818 dixit
3066 3762 3160 3796 ⁸⁸⁷⁸
3211 3762 3394 3835 (Joan.
3435 3781 3492 3832 x,
3531 3766 3644 3836 18).

2063 3846 2188 3903 Bos.
2223 3847 2545 3904 Satisfecisti
2593 3849 2726 3905 mihi
2774 3849 2923 3905 illum
2954 3865 3060 3907 non
3101 3866 3260 3923 posse
3287 3854 3506 3924 probari
3538 3856 3648 3910 ulla

2063 3939 2389 3995 necessitate
2434 3948 2663 3996 mortem
2702 3940 2962 4009 subiisse;
3004 3958 3106 3999 nec
3152 3958 3243 3999 me
3286 3946 3535 4016 penitet,
3587 3958 3648 4002 ut

2063 4028 2167 4087 hoc
2193 4028 2422 4097 faceres,
2455 4032 2823 4103 importunum
2848 4033 2944 4089 tibi
2969 4035 3262 4091 exstitisse.
3295 4036 3425 4091 Aes.
3451 4034 3648 4093 Osten-

2063 4120 2263 4187 dimus,
2315 4132 2375 4176 ut
2406 4133 2556 4192 puto,
2608 4132 2813 4179 certam
2870 4125 3157 4191 rationem,
3208 4127 3476 4196 quomodo
3506 4127 3647 4184 Deus

2066 4212 2417 4290 assumpscrit
2446 4213 2715 4269 hominem
2748 4214 2864 4270 sine
2892 4225 3113 4285 peccato
3139 4219 3205 4272 de
3236 4233 3413 4276 massa
3450 4232 3644 4287 pecca-

2067 4302 2234 4369 trice;
2275 4306 2367 4358 sed
2407 4319 2746 4374 nequaquam
2794 4308 3095 4377 negandum
3129 4308 3339 4362 testium
3360 4308 3523 4363 aliam
3550 4308 3645 4341 ἐτ’

2070 4408 2191 4450 εεεε
2219 4404 2415 4466 praeter
2443 4397 2629 4462 istam,
2661 4413 2823 4467 quam
2852 4398 3123 4466 diximus;
3156 4410 3380 4471 excepto
3403 4401 3496 4434 ⁸⁸⁷³
3518 4401 3646 4468 hoc,

1631 4556 1861 4614 VABUE
1882 4556 2287 4614 LECTIONES.

450 4676 544 4709 ’⁸⁸⁸
596 4673 830 4729 Perfecit
890 4673 1034 4743 quod
1088 4689 1213 4743 ³⁷³εὲ*
1265 4672 1427 4742 δοίην

377 4812 553 4877 credit
606 4816 752 4870 illum
901 4812 1027 4845 ""7
1058 4814 1371 4867 Moriturutn
1441 4830 1567 4866 mss.
1639 4812 1804 4882 July,

1500 4671 1635 4726 Vict.
1707 4669 1766 4726 S.
1820 4671 1982 4726 Miclt.
2035 4670 2224 4726 Cister.
2273 4683 2320 4725 et
2370 4670 2522 4726 Edit.
2568 4669 2725 4727 Coth.

374 4749 512 4813 vult,
567 4746 692 4801 fecit
743 4760 865 4798 mss.
908 4740 1089 4813 'Joly,
1140 4741 1276 4796 Vict.
1325 4740 1382 4797 S'.
1423 4741 1587 4796 Miclt.
1654 4753 1727 4813 et,
1760 4740 1915 4813 Ειιὶιᾖ
1958 4741 2115 4796 Gotlt.
2161 4741 2315 4808 Quod
2364 4741 2497 4808 vult,
2554 4744 2684 4798 facit

1876 4811 2010 4865 Vict.
2073 4826 2193 4868 esse
2262 4813 2585 4867 moriturum

2796 4674 3004 4744 perlicit
3052 4674 3195 4745 quod
3340 4675 3434 4710 "“
3480 4655 3485 4659 ’

2825 4746 2919 4778 ³⁸⁸⁵³
2961 4744 3264 4800 Crediderit
3310 4744 3459 4799 illum
3514 4764 3644 4801 mss.

2731 4814 2827 4847 ’3“
2887 4814 3038 4882 Quod
3114 4816 3235 4869 dico
3297 4831 3423 4869 mss.
3508 4814 3644 4870 Vict.

376 4890 522 4961 Jolg,
553 4888 679 4958 quia
708 4886 828 4940 dico
844 4883 1000 4961 “ff”:
1027 4884 1390 4961 Prmcesserat
1414 4899 1540 4935 mss.
1568 4879 1902 4961 JolyA'Vict;
1922 4884 1976 4937 5.
2008 4879 2156 4961 gem.
2208 4879 2360 4961 Bec.“
2382 4895 2778 4961 processerant
2810 4879 2930 4939 ms:
2954 4884 3142 4940 Cister.
3183 4885 3426 4961 et_lt'tl_it_.
3483 4884 3643 4961 Goth.

379 4950 773 5034 megaeram
843 4953 939 4988 ““
1102 4955 1186 5034 sic
1206 4964 1311 5034 est,
1339 4969 1461 5034 cunt
1522 4950 1826 5034 πιεεζβεηι.
1852 4952 1983 5034 ρει.
2015 4950 2228 5034 ῑξὶειίοςξ
2258 4950 2402 5034 didit.
2431 4951 2584 5034 Cotlt.
2619 4956 2712 5009 sed
2750 4956 2831 5017 lit,
2861 4967 2944 5010 εει
2992 4972 3117 5010 cum
3194 4956 3308 5034 ³⁸1⁸⁷.
3339 4955 3561 5034 Aliquid
3595 4968 3648 5012 te

376 5021 476 5087 ius.
517 5030 651 5084 Vict.
685 5027 820 5081 alius
845 5035 898 5081 te
974 5024 1070 5095 ¹⁸⁴ῗ⁸
1102 5023 1253 5078 Facit
1276 5023 1417 5092 loqui
1468 5039 1567 5095 ms.
1597 5021 1723 5093 July
1747 5024 1892 5091 cogit
1917 5024 2062 5091 loqui
2089 5090 2117 5095 _
2136 5023 2229 5056 ’πθ
2260 5022 2525 5095 Quicquid
2551 5035 2656 5086 est,
2684 5041 2906 5081 necesse
2931 5036 3012 5081 est
3039 5040 3180 5081 esse.
3211 5021 3475 5095 Quicquid
3503 5026 3643 5079 futu-

376 5118 496 5158 rum
520 5110 627 5164 est,
664 5111 886 5152 necesse
910 5105 994 5151 est
1024 5094 1263 5148 futurum
1292 5090 1475 5147 fuisse.
1513 5090 1747 5164 llmcest
1801 5103 2050 5146 etcnnss.
2075 5090 2224 5146 Gem.
2245 5090 2379 5164 μεθ.
2411 5090 2666 5164 quicquid
2693 5106 2776 5149 est
2801 5111 3021 5150 necesse
3043 5106 3126 5150 cst
3151 5090 3273 5151 esse
3304 5113 3319 5150 :
3343 5090 3401 5149 et
3424 5111 3649 5164 necesse

378 5184 461 5229 est,
486 5160 726 5226 futurum
754 5167 919 5222 fuisse
950 5165 1205 5236 quicquid
1234 5164 1473 5217 fututum
1509 5172 1613 5215 est.
1644 5162 1770 5217 Haec
1795 5173 1881 5236 est
1920 5172 2020 5217 etc.
2050 5178 2176 5236 m__ss_.
2230 5160 2377 5236 July,
2400 5160 2573 5236 _Vict.:
2603 5165 2790 5218 Cister.
2849 5164 2907 5219 S.
2958 5165 3120 5221 Mich.
3178 5176 3228 5220 et
3280 5166 3426 5218 Edit.
3482 5162 3642 5220 Cotk.

378 5184 461 5229 est
486 5177 726 5226 futurum
754 5177 919 5222 fuisse
950 5177 1205 5236 quicqum
1234 5177 1473 5217 multum
1509 5177 1613 5215 eSt.
1644 5177 1770 5217 lith
1795 5177 1881 5216 est
1920 5177 2020 5217 etc.
2050 5178 2176 5215 mss.
2230 5177 2316 5214 θοι
2362 5202 2377 5222 ,
2422 5177 2554 5216 νισι.
2603 5177 2790 5218 (.tster.
2849 5177 2907 5219 δ.
2958 5177 3120 5221 Mtclt.
3178 5177 3228 5220 et
3280 5177 3426 5218 ΕΔΗ.
3482 5177 3642 5220 (satis.

378 5241 645 5313 Quicquid
683 5249 784 5313 est,
811 5252 1031 5293 necesse
1057 5244 1139 5290 est
1166 5244 1403 5313 ess‘eiet
1433 5246 1655 5313 necesse
1684 5242 1767 5286 est
1795 5232 2036 5313 biturum
2076 5177 2575 5313 Al'uissemfguicqnid
2633 5236 2870 5290 futurum
2894 5245 3077 5313 __est,_
3096 5251 3337 5313 itece~se_
3384 5244 3467 5288 εει
3500 5236 3647 5313 hiut:

377 5301 496 5368 rwum
523 5301 708 5367 fuisse.
739 5309 862 5363 Haec
890 5318 971 5362 est
997 5318 1095 5359 etc.
1170 5305 1265 5337 ’⁸η
1298 5303 1365 5359 Ut
1395 5311 1590 5357 tractat
1619 5320 1743 5357 mss.
1773 5303 2091 5357 ubi-tractat
2163 5301 2253 5332 ⁸³⁷⁸
2280 5301 2481 5355 Omnia
2502 5318 2621 5359 esse
2644 5320 2709 5359 ex
2762 5323 2861 5359 ms.
2894 5305 3030 5359 Vict.
3057 5307 3142 5361 l9.
3192 5307 3375 5360 omnia
3404 5320 3472 5361 ex
3546 5305 3647 5340 ³³η

376 5383 473 5452 γει
505 5382 791 5452 Propltetia
821 5396 918 5432 ms.
949 5378 1070 5452 July
1096 5374 1464 5452 etPt-ophctia
1712 5372 1826 5452 μου
1880 5373 2199 5426 necessitate
2252 5375 2548 5452 moriturus
2596 5392 2728 5452 ngas.
2775 5375 2915 5452 July,
2952 5375 3086 5430 Vict.
3149 5375 3337 5431 Cister.
3390 5374 3641 5452 {inﬁdi}.

378 5450 532 5506 Goth.
560 5442 665 5505 non
692 5466 758 5504 ex
790 5442 1112 5502 necessitate
1135 5446 1431 5499 moriturus
1506 5444 1602 5475 ’3”
1632 5444 1971 5498 Voluntatcm
1997 5455 2125 5511 ergo
2153 5459 2277 5511 uasa.
2337 5454 2382 5496 et
2419 5442 2564 5498 Edit.
2605 5443 2763 5500 Goth.
2813 5442 3145 5501 voluntatem
3201 5462 3328 5498 vero
3400 5445 3495 5477 ’⁸⁷⁵
3546 5447 3640 5500 Sic

379 5521 567 5590 utique
590 5531 779 5574 mss.ct
810 5515 1125 5590 Edit.(.'_otlt.
1146 5516 1420 5590 sicitaque
1494 5514 1589 5546 ’⁸⁷⁸
1616 5512 1769 5570 Sicut
1796 5514 1908 5582 ipse
1929 5510 2406 5590 tlicitntssﬁis‘ter.
2498 5514 2663 5590 ΜὶεΙιἶ
2685 5516 3096 5590 sicutipsedixit
3166 5517 3258 5547 ’⁸⁷⁷
3286 5514 3644 5590 lflequaquaut

377 5583 681 5660 negandum
712 5591 939 5660 m‘stitno,
966 5587 1123 5641 aliam
1151 5602 1259 5640 mss
1283 5585 1427 5655 Joly.
1458 5600 1799 5654 nequaquam
1827 5584 2036 5639 aestimo
2061 5583 2221 5637 aliam
2296 5583 2390 5614 ’⁸⁷⁸
2413 5584 2582 5648 Quam
2612 5583 2869 5653 diximus,
2898 5596 3124 5657 excepto
3148 5604 3248 5643 ms.
3272 5583 3644 5656 (listenquatn

377 5656 635 5724 diximus,
664 5656 950 5725 rationem,
975 5667 1197 5731 excepto
3032 5656 3045 5657 κ
3636 5692 3641 5699 ’
