3940 6046
407 197 507 252 ὀ⁶27

963 196 1018 249 S.
1055 195 1354 250 ANSELMI
1393 193 1738 249 CANTUAR.
1779 193 1960 248 ARCH

2067 199 2096 246 ὀ
2139 193 2289 248 OI’P.
2323 193 2501 248 PARS
2528 193 2566 246 Ι.
2607 225 2671 233 -
2699 193 3116 250 DOGMATICA.

3561 195 3664 250 428

381 332 507 376 cere
538 315 648 370 Deo
674 313 936 369 intellexit
959 313 1052 342 ¹⁹¹⁰
1079 326 1094 364 :
1123 308 1420 380 praesertim
1448 322 1572 362 cum
1603 315 1851 360 creatura
1877 307 1966 360 de-
1998 309 2043 364 A
2071 307 2137 362 ab
2161 307 2391 360 humana
2417 321 2538 362 esse
2561 322 2714 362 suum
2738 307 2996 376 quidquid
3022 307 3256 361 habebat
3280 307 3403 374 ’9";
3440 317 3497 360 ut
3522 309 3659 364 nihil

385 411 511 464 beat
549 406 660 460 Deo
707 412 877 458 totum
921 400 1063 470 quod
1105 409 1218 461 est,
1265 408 1320 452 et
1365 397 1506 466 quod
1557 397 1681 462 scit,
1726 406 1782 450 et
1825 395 1966 464 quod

383 506 562 568 potest
581 495 709 548 ’9“?
732 495 858 548 Ans.
888 491 1147 558 Quamvis
1171 497 1419 544 creatura
1443 486 1578 542 nihil
1602 487 1798 540 habeat
1820 503 1848 540 a
1875 501 1962 552 se;

380 589 597 658 quando
628 597 806 642 tamen
836 584 909 638 illi
937 585 1078 638 Deus
1105 581 1352 637 concedit
1381 580 1580 649 aliquid
1609 579 1756 634 licite
1785 577 1969 634 facere

380 690 435 736 et
463 697 568 735 non
597 680 802 741 facere;
842 678 934 731 dat
979 675 1053 729 illi
1102 675 1175 728 ita
1219 689 1376 730 suum
1407 687 1532 728 esse
1567 681 1876 741 utrumque,
1909 679 1970 725 ut

381 773 506 826 licet
547 768 772 823 alterum
823 767 894 820 sit
943 765 1158 831 melius,
1208 772 1461 818 neutrum
1511 770 1689 816 tamen
1720 761 1968 831 exigatur

380 858 736 916 determinate
769 875 779 910 :
819 856 913 910 sed
943 856 1059 910 sive
1085 854 1250 908 faciat
1281 853 1424 924 quod
1469 853 1664 907 melius
1697 861 1813 916 est,
1855 852 1968 906 sive

380 951 635 1012 alterum,
655 947 851 1002 debere
877 945 1058 1000 facere
1085 944 1298 999 dicatur
1324 943 1464 1012 quod
1491 942 1622 996 facit
1649 961 1661 996 :
1687 952 1739 997 et
1767 942 1812 997 si
1837 941 1968 997 facit

379 1039 524 1108 quod
553 1037 748 1092 melius
775 1045 878 1102 est,
920 1034 1200 1105 praemium
1243 1032 1438 1088 habeat
1481 1033 1604 1100 quia
1642 1042 1833 1102 sponte
1875 1032 1968 1086 dat

377 1130 517 1199 quod
549 1144 705 1184 suum
748 1137 852 1182 est.
897 1126 1030 1180 Nam
1077 1141 1200 1180 cum
1239 1125 1521 1194 virginitas
1547 1124 1638 1155 ²⁹¹¹
1667 1124 1862 1178 melior
1894 1125 1967 1180 sit

377 1222 652 1294 coningio,
703 1230 952 1274 neutrum
1003 1226 1182 1272 tamen
1227 1218 1293 1270 ab
1342 1216 1562 1270 homine
1609 1215 1966 1272 determiuate

376 1316 610 1387 exigitur
635 1329 650 1368 :
679 1314 772 1368 sed
800 1322 854 1368 et
881 1312 974 1382 qui
1005 1310 1258 1380 conjugio
1285 1309 1384 1375 uti,
1409 1317 1464 1363 et
1485 1308 1579 1376 qui
1602 1307 1963 1377 virginitatem

377 1419 597 1461 servare
638 1403 872 1467 mavult;
913 1402 1056 1471 quod
1081 1401 1174 1432 ⁸⁸³³
1203 1401 1366 1466 facit,
1397 1399 1595 1454 debere
1626 1398 1805 1454 facere
1833 1397 1969 1452 dici-

382 1509 487 1553 tur.
521 1496 690 1552 Nemo
720 1496 864 1551 enim
892 1494 1284 1565 virginitatem,
1317 1493 1432 1547 sive
1462 1490 1768 1562 conjugium
1788 1533 1803 1555 ,
1836 1491 1966 1546 dicit

378 1589 502 1660 eligi
553 1604 658 1643 non
705 1587 928 1653 debere;
985 1587 1078 1642 sed
1125 1585 1368 1640 dicimus
1400 1584 1526 1653 quia
1575 1583 1718 1653 quod
1763 1583 1966 1638 mavult

379 1679 561 1746 homo,
596 1681 886 1746 antequam
920 1675 1121 1745 aliquid
1164 1675 1356 1728 horum
1389 1680 1622 1737 statuat,
1667 1673 1769 1728 hoc
1811 1671 1969 1728 debet

379 1771 560 1825 facere
605 1787 618 1822 :
657 1780 712 1822 et
760 1768 804 1822 si
855 1765 1220 1836 virginitatem
1268 1771 1476 1828 servat,
1529 1777 1628 1832 pro
1670 1771 1968 1830 spentaneo

381 1875 604 1916 munere
629 1861 770 1929 quod
806 1858 962 1914 offert
992 1857 1122 1921 Deo,
1169 1855 1448 1926 praemium
1497 1862 1792 1922 exspectat.
1832 1853 1966 1907 Cum

377 1972 506 2026 ergo
543 1962 850 2009 creaturam
881 1952 1038 2015 dicis,
1080 1949 1191 2004 Deo
1227 1949 1425 2005 debere
1457 1946 1600 2016 quod
1643 1945 1836 2001 melius
1863 1945 1968 2000 scit

375 2059 430 2102 et
460 2056 670 2118 potest;
709 2046 750 2100 si
790 2043 1044 2112 intelligis
1067 2058 1132 2096 ex
1161 2041 1364 2104 debito,
1393 2048 1448 2094 et
1479 2054 1584 2094 non
1611 2037 1888 2100 subaudis,
1921 2037 1963 2090 si

377 2139 519 2194 Deus
554 2139 739 2208 jubet;
776 2151 880 2190 non
911 2142 997 2188 est
1036 2147 1250 2202 semper
1294 2147 1502 2186 verum.
1546 2129 1602 2184 Si
1634 2129 1872 2200 quidem,
1910 2135 1969 2179 ut

375 2233 485 2286 dixi
504 2273 518 2297 ,
554 2245 658 2286 non
688 2229 845 2284 debet
874 2228 1033 2282 homo
1061 2225 1428 2296 virginitatem
1459 2237 1526 2278 ex
1553 2222 1768 2287 debito;
1799 2221 1893 2276 sed
1919 2221 1965 2275 si

381 2323 602 2389 mavult,
647 2321 807 2376 debet
850 2320 924 2374 uti
974 2316 1246 2387 coniugio.
1280 2313 1432 2382 Quod
1475 2314 1520 2368 si
1565 2323 1616 2367 te
1646 2321 1823 2367 movet
1846 2326 1966 2366 ver-

377 2416 535 2480 bum,
573 2414 713 2483 quod
743 2421 855 2477 est,
891 2411 1119 2473 debere;
1166 2425 1264 2464 nec
1295 2417 1450 2476 potes
1497 2405 1623 2460 illud
1669 2403 1966 2475 intelligere

375 2508 492 2562 sine
523 2505 703 2575 aliquo
731 2504 912 2558 debito
941 2519 956 2555 :
994 2501 1130 2555 scito
1165 2501 1290 2567 quia
1332 2499 1474 2552 sicut
1507 2495 1770 2560 contingit
1808 2508 1965 2564 posse

377 2609 431 2653 ct
459 2615 562 2654 non
588 2611 764 2668 posse,
793 2604 848 2650 et
872 2593 1246 2648 necessitatem
1273 2590 1562 2660 aliquando
1585 2589 1688 2642 dici
1714 2589 1832 2654 ἠδ,
1857 2603 1962 2642 ηοη

377 2691 500 2760 quia
530 2699 656 2744 sunt
702 2689 754 2742 in
802 2686 962 2741 rebus
992 2684 1079 2738 ubi
1106 2683 1382 2746 dicuntur,
1425 2681 1518 2736 sed
1551 2680 1805 2748 quoniam
1839 2687 1966 2734 sunt

378 2783 430 2834 in
459 2780 595 2846 alio;
628 2780 701 2834 ita
745 2787 801 2832 et
841 2777 1060 2831 debere.
1104 2774 1312 2845 Quippe
1348 2789 1471 2829 cum
1499 2772 1728 2827 dicimus
1767 2771 1965 2826 debere

376 2885 643 2942 pauperes
669 2886 698 2922 a
727 2868 983 2924 divitibus
1005 2866 1406 2936 eleemosynam
1436 2865 1701 2933 accipere,
1743 2877 1849 2916 non
1881 2870 1965 2917 est

381 2963 528 3017 aliud
558 2977 718 3032 quam
747 2961 942 3016 divites
970 2958 1170 3014 debere
1204 2955 1530 3028 pauperibus
1568 2955 1961 3025 eleemosynam

2072 399 2294 454 deberet
2316 399 2466 462 dare,
2488 399 2589 454 nisi
2611 399 2755 469 quod
2780 399 2992 454 volebat
3018 417 3030 452 :
3055 400 3350 454 secundum
3374 415 3663 469 personam

2071 506 2218 557 vero,
2249 492 2328 546 sic
2365 506 2396 545 a
2435 492 2612 561 seipse
2644 491 2874 545 habebat
2904 491 3164 560 quidquid
3193 491 3430 545 habebat
3459 493 3578 558 ’9”,
3611 501 3668 547 et

2071 580 2151 634 sic
2176 581 2414 650 perfecte
2439 581 2542 636 sibi
2566 581 2836 637 sufliciens
2863 591 3002 647 erat,
3029 589 3212 638 utnec
3241 581 3332 638 alii
3364 583 3664 652 quidquam

2072 673 2371 727 retribuere
2399 673 2647 738 deberet;
2695 689 2816 738 nec,
2850 683 2910 728 ut
2953 675 3052 728 sibi
3092 675 3503 738 retribuerelur,
3533 676 3666 729 dare

2072 763 2357 834 indigeret.
2385 760 2744 835 Bos.'Aperte
2772 780 2915 820 nunc
2944 766 3099 820 video
3121 767 3214 797 ’9"
3238 767 3362 836 quia
3395 767 3541 821 nulla
3580 785 3666 820 ra-

2073 855 2218 910 tione
2244 856 2482 926 seipsum
2517 859 2675 912 morti
2703 873 2768 913 ex
2801 859 3002 924 debito,
3031 859 3170 914 sicut
3199 862 3336 915 ratio
3363 875 3483 916 mea
3510 862 3665 916 vide-

2069 946 2229 1001 batur
2268 929 2596 1014 monstrare,
2644 948 2792 1003 dedit
2818 950 2886 1004 ad
2918 949 3181 1004 honorem
3221 949 3346 1016 Dei;
3381 959 3436 1007 et
3480 960 3663 1007 tamen

2069 1038 2253 1095 facere
2280 1041 2463 1095 debuit
2495 1042 2636 1110 quod
2664 1039 2814 1096 fecit.
2856 1042 2983 1096 Ans.
3029 1041 3212 1096 llonor
3247 1042 3436 1112 utique
3464 1041 3552 1098 ille
3582 1051 3663 1096 to-

2070 1129 2175 1183 tius
2212 1138 2296 1184 est
2325 1129 2607 1184 Trinitatis
2653 1148 2666 1184 :
2711 1146 2901 1201 quare,
2949 1131 3199 1201 quoniam
3245 1131 3390 1186 idem
3425 1132 3538 1202 ipse
3575 1141 3663 1188 est

2069 1218 2210 1272 Deus
2252 1218 2423 1274 Filius
2469 1219 2595 1284 Dei,
2634 1219 2701 1274 ad
2739 1219 3000 1275 honorem
3042 1235 3197 1274 suum
3245 1221 3478 1291 seipsum
3518 1223 3664 1290 sibi,
3725 1271 3732 1278 .

2068 1307 2211 1362 sicut
2235 1308 2383 1362 Patri
2417 1319 2472 1364 et
2494 1309 2720 1380 Spiritui
2757 1319 2948 1365 sancto
2977 1309 3190 1376 obtulit,
3223 1309 3274 1364 id
3303 1319 3389 1366 est
3419 1312 3666 1368 humani-

2069 1406 2235 1453 tatem
2283 1398 2376 1429 ²⁹¹²
2426 1414 2579 1454 suam
2631 1399 2912 1454 Divinitati
2962 1415 3108 1465 sum,
3157 1414 3277 1470 qua:
3323 1415 3429 1455 una
3472 1403 3663 1457 eadem

2070 1490 2230 1544 trium
2257 1489 2352 1522 ’⁸³³
2384 1505 2738 1562 personarum
2765 1500 2869 1547 est.
2915 1490 2986 1546 Ut
3022 1500 3200 1547 tamen
3237 1492 3290 1546 in
3319 1492 3510 1548 eadem
3541 1494 3656 1564 ipsa

2069 1583 2354 1638 veritatem
2405 1592 2687 1639 manentes
2730 1584 2972 1652 apertius
3007 1583 3290 1654 loquamur
3331 1586 3476 1654 quod
3509 1585 3660 1640 voln-

2000 1649 2043 1708 Β
2074 1687 2225 1737 mus,
2257 1672 2523 1740 dicamus,
2555 1673 2695 1728 sicut
2730 1649 2859 1730 usus
2887 1649 3227 1744 habet,'qnia
3263 1649 3435 1730 Filius
3465 1685 3658 1746 sponte

2071 1760 2308 1830 seipsum
2352 1761 2500 1816 Patri
2543 1763 2738 1818 obtulit
2770 1781 2783 1818 :
2821 1764 2921 1818 hoc
2965 1777 3198 1833 namque
3229 1764 3388 1818 modo
3418 1766 3655 1835 apertis-

2070 1851 2205 1906 sime
2234 1852 2452 1917 dicitur,
2483 1853 2608 1922 quia
2633 1863 2686 1908 et
2717 1854 2768 1908 in
2800 1870 2901 1908 una
2930 1871 3161 1924 persona
3190 1856 3284 1888 ¹⁹²¹⁶
3316 1864 3458 1911 totus
3490 1857 3657 1918 Deus.

2071 1944 2158 1996 cui
2206 1944 2502 1999 secundum
2549 1946 2821 2001 hominem
2871 1962 2928 2002 se
2957 1946 3169 2013 obtulit,
3208 1947 3553 2019 intelligitur;
3601 1958 3658 2003 ct

2070 2053 2168 2107 per
2195 2052 2389 2092 nomen
2423 2037 2603 2094 Patris
2633 2048 2688 2095 et
2717 2039 2837 2094 Filii
2871 2041 3132 2096 immensa
3161 2041 3408 2111 quaedam
3445 2041 3498 2095 in
3533 2057 3656 2096 cor-

2069 2131 2224 2186 dibus
2269 2131 2635 2196 audientium,
2685 2147 2806 2187 cum
2855 2131 3074 2186 Patrem
3125 2131 3292 2188 Filius
3339 2132 3440 2187 hoc
3485 2133 3649 2188 modo

2068 2223 2346 2294 postulare
2372 2238 2470 2290 pro
2500 2224 2654 2280 nobis
2679 2223 2896 2290 dicitur,
2922 2223 3096 2294 pietas
3121 2225 3372 2279 sentitur.
3395 2222 3518 2280 Bos.
3543 2223 3658 2278 [loc

2069 2316 2420 2370 libentissime
2449 2316 2676 2386 accipio.

2362 2407 2588 2463 CAPUT
2621 2407 2716 2462 XX
2747 2407 2842 2482 [αι.
2869 2425 2990 2480 pars
3022 2425 3139 2480 mp.
3181 2407 3344 2482 XIX].

2070 2497 2188 2564 Qua
2217 2501 2420 2554 ratione
2444 2501 2508 2554 de
2543 2512 2705 2556 morte
2738 2501 2852 2571 ejus
2877 2511 3126 2572 sequatur
3152 2502 3384 2555 humana
3408 2499 3652 2559 saluatio.

2137 2589 2267 2642 Axs.
2298 2589 2607 2644 lntucamur
2629 2605 2773 2645 nunc
2794 2591 2912 2656 ’9",
2936 2599 3097 2662 prout
3120 2604 3426 2660 possumus,
3447 2601 3653 2660 quanta

2067 2678 2192 2734 inde
2217 2680 2309 2710 ³³³⁸
2339 2681 2548 2735 ratione
2582 2692 2840 2752 sequatur
2864 2681 3097 2736 humana
3124 2679 3373 2736 salvatio.
3411 2679 3536 2736 Bos.
3572 2678 3688 2734 Ad'

2066 2767 2170 2823 hoc
2203 2771 2375 2825 tendit
2401 2772 2494 2802 "’7
2525 2787 2621 2827 cor
2657 2787 2856 2827 meum.
2907 2771 3042 2826 Nam
3084 2774 3334 2842 quamvis
3379 2771 3478 2826 hoc
3521 2771 3653 2825 mihi

2066 2861 2254 2917 videar
2284 2863 2620 2935 intelligere,
2665 2865 2833 2935 ipsam
2869 2875 3044 2920 tamen
3095 2865 3319 2920 rationis
3346 2863 3652 2919 contextio-

2068 2967 2190 3020 nem
2231 2969 2261 3008 a
2305 2962 2359 3008 te
2388 2954 2509 3010 volo
2552 2955 2668 3010 fieri
2709 2957 2823 3012 "‘3.
2869 2957 2998 3032 Axs.
3045 2956 3318 3023 Quantum
3362 2964 3537 3009 autem
3580 2954 3654 3010 sit

377 3029 725 3123 impendere:
754 3052 857 3107 hoc
881 3064 1116 3118 namque
1141 3047 1378 3102 debitum
1405 3061 1510 3101 non
1536 3055 1618 3101 est
1639 3044 1962 3112 exigendum
1991 3029 2036 3092 C
2067 3044 2208 3114 quod
2253 3044 2421 3101 Filius
2464 3060 2655 3117 sponte
2702 3047 2866 3114 dedit,
2910 3030 3015 3104 non
3058 3057 3142 3104 est
3186 3062 3321 3118 Opus
3359 3059 3648 3116 exponere.

369 3165 400 3206 τι
442 3157 696 3213 paupere,
731 3140 826 3197 sed
861 3156 893 3194 a
921 3140 1104 3196 divite.
1137 3137 1279 3194 Deus
1305 3152 1520 3208 quoque
1555 3137 1753 3192 dicitur
1783 3136 1962 3192 omni-

367 3239 474 3292 bus
518 3234 738 3289 debere‘
764 3247 1024 3304 praeesse,
1075 3246 1181 3286 non
1224 3231 1352 3300 quia
1401 3228 1490 3284 ille
1534 3228 1587 3282 in
1619 3229 1739 3283 .hoc
1779 3227 1962 3298 aliquo

374 3324 536 3378 moto
577 3325 649 3378 sit
695 3323 938 3387 debitor;
989 3322 1082 3378 sed
1129 3321 1384 3392 quoniam
1429 3320 1612 3378 omnia
1651 3319 1848 3376 debent
1884 3319 1961 3375 illi

373 3417 594 3471 subesse
625 3428 640 3468 :
679 3423 738 3468 et
772 3415 968 3469 debere
1005 3413 1187 3469 facere
1213 3414 1309 3446 "”
1337 3415 1479 3482 quod
1516 3412 1658 3477 vult;
1702 3411 1956 3482 quoniam

371 3505 514 3574 quod
551 3505 665 3559 vult
691 3505 814 3569 ³³⁸⁸,
860 3505 1018 3560 debet
1056 3519 1195 3559 esse.
1241 3505 1321 3559 Ita
1361 3505 1578 3574 quando
1619 3502 1734 3558 vult
1777 3503 1958 3573 aliqua

376 3605 623 3651 creatura
651 3595 831 3651 facere
853 3599 995 3664 quod
1032 3611 1187 3650 suum
1215 3605 1291 3651 est
1332 3595 1512 3651 facere
1537 3605 1592 3650 et
1619 3610 1726 3649 non
1755 3593 1954 3662 facere,
1998 3628 2005 3632 -

371 3683 571 3739 dicitur
613 3685 808 3740 debere
847 3683 1058 3751 facere;
1100 3685 1224 3755 quia
1268 3686 1413 3756 quod
1455 3686 1572 3756 ipsa
1622 3685 1753 3752 vult,
1798 3687 1957 3743 debet

374 3789 516 3829 esse.
539 3774 798 3830 Dominus
828 3775 1010 3844 itaque
1033 3774 1212 3842 Jesus,
1239 3791 1362 3832 cum
1387 3785 1613 3832 mortem
1638 3777 1799 3848 (sicut
1819 3778 1959 3833 dixi-

373 3865 514 3935 mus)
537 3866 804 3921 sustinere
826 3865 1019 3931 voluit,
1045 3869 1304 3937 quoniam
1339 3884 1496 3924 suum
1521 3877 1659 3934 erat,
1685 3880 1741 3924 et
1771 3869 1880 3939 pati
1903 3881 1958 3926 et

372 3971 477 4008 non
513 3956 646 4024 pati,
681 3953 868 4010 debuit
897 3954 1077 4011 facere
1107 3957 1247 4026 quod
1285 3956 1431 4023 fecit,
1463 3959 1588 4027 quia
1613 3958 1754 4026 quod
1788 3958 1956 4014 voluit

371 4045 486 4100 fieri
510 4046 600 4079 ²⁹¹⁷
625 4046 840 4110 debuit;
883 4056 940 4101 et
982 4063 1086 4100 non
1127 4047 1310 4102 debuit
1349 4046 1548 4110 facere,
1586 4047 1710 4115 quia
1749 4062 1854 4101 non
1886 4062 1952 4102 ex

372 4136 574 4190 debito.
599 4135 800 4206 Nempe
822 4136 1076 4204 quoniam
1110 4135 1222 4205 ipse
1245 4135 1386 4189 idem
1409 4145 1487 4190 est
1520 4135 1660 4190 Deus
1682 4145 1736 4193 et
1759 4135 1948 4202 homo;

370 4225 667 4280 secundum
703 4226 993 4278 humanam
1028 4226 1245 4294 quidem
1285 4236 1555 4291 naturam,
1599 4242 1668 4281 ex
1707 4243 1814 4297 quo
1857 4229 1954 4282 fuit

2065 3136 2188 3192 Bos.
2224 3135 2567 3192 Sufficienter
2601 3147 2768 3208 patet.
2811 3138 2940 3193 Ans.
2973 3138 3108 3192 Eum
3150 3146 3351 3201 autem,
3392 3136 3482 3207 qui
3525 3145 3648 3190 tan-

2065 3239 2178 3283 tum
2223 3229 2420 3284 donum
2466 3229 2558 3260 '9”
2603 3239 2794 3300 sponte
2835 3231 2928 3285 dat
2973 3229 3084 3284 Deo
3130 3230 3249 3285 sine
3295 3229 3650 3284 retributione

2063 3321 2262 3375 debere
2282 3335 2405 3374 esse
2435 3335 2540 3375 non
2565 3321 2854 3390 judicabis.
2890 3321 3012 3378 Bos.
3036 3321 3147 3377 lmo
3169 3321 3260 3353 ¹⁹³⁰
3284 3335 3502 3375 necesse
3529 3334 3650 3374 esse

2060 3411 2220 3467 video
2239 3420 2299 3466 ut
2323 3411 2488 3468 Pater
2520 3411 2657 3468 Filio
2689 3414 2954 3469 retribuat
2980 3430 2995 3467 :
3028 3412 3264 3483 alioquin
3291 3421 3386 3466 aut
3412 3410 3646 3480 iniustus

2061 3517 2182 3557 esse
2206 3503 2437 3568 videtur,
2465 3504 2510 3559 si
2543 3504 2728 3569 nollet,
2759 3515 2852 3560 aut
2893 3507 3179 3575 impotens,
3211 3504 3257 3560 si
3301 3518 3407 3558 non
3439 3510 3646 3574 posset,

2060 3608 2181 3664 quae
2208 3593 2384 3648 aliena
2414 3605 2541 3651 sunt
2565 3612 2594 3650 a
2631 3595 2761 3651 Deo.
2787 3597 2914 3651 Ans.
2941 3596 3041 3663 Qui
3072 3595 3321 3652 retribuit
3347 3595 3528 3658 alicui,
3553 3605 3646 3648 aut

2059 3683 2172 3746 dat,
2205 3685 2348 3753 quod
2380 3685 2467 3740 ille
2491 3701 2596 3740 non
2633 3686 2796 3742 habet
2827 3705 2838 3740 :
2871 3696 2966 3740 aut
3000 3686 3248 3752 dimittit,
3284 3688 3425 3756 quod
3456 3687 3524 3741 ab
3553 3687 3644 3740 illo

2059 3783 2237 3842 potest
2279 3776 2440 3847 exigi.
2490 3776 2647 3833 Prius
2689 3785 2869 3834 autem
2919 3794 3080 3848 quam
3130 3789 3333 3833 tantam
3384 3794 3496 3833 rem
3548 3779 3642 3833 Fi-

2057 3863 2161 3920 lius
2183 3865 2276 3896 ’⁸³³
2309 3865 2542 3931 faceret,
2577 3867 2754 3922 omnia
2786 3883 2906 3936 qua:
2933 3867 3108 3923 Patris
3135 3877 3308 3933 erant,
3340 3885 3435 3923 sua
3463 3882 3640 3936 erant,

2056 3970 2158 4013 nec
2197 3960 2432 4026 unquam
2479 3955 2664 4010 debuit
2709 3957 2850 4026 quod
2901 3956 2974 4011 illi
3022 3958 3215 4012 dimitti
3269 3960 3458 4028 possit.
3501 3958 3640 4027 Quid

2056 4063 2184 4118 ergo
2208 4047 2535 4102 retribuetur
2556 4048 2754 4103 nullius
2777 4049 2852 4104 rei
2877 4050 3078 4119 egenti,
3098 4060 3150 4105 et
3174 4051 3258 4105 cui
3284 4066 3390 4106 non
3415 4050 3508 4084 ’³⁸³
3530 4062 3635 4117 est,

2055 4137 2196 4206 quod
2227 4135 2347 4190 dari
2379 4145 2474 4190 aut
2502 4137 2696 4191 dimitti
2737 4138 2940 4208 possit?
2974 4140 3096 4194 Bos.
3130 4139 3205 4193 Ex
3245 4155 3351 4194 una
3377 4148 3530 4210 parte
3556 4139 3643 4213 vi-

2055 4229 2155 4282 deo
2195 4226 2526 4284 retribuendi
2564 4230 2966 4295 necessitatem,
2999 4241 3052 4284 et
3079 4247 3144 4286 ex
3175 4231 3340 4286 altera
3383 4232 3633 4302 impossi-

369 4310 534 4367 homo
555 4310 649 4343 ”“'
681 4311 760 4366 sic
794 4311 1001 4382 accepit
1038 4326 1069 4366 a
1108 4312 1290 4367 divina
1333 4324 1543 4380 natura,
1580 4331 1700 4385 qua:
1734 4315 1836 4370 alia
1872 4324 1956 4371 est
1990 4326 2030 4380 n
2057 4320 2315 4376 billtatem
2352 4339 2365 4376 :
2403 4322 2530 4392 quia
2560 4331 2616 4379 et
2643 4337 2866 4379 necesse
2893 4331 2977 4380 est
3010 4323 3176 4379 Deum
3221 4323 3447 4380 reddere
3489 4324 3633 4396 quod

1677 4425 1910 4482 VARUE
1949 4427 2290 4488 LECTIONE
2302 4431 2362 4489 S.

440 4533 535 4567 'm
587 4533 698 4590 Deo
750 4535 1003 4603 cognovit
1044 4551 1169 4589 nisa.
1223 4536 1332 4592 Deo
1387 4537 1650 4594 intellexit

374 4611 603 4674 potest_
727 4597 847 4674 "ﬁ"
890 4605 1024 4674 Cum
1100 4606 1383 4674 virginitas
1458 4626 1555 4664 nis.
1634 4610 1695 4666 S.

367 4671 494 4727 mss.
562 4671 708 4728 Gem.
767 4673 890 4727 Bec.
974 4673 1103 4728 Vict.

1792 4543 1894 4627 ian
1936 4545 2086 4612 Quo]
2142 4548 2243 4627 solio;
2291 4558 2344 4601 et
2397 4549 2566 4627 qugd
2603 4557 2780 4619 potest
2830 4549 3164 4627 mAs._ACi_s_ter.
3197 4552 3360 4627 _quod
3399 4553 3522 4618 scit,
3575 4563 3634 4627 et

1767 4611 1934 4685 llic/7t.
1991 4632 2110 4669 cum
2188 4617 2312 4672 licet
2376 4611 2691 4684 virginitas,

1184 4685 1232 4729 et
1305 4677 1454 4753 fidit.
1528 4678 1646 4734 Cat.
1717 4683 1960 4748 tttavult',
2019 4686 2163 4753 quod

371 4744 493 4828 dici
530 4757 656 4828 mss.
688 4753 739 4828 ret
789 4743 959 4828 fidit;
985 4742 1140 4828 ᾷοίρι.
1169 4748 1468 4828 contingit“
1490 4764 1644 4828 posse
1695 4762 1747 4828 et
1786 4770 1917 4828 non-
1939 4742 2114 4828 posse,
2147 4764 2224 4828 _et
2283 4742 2673 4811 necessitateni’
2708 4742 3157 4828 fali‘quandohdiei

2873 4621 2966 4651 ²⁹¹³
3033 4621 3283 4685 Mavult,
3359 4631 3414 4677 et
3487 4625 3630 4693 quod

2331 4687 2424 4724 '9”
2445 4687 2721 4761 contingit
2750 4705 2935 4761 posse
2990 4700 3044 4745 et
3092 4708 3312 4747 necesse
3337 4687 3627 4761 aliquando

3304 4762 3396 4793 ’⁸⁸⁸
3435 4763 3502 4818 Ει
3532 4765 3626 4817 de-

368 4811 501 4900 bent
529 4812 869 4900 faceremus:
897 4812 1124 4900 ὴμξ.
1159 4811 1392 4900 dificia}?
1420 4811 1752 4900 Εςᾰὶιχϐηοιιι..
1783 4831 1839 4876 et
1888 4811 2111 4900 debere.
2139 4825 2340 4900 facere
2391 4828 2483 4900 'f’”
2509 4811 2818 4900 iQuoniodt;
2852 4811 2993 4900 quod
3039 4811 3157 4885 viiii
3205 4848 3329 4886 mss.
3377 4811 3622 4887 ει-Ῐζᾶἇ.

371 4879 817 4970 gutta-.‘qttoniaml
834 4881 1122 4970 quodvult
1194 4887 1286 4918 ’9”
1313 4888 1465 4954 Quod
1478 4890 1739 4970 γᾳιιβίθνὶ
1789 4909 1915 4970 mss.
1938 4893 2077 4970 quod
2105 4879 2272 4970 voluit
2298 4879 2429 4951 ffieri
2504 4879 3016 4970 uiiitiiiiﬁina‘afe'x
3175 4879 3623 4957 rdiiiiﬁb'iﬂié.’

368 4951 660 5036 humanattt
692 4951 908 5036 quidem
937 4952 1219 5036 _Naturam;
1250 4973 1316 5012 ex
1338 4951 1576 5036 quo‘fuit
1603 4962 1759 5036 h_om_o
1786 4960 1926 5016 Edit.
1954 4951 2110 5036 Colit.
2151 4967 2438 5020 humanam
2463 4968 2679 5036 quidem
2705 4951 3015 5034 inhisin?
3043 4951 3110 5025 Si

3163 4987 3266 5040 qua
3317 4971 3418 5026 fuit
3463 4973 3622 5026 homo

439 5021 732 5104 "A"_§Utllll
762 5025 905 5104 quod
937 5021 1397 5104 habeb_a.t_m_ss.‘ét
1427 5027 1573 5104 Edit.
1608 5030 1760 5104 Galli.
1810 5047 1963 5104 suum
1991 5035 2244 5104 quicquid
2296 5021 2526 5104 habebat
2571 5021 2715 5069 7"",
2743 5021 2990 5095 Habebat
3030 5021 3194 5104 quodj
3207 5021 3619 5097 Ἧίιιᾷξῦίιιωιῆἓ.

375 5090 510 5182 Kiet.
532 5090 1154 5182 tgbabekthqttiequid
1181 5095 1411 5182 habebat
1483 5099 1573 5130 ¹⁹²¹
1601 5101 1800 5182 Aperte
1821 5110 1889 5182 ut
1916 5090 2071 5182 video
2131 5090 2428 5182 niss._Gem.
2451 5090 2998 5182 Βςςλιοέυξνῖέεῖῄέι
3033 5090 3178 5165 Elii.

365 5177 511 5250 pune
532 5161 695 5250 video
727 5163 853 5250 Λ¹⁹ξ²
878 5161 932 5244 id
964 5161 1060 5218 est
1085 5166 1486 5250 humanitatem
1525 5185 1623 5222 ms.
1648 5161 1798 5250 :Vict.
1826 5171 1912 5225 19.
1952 5183 2006 5225 et
2046 5175 2434 5250 humanitatem
2510 5177 2604 5208 ¹⁹¹³
2656 5161 3620 5250 eadem“rebitet”:"amabili;

365 5231 697 5321 ﬁniet-ui"?
890 5233 951 5321 in;
973 5250 1197 5321 persona
1397 5240 1522 5321 quia
1563 5248 1618 5292 et
1635 5239 1698 5321 in
1726 5256 1843 5321 μηδ’
1864 5256 2093 5321 persona
2167 5246 2283 5321 ξπ-
2311 5245 2622 5321 lntueamur
2658 5231 2853 5321 ith
2882 5231 3081 5304 ετξ.ξῆ
3120 5231 3262 5306 his}?
3297 5231 3616 5321 ttiE"i}£'c7;;,-i

365 5299 460 5385 ’βξ
484 5301 854 5385 Qpanta_milii
907 5299 1030 5385 mea.
1062 5302 1227 5385 1⁸019.Δ
1247 5303 1378 5385 Vict.
1410 5299 1687 5385 Cister.__S.
1717 5299 1966 5385 ἰξΙ-ἑεΙιῘ-ρι-
1985 5311 2130 5385 Edit.
2161 5314 2317 5369 Coth.
2347 5299 2545 5385 quanta
2566 5299 2726 5372 finde

2872 5321 2963 5352 ’⁵³⁷
3018 5321 3096 5374 Ad
3145 5321 3243 5376 hoc
3295 5321 3465 5374 tendit
3517 5337 3614 5373 m8.

363 5368 495 5459 μηὲ
525 5372 765 5459 attendit
791 5370 1053 5459 ξηεὶιξίὶςί..
1086 5368 1174 5459 ις’).
1199 5374 1288 5459 Ad.
1313 5376 1412 5429 hoc
1438 5379 1666 5459 intendit
1875 5377 2002 5459 Volo
2031 5368 2222 5459 audire
2249 5368 2879 5459 νηδεΪΒξέίΙοιῃ,
2918 5368 3607 5459 γὶείίΞί-ἀ]

365 5434 522 5519 ροῇι.
546 5441 665 5519 _volo
687 5441 803 5519 fieri
880 5441 972 5473 ”“
1003 5441 1232 5519 tantum
1259 5445 1455 5519 denum
1484 5463 1582 5501 ms.
1625 5447 1686 5519 ξ.
1705 5518 1709 5519 ί
1728 5447 1888 5502 ΜὶεΙι.
1923 5434 2372 5508 tantum
2408 5434 3424 5514 3553'ﬁdiéhbis.’inihi};niisf'et'

685 5510 745 5563 Β.
773 5511 940 5566 Immo
1013 5513 1103 5544 ²⁹³¹
1140 5512 1268 5566 Item
1293 5513 1461 5568 Filius
1489 5533 1586 5571 ms.
1620 5515 1745 5588 1on
1773 5535 1884 5576 rem
1909 5519 2118 5578 facilius
2154 5523 2320 5581 Filius
2345 5526 2438 5558 ¹⁹³¹
2463 5508 2832 5584 Λυὶῖιίῖίέιῖιῖ

366 5577 452 5631 cui
477 5592 604 5632 non.
