3940 6046
306 205 412 266 829
1459 206 1598 264 ειτιι
1627 202 1816 264 ’ΜΞϋὸ
1854 206 1897 261 II

2007 210 2070 266 Ο.
2118 240 2184 248 -
2223 209 2349 264 LIB.
2393 209 2453 265 II.
3483 219 3585 275 430

249 339 255 344 ·
306 333 484 391 debet,
522 336 578 382 et
608 340 714 381 non
756 332 838 379 est
875 321 961 377 cui
996 320 1185 377 reddat
1213 319 1327 373 "3’.
1371 322 1500 375 Ans.
1543 319 1598 374 Si
1646 328 1792 374 tanta
1836 330 1890 375 et
1921 324 1967 381 Α
1996 336 2142 377 sonae
2179 342 2192 377 :
2234 323 2375 380 Dens
2408 335 2592 381 tamen
2630 339 2737 381 non
2777 326 2969 397 egebat
3010 335 3068 382 ut
3098 328 3163 383 de
3194 327 3332 385 coelo
3359 328 3585 387 descen-

307 429 416 473 tam
460 417 639 473 debila
675 429 905 480 merces,
954 428 1053 468 nec
1093 412 1193 479 illi,
1241 428 1343 469 nec
1391 412 1481 467 alii
1524 412 1798 477 redditur;
1843 412 1896 467 in
1998 415 2149 470 deret
2179 418 2245 471 ad
2278 417 2601 473 vincendum
2645 417 2938 482 diabolum,
2974 434 3148 489 neque
3191 430 3251 475 ut
3296 434 3394 491 per
3425 423 3588 493 justi-

305 525 505 565 vanum
556 508 730 563 Filius
778 506 891 577 96
950 512 1154 559 tantam
1196 519 1311 559 rem
1356 504 1552 559 fecisse
1604 504 1892 560 videbitur.
1999 506 2128 561 tiam
2161 518 2347 578 ageret
2372 518 2561 563 contra
2607 509 2756 563 illum
2789 511 2853 564 ad
2896 510 3236 565 liberandum
3279 512 3585 582 hominem;

303 602 431 658 Bos.
464 600 576 655 Iloc
601 599 755 654 nefas
789 606 875 653 est
905 597 1198 652 aestimare.
1226 597 1357 651 Aus.
1388 594 1622 653 Necesse
1647 606 1731 652 cst
1766 612 1896 667 ergo
1998 599 2090 653 sed
2118 599 2186 653 ab
2217 599 2437 654 homine
2464 600 2605 655 Deus
2638 600 2907 673 exigebat,
2936 611 2992 655 ut
3022 602 3295 658 diabolum
3324 604 3585 671 vinceret.

304 704 366 750 ut
406 692 565 748 alicui
609 690 699 745 alii
748 690 1039 755 reddatur-;
1088 689 1213 758 quia
1252 689 1325 743 illi
1375 704 1482 744 non
1530 698 1726 759 potest.
1768 689 1892 745 Bos.

301 784 696 842 Inevitabiliter
729 782 992 852 sequitur.
1028 781 1159 837 Aus.
1194 780 1252 836 Si
1280 781 1509 837 voluerit
1536 782 1724 848 Filius,
1750 782 1895 852 quod

303 878 407 933 sibi
449 877 677 932 debetur
710 874 803 929 alii
846 875 977 928 dare
1000 873 1126 939 ’ως
1160 873 1434 943 poteritne
1474 873 1636 929 Pater
1657 874 1750 907 ’⁸³⁸
1774 872 1897 943 jure

304 969 453 1025 illum
478 969 573 1003 ⁸⁸³⁸
603 967 925 1037 prohibere;
971 976 1062 1021 aut
1103 965 1196 1021 alii
1237 966 1323 1021 cui
1350 966 1441 1000 ’⁸³⁷
1472 966 1621 1021 dabit
1660 966 1895 1036 negare?

303 1062 431 1118 Bos.
467 1060 577 1115 lmo
601 1068 655 1114 et
684 1056 888 1127 justum
928 1067 985 1113 et
1030 1056 1395 1112 necessarium
1425 1054 1687 1127 intelligo,
1716 1064 1774 1110 ut
1805 1055 1893 1110 cui

301 1150 537 1207 voluerit
560 1150 691 1204 dare
731 1147 902 1203 Filius
932 1162 961 1201 a
990 1146 1151 1202 Patre
1181 1146 1442 1202 reddatur
1469 1164 1481 1200 :
1511 1146 1639 1216 quia
1672 1153 1727 1200 et
1757 1145 1895 1200 Filio

301 1242 448 1313 quod
473 1256 627 1296 suum
659 1248 744 1295 est
766 1239 898 1295 dare
937 1238 1089 1303 licet,
1131 1246 1188 1294 et
1230 1237 1394 1293 Pater
1421 1236 1566 1309 quod
1596 1237 1757 1291 debet
1786 1250 1893 1291 non

303 1332 408 1386 nisi
443 1329 533 1385 alii
578 1318 805 1384 reddere
846 1336 1044 1399 potest.
1082 1327 1215 1382 Αιιε.
1247 1325 1453 1393 Quibus
1483 1325 1895 1382 convenientius

299 1421 537 1477 fructum
564 1430 618 1475 et
641 1417 1053 1474 retributionem
1078 1432 1190 1473 sua:
1212 1416 1407 1471 mortis
1428 1416 1756 1471 attribueret
1776 1415 1890 1478 ⁸⁸³⁸,

300 1527 466 1583 quam
496 1511 624 1578 illis,
654 1519 875 1581 propter
897 1523 1035 1579 quos
1067 1507 1355 1563 salvandos
1383 1506 1551 1578 (sicut
1582 1506 1725 1562 ratio
1750 1506 1894 1563 veri-

303 1604 434 1657 tatis
457 1618 556 1657 nos
586 1600 787 1671 docuit)
812 1600 1086 1655 hominem
1107 1597 1202 1631 ""
1234 1612 1295 1653 se
1320 1596 1468 1664 fecit,
1497 1608 1551 1654 et
1580 1598 1778 1668 quibus
1811 1600 1891 1667 (ut

299 1692 564 1763 diximus)
601 1691 881 1747 moriendo
910 1688 1229 1760 exemplum
1249 1690 1514 1745 moriendi
1553 1699 1772 1760 propter
1804 1688 1889 1759 jn-
1920 1679 1966 1738 Β

300 1786 507 1841 stitiam
551 1784 703 1839 dedit
745 1802 758 1837 :
806 1782 1007 1838 frustra
1048 1782 1246 1853 quippe
1283 1781 1382 1814 "‘°
1426 1782 1729 1841 imitatores
1776 1782 1893 1851 ejus

301 1884 482 1941 erunt,
510 1876 553 1930 si
580 1875 758 1929 meriti
782 1873 899 1943 ejus
924 1875 1216 1944 participes
1256 1889 1363 1930 non
1388 1876 1589 1929 erunt?
1629 1878 1735 1930 Aut
1756 1890 1892 1947 quos

296 1970 500 2041 jaszius
540 1968 700 2023 faciet
738 1967 980 2023 haeredes
1001 1967 1193 2032 debiti,
1224 1982 1332 2036 quo
1374 1967 1487 2038 ipse
1526 1983 1631 2023 non
1672 1977 1817 2039 eget,
1839 1978 1895 2024 et

301 2061 649 2117 exundantis:
669 2059 761 2093 ’9“
785 2075 895 2116 sua:
929 2058 1280 2129 plenitudinis
1300 2059 1419 2128 ηδ’,
1443 2075 1605 2129 quam
1640 2069 1894 2131 parentes

304 2168 436 2208 suos
455 2162 510 2207 et
536 2152 752 2219 fratres,
774 2166 910 2221 quos
932 2150 1126 2222 aspicit
1149 2159 1228 2206 tot
1254 2160 1310 2207 et
1344 2152 1508 2208 tantis
1536 2153 1732 2209 debitis
1760 2153 1895 2209 obli-

304 2254 461 2317 gatos
482 2254 724 2317 egestate
748 2244 1030 2300 tabescere
1054 2244 1106 2299 in
1128 2244 1400 2315 profundo
1424 2244 1801 2311 miseriarum;
1834 2254 1895 2301 ut

303 2339 386 2394 eis
420 2338 727 2393 dimittatur
765 2337 906 2407 quod
949 2351 1046 2407 pro
1086 2336 1324 2408 peccatis
1364 2336 1598 2402 debent,
1645 2345 1700 2392 et
1737 2338 1895 2394 detur

305 2446 416 2500 quo
440 2439 659 2500 propter
683 2437 906 2499 peccata
933 2429 1155 2483 carent?
1178 2427 1304 2484 Bos.
1333 2427 1474 2483 Nihil
1498 2428 1891 2493 rationabilius,

307 2520 444 2577 nihil
467 2521 693 2588 dulcius,
717 2520 852 2575 nihil
874 2519 1284 2576 desiderabilius
1321 2520 1556 2577 mundus
1589 2521 1778 2578 audire
1802 2537 1897 2592 po-

307 2622 437 2669 test.
479 2611 593 2684 Ego
621 2615 817 2684 quippe
847 2612 941 2645 ²⁹³³
971 2620 1175 2668 tantam
1209 2612 1459 2669 ﬁduciam
1496 2629 1561 2668 ex
1590 2615 1694 2671 hoc
1717 2617 1898 2671 conci-

306 2704 419 2774 pio,
442 2712 502 2758 ut
524 2702 635 2773 jam
661 2703 843 2758 dicere
868 2718 972 2757 non
994 2702 1195 2772 possim
1220 2712 1425 2773 quanto
1448 2704 1643 2773 gaudio
1666 2704 1898 2761 exsultet

307 2811 406 2851 cor
435 2810 636 2855 meum.
674 2792 897 2848 Videtur
925 2795 1069 2873 enim
1119 2795 1249 2848 mihi
1281 2794 1424 2864 quod
1474 2795 1677 2850 nttllum
1726 2796 1897 2852 homi-

307 2902 434 2942 nem
478 2884 687 2955 rejiciat
717 2885 857 2939 Deus
887 2885 951 2939 ad
992 2900 1050 2939 se
1090 2885 1189 2940 sub
1220 2874 1324 2916 ’Μ’
1344 2885 1446 2940 hoc
1493 2886 1710 2941 nomine
1746 2900 1900 2941 acce-

308 2979 552 3035 dentem.
574 2979 705 3033 Ass.
729 2977 803 3033 Ita
828 2986 929 3043 est,
953 2977 996 3032 si
1036 2977 1247 3033 accedit
1268 2977 1410 3033 sicut
1444 2986 1679 3047 oportet.
1704 2978 1902 3046 Quem-

310 3070 601 3124 admodum
652 3076 834 3123 autem
884 3067 957 3123 sit
986 3068 1053 3122 ad
1095 3076 1257 3122 tanta;
1296 3067 1485 3139 gratia:
1532 3067 1903 3139 participatio-

309 3177 437 3217 nem
486 3160 873 3225 accedendum,
920 3168 977 3214 et
1021 3159 1295 3231 quomodo
1325 3159 1425 3215 sub
1470 3157 1559 3213 illa
1590 3159 1899 3226 vivendum,

310 3268 413 3308 nos
432 3252 630 3322 ubique
657 3267 814 3307 sacra
842 3251 1124 3320 Scriptura
1146 3250 1324 3317 docet,
1345 3265 1463 3320 quae
1486 3264 1651 3320 super
1674 3250 1902 3306 solidam

309 3346 621 3411 veritatem,
654 3359 817 3415 quam
848 3342 1137 3411 adjuvante
1170 3343 1280 3397 Deo
1309 3342 1655 3413 aliquatenus
1684 3357 1907 3413 perspe-

310 3436 515 3502 ximus,
538 3436 682 3491 velut
706 3450 870 3505 super
892 3434 1107 3489 firmum
1131 3433 1541 3489 fundamentum
1564 3432 1785 3489 fundata
1810 3433 1903 3493 ’⁸7⁵⁸

312 3540 417 3586 est.
467 3528 597 3585 Bos.
646 3527 783 3584 Vere
827 3527 1086 3598 quidquid
1134 3542 1295 3599 super
1343 3526 1751 3583 fundamentum
1801 3528 1905 3584 hoc

314 3621 568 3681 aedificat.
602 3636 765 3690 super
793 3620 1003 3675 (inuam
1030 3629 1236 3689 petram
1276 3618 1550 3675 fundatur.
1593 3620 1724 3674 Axs.
1764 3619 1903 3675 Puto
1945 3641 1950 3645 ~

316 3726 402 3767 tne
450 3710 844 3781 aliquantulum
892 3708 1003 3778 jam
1060 3717 1164 3763 tua:
1216 3708 1547 3764 satisfecisse
1591 3709 1899 3779 quazstioni,

316 3803 566 3872 quamvis
616 3803 720 3857 hoc
764 3800 958 3857 melius
1002 3814 1089 3855 me
1132 3797 1313 3855 facere
1351 3799 1561 3870 plenius
1601 3800 1799 3870 possit;
1848 3809 1905 3855 et

316 3893 550 3964 majores
579 3903 744 3963 atque
774 3894 977 3963 plures,
1011 3907 1175 3963 quant
1206 3906 1407 3958 meum,
1438 3898 1530 3945 aut
1560 3891 1786 3946 mortale
1810 3892 1900 3947 in-

316 3989 532 4059 genium
561 3987 1022 4057 comprehendere
1050 3984 1250 4049 valeat,
1288 3982 1447 4052 hujus
1478 3984 1555 4039 rei
1592 3984 1704 4039 sint
1732 3985 1903 4059 ratio-

316 4095 413 4133 nes
440 4078 555 4132 ”“.
585 4077 770 4133 Palam
798 4077 964 4131 etiam
990 4084 1074 4131 est
1102 4076 1227 4145 quia
1258 4076 1400 4131 Deus
1444 4084 1502 4130 ut
1542 4077 1645 4131 hoc
1674 4058 1899 4141 faceret,

315 4171 459 4241 quod
486 4170 746 4235 diximus,
784 4168 1091 4224 nullatenus
1123 4169 1398 4239 indigebat
1425 4186 1438 4222 :
1470 4169 1566 4224 sed
1599 4170 1670 4224 ita
1701 4170 1903 4226 veritas

315 4259 671 4315 immutabilis
711 4258 963 4330 exigebat
997 4274 1010 4311 :
1053 4257 1180 4313 licet
1218 4258 1362 4313 enim
1391 4258 1519 4326 hoc,
1562 4260 1707 4330 quod
1740 4260 1901 4315 homo

1995 696 2045 741 et
2077 688 2168 757 qui
2199 703 2293 757 per
2316 698 2597 758 peccatum
2628 689 2795 746 Deum
2838 691 3157 757 offenderat,
3190 708 3288 763 per
3321 693 3585 763 justitiam

1994 779 2351 836 satisfaceret.
2385 781 2663 851 Siquidem
2698 784 2913 840 diabolo
2937 799 3037 839 nec
3073 784 3216 840 Deus
3257 785 3460 856 aliquid
3491 789 3585 843 de-

1993 872 2175 938 bebat,
2207 873 2310 929 nisi
2336 887 2584 944 poenam;
2616 890 2717 931 nec
2741 876 2920 941 homo,
2950 877 3053 933 nisi
3084 877 3258 932 vicem
3283 878 3399 944 ⁸⁸⁸⁷,
3429 889 3489 933 ιιι
3520 879 3588 933 ab

1994 960 2086 1015 illo
2128 962 2319 1025 victus,
2371 963 2519 1018 illum
2546 964 2872 1021 ’revinceret
2907 984 2920 1020 :
2964 967 3059 1022 sed
3094 967 3353 1037 quidquid
3391 969 3457 1024 ab
3497 968 3588 1025 illo

1994 1050 2336 1122 exigebatur,
2366 1054 2471 1110 hoc
2501 1054 2612 1110 De)
2638 1055 2887 1118 debebat,
2923 1074 3027 1112 non
3061 1058 3295 1115 diabolo.

2585 1167 2813 1224 CAPUT
2854 1168 2991 1223 XXI.

2056 1258 2226 1324 Quam
2258 1277 2467 1332 magna,
2497 1272 2543 1316 et
2570 1279 2727 1333 quam
2750 1263 2898 1333 justa
2926 1266 2994 1339 sit
3024 1266 3381 1322 misericordia
3411 1270 3525 1323 Dei.

2066 1351 2492 1409 Misericordiam
2515 1370 2644 1411 vero
2674 1355 2791 1425 Dei,
2815 1373 2935 1426 qua:
2960 1357 3054 1413 tibi
3083 1360 3259 1429 perire
3283 1360 3585 1429 videbatur,

1994 1459 2117 1498 cum
2144 1445 2413 1515 justitiam
2470 1448 2563 1501 Dei
2593 1457 2649 1502 et
2692 1460 2971 1518 peccatum
3008 1451 3244 1507 hominis
3273 1454 3589 1509 considera—

1993 1534 2212 1601 bamus,
2252 1545 2359 1590 tam
2397 1553 2647 1608 magnam
2698 1549 2916 1610 tamque
2946 1541 3039 1573 "‘3
3076 1544 3397 1599 concordem
3428 1543 3591 1613 justi-

1997 1628 2082 1682 tiaa
2113 1629 2452 1694 invenimus;
2506 1639 2565 1684 ιιι
2610 1646 2709 1685 nec
2752 1632 2945 1701 major,
2987 1635 3328 1705 neqjustior
3357 1636 3586 1707 cogitari

1995 1722 2187 1792 possit.
2244 1720 2447 1792 Nempe
2496 1724 2623 1792 quid
2676 1725 3084 1781 misericordias
3139 1726 3360 1799 intelligi
3411 1728 3587 1792 valet,

1996 1830 2154 1884 quam
2205 1829 2327 1869 cum
2377 1816 2650 1885 peccatori
2699 1817 2792 1848 ηδ’
2844 1819 3127 1875 tormentis
3173 1821 3392 1875 aeternis
3438 1820 3590 1875 dam-

1995 1916 2124 1961 nato
2158 1906 2275 1971 ’"°,
2306 1915 2360 1961 et
2388 1907 2529 1961 unde
2557 1922 2616 1962 se
2645 1908 2878 1964 redimat
2907 1926 3011 1965 non
3041 1911 3284 1977 habenti,
3319 1913 3462 1967 Deus
3490 1912 3591 1968 Pa-

1998 2006 2080 2052 ter
2105 1997 2233 2053 dicit
2261 2016 2272 2051 :
2306 1997 2503 2066 Accipe
2528 1997 2876 2069 Unigcnitum
2903 2016 3101 2068 meum,
3129 2012 3183 2057 et
3208 2004 3272 2057 da
3303 2019 3401 2074 pro
3431 2013 3509 2071 te;
3537 2013 3593 2059 et

1996 2088 2112 2156 ipse
2139 2086 2307 2141 Filius
2333 2087 2425 2117 '9‘“
2458 2103 2470 2139 :
2505 2085 2654 2142 Tolle
2683 2102 2789 2154 me,
2817 2097 2871 2142 et
2900 2091 3101 2146 redime
3131 2092 3217 2147 te?
3248 2092 3413 2159 Quasi
3442 2094 3588 2149 enim

1996 2177 2099 2233 hoc
2127 2178 2471 2243 "".dicunt,
2516 2179 2732 2247 quando
2763 2195 2861 2236 nos
2904 2181 2969 2235 ad
3018 2182 3379 2239 Christianam
3425 2186 3586 2241 fidem

1998 2280 2212 2335 vocant,
2243 2278 2297 2326 et
2325 2271 2567 2325 trahunt.
2599 2270 2737 2337 Quid
2767 2273 2932 2327 etiam
2954 2270 3159 2341 justius
3196 2274 3309 2341 "'3,
3340 2292 3500 2345 quam
3529 2285 3590 2330 ut

2000 2363 2107 2429 ille,
2145 2362 2228 2418 cui
2260 2362 2420 2417 datur
2456 2362 2689 2432 pretium
2719 2364 2894 2434 majus
2920 2366 3065 2419 omni
3099 2366 3303 2432 debito,
3331 2368 3375 2423 si
3408 2368 3589 2424 debito

2000 2455 2159 2509 datur
2183 2452 2401 2519 affectu,
2434 2453 2670 2509 dimittat
2705 2470 2864 2510 omne
2896 2457 3172 2511 debitum?

2567 2568 2792 2624 CAPUT
2834 2568 2994 2625 XXII.

2166 2680 2317 2747 Quod
2350 2679 2666 2751 impossibile
2692 2682 2755 2735 sit
2786 2680 3051 2735 diabolum
3086 2684 3433 2738 reconciliari.

2076 2791 2282 2846 Diaboli
2324 2805 2453 2846 vero
2492 2790 3005 2855 reconciliationem,
3040 2792 3106 2846 de
3136 2808 3240 2862 qua
3271 2796 3590 2863 quaesivisti,

2004 2883 2391 2954 impossibilem
2423 2883 2691 2953 intelliges
2710 2924 2725 2949 ,
2758 2883 2802 2938 si
2830 2883 3119 2954 diligenter
3148 2885 3437 2941 humanam
3463 2902 3594 2942 con-

2006 2977 2230 3034 sideres.
2280 2974 2434 3031 Sicut
2467 2975 2611 3030 enim
2645 2976 2807 3031 homo
2850 2991 2957 3032 non
3004 2977 3180 3047 potuit
3229 2979 3591 3044 reconciliari,

2007 3067 2112 3124 nisi
2143 3082 2241 3137 per
2265 3066 2537 3124 hominem
2570 3052 2760 3133 Deum,
2788 3069 2879 3139 qui
2912 3070 3044 3123 mori
3075 3078 3279 3139 posset,
3306 3085 3404 3140 per
3440 3070 3594 3139 cujus

2000 3160 2269 3232 justitiam
2302 3160 2414 3216 Deo
2448 3160 2828 3217 restitueretur
2859 3162 2955 3193 '9”
2984 3163 3126 3231 quod
3170 3177 3268 3231 per
3307 3171 3592 3228 peccatum

2006 3251 2240 3308 hominis
2264 3251 2577 3322 perdiderat
2604 3269 2617 3306 :
2652 3252 2725 3306 ita
2758 3252 2933 3325 angeli
2965 3253 3204 3307 damnati
3236 3269 3339 3309 non
3368 3260 3596 3324 possunt

2005 3344 2230 3410 salvari,
2254 3343 2356 3399 nisi
2381 3357 2478 3413 per
2501 3342 2764 3414 Angelum
2790 3344 2956 3399 Deum
2980 3344 3096 3410 ηδ’,
3121 3343 3211 3414 qui
3239 3344 3374 3398 mori
3400 3344 3592 3414 possit,

2004 3446 2061 3492 et
2089 3435 2179 3506 qui
2209 3450 2305 3504 per
2328 3434 2591 3505 justitiam
2620 3449 2775 3491 suam
2801 3435 2915 3490 Deo
2946 3444 3164 3507 reparet
3190 3435 3333 3505 quod
3363 3434 3593 3490 aliorum

2004 3537 2226 3601 peccata
2254 3527 2613 3583 abstulerunt.
2644 3527 2712 3582 Et
2741 3527 2883 3584 sicut
2911 3528 3072 3583 homo
3096 3543 3191 3598 per
3218 3526 3382 3582 alium
3414 3525 3592 3581 homi-

2004 3639 2154 3689 nem,
2200 3622 2290 3694 qui
2338 3638 2445 3677 non
2491 3631 2638 3678 esset
2680 3620 2922 3692 ejusdem
2954 3620 3169 3692 generis
3198 3617 3314 3685 "",
3346 3616 3595 3687 quamvis

2005 3714 2244 3785 ejusdem
2267 3723 2411 3769 esset
2436 3724 2664 3781 naturae,
2689 3730 2793 3769 non
2824 3714 3012 3769 debuit
3042 3711 3292 3775 relevari,
3314 3710 3387 3765 ita
3413 3709 3593 3765 nullus

2005 3806 2227 3878 angelus
2250 3821 2346 3876 per
2369 3806 2532 3860 alium
2560 3805 2811 3877 angelum
2840 3804 3035 3861 salvari
3062 3803 3222 3858 debet
3250 3803 3372 3867 ""7;
3400 3815 3596 3871 quam-

2004 3901 2087 3956 vis
2130 3914 2321 3955 omnes
2364 3899 2477 3954 sint
2520 3899 2679 3954 unius
2728 3907 2934 3953 natura:
2963 3912 2979 3951 :
3009 3896 3263 3969 quoniam
3312 3911 3419 3952 non
3466 3904 3595 3951 sunt

2006 3993 2247 4064 ejusdem
2278 3991 2512 4060 generis,
2544 3991 2686 4045 sicut
2724 3990 2990 4046 homines.
3039 3989 3155 4045 Non
3187 3988 3329 4044 enim
3359 3990 3441 4044 sic
3466 3996 3594 4042 sunt

2007 4098 2197 4137 omnes
2226 4081 2403 4153 angeli
2428 4082 2493 4137 de
2525 4097 2631 4137 uno
2661 4081 2854 4152 angelo
2874 4080 3370 4150 'rquemadmodutn
3405 4092 3593 4134 omnes

2006 4174 2253 4228 homines
2279 4173 2344 4226 de
2372 4186 2481 4226 uno
2526 4172 2766 4227 homine.
2817 4170 2930 4227 IIoc
2973 4185 3188 4241 quoque
3232 4177 3473 4225 removet
3498 4181 3593 4223 eo-

2005 4280 2124 4319 rum
2171 4263 2626 4319 restaurationem
2669 4281 2680 4317 :
2724 4262 2850 4332 quia
2895 4262 3035 4318 sicut
3074 4261 3406 4323 ceciderunt,
3450 4256 3597 4313 nullo

313 4351 405 4407 ille
428 4350 558 4408 fecit
590 4350 734 4406 Deus
761 4350 973 4405 dicatur
1007 4346 1201 4405 fecisse
1227 4357 1448 4420 propter
1477 4349 1740 4405 unitatem
1778 4366 1897 4421 per-
1930 4373 1978 4434 ι)
2005 4355 2111 4411 alio
2156 4363 2383 4411 nocente
2412 4354 2505 4386 ’³³³³
2538 4362 2598 4407 ιιι
2641 4353 2929 4420 caderent;
2986 4353 3060 4408 ita
3105 4350 3249 4407 nullo
3297 4349 3402 4404 alio
3443 4348 3596 4419 adju-

1663 4484 1751 4540 VA
1761 4486 1898 4544 RUE
1942 4488 2348 4545 LECTIONES.

387 4605 481 4638 ²⁹³³
504 4603 621 4659 Νοη
646 4610 731 4658 est
760 4602 901 4671 quod
936 4602 1124 4656 reddat
1150 4617 1247 4654 ms.
1282 4599 1339 4655 S.
1391 4599 1555 4654 Mich.
1587 4616 1691 4655 non
1722 4611 1809 4656 est
1843 4603 1927 4657 cui
1981 4604 2172 4659 reddat

2314 4603 2408 4635 ’³³⁵
2430 4602 2599 4657 Alteri
2649 4603 2779 4658 dare
2828 4619 2953 4656 mss.
3014 4599 3157 4672 Joly,
3220 4600 3351 4672 Vict.
3405 4601 3595 4659 Cidar-

312 4690 360 4731 et
402 4676 550 4731 Edit.
572 4672 728 4729 Goth.
758 4670 845 4727 alii
872 4674 1001 4743 dare
1075 4671 1489 4743 m‘fAI’oteritAne
1510 4671 1669 4726 Pater
1702 4688 1798 4743 ius.
1838 4672 1973 4728 Vict.
2006 4676 2091 4729 l9.
2121 4675 2341 4743 poterit,
2370 4688 2467 4727 nec
2498 4673 2656 4728 Pater
2729 4674 2823 4705 ’⁸³⁸
2848 4672 2977 4727 iure
3007 4670 3153 4727 illuin
3183 4689 3278 4726 ms.
3303 4670 3427 4743 Joly
3448 4676 3595 4737 omit.

308 4749 433 4819 jure
487 4744 599 4819 ff"
637 4742 966 4819 A_utilli_cui
992 4758 1116 4796 mss.
1152 4740 1288 4819 Vict.
1321 4740 1519 4819 (1(1on
1548 4752 1642 4819 aut
1679 4742 1768 4796 alii
1796 4744 1895 4819 cui
1937 4746 2052 4819 1’”
2079 4740 2351 4819 Altrihuet
2406 4760 2503 4797 ms.
2555 4743 2679 4815 Joly
2718 4744 3067 4819 attribuereh
3116 4743 3207 4819 "f9
3239 4744 3303 4796 Et
3326 4740 3597 4819 hominem

312 4810 441 4871 in“.
473 4816 621 4885 July,
655 4813 795 4868 Vict.
838 4812 1027 4867 Cister.
1063 4810 1672 4885 et_Edit._Goth_._iomitt.
1716 4822 1770 4867 et
1804 4814 1898 4846 ”‘°
1937 4814 2164 4870 Frustra

2260 4815 2436 4868 Itidem
2490 4830 2619 4868 mss.
2649 4811 2710 4868 vel
2768 4814 2911 4867 Edit.
2947 4811 3127 4883 Goths
3156 4812 3353 4867 frustra
3405 4818 3603 4883 quippe

314 4890 405 4920 ”“
435 4889 511 4942 Ex
565 4880 889 4955 abundantia
914 4899 1058 4955 mss.
1091 4880 1581 4955 Gem_._rBec._Vict.
1606 4891 1684 4955 Aet
1708 4885 2051 4955 exundantis:
2100 4902 2197 4939 ms.
2230 4880 2354 4955 Joiy
2384 4892 2436 4955 et
2484 4884 2899 4955 exabitndaiitize
2942 4899 3039 4937 ms.
3067 4953 3078 4955 _
3105 4882 3319 4955 Bec._et
3349 4880 3593 4939 rxunda-

316 4962 482 5012 tione.
558 4956 652 4988 '9“
678 4954 1032 5009 Plenitudinis
1056 4971 1178 5008 mss.
1212 4951 1346 5007 Vict.

316 5029 413 5061 "“
442 5028 581 5083 Deus
610 5041 641 5080 a
664 5040 722 5079 se
758 5026 858 5079 sub
883 5040 1007 5078 mss.
1038 5023 1156 5077 Bec.
1188 5021 1333 5077 Gem.

1420 4952 1715 5024 lenitudine
1788 4954 1881 4986 m'
1913 4954 2025 5024 Ego
2064 4956 2207 5009 enim
2260 4952 2543 5008 mss.Gem.
2607 4954 2727 5008 Bec.
2773 4952 2909 5007 Vict.
2947 4963 2995 5007 ct
3047 4953 3172 5023 Joly
3220 4952 3335 5023 Ego
3381 4955 3602 5023 quidem

1402 5023 1510 5094 aly,
1548 5021 1683 5077 Vict.
1709 5025 1763 5077 5.
1794 5035 1842 5078 et
1864 5021 2135 5080 ‘l5iDeus
2161 5026 2225 5078 ad
2259 5040 2317 5079 se
2349 5025 2448 5079 sub

2594 5026 2686 5063 ’9"
2734 5024 2973 5079 Firmum
3028 5025 3425 5077 firmamentum
3483 5025 3604 5077 fun-

314 5102 443 5152 data
496 5115 594 5152 ms.
622 5095 745 5166 Joly
779 5092 1584 5166 firmumilludlignnamentum
1612 5094 1831 5150 fundata
1867 5112 1974 5166 ms.
2026 5095 2086 5150 S.
2122 5095 2287 5148 Miclt.
2343 5095 2743 5166 firmamentum
2793 5095 3007 5149 firmum
3063 5092 3346 5166 fniulatum
3387 5092 3601 5147 firmata

314 5170 412 5201 ’m
447 5170 570 5223 Sint
607 5162 840 5221 rationes
868 5182 968 5217 ms.
999 5163 1059 5219 S.
1094 5162 1258 5217 Mich.
1289 5174 1417 5219 sunt
1447 5166 1687 5219 rationes

1834 5165 1925 5198 "‘7
1960 5165 2073 5220 Nisi
2115 5167 2288 5221 vicem
2330 5182 2429 5219 ms.
2460 5164 2586 5235 Joly
2638 5165 2741 5219 nisi
2792 5166 3009 5235 vincere
3038 5163 3175 5235 f9“
3206 5162 3299 5235 _|ta
3352 5177 3437 5235 ma

318 5177 412 5201 'm
447 5177 570 5223 Sint
607 5177 840 5221 rationes
868 5182 968 5217 ms.
999 5177 1059 5219 δ.
1094 5177 1258 5217 Mtclt.
1289 5177 1417 5219 sunt
1447 5177 1687 5219 rationes
1834 5177 1922 5198 ’δ”
1960 5177 2073 5220 Nisi
2115 5181 2288 5221 rtcem
2330 5182 2429 5219 ms.
2460 5177 2586 5235 Joly
2638 5181 2741 5219 lilSl
2792 5178 3009 5219 VlllCCl‘e
3081 5177 3175 5195 "'°
3222 5177 3299 5216 Ita
3352 5177 3437 5215 tua
3480 5177 3603 5216 nam

318 5250 727 5319 tanqnamnmss.
750 5247 795 5289 et
828 5234 973 5287 Edit.
998 5232 1153 5288 Goth.
1189 5243 1298 5319 tam
1328 5250 1573 5319 ttiagﬂam
1588 5246 1824 5319 tamque
1899 5236 1995 5267 ""1'
2020 5236 2512 5319 Qna'innpecwcatlori'
2529 5252 2656 5290 mss.
2688 5233 2994 5319 Virlzlol‘y,
3023 5233 3173 5319 Gem,
3198 5231 3322 5285 Ber.
3350 5230 3408 5286 S.
3438 5180 3604 5319 ﬁlis!“

316 5322 363 5363 et
395 5303 537 5362 It'dit.
568 5308 724 5363 (iam.
756 5322 917 5376 quant
949 5321 1071 5359 cum
1095 5306 1378 5377 peccaturi
1423 5303 1540 5337 "93°
1588 5303 1853 5377 Deputato
1884 5325 2008 5362 mss.
2034 5320 2081 5360 et
2114 5303 2260 5359 Edit.
2297 5303 2454 5359 Colit.
2482 5307 2738 5359 damnato
2778 5306 2903 5377 _"“

2958 5274 3050 5374 pse
3090 5274 3230 5356 lili'us
3271 5318 3395 5356 mss.
3456 5302 3604 5374 Joly,

325 5380 463 5433 Vict.
499 5378 557 5433 S.
594 5376 752 5430 Miclt.
775 5372 977 5429 'Cister.
1003 5385 1048 5429 et
1080 5372 1411 5447 EditLGoth.
1442 5377 1507 5430 Et
1534 5377 1650 5447 ipse
1667 5372 1821 5432 'lilius
1896 5380 1991 5409 ’⁸³³³
2017 5378 2180 5443 Quasi
2212 5379 2326 5430 hazc
2355 5392 2478 5429 mss.
2505 5388 2550 5429 et
2586 5377 2729 5429 fidit.
2766 5373 2922 5447 Catii.
2953 5372 3110 5447 quasi
3132 5374 3278 5427 cnim
3333 5375 3436 5428 hoc
3510 5372 3607 5405 m'

319 5451 459 5517 Quid
488 5453 651 5503 etiam
676 5447 874 5512 justius
924 5462 1023 5517 ms.
1066 5446 1129 5500 S.
1180 5444 1341 5517 Mich.
1403 5444 1734 5517 qttjthcniiu
1793 5449 1992 5514 justius
2066 5448 2162 5503 .m‘
2221 5447 2621 5517 Restituerctur
2681 5464 2805 5517 mss.
2870 5444 3001 5497 Vict.
3053 5444 3165 5517 Πρε-
3206 5453 3607 5517 restauraretur

317 5514 413 5554 ’5”
457 5517 739 5573 IbidemB.
772 5516 1029 5585 Angelum
1058 5516 1267 5585 Domini
1297 5514 1429 5570 mss.
1455 5514 1601 5570 Gem.
1643 5517 1765 5571 Bec.
1810 5519 1943 5573 Vict.
1985 5530 2031 5573 et
2058 5518 2204 5572 Edit.
2232 5516 2390 5571 60th.
2446 5516 2705 5583 Angelum
2763 5516 2929 5568 Dcunt

3073 5513 3167 5545 ⁸⁸⁸⁸
3206 5513 3321 5569 Non
3364 5515 3607 5584 ejusdem

317 5593 535 5664 generis
581 5584 1041 5664 ιιιιςε-ΙρΙνζηνὶςι.
1082 5596 1128 5640 et
1160 5584 1305 5664 Edit.
1334 5585 1490 5664 Colit.
1528 5603 1633 5664 non
1661 5600 1804 5664 esset
1833 5589 2071 5664 ejusdem
2102 5588 2317 5658 generis
2375 5586 2614 5664 _”’7_I’_er
2643 5587 2804 5664 alium
2835 5585 3029 5664 salvari
3062 5585 3372 5664 dchuit,_.et
3416 5600 3607 5654 quant-

320 5655 403 5717 ξιξ
451 5679 572 5715 mss.
614 5669 658 5713 et
688 5655 836 5711 Edit.
872 5655 1026 5711 (iam.
1064 5672 1161 5729 per
1201 5656 1363 5711 alium
1392 5656 1654 5729 Angelum
1702 5655 1895 5714 salvari
1941 5655 2127 5726 debet,
2170 5658 2419 5728 quamvis

2494 5658 2585 5689 ’³⁵⁸
2630 5655 2747 5710 Alio
2802 5658 3063 5712 suadente
3094 5674 3215 5711 mss.
3239 5657 3346 5712 alio
3379 5664 3608 5712 nocente
