3940 6046
378 291 484 348 435

933 291 988 347 S.
1036 291 1333 348 ANSELMI
1369 289 1718 348 CANTUAB.
1748 289 2064 346 ARCllll'lP.
2109 291 2260 346 OPP.
2302 291 2481 347 PARS
2520 291 2558 346 1.
2598 321 2668 333 --
2697 291 3117 349 DOCMATICA.
3543 296 3648 350 £36

380 406 559 464 cieudi
638 420 736 478 pro
798 404 973 476 primo
1029 413 1289 474 peccato,
1357 405 1500 474 quod
1576 418 1793 472 semper
1868 418 1958 455 ca-
1987 405 2032 460 Α
2061 413 2116 458 et
2142 405 2406 475 originale
2435 415 2714 476 peccatum
2743 415 2820 460 est
2861 407 3106 462 absolute
3155 414 3649 478 peccatumzunde

376 515 505 556 vere
518 498 614 535 “°°
635 499 804 569 potuit
825 497 939 560 ³⁶⁰¹,
960 505 1014 551 ct
1033 513 1154 552 cum
1180 496 1360 552 debito
1387 495 1614 551 habendi
1637 495 1954 565 originalem

368 593 660 664 justitiam,
690 605 852 660 quam
888 603 1103 659 semper
1132 603 1352 644 servare
1378 587 1547 642 valuit
1573 589 1686 641 ³⁰⁰².
1719 586 1828 642 Nec
1857 587 1959 640 im-

375 685 612 752 potentia
638 689 867 736 excusat
885 696 1004 735 eam
1033 680 1085 734 in
1111 679 1240 749 ipsis
1269 678 1588 743 infantibus,
1619 679 1746 748 quia
1769 677 1823 732 in
1854 677 1958 734 illis

375 789 478 829 non
510 773 672 828 solvil.
701 772 841 842 quod
875 773 1057 834 debet,
1089 770 1344 840 quoniam
1383 771 1498 839 ipsa
1550 769 1654 825 sibi
1699 769 1796 802 ⁸⁰⁰³
1827 768 1957 824 facit

371 878 517 927 eam,
551 860 852 918 deserendo
891 860 1155 931 justitiam
1196 861 1247 914 in
1271 861 1463 931 primis
1499 859 1820 929 parentibus
1839 858 1955 924 ωδ,

371 951 654 1023 inquibus
691 961 800 1006 tota
831 957 949 1004 erat
983 967 995 1003 :
1029 959 1084 1004 ct
1127 965 1344 1020 semper
1377 949 1612 1004 debitrix
1647 958 1732 1004 est
1758 947 1959 1003 habere

369 1052 718 1115 potestatem,
768 1058 930 1112 quam
970 1043 1036 1096 ad
1067 1042 1387 1097 servandam
1434 1056 1647 1111 semper
1687 1039 1956 1109 justitiam

366 1135 604 1206 accipit:
644 1136 745 1189 hoc
783 1147 904 1189 esse
943 1131 1113 1188 videri
1157 1140 1336 1201 potest
1373 1132 1428 1187 in
1469 1131 1767 1187 infantibus
1792 1131 1958 1202 origi-

368 1227 488 1283 nale
513 1234 813 1297 peccatum.
834 1224 1113 1279 Addamus
1139 1224 1302 1279 etiam
1333 1231 1555 1294 peccata
1580 1223 1954 1293 proximorum

366 1335 676 1393 parentum,
725 1336 846 1390 quae
895 1320 1198 1375 redduntur
1254 1319 1305 1373 in
1353 1319 1568 1375 tertiam
1622 1327 1673 1372 et
1706 1326 1955 1388 quartam

366 1415 789 1486 generationem.
817 1413 1075 1480 Quamvis
1104 1413 1248 1466 enim
1273 1412 1442 1480 quaeri
1467 1410 1638 1480 possit
1657 1411 1752 1442 ³⁰⁰⁵
1777 1420 1955 1464 ιιιιιιιιι

369 1510 482 1562 lucc
514 1507 694 1562 omnia
745 1505 1091 1575 intelligenda
1143 1505 1252 1558 sint
1289 1504 1340 1558 in
1393 1503 1641 1574 originali
1704 1511 1954 1572 peccato,

365 1616 432 1652 au
469 1614 610 1653 non:
649 1607 850 1661 tamen,
881 1613 946 1651 ne
976 1605 1198 1666 prepter
1228 1595 1330 1650 hoc
1378 1595 1522 1665 quod
1557 1609 1742 1664 quaero
1771 1594 1958 1649 videar

367 1691 606 1762 levigare
651 1689 816 1754 illud,
875 1703 1071 1759 ponam
1125 1688 1265 1743 istud
1306 1701 1427 1744 esse
1473 1687 1597 1753 tale,
1639 1695 1700 1742 ιιι
1745 1702 1774 1742 a
1811 1685 1955 1741 nullo

365 1781 583 1853 gravius
610 1781 818 1837 ostendi
847 1780 1035 1853 possit.
1107 1794 1110 1796 ‘

983 1870 1210 1926 CAPUT
1252 1870 1336 1925 III.

427 1962 584 2030 Quod
611 1979 712 2018 non
733 1963 799 2017 sit
824 1972 1094 2031 pet-catum
1126 1964 1227 2017 nisi
1258 1963 1312 2016 in
1335 1960 1599 2017 voluntate
1627 1961 1896 2017 rationali.

438 2056 638 2112 Verum
684 2056 798 2110 sive
843 2055 948 2110 hoc
1001 2064 1170 2110 totum
1224 2056 1294 2111 sit
1335 2054 1600 2125 originale
1647 2064 1951 2126 peccatum,

372 2149 485 2204 sive
516 2147 718 2218 aliquid
750 2147 929 2201 minus
957 2147 1090 2201 ³⁰⁰⁶;
1128 2158 1257 2216 puto
1289 2147 1597 2202 nullatenus
1631 2147 1760 2204 illud
1797 2162 1954 2220 posse

364 2239 532 2294 usseri
564 2255 684 2294 esse
710 2239 762 2292 in
795 2237 1004 2293 infante
1027 2247 1318 2308 antequam
1352 2239 1551 2294 haheat
1584 2239 1819 2294 animam
1862 2255 1953 2294 ra-

363 2333 650 2398 tionalem;
683 2332 823 2387 sicut
849 2345 950 2386 nec
985 2330 1036 2385 in
1067 2330 1238 2384 Adam
1267 2330 1431 2386 fuisse
1455 2331 1749 2402 justitiam,
1776 2331 1953 2402 prius-

361 2440 523 2495 quam
553 2423 706 2480 fieret
744 2424 904 2478 homo
942 2423 1243 2480 rationalis.
1302 2424 1436 2478 Nam
1475 2425 1518 2480 si
1548 2425 1721 2481 Adam
1763 2435 1818 2482 et
1843 2427 1950 2482 Eva

361 2522 710 2586 generassent
739 2515 855 2570 sine
887 2515 983 2547 ³⁰⁰⁷
1013 2515 1333 2584 praecedenti
1365 2525 1606 2586 peccato,
1632 2532 1738 2571 non
1768 2525 1948 2573 tamen

361 2615 505 2662 esset
535 2607 586 2659 in
617 2607 821 2661 semine
838 2605 1070 2676 justitia,
1118 2621 1216 2661 nec
1246 2621 1368 2662 esse
1398 2617 1579 2678 posset
1634 2609 1950 2680 priusquam

361 2693 724 2749 formarentur
749 2695 800 2749 in
824 2695 1090 2750 viventem
1115 2697 1404 2751 hominem.
1431 2698 1488 2752 Si
1506 2714 1634 2770 ergo
1650 2714 1834 2755 semen
1859 2702 1953 2756 ho-

361 2785 522 2838 minis
547 2799 652 2840 non
681 2792 766 2840 est
823 2785 1170 2856 susceptibile
1209 2786 1453 2856 justitia,
1503 2788 1816 2860 priusquam
1858 2790 1952 2845 liat

361 2875 552 2940 homo,
580 2890 683 2930 nou
709 2884 886 2946 potest
906 2877 1182 2948 suscipere
1207 2879 1470 2950 originale
1489 2891 1770 2949 peccatum
1798 2892 1950 2938 aute-

359 2980 519 3033 quam
536 2967 696 3023 homo
713 2968 782 3024 sit
796 2968 913 3023 ³⁸⁸⁸.
930 2968 1132 3040 Nempe
1151 2971 1412 3041 originale
1435 2981 1714 3042 peccatum
1741 2989 1858 3030 esse
1875 2974 1950 3029 in-

355 3057 618 3127 iustitiam
644 3060 878 3115 dubitari
909 3077 1012 3117 non
1035 3062 1215 3117 debet.
1244 3061 1378 3116 Nam
1414 3063 1456 3117 si
1488 3079 1649 3120 omne
1668 3071 1945 3135 peccatum

2062 497 2308 566 sequitur
2347 499 2473 568 quia
2518 508 2601 554 est
2655 498 2916 569 injustitia
2953 499 3066 553 '°“.
3101 499 3232 554 ltem
3265 501 3308 555 si
3354 501 3495 558 Deus
3539 520 3644 560 non

2061 585 2284 642 damnat
2307 589 2407 644 nisi
2431 589 2526 621 '°“
2547 599 2767 660 propter
2795 590 3143 660 injustitiam,
3200 591 3420 647 damnat
3463 601 3645 648 autem

2060 680 2298 750 aliquem
2326 689 2550 750 propter
2581 681 2849 753 originale
2881 691 3160 751 peccatum
3211 699 3225 736 :
3263 698 3393 754 ergo
3427 701 3533 740 non
3562 696 3648 742 est

2059 771 2201 826 aliud
2251 772 2517 843 originale
2548 783 2829 843 peccatum
2861 788 3026 843 quam
3077 774 3362 845 injustitia.
3412 776 3565 843 Quod
3597 779 3646 833 si

2061 863 2136 918 ita
2161 873 2267 929 est,
2297 872 2352 920 et
2382 863 2637 934 injustitia
2663 881 2767 919 non
2796 874 2881 921 est
2907 865 3052 920 aliud
3083 882 3245 937 quam
3271 869 3518 923 absentia
3546 869 3646 925 de-

2059 957 2186 1013 bita:
2234 957 2460 1027 justitia:
2480 957 2607 1012 ""z
2634 973 2739 1013 non
2770 959 2916 1014 enim
2942 959 3156 1015 videtur
3181 974 3303 1016 esse
3358 959 3644 1031 injustitia,

2060 1048 2163 1104 nisi
2205 1048 2259 1103 in
2309 1057 2529 1116 natura,
2580 1063 2722 1119 quae,
2773 1065 2896 1105 cum
2925 1051 3086 1105 debet
3130 1051 3349 1117 habere,
3380 1051 3644 1120 iustitiam

2061 1157 2166 1195 non
2210 1140 2418 1208 habet;
2483 1141 2668 1212 utique
2718 1141 2979 1212 originale
3033 1153 3316 1213 peccatum
3373 1144 3647 1200 clauditur

2059 1234 2160 1288 sub
2195 1232 2384 1288 eadem
2417 1232 2733 1288 deﬁnitione
2790 1232 3088 1304 injustitia.
3131 1233 3200 1287 At
3229 1235 3272 1289 si
3325 1235 3534 1306 justitia
3561 1246 3646 1292 est

2057 1324 2327 1380 rectitude
2357 1324 2648 1379 voluntatis
2677 1333 2897 1395 propter
2921 1339 2978 1380 se
3014 1333 3248 1390 servata,
3281 1341 3380 1381 nec
3416 1327 3517 1382 ista
3553 1342 3640 1382 re-

2059 1418 2266 1474 ctitudo
2309 1424 2489 1488 potest
2537 1431 2661 1473 esse
2713 1417 2816 1472 nisi
2849 1416 2902 1472 in
2932 1416 3183 1472 rationali
3245 1426 3482 1473 natura:
3512 1435 3643 1492 ergo

2059 1524 2165 1564 non
2197 1517 2281 1565 est
2334 1508 2477 1563 nulla
2527 1517 2720 1564 natura
2748 1507 2982 1563 debitrix
3023 1508 3268 1578 justitia;,
3322 1510 3424 1565 nisi
3467 1513 3641 1567 ratio-

2060 1600 2230 1666 nalis;
2265 1599 2408 1656 sicut
2458 1600 2564 1654 ulla
2617 1609 2812 1655 natura
2866 1602 3231 1671 susceptibilis
3277 1610 3361 1658 est
3389 1602 3640 1672 iustitiae,

2055 1701 2259 1763 praeter
2309 1693 2633 1748 rationalem
2663 1692 2778 1746 ³⁸η.
2831 1691 3012 1758 Quare
3067 1693 3324 1763 quoniam
3376 1686 3644 1764 injustitia

1986 1779 2029 1833 Β
2057 1801 2161 1840 ιιοιι
2187 1794 2367 1856 potest
2391 1801 2509 1842 esse
2536 1786 2637 1841 nisi
2669 1785 2758 1840 ubi
2781 1785 2991 1854 justitia
3017 1784 3178 1841 debet
3205 1801 3344 1850 esse,
3374 1787 3643 1858 originale

2057 1885 2360 1946 peccatum,
2391 1875 2532 1946 quod
2562 1883 2648 1930 est
2699 1875 2984 1946 injustitla,
3034 1891 3141 1931 non
3169 1880 3256 1931 est
3304 1877 3408 1932 nisi
3467 1878 3518 1932 in
3547 1894 3645 1932 na-

2057 1975 2179 2021 tura
2214 1965 2486 2020 rationali.
2529 1965 2830 2021 Rationalis
2860 1975 3039 2021 autem
3079 1975 3272 2021 natura
3304 1981 3407 2021 non
3428 1976 3514 2022 est
3537 1968 3644 2023 nisi

2055 2055 2221 2123 Deus,
2271 2064 2327 2111 et
2353 2055 2599 2127 angelus,
2663 2064 2718 2110 et
2776 2055 2958 2110 anima
3018 2057 3253 2112 hominis
3317 2072 3412 2128 per
3475 2073 3642 2128 quam

2055 2146 2217 2202 homo
2243 2146 2442 2202 dicitur
2479 2146 2782 2212 rationalis,
2822 2156 2877 2202 et
2914 2147 3032 2203 sine
3059 2163 3166 2218 qua
3203 2161 3308 2204 non
3339 2157 3422 2204 est
3448 2149 3638 2204 homo.

2057 2239 2331 2308 Quoniam
2361 2255 2490 2312 ergo
2522 2232 2736 2297 nonEst
2753 2239 3011 2310 originale
3038 2232 3317 2311 peccatum
3349 2241 3516 2297 necin
3533 2243 3644 2297 Deo

2055 2345 2154 2387 nec
2184 2332 2236 2387 in
2259 2331 2466 2403 angelo,
2505 2346 2612 2387 non
2640 2341 2724 2386 est
2761 2331 2861 2385 nisi
2907 2331 2960 2386 in
2991 2331 3228 2388 hominis
3261 2332 3442 2387 anima
3476 2333 3644 2388 ratio-

2056 2424 2182 2479 nali.
2234 2422 2525 2479 Sciendum
2553 2437 2769 2493 quoque
2803 2430 2886 2477 est
2915 2423 3038 2493 quia
3072 2421 3283 2492 justitia
3317 2438 3423 2478 non
3454 2432 3634 2493 potest

2053 2530 2174 2572 esse
2219 2516 2320 2571 nisi
2367 2516 2420 2569 in
2461 2515 2758 2579 voluntate,
2804 2514 2849 2570 si
2892 2514 3100 2584 justitia
3132 2523 3216 2570 est
3247 2515 3510 2570 rectitude
3547 2531 3644 2571 vo-

2055 2608 2281 2663 luntatis
2315 2615 2535 2677 propter
2583 2621 2642 2661 se
2694 2615 2908 2661 servata
2948 2624 2961 2661 :
3007 2620 3176 2676 quare
3219 2605 3631 2676 necinjustitia.

2053 2697 2170 2752 Non
2205 2689 2350 2753 enim
2381 2707 2605 2753 vocatur
2628 2696 2720 2729 ³⁰¹τ
2749 2696 2997 2751 absentia
3033 2696 3262 2767 justitia:
3288 2737 3302 2761 ,
3343 2696 3638 2765 injustitia;

2053 2787 2160 2842 nisi
2214 2787 2304 2842 ubi
2357 2784 2521 2842 debet
2565 2801 2685 2842 esse
2727 2783 2960 2853 justitia.
3012 2784 3156 2840 Nihil
3207 2785 3388 2855 itaque
3435 2796 3638 2856 praeter

2051 2879 2223 2948 ipsam
2265 2875 2534 2946 justitiam
2574 2876 2659 2931 vel
2697 2876 3018 2947 iujustitiam
3059 2876 3264 2931 dicitur
3299 2873 3507 2943 justun
3553 2876 3643 2931 vel

2054 2970 2333 3040 iniustum,
2362 2969 2465 3025 nisi
2496 2969 2763 3032 voluntas,
2801 2977 2895 3023 aut
2933 2977 3157 3039 propter
3182 2966 3513 3022 voluntatem
3553 2967 3642 3036 ju-

2053 3069 2192 3116 stam
2213 3059 2297 3115 vel
2325 3058 2604 3128 injustam.
2632 3059 2736 3114 Per
2767 3059 2906 3114 hanc
2944 3058 3174 3113 dicimus
3196 3057 3405 3127 justum
3436 3057 3517 3110 vel
3551 3058 3641 3111 iu-

359 3158 442 3205 est
493 3149 779 3218 injustitia,
824 3160 880 3206 et
912 3152 1174 3222 originale
1203 3163 1483 3224 peccatum
1514 3164 1595 3210 est
1624 3164 1936 3225 peccatum;
1973 3158 2017 3218 (ζ
2048 3153 2255 3225 justum
2287 3151 2587 3216 hominem,
2612 3149 2696 3206 vel
2731 3149 3010 3221 angelum;
3040 3148 3238 3218 justam
3265 3148 3352 3203 vel
3384 3149 3637 3220 injustam

356 3244 542 3314 utique
563 3255 647 3300 est
674 3256 728 3301 et
760 3244 1046 3314 injustitia.
1084 3245 1192 3301 Sed
1220 3245 1265 3302 si
1290 3245 1420 3302 dicit
1446 3246 1642 3317 aliquis
1671 3265 1683 3302 :
1714 3246 1830 3302 Non
1857 3255 1944 3304 est

356 3352 516 3391 omne
544 3347 823 3406 peccatum
857 3336 1147 3407 injustitia,
1209 3339 1356 3395 dicat
1388 3354 1548 3408 posse
1573 3340 1735 3395 simul
1760 3341 1812 3394 in
1843 3339 1941 3395 ali-

357 3441 466 3495 quo
512 3433 568 3480 et
610 3441 733 3483 esse
767 3427 987 3498 aliquod
1025 3432 1308 3497 peccatum
1333 3429 1451 3492 '°°’,
1486 3436 1540 3483 et
1586 3429 1786 3484 nullam
1823 3442 1944 3486 esse

358 3518 684 3587 injustitiam
722 3537 734 3572 :
789 3521 933 3591 quod
972 3521 1187 3576 videtur
1215 3521 1548 3577 incredibile.
1601 3521 1656 3577 Si
1699 3537 1832 3576 vero
1862 3522 1943 3577 di-

357 3609 498 3665 citur
521 3610 784 3682 originale
811 3620 1092 3682 peceatum
1119 3627 1224 3667 non
1248 3626 1368 3668 esse
1389 3611 1634 3668 absolute
1655 3612 1941 3668 dicendum

356 3712 660 3773 peccatum,
681 3705 774 3760 sed
795 3720 917 3760 cum
939 3704 1321 3764 additamenta.
1351 3703 1610 3775 originale
1627 3714 1939 3775 peccatum;

357 3795 498 3851 sicut
531 3796 706 3865 pictus
743 3797 906 3853 homo
948 3812 1055 3854 non
1083 3813 1210 3854 vere
1241 3807 1322 3854 est
1349 3799 1511 3853 homo
1543 3799 1661 3863 ³⁰¹⁰,
1690 3799 1782 3853 sed
1812 3812 1942 3854 vere

358 3893 442 3939 est
464 3885 626 3941 homo
649 3886 828 3957 pictus
859 3888 981 3954 ﬂ“;
1022 3887 1269 3957 profecto
1301 3890 1545 3958 sequitur
1573 3889 1699 3958 quia
1735 3887 1936 3954 iulans,

355 3976 448 4045 qui
487 3977 688 4032 nullum
728 3979 893 4035 habet
920 3990 1208 4050 peccatum
1246 3980 1349 4034 nisi
1390 3979 1672 4051 originale,
1706 3978 1942 4033 mundus

356 4075 440 4120 est
481 4083 510 4120 a
538 4078 760 4136 peccato
797 4088 809 4123 :
849 4085 950 4124 nec
995 4069 1096 4124 fuit
1141 4070 1286 4124 solus
1326 4071 1467 4124 inter
1513 4069 1760 4124 homines
1797 4068 1940 4124 ﬁlius

356 4158 592 4227 Virginis
619 4161 670 4213 in
707 4169 863 4216 utero
903 4161 1116 4224 matris,
1148 4168 1202 4216 et
1232 4175 1462 4216 nascens
1501 4161 1568 4216 de
1599 4170 1791 4228 ruatre,
1823 4162 1945 4219 sine

357 4260 577 4315 peccato
607 4268 620 4305 :
652 4261 707 4306 ct
734 4260 826 4307 aut
879 4268 983 4308 non
1031 4253 1322 4308 damnatur
1373 4253 1550 4326 infans
1577 4255 1667 4325 qui
1712 4256 1946 4311 moritur

355 4342 474 4397 sine
501 4343 782 4414 baptismo.
811 4346 1012 4400 nullum
1043 4346 1248 4401 habens
1275 4353 1561 4416 peccatum
1597 4356 1795 4416 praeter
1835 4349 1947 4402 ori-

2059 3243 2317 3308 auimam,
2343 3241 2458 3296 sive
2481 3240 2773 3296 actionem.

2630 3329 2860 3386 CAPUT
2899 3327 2964 3384 ιν
2992 3328 3107 3382 ³⁰¹⁸.

2055 3443 2209 3510 Quod
2244 3443 2374 3497 nihil
2406 3459 2499 3512 per
2526 3459 2582 3496 se
2616 3441 2685 3496 sit
2714 3442 2914 3512 justum
2955 3451 3046 3495 aut
3085 3442 3359 3512 injustam,
3396 3441 3497 3495 nisi
3525 3441 3640 3509 ipsa

2115 3515 2357 3584 justitia,
2399 3511 2479 3568 uel
2507 3513 2774 3581 iniustitia
2818 3511 2934 3580 "‘9,
2966 3523 3012 3566 et
3047 3513 3187 3584 quod
3219 3512 3350 3566 nihil
3387 3512 3640 3583 puniatur

2124 3586 2226 3640 nisi
2248 3585 2506 3638 voluntas.

2123 3697 2266 3754 Nihil
2290 3697 2456 3767 enim,
2482 3697 2597 3752 sive
2621 3697 2947 3763 substantia,
2970 3697 3084 3753 sive
3107 3699 3268 3765 actio,
3297 3697 3410 3754 sive
3435 3696 3637 3767 aliquid

2050 3790 2191 3846 aliud
2218 3805 2316 3860 per
2344 3804 2402 3845 se
2428 3789 2855 3855 consideratam,
2888 3799 2971 3844 est
2991 3790 3220 3860 justum,
3261 3790 3363 3845 nisi
3389 3788 3634 3858 justitia;

2050 3893 2145 3938 aut
2168 3883 2450 3952 injustum,
2467 3882 2550 3937 vel
2575 3893 2880 3952 peccatum,
2906 3882 3010 3936 nisi
3032 3881 3338 3950 iujustititia
3357 3897 3497 3947 ;-uec
3520 3882 3636 3950 ipsa

2047 3977 2318 4043 voluntas,
2365 3977 2418 4030 in
2461 3991 2565 4045 qua
2605 3985 2689 4031 est
2731 3975 2968 4045 justitia,
3021 3976 3437 4046 siveinjustitia.
3479 3974 3636 4028 Aliud

2046 4068 2191 4124 enim
2239 4076 2324 4122 est
2364 4066 2446 4122 vis
2491 4065 2579 4121 illa
2619 4067 2812 4122 animae
2856 4083 2961 4138 qua
3003 4067 3115 4137 ipsa
3169 4067 3352 4120 anima
3393 4065 3506 4119 vult
3543 4065 3637 4118 ali-

2047 4159 2174 4230 quid
2202 4158 2295 4190 ²⁰¹⁰
2321 4175 2333 4209 :
2365 4172 2486 4227 qua:
2513 4157 2614 4220 vis,
2644 4157 3062 4212 instrumentum
3089 4155 3298 4210 volcudi
3332 4163 3506 4224 potest
3531 4153 3632 4207 dici

2047 4251 2213 4322 (sicut
2234 4250 2382 4305 visus
2409 4249 2826 4304 instrumentum
2851 4249 3088 4309 videndi)
3114 4264 3275 4318 quam
3305 4247 3631 4302 voluntatem

2047 4343 2393 4399 nominamus
2425 4357 2439 4394 :
2469 4348 2524 4396 et
2558 4339 2699 4395 aliud
2741 4351 2822 4396 est
2861 4341 3070 4411 justitia
3107 4359 3120 4395 :
3152 4356 3315 4410 quam
3362 4339 3629 4400 habendo,

359 4430 566 4499 ginale;
607 4434 848 4490 autsine
868 4444 1092 4504 peccato
1117 4438 1425 4491 damnatur.
1457 4435 1562 4492 Sed
1589 4436 1720 4491 nihil
1748 4439 1943 4494 horum
2042 4436 2189 4506 justa
2234 4435 2518 4499 voluntas;
2578 4443 2630 4487 et
2674 4451 2778 4504 qua
2824 4435 3080 4501 carendo,
3131 4433 3326 4502 iujusta
3372 4441 3630 4487 vocatur:

355 4523 667 4594 accipimus.
701 4525 880 4593 Quare
905 4518 1066 4583 omne
1105 4529 1198 4560 '°"
1228 4536 1510 4598 peccatum
1541 4537 1624 4584 est
1662 4527 1946 4598 injustitia,
1982 4569 2026 4624 Β
2051 4527 2305 4582 dicuntur
2338 4525 2502 4580 etiam
2536 4524 2627 4556 '°"
2660 4523 2963 4579 voluntates
2988 4524 3229 4594 ejusdem
3266 4521 3632 4580 instrumenti.

1638 4661 1725 4718 VA
1735 4662 1874 4718 BHE
1915 4661 2317 4720 LECTIONES.

427 4746 523 4780 ³⁶⁰⁶
579 4746 732 4822 Quod
795 4765 1007 4820 semper
1066 4766 1261 4808 cavere
1325 4768 1424 4808 ms.
1489 4751 1623 4806 Vict.
1685 4754 1772 4808 l9.
1821 4769 1938 4821 quo
1993 4769 2209 4822 semper
2273 4768 2462 4808 carere

356 4816 564 4892 ῙΙιιιαη.
589 4819 714 4892 580.
771 4816 964 4876 cavere
987 4838 1090 4877 non
1137 4824 1308 4892 potuit
1449 4824 1547 4858 ⁸⁰⁰¹
1591 4823 1822 4877 Servare
1850 4816 2027 4878 ’voluit
2067 4816 2163 4878 ms.
2195 4822 2328 4877 Vict.
2379 4826 2463 4878 l9.
2523 4839 2744 4879 servare
2774 4822 2944 4892 noluit

354 4887 610 4964 gagates
641 4890 752 4964 ipsa
827 4887 1150 4964 '°°"7Primis'
1166 4893 1474 4951 hominibus
1511 4911 1636 4948 mss.
1666 4895 1853 4962 primis
1883 4896 2196 4962 parentibus
2271 4894 2366 4926 ³⁹⁰⁸
2398 4894 2573 4961 ριιιιηοὶ
2601 4895 2770 4964 possit
2797 4911 2894 4946 ms.
2937 4890 3069 4944 Vict.
3098 4891 3185 4946 19.
3209 4887 3442 4964 dubitari
3465 4891 3636 4964 possit

354 4959 451 5034 ξέῗξ
481 4959 618 5034 Sive
664 4959 809 5034 aliud
868 4963 1046 5018 minus
1074 4981 1200 5017 mss.
1242 4964 1357 5018 sive
1389 4965 1592 5034 aliquid
1629 4959 1808 5018 minus
1883 4959 1974 4997 3°"
2007 4965 2377 5020 Generassent
2413 4959 2530 5019 Sine
2566 4959 2690 5018 mss.
2731 4962 2917 5016 Cister.
2959 4970 3310 5034 generasseut
3342 4961 3486 5034 filios
3517 4963 3635 5014 sine

355 5030 806 5104 "°'_l_lomo__liat.
849 5050 971 5089 mss.
1006 5036 1166 5090 homo
1197 5035 1285 5090 sit.
1362 5037 1456 5069 ³⁰⁰⁹
1485 5030 1553 5090 Ει
1582 5049 1700 5087 esse
1725 5046 2008 5103 peccatum
2059 5052 2183 5088 mss.
2210 5044 2407 5089 etesse
2445 5035 2660 5104 aliquod
2689 5042 2991 5104 peccatum
3048 5033 3140 5104 '9”
3173 5031 3285 5104 Non
3319 5047 3443 5086 vere
3475 5031 3634 5104 homo

351 5111 437 5174 est
463 5099 607 5174 fidit.
643 5100 800 5157 Gotlt.
835 5119 939 5158 nou
970 5121 1128 5160 verus
1165 5115 1248 5159 est
1284 5106 1444 5162 homo
1518 5105 1610 5137 ³⁰¹¹
1641 5099 1746 5158 Sed
1777 5121 1902 5160 vere
1941 5116 2021 5161 est
2050 5107 2210 5160 homo
2238 5105 2411 5174 pictus
2449 5099 2573 5159 mss.
2606 5099 2741 5157 Tha.
2774 5102 2910 5174 Vict.
2937 5103 3025 5156 l9.
3054 5103 3241 5174 Cister.
3276 5103 3634 5174 homopietus

348 5171 638 5244 f'f’Quare
661 5187 821 5228 oume
842 5174 1195 5244 ins.Vict.l9.
1213 5191 1382 5242 quare
1405 5185 1458 5230 et
1478 5191 1640 5232 omne
1714 5175 1807 5207 ³⁸⁸³
1836 5177 2115 5243 Sequitur,
2137 5171 2277 5244 quod
2307 5185 2386 5228 cSI
2414 5175 2675 5240 injustitia
2714 5191 2837 5227 mss.
2862 5172 2997 5226 Virt.
3025 5173 3286 5244 sequitur,
3318 5173 3460 5244 quod
3483 5183 3560 5226 est
3579 5181 3636 5225 et

350 5242 634 5315 injustitia.
674 5260 800 5315 mss.
834 5243 970 5315 Tim.
1000 5244 1191 5298 Cister.
1217 5241 1480 5315 sequitur,
1513 5247 1638 5314 quia
1677 5254 1838 5300 estet
1871 5241 2169 5315 injustitiaf
2287 5243 2382 5276 '°”
2406 5245 2636 5299 Damnat
2673 5245 2770 5298 nisi
2801 5260 2925 5315 _mss.
2957 5253 3003 5315 ct
3036 5242 3183 5315 Edit.
3215 5241 3369 5315 Goth.
3412 5242 3634 5315 damnat

351 5311 626 5386 hominem
660 5314 762 5386 uisi
875 5313 968 5346 'm
994 5315 1144 5386 Quod
1178 5311 1332 5368 si'ita
1364 5325 1464 5378 est,
1495 5311 1759 5385 originale
1786 5311 2062 5386 peccatum
2105 5331 2208 5370 non
2239 5326 2323 5369 cst
2357 5316 2501 5386 aliud
2535 5331 2699 5384 quam
2743 5313 3109 5386 injustitia,_id
3137 5311 3498 5386 est‘absgntia
3539 5312 3634 5364 de-

353 5382 721 5501 liitmjustitiae
755 5401 880 5438 mss.
915 5386 1057 5454 quod
1091 5385 1133 5437 si
1169 5386 1239 5438 ita
1304 5395 1404 5448 est,
1439 5396 1494 5440 et
1524 5382 1922 5455 inj'ustitia'nou
1954 5396 2037 5440 est
2066 5386 2209 5440 aliud
2239 5401 2397 5455 quam
2435 5382 2676 5441 absentia
2705 5386 2896 5439 debitae
2925 5383 3149 5450 justitia:
3225 5383 3328 5415 ³⁰¹³
3361 5383 3500 5452 Ergo
3525 5397 3629 5436 non

353 5457 433 5501 est
463 5467 494 5501 υ
523 5453 567 5501 la
609 5464 799 5501 natura
848 5454 1211 5501 snsm-ntihilis
1249 5455 1482 5501 iustitim-
1528 5464 1728 5501 nrznter
1765 5457 2104 5501 rnlinnnlmn-
2151 5474 2276 5501 mss-
2302 5466 2348 5501 nl
2376 5455 2518 5501 lCrlit-
2549 5455 2703 5501 Cnlh-
2740 5469 2867 5501 ergo
2905 5455 2974 5501 ita
3015 5468 3118 5501 non
3152 5462 3233 5501 est
3283 5452 3386 5501 ulla
3438 5461 3629 5501 natura

349 5457 434 5528 c_st_
460 5452 567 5528 ulla
609 5464 799 5528 natura
848 5452 1211 5528 susceptihilis
1239 5455 1483 5528 justitias,
1528 5452 1728 5528 praeter
1765 5457 2104 5512 rationalem.
2151 5452 2276 5528 mss'.
2302 5466 2348 5510 et
2373 5455 2518 5528 lCrlit.
2549 5455 2703 5510 Goth.
2740 5469 2867 5522 ergo
2905 5455 2974 5507 ita
3015 5468 3118 5528 nou
3152 5462 3233 5528 est
3283 5452 3630 5528 ullauuatura

350 5517 583 5594 debitrix
613 5522 854 5589 justitirc,
885 5525 987 5577 nisi
1012 5517 1333 5594 rationalis;
1377 5517 1689 5580 sicut'nulla
1726 5537 1916 5580 natura
1947 5527 2310 5594 susceptibilis
2333 5525 2676 5593 estjustitize,
2709 5517 2905 5593 pruiter
2938 5523 3276 5594 rationalem.
3314 5592 3338 5594 Α
3389 5523 3480 5553 ³⁸³⁸⁷
3516 5521 3629 5576 Non

350 5588 872 5668 glijtt'vocaturetc.
951 5593 1150 5668 '°‘°_l_n
1174 5612 1272 5668 ms_.
1301 5596 1438 5649 ’I'hu.
1463 5596 1557 5668 39l
1575 5638 1588 5660 ,
1623 5596 1708 5668 (εἰς
1727 5598 1906 5668 incipit
1928 5598 2097 5662 Caput
2112 5588 2171 5651 ’5.
2280 5598 2376 5628 ³⁰¹⁹
2396 5588 2485 5668 Vel
2509 5588 2770 5666 injustitia
2798 5611 2925 5668 mss:
2948 5593 3102 5668 για.
3120 5591 3276 5668 feni.
3301 5592 3428 5668 Bec_._
3457 5593 3625 5645 omitt.

351 5657 601 5780 ϊιέἒιὲῃη
631 5660 774 5715 aliud
816 5679 937 5717 m8"
972 5676 1017 5718 ⁸⁸
1044 5665 1184 5719 Em."
1220 5665 1375 5721 σοίῆ·
1442 5665 1554 5723 ""1"
1579 5657 1788 5735 illi‘l“id
1832 5657 1842 5668 ’
1936 5657 2026 5701 ³⁰²’¹
2063 5669 2323 5723 Dicuntur
2381 5667 2526 5722 enim
2559 5657 2712 5720 'mss.
2767 5674 2814 5719 et
2873 5663 3054 5718 Editto
3107 5663 3330 5718 Gothica
3379 5664 3619 5718 dicunttr

353 5741 517 5783 θιιιιιιι

2607 4753 2697 4786 ³⁰⁰¹
2735 4752 2940 4806 Cavere
2986 4749 3159 4822 potuit
3223 4751 3635 4819 manuscrip'um

2607 4839 2744 4877 'vare
2774 4822 2944 4876 noluit
3087 4821 3181 4852 ³⁰⁰⁸
3206 4820 3321 4889 Ipsa
3353 4821 3453 4874 sibi
3489 4821 3631 4874 Edit.
