  <div class='ocr_page' id='page_1' title='image "/cluster/home/n/w/nwhite01/storage/ocr_20150623/158/hvd.32044054760160/224.png"; bbox 0 0 3940 6046; ppageno 0'>
   <div class='ocr_carea' id='block_1_1' title="bbox 309 279 414 334">
    <p class='ocr_par' dir='ltr' id='par_1_1' title="bbox 309 279 414 334">
     <span class='ocr_line' id='line_1_1' title="bbox 309 279 414 334; baseline -0.01 -1"><span class='ocrx_word' id='word_1_1' title='bbox 309 279 414 334; x_wconf 64' lang='grc'><strong>857</strong></span> 
     </span>
    </p>
   </div>
   <div class='ocr_carea' id='block_1_2' title="bbox 1303 254 2582 324">
    <p class='ocr_par' dir='ltr' id='par_1_2' title="bbox 1303 254 2582 324">
     <span class='ocr_line' id='line_1_2' title="bbox 1303 254 2582 324; baseline -0.012 0"><span class='ocrx_word' id='word_1_2' title='bbox 1303 264 1426 324; x_wconf 73' lang='lat' dir='ltr'><strong>LIB.</strong></span> <span class='ocrx_word' id='word_1_3' title='bbox 1469 267 1556 323; x_wconf 84' lang='lat' dir='ltr'><strong>DE</strong></span> <span class='ocrx_word' id='word_1_4' title='bbox 1592 262 1957 322; x_wconf 72' lang='lat' dir='ltr'><strong>CONCEPTU</strong></span> <span class='ocrx_word' id='word_1_5' title='bbox 2001 257 2382 320; x_wconf 74' lang='lat' dir='ltr'><strong>VIRGINALI,</strong></span> <span class='ocrx_word' id='word_1_6' title='bbox 2427 254 2582 310; x_wconf 85' lang='lat' dir='ltr'><strong>ETC.</strong></span> 
     </span>
    </p>
   </div>
   <div class='ocr_carea' id='block_1_3' title="bbox 3470 247 3578 306">
    <p class='ocr_par' dir='ltr' id='par_1_3' title="bbox 3470 247 3578 306">
     <span class='ocr_line' id='line_1_3' title="bbox 3470 247 3578 306; baseline 0.028 -4"><span class='ocrx_word' id='word_1_7' title='bbox 3470 247 3578 306; x_wconf 64' lang='lat'><strong>£58</strong></span> 
     </span>
    </p>
   </div>
   <div class='ocr_carea' id='block_1_4' title="bbox 309 359 3580 452">
    <p class='ocr_par' dir='ltr' id='par_1_4' title="bbox 309 359 3580 452">
     <span class='ocr_line' id='line_1_4' title="bbox 309 359 3580 452; baseline -0.009 -8"><span class='ocrx_word' id='word_1_8' title='bbox 309 387 625 444; x_wconf 76' lang='lat' dir='ltr'><strong>affectiones</strong></span> <span class='ocrx_word' id='word_1_9' title='bbox 654 393 712 440; x_wconf 92' lang='lat' dir='ltr'><strong>et</strong></span> <span class='ocrx_word' id='word_1_10' title='bbox 745 398 874 440; x_wconf 91' lang='lat' dir='ltr'><strong>usus</strong></span> <span class='ocrx_word' id='word_1_11' title='bbox 901 383 994 416; x_wconf 79' lang='grc'><strong>³⁰¹¹</strong></span> <span class='ocrx_word' id='word_1_12' title='bbox 1022 399 1035 436; x_wconf 88' lang='lat'>:</span> <span class='ocrx_word' id='word_1_13' title='bbox 1063 381 1206 452; x_wconf 85' lang='lat' dir='ltr'><strong>quod</strong></span> <span class='ocrx_word' id='word_1_14' title='bbox 1239 381 1326 436; x_wconf 90' lang='lat' dir='ltr'><strong>hic</strong></span> <span class='ocrx_word' id='word_1_15' title='bbox 1353 381 1570 448; x_wconf 84' lang='lat' dir='ltr'><strong>longum</strong></span> <span class='ocrx_word' id='word_1_16' title='bbox 1618 387 1702 433; x_wconf 91' lang='lat' dir='ltr'><strong>est</strong></span> <span class='ocrx_word' id='word_1_17' title='bbox 1744 376 1888 430; x_wconf 86' lang='lat' dir='ltr'><strong>inse-</strong></span> <span class='ocrx_word' id='word_1_18' title='bbox 1921 377 1967 432; x_wconf 81' lang='grc' dir='ltr'><strong>Α</strong></span> <span class='ocrx_word' id='word_1_19' title='bbox 1992 385 2157 442; x_wconf 89' lang='lat' dir='ltr'><strong>opere</strong></span> <span class='ocrx_word' id='word_1_20' title='bbox 2190 385 2296 424; x_wconf 90' lang='lat' dir='ltr'><strong>non</strong></span> <span class='ocrx_word' id='word_1_21' title='bbox 2323 368 2522 424; x_wconf 86' lang='lat' dir='ltr'><strong>deleto.</strong></span> <span class='ocrx_word' id='word_1_22' title='bbox 2557 363 2736 430; x_wconf 90' lang='lat' dir='ltr'><strong>Quare</strong></span> <span class='ocrx_word' id='word_1_23' title='bbox 2763 377 2865 418; x_wconf 90' lang='lat' dir='ltr'><strong>nec</strong></span> <span class='ocrx_word' id='word_1_24' title='bbox 2889 359 3034 416; x_wconf 90' lang='lat' dir='ltr'><strong>actio</strong></span> <span class='ocrx_word' id='word_1_25' title='bbox 3064 360 3180 425; x_wconf 78' lang='grc'>³⁰³⁸,</span> <span class='ocrx_word' id='word_1_26' title='bbox 3212 374 3333 430; x_wconf 69' lang='lat' dir='ltr'><strong>quae</strong></span> <span class='ocrx_word' id='word_1_27' title='bbox 3355 360 3580 427; x_wconf 85' lang='lat' dir='ltr'><strong>transit;</strong></span> 
     </span>
    </p>
   </div>
   <div class='ocr_carea' id='block_1_5' title="bbox 310 470 1892 547">
    <p class='ocr_par' dir='ltr' id='par_1_5' title="bbox 310 470 1892 547">
     <span class='ocr_line' id='line_1_5' title="bbox 310 470 1892 547; baseline -0.011 -11"><span class='ocrx_word' id='word_1_28' title='bbox 310 495 451 536; x_wconf 88' lang='lat' dir='ltr'><strong>rere.</strong></span> <span class='ocrx_word' id='word_1_29' title='bbox 485 476 595 533; x_wconf 84' lang='lat' dir='ltr'><strong>Nec</strong></span> <span class='ocrx_word' id='word_1_30' title='bbox 621 476 725 547; x_wconf 87' lang='lat' dir='ltr'><strong>ipsi</strong></span> <span class='ocrx_word' id='word_1_31' title='bbox 758 475 1048 546; x_wconf 89' lang='lat' dir='ltr'><strong>appetitus,</strong></span> <span class='ocrx_word' id='word_1_32' title='bbox 1081 487 1215 542; x_wconf 88' lang='lat' dir='ltr'><strong>quos</strong></span> <span class='ocrx_word' id='word_1_33' title='bbox 1235 470 1522 540; x_wconf 84' lang='lat' dir='ltr'><strong>Apostolus</strong></span> <span class='ocrx_word' id='word_1_34' title='bbox 1549 481 1768 524; x_wconf 89' lang='lat' dir='ltr'><strong>carnem</strong></span> <span class='ocrx_word' id='word_1_35' title='bbox 1795 479 1892 519; x_wconf 87' lang='lat' dir='ltr'><strong>vo-</strong></span> 
     </span>
    </p>
   </div>
   <div class='ocr_carea' id='block_1_6' title="bbox 312 555 1892 638">
    <p class='ocr_par' dir='ltr' id='par_1_6' title="bbox 312 555 1892 638">
     <span class='ocr_line' id='line_1_6' title="bbox 312 555 1892 638; baseline -0.011 -14"><span class='ocrx_word' id='word_1_36' title='bbox 312 578 424 633; x_wconf 90' lang='lat' dir='ltr'><strong>cat,</strong></span> <span class='ocrx_word' id='word_1_37' title='bbox 456 582 574 638; x_wconf 80' lang='lat' dir='ltr'><strong>qna:</strong></span> <span class='ocrx_word' id='word_1_38' title='bbox 603 565 919 634; x_wconf 72' lang='lat' dir='ltr'><strong>concupiscit</strong></span> <span class='ocrx_word' id='word_1_39' title='bbox 956 563 1206 616; x_wconf 79' lang='lat' dir='ltr'><strong>adversus</strong></span> <span class='ocrx_word' id='word_1_40' title='bbox 1238 561 1483 630; x_wconf 76' lang='lat' dir='ltr'><strong>spiritum</strong></span> <span class='ocrx_word' id='word_1_41' title='bbox 1527 557 1705 630; x_wconf 53' lang='lat' dir='ltr'><strong>(flant.</strong></span> <span class='ocrx_word' id='word_1_42' title='bbox 1743 555 1892 624; x_wconf 86' lang='lat' dir='ltr'><strong>vnt);</strong></span> 
     </span>
    </p>
   </div>
   <div class='ocr_carea' id='block_1_7' title="bbox 312 650 1898 729">
    <p class='ocr_par' dir='ltr' id='par_1_7' title="bbox 312 650 1898 729">
     <span class='ocr_line' id='line_1_7' title="bbox 312 650 1898 729; baseline -0.011 -14"><span class='ocrx_word' id='word_1_43' title='bbox 312 668 370 715; x_wconf 91' lang='lat' dir='ltr'><strong>et</strong></span> <span class='ocrx_word' id='word_1_44' title='bbox 397 658 556 729; x_wconf 83' lang='lat' dir='ltr'><strong><em>legem</em></strong></span> <span class='ocrx_word' id='word_1_45' title='bbox 587 655 824 726; x_wconf 79' lang='lat' dir='ltr'><strong>peccati,</strong></span> <span class='ocrx_word' id='word_1_46' title='bbox 863 669 981 724; x_wconf 72' lang='lat' dir='ltr'><strong>qua:</strong></span> <span class='ocrx_word' id='word_1_47' title='bbox 1018 661 1101 708; x_wconf 91' lang='lat' dir='ltr'><strong>est</strong></span> <span class='ocrx_word' id='word_1_48' title='bbox 1131 653 1186 706; x_wconf 86' lang='lat' dir='ltr'><strong>in</strong></span> <span class='ocrx_word' id='word_1_49' title='bbox 1218 650 1492 715; x_wconf 75' lang='lat' dir='ltr'><strong>membris,</strong></span> <span class='ocrx_word' id='word_1_50' title='bbox 1527 657 1898 720; x_wconf 81' lang='lat' dir='ltr'><strong>repugnantem</strong></span> 
     </span>
    </p>
   </div>
   <div class='ocr_carea' id='block_1_8' title="bbox 314 740 1900 820">
    <p class='ocr_par' dir='ltr' id='par_1_8' title="bbox 314 740 1900 820">
     <span class='ocr_line' id='line_1_8' title="bbox 314 740 1900 820; baseline -0.005 -16"><span class='ocrx_word' id='word_1_51' title='bbox 314 751 415 820; x_wconf 84' lang='lat' dir='ltr'><strong>legi</strong></span> <span class='ocrx_word' id='word_1_52' title='bbox 455 749 646 802; x_wconf 74' lang='lat' dir='ltr'><strong>mentis</strong></span> <span class='ocrx_word' id='word_1_53' title='bbox 685 745 888 816; x_wconf 83' lang='lat' dir='ltr'><strong>(Galat.</strong></span> <span class='ocrx_word' id='word_1_54' title='bbox 915 745 965 810; x_wconf 77' lang='grc' dir='ltr'><strong>ν)</strong></span> <span class='ocrx_word' id='word_1_55' title='bbox 1005 740 1138 813; x_wconf 86' lang='lat' dir='ltr'><strong>justi</strong></span> <span class='ocrx_word' id='word_1_56' title='bbox 1188 743 1274 800; x_wconf 91' lang='lat' dir='ltr'><strong>vel</strong></span> <span class='ocrx_word' id='word_1_57' title='bbox 1320 742 1503 812; x_wconf 90' lang='lat' dir='ltr'><strong>injusti</strong></span> <span class='ocrx_word' id='word_1_58' title='bbox 1536 751 1684 808; x_wconf 91' lang='lat' dir='ltr'><strong>sunt,</strong></span> <span class='ocrx_word' id='word_1_59' title='bbox 1711 756 1808 812; x_wconf 90' lang='lat' dir='ltr'><strong>per</strong></span> <span class='ocrx_word' id='word_1_60' title='bbox 1843 756 1900 797; x_wconf 89' lang='lat' dir='ltr'><strong>se</strong></span> 
     </span>
    </p>
   </div>
   <div class='ocr_carea' id='block_1_9' title="bbox 316 831 1903 902">
    <p class='ocr_par' dir='ltr' id='par_1_9' title="bbox 316 831 1903 902">
     <span class='ocr_line' id='line_1_9' title="bbox 316 831 1903 902; baseline -0.004 -9"><span class='ocrx_word' id='word_1_61' title='bbox 316 837 645 894; x_wconf 87' lang='lat' dir='ltr'><strong>considerati</strong></span> <span class='ocrx_word' id='word_1_62' title='bbox 674 837 789 890; x_wconf 65' lang='lat'><strong>3°&quot;.</strong></span> <span class='ocrx_word' id='word_1_63' title='bbox 830 836 944 890; x_wconf 88' lang='lat' dir='ltr'><strong>Non</strong></span> <span class='ocrx_word' id='word_1_64' title='bbox 977 836 1120 891; x_wconf 89' lang='lat' dir='ltr'><strong>enim</strong></span> <span class='ocrx_word' id='word_1_65' title='bbox 1164 834 1438 890; x_wconf 88' lang='lat' dir='ltr'><strong>hominem</strong></span> <span class='ocrx_word' id='word_1_66' title='bbox 1477 833 1683 902; x_wconf 91' lang='lat' dir='ltr'><strong>justum</strong></span> <span class='ocrx_word' id='word_1_67' title='bbox 1708 832 1802 865; x_wconf 66' lang='grc'>³⁸³⁸</span> <span class='ocrx_word' id='word_1_68' title='bbox 1826 831 1903 886; x_wconf 84' lang='lat' dir='ltr'><strong>fa-</strong></span> 
     </span>
    </p>
   </div>
   <div class='ocr_carea' id='block_1_10' title="bbox 319 924 1906 997">
    <p class='ocr_par' dir='ltr' id='par_1_10' title="bbox 319 924 1906 997">
     <span class='ocr_line' id='line_1_10' title="bbox 319 924 1906 997; baseline -0.006 -10"><span class='ocrx_word' id='word_1_69' title='bbox 319 932 492 994; x_wconf 88' lang='lat' dir='ltr'><strong>ciunt,</strong></span> <span class='ocrx_word' id='word_1_70' title='bbox 516 927 604 984; x_wconf 88' lang='lat' dir='ltr'><strong>vel</strong></span> <span class='ocrx_word' id='word_1_71' title='bbox 634 926 915 997; x_wconf 80' lang='lat' dir='ltr'><strong>injustam,</strong></span> <span class='ocrx_word' id='word_1_72' title='bbox 944 928 1299 992; x_wconf 84' lang='lat' dir='ltr'><strong>sentientem;</strong></span> <span class='ocrx_word' id='word_1_73' title='bbox 1344 925 1438 981; x_wconf 87' lang='lat' dir='ltr'><strong>sed</strong></span> <span class='ocrx_word' id='word_1_74' title='bbox 1479 924 1764 992; x_wconf 89' lang='lat' dir='ltr'><strong>injustum,</strong></span> <span class='ocrx_word' id='word_1_75' title='bbox 1792 934 1906 977; x_wconf 83' lang='lat' dir='ltr'><strong>tan-</strong></span> 
     </span>
    </p>
   </div>
   <div class='ocr_carea' id='block_1_11' title="bbox 323 1014 1903 1085">
    <p class='ocr_par' dir='ltr' id='par_1_11' title="bbox 323 1014 1903 1085">
     <span class='ocr_line' id='line_1_11' title="bbox 323 1014 1903 1085; baseline -0.006 -8"><span class='ocrx_word' id='word_1_76' title='bbox 323 1032 434 1077; x_wconf 91' lang='lat' dir='ltr'><strong>tum</strong></span> <span class='ocrx_word' id='word_1_77' title='bbox 464 1021 762 1085; x_wconf 84' lang='lat' dir='ltr'><strong>voluntate,</strong></span> <span class='ocrx_word' id='word_1_78' title='bbox 787 1034 910 1073; x_wconf 89' lang='lat' dir='ltr'><strong>cum</strong></span> <span class='ocrx_word' id='word_1_79' title='bbox 939 1034 1042 1074; x_wconf 91' lang='lat' dir='ltr'><strong>non</strong></span> <span class='ocrx_word' id='word_1_80' title='bbox 1071 1017 1247 1080; x_wconf 85' lang='lat' dir='ltr'><strong>debet,</strong></span> <span class='ocrx_word' id='word_1_81' title='bbox 1280 1017 1730 1072; x_wconf 80' lang='lat' dir='ltr'><strong>consentientem.</strong></span> <span class='ocrx_word' id='word_1_82' title='bbox 1762 1014 1903 1070; x_wconf 85' lang='lat' dir='ltr'><strong>Dicit</strong></span> 
     </span>
    </p>
   </div>
   <div class='ocr_carea' id='block_1_12' title="bbox 320 1107 1904 1183">
    <p class='ocr_par' dir='ltr' id='par_1_12' title="bbox 320 1107 1904 1183">
     <span class='ocr_line' id='line_1_12' title="bbox 320 1107 1904 1183; baseline -0.006 -13"><span class='ocrx_word' id='word_1_83' title='bbox 320 1115 463 1170; x_wconf 89' lang='lat' dir='ltr'><strong>enim</strong></span> <span class='ocrx_word' id='word_1_84' title='bbox 495 1113 787 1183; x_wconf 85' lang='lat' dir='ltr'><strong>Apostolus</strong></span> <span class='ocrx_word' id='word_1_85' title='bbox 823 1111 939 1175; x_wconf 65' lang='lat'><strong>&quot;’5,</strong></span> <span class='ocrx_word' id='word_1_86' title='bbox 983 1110 1114 1165; x_wconf 81' lang='lat' dir='ltr'><strong>nihil</strong></span> <span class='ocrx_word' id='word_1_87' title='bbox 1155 1110 1511 1164; x_wconf 80' lang='lat' dir='ltr'><strong>damnationis</strong></span> <span class='ocrx_word' id='word_1_88' title='bbox 1546 1123 1669 1163; x_wconf 92' lang='lat' dir='ltr'><strong>esse</strong></span> <span class='ocrx_word' id='word_1_89' title='bbox 1702 1108 1788 1162; x_wconf 90' lang='lat' dir='ltr'><strong>his</strong></span> <span class='ocrx_word' id='word_1_90' title='bbox 1815 1107 1904 1178; x_wconf 89' lang='lat' dir='ltr'><strong>qui</strong></span> 
     </span>
    </p>
   </div>
   <div class='ocr_carea' id='block_1_13' title="bbox 321 1200 1908 1271">
    <p class='ocr_par' dir='ltr' id='par_1_13' title="bbox 321 1200 1908 1271">
     <span class='ocr_line' id='line_1_13' title="bbox 321 1200 1908 1271; baseline -0.006 -12"><span class='ocrx_word' id='word_1_91' title='bbox 321 1216 442 1259; x_wconf 73' lang='lat' dir='ltr'><strong>sunt</strong></span> <span class='ocrx_word' id='word_1_92' title='bbox 469 1205 522 1258; x_wconf 88' lang='lat' dir='ltr'><strong>in</strong></span> <span class='ocrx_word' id='word_1_93' title='bbox 552 1202 758 1258; x_wconf 74' lang='lat' dir='ltr'><strong>Christo</strong></span> <span class='ocrx_word' id='word_1_94' title='bbox 787 1201 940 1268; x_wconf 73' lang='lat' dir='ltr'><strong>Iesu,</strong></span> <span class='ocrx_word' id='word_1_95' title='bbox 970 1204 1058 1271; x_wconf 82' lang='lat' dir='ltr'><strong>qui</strong></span> <span class='ocrx_word' id='word_1_96' title='bbox 1098 1218 1201 1255; x_wconf 90' lang='lat' dir='ltr'><strong>non</strong></span> <span class='ocrx_word' id='word_1_97' title='bbox 1223 1200 1509 1254; x_wconf 80' lang='lat' dir='ltr'><strong>secundum</strong></span> <span class='ocrx_word' id='word_1_98' title='bbox 1549 1215 1760 1252; x_wconf 86' lang='lat' dir='ltr'><strong>carnem</strong></span> <span class='ocrx_word' id='word_1_99' title='bbox 1796 1213 1908 1251; x_wconf 86' lang='lat' dir='ltr'><strong>am-</strong></span> 
     </span>
    </p>
   </div>
   <div class='ocr_carea' id='block_1_14' title="bbox 324 1289 1908 1364">
    <p class='ocr_par' dir='ltr' id='par_1_14' title="bbox 324 1289 1908 1364">
     <span class='ocr_line' id='line_1_14' title="bbox 324 1289 1908 1364; baseline -0.004 -14"><span class='ocrx_word' id='word_1_100' title='bbox 324 1295 506 1350; x_wconf 83' lang='lat' dir='ltr'><strong>bulant</strong></span> <span class='ocrx_word' id='word_1_101' title='bbox 557 1294 736 1363; x_wconf 81' lang='lat' dir='ltr'><strong>(Rom.</strong></span> <span class='ocrx_word' id='word_1_102' title='bbox 770 1293 912 1364; x_wconf 86' lang='lat' dir='ltr'><strong>vnt),</strong></span> <span class='ocrx_word' id='word_1_103' title='bbox 964 1293 1016 1347; x_wconf 91' lang='lat' dir='ltr'><strong>id</strong></span> <span class='ocrx_word' id='word_1_104' title='bbox 1047 1300 1132 1348; x_wconf 91' lang='lat' dir='ltr'><strong>est</strong></span> <span class='ocrx_word' id='word_1_105' title='bbox 1159 1291 1273 1354; x_wconf 78' lang='grc'><strong>³⁰²⁶,</strong></span> <span class='ocrx_word' id='word_1_106' title='bbox 1319 1291 1411 1360; x_wconf 89' lang='lat' dir='ltr'><strong>qui</strong></span> <span class='ocrx_word' id='word_1_107' title='bbox 1462 1305 1568 1344; x_wconf 93' lang='lat' dir='ltr'><strong>non</strong></span> <span class='ocrx_word' id='word_1_108' title='bbox 1601 1289 1784 1344; x_wconf 91' lang='lat' dir='ltr'><strong>carnis</strong></span> <span class='ocrx_word' id='word_1_109' title='bbox 1811 1304 1908 1344; x_wconf 89' lang='lat' dir='ltr'><strong>vo-</strong></span> 
     </span>
    </p>
   </div>
   <div class='ocr_carea' id='block_1_15' title="bbox 325 1379 1912 1441">
    <p class='ocr_par' dir='ltr' id='par_1_15' title="bbox 325 1379 1912 1441">
     <span class='ocr_line' id='line_1_15' title="bbox 325 1379 1912 1441; baseline -0.004 -2"><span class='ocrx_word' id='word_1_110' title='bbox 325 1386 535 1441; x_wconf 90' lang='lat' dir='ltr'><strong>luntate</strong></span> <span class='ocrx_word' id='word_1_111' title='bbox 586 1385 680 1416; x_wconf 83' lang='grc'><strong>³⁰¹⁷</strong></span> <span class='ocrx_word' id='word_1_112' title='bbox 729 1383 1097 1440; x_wconf 87' lang='lat' dir='ltr'><strong>consentiunt.</strong></span> <span class='ocrx_word' id='word_1_113' title='bbox 1145 1380 1281 1436; x_wconf 88' lang='lat' dir='ltr'><strong>Nam</strong></span> <span class='ocrx_word' id='word_1_114' title='bbox 1329 1380 1374 1436; x_wconf 89' lang='lat' dir='ltr'><strong>si</strong></span> <span class='ocrx_word' id='word_1_115' title='bbox 1415 1381 1739 1436; x_wconf 84' lang='lat' dir='ltr'><strong>sentientem</strong></span> <span class='ocrx_word' id='word_1_116' title='bbox 1794 1379 1912 1434; x_wconf 85' lang='lat' dir='ltr'><strong>sine</strong></span> 
     </span>
    </p>
   </div>
   <div class='ocr_carea' id='block_1_16' title="bbox 327 1473 1914 1545">
    <p class='ocr_par' dir='ltr' id='par_1_16' title="bbox 327 1473 1914 1545">
     <span class='ocr_line' id='line_1_16' title="bbox 327 1473 1914 1545; baseline -0.004 -13"><span class='ocrx_word' id='word_1_117' title='bbox 327 1492 614 1542; x_wconf 90' lang='lat' dir='ltr'><strong>consensu,</strong></span> <span class='ocrx_word' id='word_1_118' title='bbox 645 1473 901 1545; x_wconf 91' lang='lat' dir='ltr'><strong>iujustum</strong></span> <span class='ocrx_word' id='word_1_119' title='bbox 930 1475 1194 1540; x_wconf 87' lang='lat' dir='ltr'><strong>facerent,</strong></span> <span class='ocrx_word' id='word_1_120' title='bbox 1219 1483 1542 1543; x_wconf 83' lang='lat' dir='ltr'><strong>sequeretur</strong></span> <span class='ocrx_word' id='word_1_121' title='bbox 1568 1473 1663 1513; x_wconf 77' lang='grc'><strong>²⁰²⁸</strong></span> <span class='ocrx_word' id='word_1_122' title='bbox 1689 1473 1914 1527; x_wconf 58' lang='lat' dir='ltr'><strong>damna.</strong></span> 
     </span>
    </p>
   </div>
   <div class='ocr_carea' id='block_1_17' title="bbox 333 1564 1914 1634">
    <p class='ocr_par' dir='ltr' id='par_1_17' title="bbox 333 1564 1914 1634">
     <span class='ocr_line' id='line_1_17' title="bbox 333 1564 1914 1634; baseline -0.003 -13"><span class='ocrx_word' id='word_1_123' title='bbox 333 1568 431 1622; x_wconf 87' lang='lat' dir='ltr'><strong>tio.</strong></span> <span class='ocrx_word' id='word_1_124' title='bbox 468 1566 647 1634; x_wconf 84' lang='lat' dir='ltr'><strong>Quare</strong></span> <span class='ocrx_word' id='word_1_125' title='bbox 681 1581 788 1620; x_wconf 91' lang='lat' dir='ltr'><strong>non</strong></span> <span class='ocrx_word' id='word_1_126' title='bbox 813 1580 908 1621; x_wconf 88' lang='lat' dir='ltr'><strong>eos</strong></span> <span class='ocrx_word' id='word_1_127' title='bbox 931 1566 1158 1630; x_wconf 91' lang='lat' dir='ltr'><strong>sentire,</strong></span> <span class='ocrx_word' id='word_1_128' title='bbox 1201 1565 1296 1619; x_wconf 91' lang='lat' dir='ltr'><strong>sed</strong></span> <span class='ocrx_word' id='word_1_129' title='bbox 1326 1565 1407 1619; x_wconf 93' lang='lat' dir='ltr'><strong>eis</strong></span> <span class='ocrx_word' id='word_1_130' title='bbox 1429 1564 1759 1631; x_wconf 90' lang='lat' dir='ltr'><strong>consentire,</strong></span> <span class='ocrx_word' id='word_1_131' title='bbox 1787 1577 1914 1633; x_wconf 89' lang='lat' dir='ltr'><strong>pec-</strong></span> 
     </span>
    </p>
   </div>
   <div class='ocr_carea' id='block_1_18' title="bbox 332 1655 1916 1727">
    <p class='ocr_par' dir='ltr' id='par_1_18' title="bbox 332 1655 1916 1727">
     <span class='ocr_line' id='line_1_18' title="bbox 332 1655 1916 1727; baseline -0.001 -14"><span class='ocrx_word' id='word_1_132' title='bbox 332 1667 514 1714; x_wconf 91' lang='lat' dir='ltr'><strong>eatum</strong></span> <span class='ocrx_word' id='word_1_133' title='bbox 543 1667 646 1714; x_wconf 91' lang='lat' dir='ltr'><strong>est.</strong></span> <span class='ocrx_word' id='word_1_134' title='bbox 681 1658 738 1713; x_wconf 90' lang='lat' dir='ltr'><strong>Si</strong></span> <span class='ocrx_word' id='word_1_135' title='bbox 766 1658 909 1712; x_wconf 91' lang='lat' dir='ltr'><strong>enim</strong></span> <span class='ocrx_word' id='word_1_136' title='bbox 938 1671 1034 1727; x_wconf 93' lang='lat' dir='ltr'><strong>per</strong></span> <span class='ocrx_word' id='word_1_137' title='bbox 1060 1671 1119 1712; x_wconf 91' lang='lat' dir='ltr'><strong>se</strong></span> <span class='ocrx_word' id='word_1_138' title='bbox 1149 1655 1330 1725; x_wconf 91' lang='lat' dir='ltr'><strong>injusti</strong></span> <span class='ocrx_word' id='word_1_139' title='bbox 1357 1666 1539 1712; x_wconf 86' lang='lat' dir='ltr'><strong>essent</strong></span> <span class='ocrx_word' id='word_1_140' title='bbox 1565 1656 1680 1722; x_wconf 71' lang='grc'><strong>⁸⁸³³,</strong></span> <span class='ocrx_word' id='word_1_141' title='bbox 1706 1655 1916 1726; x_wconf 87' lang='lat' dir='ltr'><strong>quoties</strong></span> 
     </span>
    </p>
   </div>
   <div class='ocr_carea' id='block_1_19' title="bbox 335 1745 1918 1817">
    <p class='ocr_par' dir='ltr' id='par_1_19' title="bbox 335 1745 1918 1817">
     <span class='ocr_line' id='line_1_19' title="bbox 335 1745 1918 1817; baseline -0.003 -13"><span class='ocrx_word' id='word_1_142' title='bbox 335 1749 448 1804; x_wconf 85' lang='lat' dir='ltr'><strong>illis</strong></span> <span class='ocrx_word' id='word_1_143' title='bbox 477 1749 902 1813; x_wconf 86' lang='lat' dir='ltr'><strong>consentiretur,</strong></span> <span class='ocrx_word' id='word_1_144' title='bbox 934 1745 1192 1816; x_wconf 90' lang='lat' dir='ltr'><strong>injustum</strong></span> <span class='ocrx_word' id='word_1_145' title='bbox 1241 1749 1505 1802; x_wconf 90' lang='lat' dir='ltr'><strong>facerent.</strong></span> <span class='ocrx_word' id='word_1_146' title='bbox 1563 1745 1669 1802; x_wconf 88' lang='lat' dir='ltr'><strong>Sed</strong></span> <span class='ocrx_word' id='word_1_147' title='bbox 1700 1745 1918 1817; x_wconf 88' lang='lat' dir='ltr'><strong>quando</strong></span> 
     </span>
    </p>
   </div>
   <div class='ocr_carea' id='block_1_20' title="bbox 332 1836 1918 1915">
    <p class='ocr_par' dir='ltr' id='par_1_20' title="bbox 332 1836 1918 1915">
     <span class='ocr_line' id='line_1_20' title="bbox 332 1836 1918 1915; baseline -0.002 -20"><span class='ocrx_word' id='word_1_148' title='bbox 332 1841 492 1896; x_wconf 80' lang='lat' dir='ltr'><strong>bruta</strong></span> <span class='ocrx_word' id='word_1_149' title='bbox 517 1839 771 1894; x_wconf 83' lang='lat' dir='ltr'><strong>animalia</strong></span> <span class='ocrx_word' id='word_1_150' title='bbox 823 1839 929 1894; x_wconf 90' lang='lat' dir='ltr'><strong>illis</strong></span> <span class='ocrx_word' id='word_1_151' title='bbox 971 1838 1334 1904; x_wconf 86' lang='lat' dir='ltr'><strong>consentiunt,</strong></span> <span class='ocrx_word' id='word_1_152' title='bbox 1359 1853 1465 1894; x_wconf 91' lang='lat' dir='ltr'><strong>non</strong></span> <span class='ocrx_word' id='word_1_153' title='bbox 1489 1839 1741 1915; x_wconf 82' lang='lat' dir='ltr'><strong>dicuntur</strong></span> <span class='ocrx_word' id='word_1_154' title='bbox 1777 1836 1918 1905; x_wconf 90' lang='lat' dir='ltr'><strong>inju-</strong></span> 
     </span>
    </p>
   </div>
   <div class='ocr_carea' id='block_1_21' title="bbox 334 1929 1917 2002">
    <p class='ocr_par' dir='ltr' id='par_1_21' title="bbox 334 1929 1917 2002">
     <span class='ocr_line' id='line_1_21' title="bbox 334 1929 1917 2002; baseline -0.004 -14"><span class='ocrx_word' id='word_1_155' title='bbox 334 1944 440 1988; x_wconf 89' lang='lat' dir='ltr'><strong>sta.</strong></span> <span class='ocrx_word' id='word_1_156' title='bbox 481 1933 612 1988; x_wconf 90' lang='lat' dir='ltr'><strong>ltem</strong></span> <span class='ocrx_word' id='word_1_157' title='bbox 638 1949 654 1990; x_wconf 89' lang='lat'><strong>:</strong></span> <span class='ocrx_word' id='word_1_158' title='bbox 685 1932 731 1987; x_wconf 88' lang='lat' dir='ltr'><strong>si</strong></span> <span class='ocrx_word' id='word_1_159' title='bbox 759 1939 980 2002; x_wconf 89' lang='lat' dir='ltr'><strong>peccata</strong></span> <span class='ocrx_word' id='word_1_160' title='bbox 1026 1939 1232 1997; x_wconf 91' lang='lat' dir='ltr'><strong>essent,</strong></span> <span class='ocrx_word' id='word_1_161' title='bbox 1265 1930 1609 1986; x_wconf 86' lang='lat' dir='ltr'><strong>auferrentur</strong></span> <span class='ocrx_word' id='word_1_162' title='bbox 1652 1930 1706 1983; x_wconf 92' lang='lat' dir='ltr'><strong>in</strong></span> <span class='ocrx_word' id='word_1_163' title='bbox 1735 1929 1917 1998; x_wconf 85' lang='lat' dir='ltr'><strong>bapti-</strong></span> 
     </span>
    </p>
   </div>
   <div class='ocr_carea' id='block_1_22' title="bbox 333 2022 1918 2094">
    <p class='ocr_par' dir='ltr' id='par_1_22' title="bbox 333 2022 1918 2094">
     <span class='ocr_line' id='line_1_22' title="bbox 333 2022 1918 2094; baseline -0.003 -15"><span class='ocrx_word' id='word_1_164' title='bbox 333 2040 476 2090; x_wconf 90' lang='lat' dir='ltr'><strong>smo,</strong></span> <span class='ocrx_word' id='word_1_165' title='bbox 502 2040 624 2080; x_wconf 90' lang='lat' dir='ltr'><strong>eum</strong></span> <span class='ocrx_word' id='word_1_166' title='bbox 655 2039 817 2079; x_wconf 91' lang='lat' dir='ltr'><strong>omne</strong></span> <span class='ocrx_word' id='word_1_167' title='bbox 843 2032 1126 2094; x_wconf 88' lang='lat' dir='ltr'><strong>peccatum</strong></span> <span class='ocrx_word' id='word_1_168' title='bbox 1149 2023 1480 2091; x_wconf 87' lang='lat' dir='ltr'><strong>abstergitnr</strong></span> <span class='ocrx_word' id='word_1_169' title='bbox 1502 2039 1517 2078; x_wconf 90' lang='lat'><strong>:</strong></span> <span class='ocrx_word' id='word_1_170' title='bbox 1543 2022 1684 2092; x_wconf 90' lang='lat' dir='ltr'><strong>quod</strong></span> <span class='ocrx_word' id='word_1_171' title='bbox 1715 2036 1918 2091; x_wconf 90' lang='lat' dir='ltr'><strong>nequa-</strong></span> 
     </span>
    </p>
   </div>
   <div class='ocr_carea' id='block_1_23' title="bbox 334 2112 1920 2185">
    <p class='ocr_par' dir='ltr' id='par_1_23' title="bbox 334 2112 1920 2185">
     <span class='ocr_line' id='line_1_23' title="bbox 334 2112 1920 2185; baseline -0.001 -17"><span class='ocrx_word' id='word_1_172' title='bbox 334 2131 497 2185; x_wconf 85' lang='lat' dir='ltr'><strong>quam</strong></span> <span class='ocrx_word' id='word_1_173' title='bbox 518 2115 632 2169; x_wconf 88' lang='lat' dir='ltr'><strong>lieri</strong></span> <span class='ocrx_word' id='word_1_174' title='bbox 656 2114 829 2185; x_wconf 89' lang='lat' dir='ltr'><strong>palam</strong></span> <span class='ocrx_word' id='word_1_175' title='bbox 851 2123 952 2170; x_wconf 91' lang='lat' dir='ltr'><strong>est.</strong></span> <span class='ocrx_word' id='word_1_176' title='bbox 969 2113 1149 2182; x_wconf 89' lang='lat' dir='ltr'><strong>Quare</strong></span> <span class='ocrx_word' id='word_1_177' title='bbox 1171 2128 1276 2168; x_wconf 90' lang='lat' dir='ltr'><strong>non</strong></span> <span class='ocrx_word' id='word_1_178' title='bbox 1299 2124 1382 2169; x_wconf 90' lang='lat' dir='ltr'><strong>est</strong></span> <span class='ocrx_word' id='word_1_179' title='bbox 1404 2114 1456 2168; x_wconf 92' lang='lat' dir='ltr'><strong>in</strong></span> <span class='ocrx_word' id='word_1_180' title='bbox 1477 2129 1662 2169; x_wconf 91' lang='lat' dir='ltr'><strong>eorum</strong></span> <span class='ocrx_word' id='word_1_181' title='bbox 1685 2112 1920 2168; x_wconf 87' lang='lat' dir='ltr'><strong>essentia</strong></span> 
     </span>
    </p>
   </div>
   <div class='ocr_carea' id='block_1_24' title="bbox 339 2201 1922 2274">
    <p class='ocr_par' dir='ltr' id='par_1_24' title="bbox 339 2201 1922 2274">
     <span class='ocr_line' id='line_1_24' title="bbox 339 2201 1922 2274; baseline -0.002 -16"><span class='ocrx_word' id='word_1_182' title='bbox 339 2206 450 2259; x_wconf 90' lang='lat' dir='ltr'><strong>ulla</strong></span> <span class='ocrx_word' id='word_1_183' title='bbox 485 2204 780 2274; x_wconf 88' lang='lat' dir='ltr'><strong>injustitia;</strong></span> <span class='ocrx_word' id='word_1_184' title='bbox 825 2205 921 2261; x_wconf 89' lang='lat' dir='ltr'><strong>sed</strong></span> <span class='ocrx_word' id='word_1_185' title='bbox 970 2205 1024 2259; x_wconf 94' lang='lat' dir='ltr'><strong>in</strong></span> <span class='ocrx_word' id='word_1_186' title='bbox 1054 2203 1331 2259; x_wconf 81' lang='lat' dir='ltr'><strong>voluntate</strong></span> <span class='ocrx_word' id='word_1_187' title='bbox 1379 2202 1632 2257; x_wconf 85' lang='lat' dir='ltr'><strong>rationali</strong></span> <span class='ocrx_word' id='word_1_188' title='bbox 1669 2201 1790 2257; x_wconf 88' lang='lat' dir='ltr'><strong>illos</strong></span> <span class='ocrx_word' id='word_1_189' title='bbox 1836 2201 1922 2256; x_wconf 91' lang='lat' dir='ltr'><strong>in-</strong></span> 
     </span>
    </p>
   </div>
   <div class='ocr_carea' id='block_1_25' title="bbox 335 2291 1922 2365">
    <p class='ocr_par' dir='ltr' id='par_1_25' title="bbox 335 2291 1922 2365">
     <span class='ocr_line' id='line_1_25' title="bbox 335 2291 1922 2365; baseline -0.003 -14"><span class='ocrx_word' id='word_1_190' title='bbox 335 2297 588 2351; x_wconf 88' lang='lat' dir='ltr'><strong>ordinate</strong></span> <span class='ocrx_word' id='word_1_191' title='bbox 617 2302 900 2365; x_wconf 82' lang='lat' dir='ltr'><strong>sequente.</strong></span> <span class='ocrx_word' id='word_1_192' title='bbox 938 2294 1071 2350; x_wconf 81' lang='lat' dir='ltr'><strong>Cum</strong></span> <span class='ocrx_word' id='word_1_193' title='bbox 1104 2294 1252 2349; x_wconf 91' lang='lat' dir='ltr'><strong>enim</strong></span> <span class='ocrx_word' id='word_1_194' title='bbox 1282 2293 1388 2348; x_wconf 88' lang='lat' dir='ltr'><strong>illis</strong></span> <span class='ocrx_word' id='word_1_195' title='bbox 1416 2292 1621 2348; x_wconf 86' lang='lat' dir='ltr'><strong>resistit</strong></span> <span class='ocrx_word' id='word_1_196' title='bbox 1647 2291 1922 2357; x_wconf 89' lang='lat' dir='ltr'><strong>voluntas,</strong></span> 
     </span>
    </p>
   </div>
   <div class='ocr_carea' id='block_1_26' title="bbox 335 2381 1919 2456">
    <p class='ocr_par' dir='ltr' id='par_1_26' title="bbox 335 2381 1919 2456">
     <span class='ocr_line' id='line_1_26' title="bbox 335 2381 1919 2456; baseline -0.004 -13"><span class='ocrx_word' id='word_1_197' title='bbox 335 2386 763 2443; x_wconf 89' lang='lat' dir='ltr'><strong>condelectando</strong></span> <span class='ocrx_word' id='word_1_198' title='bbox 793 2385 900 2456; x_wconf 89' lang='lat' dir='ltr'><strong>legi</strong></span> <span class='ocrx_word' id='word_1_199' title='bbox 930 2383 1026 2440; x_wconf 87' lang='lat' dir='ltr'><strong>Dei</strong></span> <span class='ocrx_word' id='word_1_200' title='bbox 1057 2384 1352 2440; x_wconf 88' lang='lat' dir='ltr'><strong>secundum</strong></span> <span class='ocrx_word' id='word_1_201' title='bbox 1403 2383 1717 2438; x_wconf 89' lang='lat' dir='ltr'><strong>interiorem</strong></span> <span class='ocrx_word' id='word_1_202' title='bbox 1743 2381 1919 2440; x_wconf 88' lang='lat' dir='ltr'><strong>homi-</strong></span> 
     </span>
    </p>
   </div>
   <div class='ocr_carea' id='block_1_27' title="bbox 336 2473 1920 2548">
    <p class='ocr_par' dir='ltr' id='par_1_27' title="bbox 336 2473 1920 2548">
     <span class='ocr_line' id='line_1_27' title="bbox 336 2473 1920 2548; baseline -0.004 -13"><span class='ocrx_word' id='word_1_203' title='bbox 336 2495 459 2535; x_wconf 89' lang='lat' dir='ltr'><strong>nem</strong></span> <span class='ocrx_word' id='word_1_204' title='bbox 479 2496 494 2544; x_wconf 94' lang='lat'><strong>;</strong></span> <span class='ocrx_word' id='word_1_205' title='bbox 520 2488 646 2534; x_wconf 90' lang='lat' dir='ltr'><strong>tunc</strong></span> <span class='ocrx_word' id='word_1_206' title='bbox 661 2487 741 2534; x_wconf 89' lang='lat' dir='ltr'><strong>est</strong></span> <span class='ocrx_word' id='word_1_207' title='bbox 752 2478 895 2548; x_wconf 88' lang='lat' dir='ltr'><strong>justa</strong></span> <span class='ocrx_word' id='word_1_208' title='bbox 915 2477 1182 2533; x_wconf 86' lang='lat' dir='ltr'><strong>voluntas.</strong></span> <span class='ocrx_word' id='word_1_209' title='bbox 1194 2475 1466 2532; x_wconf 85' lang='lat' dir='ltr'><strong>Justitiam</strong></span> <span class='ocrx_word' id='word_1_210' title='bbox 1481 2477 1644 2540; x_wconf 89' lang='lat' dir='ltr'><strong>enim,</strong></span> <span class='ocrx_word' id='word_1_211' title='bbox 1659 2491 1820 2545; x_wconf 90' lang='lat' dir='ltr'><strong>quam</strong></span> <span class='ocrx_word' id='word_1_212' title='bbox 1838 2473 1920 2530; x_wconf 81' lang='lat' dir='ltr'><strong>lex</strong></span> 
     </span>
    </p>
   </div>
   <div class='ocr_carea' id='block_1_28' title="bbox 329 2567 1924 2641">
    <p class='ocr_par' dir='ltr' id='par_1_28' title="bbox 329 2567 1924 2641">
     <span class='ocr_line' id='line_1_28' title="bbox 329 2567 1924 2641; baseline -0.001 -17"><span class='ocrx_word' id='word_1_213' title='bbox 329 2569 506 2638; x_wconf 84' lang='lat' dir='ltr'><strong>jubet,</strong></span> <span class='ocrx_word' id='word_1_214' title='bbox 531 2579 587 2625; x_wconf 91' lang='lat' dir='ltr'><strong>et</strong></span> <span class='ocrx_word' id='word_1_215' title='bbox 615 2569 790 2641; x_wconf 83' lang='lat' dir='ltr'><strong>legem</strong></span> <span class='ocrx_word' id='word_1_216' title='bbox 815 2571 907 2626; x_wconf 89' lang='lat' dir='ltr'><strong>Dei</strong></span> <span class='ocrx_word' id='word_1_217' title='bbox 960 2569 1113 2634; x_wconf 88' lang='lat' dir='ltr'><strong>dicit,</strong></span> <span class='ocrx_word' id='word_1_218' title='bbox 1148 2568 1273 2638; x_wconf 90' lang='lat' dir='ltr'><strong>quia</strong></span> <span class='ocrx_word' id='word_1_219' title='bbox 1321 2583 1353 2622; x_wconf 89' lang='lat' dir='ltr'><strong>a</strong></span> <span class='ocrx_word' id='word_1_220' title='bbox 1386 2568 1495 2623; x_wconf 81' lang='lat' dir='ltr'><strong>Deo</strong></span> <span class='ocrx_word' id='word_1_221' title='bbox 1517 2577 1632 2635; x_wconf 90' lang='lat' dir='ltr'><strong>est;</strong></span> <span class='ocrx_word' id='word_1_222' title='bbox 1668 2576 1723 2623; x_wconf 90' lang='lat' dir='ltr'><strong>et</strong></span> <span class='ocrx_word' id='word_1_223' title='bbox 1752 2567 1924 2639; x_wconf 84' lang='lat' dir='ltr'><strong>legem</strong></span> 
     </span>
    </p>
   </div>
   <div class='ocr_carea' id='block_1_29' title="bbox 340 2657 1926 2732">
    <p class='ocr_par' dir='ltr' id='par_1_29' title="bbox 340 2657 1926 2732">
     <span class='ocr_line' id='line_1_29' title="bbox 340 2657 1926 2732; baseline 0 -18"><span class='ocrx_word' id='word_1_224' title='bbox 340 2662 560 2726; x_wconf 81' lang='lat' dir='ltr'><strong>mentis,</strong></span> <span class='ocrx_word' id='word_1_225' title='bbox 584 2662 712 2732; x_wconf 86' lang='lat' dir='ltr'><strong>quia</strong></span> <span class='ocrx_word' id='word_1_226' title='bbox 751 2676 848 2732; x_wconf 90' lang='lat' dir='ltr'><strong>per</strong></span> <span class='ocrx_word' id='word_1_227' title='bbox 875 2669 1114 2716; x_wconf 88' lang='lat' dir='ltr'><strong>mentem</strong></span> <span class='ocrx_word' id='word_1_228' title='bbox 1159 2658 1479 2730; x_wconf 80' lang='lat' dir='ltr'><strong>intelligitur</strong></span> <span class='ocrx_word' id='word_1_229' title='bbox 1507 2675 1521 2712; x_wconf 91' lang='lat'><strong>:</strong></span> <span class='ocrx_word' id='word_1_230' title='bbox 1555 2660 1699 2714; x_wconf 88' lang='lat' dir='ltr'><strong>sicut</strong></span> <span class='ocrx_word' id='word_1_231' title='bbox 1725 2657 1810 2713; x_wconf 82' lang='lat' dir='ltr'><strong>lex</strong></span> <span class='ocrx_word' id='word_1_232' title='bbox 1833 2672 1926 2714; x_wconf 85' lang='lat' dir='ltr'><strong>ve-</strong></span> 
     </span>
    </p>
   </div>
   <div class='ocr_carea' id='block_1_30' title="bbox 343 2748 1923 2821">
    <p class='ocr_par' dir='ltr' id='par_1_30' title="bbox 343 2748 1923 2821">
     <span class='ocr_line' id='line_1_30' title="bbox 343 2748 1923 2821; baseline -0.001 -15"><span class='ocrx_word' id='word_1_233' title='bbox 343 2760 428 2807; x_wconf 86' lang='lat' dir='ltr'><strong>tns</strong></span> <span class='ocrx_word' id='word_1_234' title='bbox 474 2751 562 2806; x_wconf 83' lang='lat' dir='ltr'><strong>lex</strong></span> <span class='ocrx_word' id='word_1_235' title='bbox 589 2751 684 2806; x_wconf 91' lang='lat' dir='ltr'><strong>Dei</strong></span> <span class='ocrx_word' id='word_1_236' title='bbox 733 2750 951 2813; x_wconf 87' lang='lat' dir='ltr'><strong>dicitur,</strong></span> <span class='ocrx_word' id='word_1_237' title='bbox 981 2750 1106 2821; x_wconf 91' lang='lat' dir='ltr'><strong>quia</strong></span> <span class='ocrx_word' id='word_1_238' title='bbox 1148 2765 1176 2804; x_wconf 92' lang='lat' dir='ltr'><strong>a</strong></span> <span class='ocrx_word' id='word_1_239' title='bbox 1208 2749 1319 2805; x_wconf 90' lang='lat' dir='ltr'><strong>Deo</strong></span> <span class='ocrx_word' id='word_1_240' title='bbox 1343 2757 1451 2815; x_wconf 87' lang='lat' dir='ltr'><strong>est;</strong></span> <span class='ocrx_word' id='word_1_241' title='bbox 1501 2754 1561 2804; x_wconf 72' lang='lat' dir='ltr'><strong>‘et</strong></span> <span class='ocrx_word' id='word_1_242' title='bbox 1603 2751 1686 2804; x_wconf 86' lang='lat' dir='ltr'><strong>lex</strong></span> <span class='ocrx_word' id='word_1_243' title='bbox 1730 2748 1923 2820; x_wconf 84' lang='lat' dir='ltr'><strong>Moysi,</strong></span> 
     </span>
    </p>
   </div>
   <div class='ocr_carea' id='block_1_31' title="bbox 341 2840 1926 2913">
    <p class='ocr_par' dir='ltr' id='par_1_31' title="bbox 341 2840 1926 2913">
     <span class='ocr_line' id='line_1_31' title="bbox 341 2840 1926 2913; baseline -0.002 -16"><span class='ocrx_word' id='word_1_244' title='bbox 341 2844 470 2913; x_wconf 92' lang='lat' dir='ltr'><strong>quia</strong></span> <span class='ocrx_word' id='word_1_245' title='bbox 499 2858 597 2913; x_wconf 90' lang='lat' dir='ltr'><strong>per</strong></span> <span class='ocrx_word' id='word_1_246' title='bbox 625 2842 847 2913; x_wconf 82' lang='lat' dir='ltr'><strong>Moysen</strong></span> <span class='ocrx_word' id='word_1_247' title='bbox 891 2842 1200 2898; x_wconf 87' lang='lat' dir='ltr'><strong>ministrata</strong></span> <span class='ocrx_word' id='word_1_248' title='bbox 1240 2851 1346 2896; x_wconf 90' lang='lat' dir='ltr'><strong>est.</strong></span> <span class='ocrx_word' id='word_1_249' title='bbox 1395 2841 1548 2907; x_wconf 91' lang='lat' dir='ltr'><strong>Quod</strong></span> <span class='ocrx_word' id='word_1_250' title='bbox 1574 2840 1788 2911; x_wconf 87' lang='lat' dir='ltr'><strong>quidem</strong></span> <span class='ocrx_word' id='word_1_251' title='bbox 1815 2840 1926 2895; x_wconf 79' lang='lat' dir='ltr'><strong>dixi</strong></span> 
     </span>
    </p>
   </div>
   <div class='ocr_carea' id='block_1_32' title="bbox 342 2929 1927 3000">
    <p class='ocr_par' dir='ltr' id='par_1_32' title="bbox 342 2929 1927 3000">
     <span class='ocr_line' id='line_1_32' title="bbox 342 2929 1927 3000; baseline -0.003 -14"><span class='ocrx_word' id='word_1_252' title='bbox 342 2931 547 2986; x_wconf 91' lang='lat' dir='ltr'><strong>nullam</strong></span> <span class='ocrx_word' id='word_1_253' title='bbox 592 2932 860 2986; x_wconf 90' lang='lat' dir='ltr'><strong>actionem</strong></span> <span class='ocrx_word' id='word_1_254' title='bbox 892 2945 989 3000; x_wconf 90' lang='lat' dir='ltr'><strong>per</strong></span> <span class='ocrx_word' id='word_1_255' title='bbox 1019 2944 1079 2986; x_wconf 89' lang='lat' dir='ltr'><strong>se</strong></span> <span class='ocrx_word' id='word_1_256' title='bbox 1124 2929 1378 2998; x_wconf 90' lang='lat' dir='ltr'><strong>injustam</strong></span> <span class='ocrx_word' id='word_1_257' title='bbox 1407 2930 1534 2997; x_wconf 92' lang='lat' dir='ltr'><strong>dici,</strong></span> <span class='ocrx_word' id='word_1_258' title='bbox 1567 2929 1662 2985; x_wconf 90' lang='lat' dir='ltr'><strong>sed</strong></span> <span class='ocrx_word' id='word_1_259' title='bbox 1707 2937 1927 3000; x_wconf 82' lang='lat' dir='ltr'><strong>propter</strong></span> 
     </span>
    </p>
   </div>
   <div class='ocr_carea' id='block_1_33' title="bbox 342 3021 2001 3120">
    <p class='ocr_par' dir='ltr' id='par_1_33' title="bbox 342 3021 2001 3120">
     <span class='ocr_line' id='line_1_33' title="bbox 342 3021 2001 3120; baseline -0.001 -43"><span class='ocrx_word' id='word_1_260' title='bbox 342 3022 601 3091; x_wconf 89' lang='lat' dir='ltr'><strong>injustam</strong></span> <span class='ocrx_word' id='word_1_261' title='bbox 642 3021 1009 3088; x_wconf 84' lang='lat' dir='ltr'><strong>voluntatem;</strong></span> <span class='ocrx_word' id='word_1_262' title='bbox 1058 3021 1111 3076; x_wconf 93' lang='lat' dir='ltr'><strong>in</strong></span> <span class='ocrx_word' id='word_1_263' title='bbox 1146 3021 1252 3078; x_wconf 90' lang='lat' dir='ltr'><strong>illis</strong></span> <span class='ocrx_word' id='word_1_264' title='bbox 1281 3021 1497 3092; x_wconf 90' lang='lat' dir='ltr'><strong>planum</strong></span> <span class='ocrx_word' id='word_1_265' title='bbox 1543 3029 1644 3088; x_wconf 91' lang='lat' dir='ltr'><strong>est,</strong></span> <span class='ocrx_word' id='word_1_266' title='bbox 1669 3035 1788 3091; x_wconf 65' lang='lat' dir='ltr'><strong>quae</strong></span> <span class='ocrx_word' id='word_1_267' title='bbox 1816 3035 1924 3076; x_wconf 90' lang='lat' dir='ltr'><strong>non</strong></span> <span class='ocrx_word' id='word_1_268' title='bbox 1954 3055 2001 3120; x_wconf 68' lang='grc' dir='ltr'><strong>ο</strong></span> 
     </span>
    </p>
   </div>
   <div class='ocr_carea' id='block_1_34' title="bbox 344 3111 1926 3184">
    <p class='ocr_par' dir='ltr' id='par_1_34' title="bbox 344 3111 1926 3184">
     <span class='ocr_line' id='line_1_34' title="bbox 344 3111 1926 3184; baseline -0.003 -16"><span class='ocrx_word' id='word_1_269' title='bbox 344 3114 546 3184; x_wconf 89' lang='lat' dir='ltr'><strong>injuste</strong></span> <span class='ocrx_word' id='word_1_270' title='bbox 598 3122 825 3182; x_wconf 90' lang='lat' dir='ltr'><strong>possunt</strong></span> <span class='ocrx_word' id='word_1_271' title='bbox 869 3111 986 3167; x_wconf 84' lang='lat' dir='ltr'><strong>ﬁeri</strong></span> <span class='ocrx_word' id='word_1_272' title='bbox 1043 3111 1336 3182; x_wconf 89' lang='lat' dir='ltr'><strong>aliquando</strong></span> <span class='ocrx_word' id='word_1_273' title='bbox 1385 3126 1400 3166; x_wconf 88' lang='lat'><strong>:</strong></span> <span class='ocrx_word' id='word_1_274' title='bbox 1451 3120 1509 3166; x_wconf 92' lang='lat' dir='ltr'><strong>ut</strong></span> <span class='ocrx_word' id='word_1_275' title='bbox 1560 3121 1686 3177; x_wconf 91' lang='lat' dir='ltr'><strong>est,</strong></span> <span class='ocrx_word' id='word_1_276' title='bbox 1746 3111 1926 3166; x_wconf 90' lang='lat' dir='ltr'><strong>homi-</strong></span> 
     </span>
    </p>
   </div>
   <div class='ocr_carea' id='block_1_35' title="bbox 348 3201 1932 3272">
    <p class='ocr_par' dir='ltr' id='par_1_35' title="bbox 348 3201 1932 3272">
     <span class='ocr_line' id='line_1_35' title="bbox 348 3201 1932 3272; baseline -0.001 -14"><span class='ocrx_word' id='word_1_277' title='bbox 348 3218 473 3260; x_wconf 79' lang='lat' dir='ltr'><strong>nem</strong></span> <span class='ocrx_word' id='word_1_278' title='bbox 497 3203 589 3235; x_wconf 75' lang='grc'><strong>³⁸³⁸</strong></span> <span class='ocrx_word' id='word_1_279' title='bbox 615 3203 886 3268; x_wconf 89' lang='lat' dir='ltr'><strong>occidere,</strong></span> <span class='ocrx_word' id='word_1_280' title='bbox 917 3201 1060 3258; x_wconf 91' lang='lat' dir='ltr'><strong>sicut</strong></span> <span class='ocrx_word' id='word_1_281' title='bbox 1093 3202 1222 3258; x_wconf 89' lang='lat' dir='ltr'><strong>fecit</strong></span> <span class='ocrx_word' id='word_1_282' title='bbox 1249 3201 1481 3260; x_wconf 89' lang='lat' dir='ltr'><strong>Phinees</strong></span> <span class='ocrx_word' id='word_1_283' title='bbox 1513 3201 1702 3272; x_wconf 85' lang='lat' dir='ltr'><strong>(Num.</strong></span> <span class='ocrx_word' id='word_1_284' title='bbox 1726 3201 1847 3272; x_wconf 74' lang='lat'><strong>‘25):</strong></span> <span class='ocrx_word' id='word_1_285' title='bbox 1878 3211 1932 3256; x_wconf 90' lang='lat' dir='ltr'><strong>et</strong></span> 
     </span>
    </p>
   </div>
   <div class='ocr_carea' id='block_1_36' title="bbox 344 3295 1930 3367">
    <p class='ocr_par' dir='ltr' id='par_1_36' title="bbox 344 3295 1930 3367">
     <span class='ocr_line' id='line_1_36' title="bbox 344 3295 1930 3367; baseline -0.001 -15"><span class='ocrx_word' id='word_1_286' title='bbox 344 3299 634 3367; x_wconf 86' lang='lat' dir='ltr'><strong>utriusque</strong></span> <span class='ocrx_word' id='word_1_287' title='bbox 677 3311 841 3353; x_wconf 81' lang='lat' dir='ltr'><strong>sexus</strong></span> <span class='ocrx_word' id='word_1_288' title='bbox 875 3297 1201 3361; x_wconf 86' lang='lat' dir='ltr'><strong>commistio,</strong></span> <span class='ocrx_word' id='word_1_289' title='bbox 1240 3305 1301 3351; x_wconf 88' lang='lat' dir='ltr'><strong>ut</strong></span> <span class='ocrx_word' id='word_1_290' title='bbox 1340 3295 1393 3350; x_wconf 94' lang='lat' dir='ltr'><strong>in</strong></span> <span class='ocrx_word' id='word_1_291' title='bbox 1419 3295 1670 3367; x_wconf 86' lang='lat' dir='ltr'><strong>eonjugio</strong></span> <span class='ocrx_word' id='word_1_292' title='bbox 1695 3311 1707 3347; x_wconf 96' lang='lat'>:</span> <span class='ocrx_word' id='word_1_293' title='bbox 1734 3295 1848 3351; x_wconf 85' lang='lat' dir='ltr'><strong>sive</strong></span> <span class='ocrx_word' id='word_1_294' title='bbox 1875 3295 1930 3350; x_wconf 92' lang='lat' dir='ltr'><strong>in</strong></span> 
     </span>
    </p>
   </div>
   <div class='ocr_carea' id='block_1_37' title="bbox 347 3385 1930 3455">
    <p class='ocr_par' dir='ltr' id='par_1_37' title="bbox 347 3385 1930 3455">
     <span class='ocr_line' id='line_1_37' title="bbox 347 3385 1930 3455; baseline -0.004 -11"><span class='ocrx_word' id='word_1_295' title='bbox 347 3389 523 3444; x_wconf 85' lang='lat' dir='ltr'><strong>brutis</strong></span> <span class='ocrx_word' id='word_1_296' title='bbox 545 3387 637 3420; x_wconf 81' lang='grc'><strong>³⁰⁸¹</strong></span> <span class='ocrx_word' id='word_1_297' title='bbox 665 3386 1008 3442; x_wconf 88' lang='lat' dir='ltr'><strong>animalibus.</strong></span> <span class='ocrx_word' id='word_1_298' title='bbox 1049 3385 1107 3440; x_wconf 87' lang='lat' dir='ltr'><strong>In</strong></span> <span class='ocrx_word' id='word_1_299' title='bbox 1161 3385 1265 3441; x_wconf 92' lang='lat' dir='ltr'><strong>illis</strong></span> <span class='ocrx_word' id='word_1_300' title='bbox 1306 3399 1436 3440; x_wconf 90' lang='lat' dir='ltr'><strong>vero</strong></span> <span class='ocrx_word' id='word_1_301' title='bbox 1481 3399 1602 3455; x_wconf 63' lang='lat' dir='ltr'><strong>quas</strong></span> <span class='ocrx_word' id='word_1_302' title='bbox 1651 3398 1930 3454; x_wconf 88' lang='lat' dir='ltr'><strong>nunquam</strong></span> 
     </span>
    </p>
   </div>
   <div class='ocr_carea' id='block_1_38' title="bbox 346 3474 1933 3553">
    <p class='ocr_par' dir='ltr' id='par_1_38' title="bbox 346 3474 1933 3553">
     <span class='ocr_line' id='line_1_38' title="bbox 346 3474 1933 3553; baseline -0.003 -19"><span class='ocrx_word' id='word_1_303' title='bbox 346 3480 454 3535; x_wconf 88' lang='lat' dir='ltr'><strong>nisi</strong></span> <span class='ocrx_word' id='word_1_304' title='bbox 485 3480 682 3550; x_wconf 88' lang='lat' dir='ltr'><strong>injuste</strong></span> <span class='ocrx_word' id='word_1_305' title='bbox 708 3487 933 3549; x_wconf 91' lang='lat' dir='ltr'><strong>possunt</strong></span> <span class='ocrx_word' id='word_1_306' title='bbox 959 3493 1104 3542; x_wconf 90' lang='lat' dir='ltr'><strong>esse,</strong></span> <span class='ocrx_word' id='word_1_307' title='bbox 1138 3483 1195 3531; x_wconf 89' lang='lat' dir='ltr'><strong>ut</strong></span> <span class='ocrx_word' id='word_1_308' title='bbox 1229 3485 1313 3532; x_wconf 90' lang='lat' dir='ltr'><strong>est</strong></span> <span class='ocrx_word' id='word_1_309' title='bbox 1346 3474 1670 3547; x_wconf 90' lang='lat' dir='ltr'><strong>perjurium,</strong></span> <span class='ocrx_word' id='word_1_310' title='bbox 1699 3484 1753 3530; x_wconf 91' lang='lat' dir='ltr'><strong>et</strong></span> <span class='ocrx_word' id='word_1_311' title='bbox 1788 3488 1933 3553; x_wconf 67' lang='lat' dir='ltr'><strong>qua:-</strong></span> 
     </span>
    </p>
   </div>
   <div class='ocr_carea' id='block_1_39' title="bbox 349 3554 1936 3639">
    <p class='ocr_par' dir='ltr' id='par_1_39' title="bbox 349 3554 1936 3639">
     <span class='ocr_line' id='line_1_39' title="bbox 349 3554 1936 3639; baseline -0.003 -15"><span class='ocrx_word' id='word_1_312' title='bbox 349 3571 474 3625; x_wconf 89' lang='lat' dir='ltr'><strong>dam</strong></span> <span class='ocrx_word' id='word_1_313' title='bbox 505 3569 632 3636; x_wconf 89' lang='lat' dir='ltr'><strong>alia,</strong></span> <span class='ocrx_word' id='word_1_314' title='bbox 663 3583 782 3639; x_wconf 68' lang='lat' dir='ltr'><strong>quae</strong></span> <span class='ocrx_word' id='word_1_315' title='bbox 829 3583 930 3624; x_wconf 89' lang='lat' dir='ltr'><strong>nec</strong></span> <span class='ocrx_word' id='word_1_316' title='bbox 956 3577 1086 3624; x_wconf 88' lang='lat' dir='ltr'><strong>sunt</strong></span> <span class='ocrx_word' id='word_1_317' title='bbox 1124 3566 1472 3632; x_wconf 90' lang='lat' dir='ltr'><strong>nominanda,</strong></span> <span class='ocrx_word' id='word_1_318' title='bbox 1505 3581 1612 3621; x_wconf 92' lang='lat' dir='ltr'><strong>non</strong></span> <span class='ocrx_word' id='word_1_319' title='bbox 1653 3565 1729 3620; x_wconf 92' lang='lat' dir='ltr'><strong>ita</strong></span> <span class='ocrx_word' id='word_1_320' title='bbox 1777 3554 1936 3620; x_wconf 79' lang='lat' dir='ltr'><strong>facile</strong></span> 
     </span>
    </p>
   </div>
   <div class='ocr_carea' id='block_1_40' title="bbox 350 3656 1932 3733">
    <p class='ocr_par' dir='ltr' id='par_1_40' title="bbox 350 3656 1932 3733">
     <span class='ocr_line' id='line_1_40' title="bbox 350 3656 1932 3733; baseline -0.004 -17"><span class='ocrx_word' id='word_1_321' title='bbox 350 3663 688 3733; x_wconf 78' lang='lat' dir='ltr'><strong>intelligitur.</strong></span> <span class='ocrx_word' id='word_1_322' title='bbox 732 3662 836 3717; x_wconf 90' lang='lat' dir='ltr'><strong>Sed</strong></span> <span class='ocrx_word' id='word_1_323' title='bbox 868 3661 912 3716; x_wconf 90' lang='lat' dir='ltr'><strong>si</strong></span> <span class='ocrx_word' id='word_1_324' title='bbox 941 3660 1119 3730; x_wconf 89' lang='lat' dir='ltr'><strong>aliqua</strong></span> <span class='ocrx_word' id='word_1_325' title='bbox 1150 3658 1326 3724; x_wconf 85' lang='lat' dir='ltr'><strong>actio,</strong></span> <span class='ocrx_word' id='word_1_326' title='bbox 1367 3671 1472 3728; x_wconf 92' lang='lat' dir='ltr'><strong>qua</strong></span> <span class='ocrx_word' id='word_1_327' title='bbox 1501 3656 1561 3712; x_wconf 86' lang='lat' dir='ltr'><strong>lit</strong></span> <span class='ocrx_word' id='word_1_328' title='bbox 1584 3656 1785 3727; x_wconf 88' lang='lat' dir='ltr'><strong>aliquid</strong></span> <span class='ocrx_word' id='word_1_329' title='bbox 1810 3656 1932 3710; x_wconf 65' lang='lat'><strong>3°“:</strong></span> 
     </span>
    </p>
   </div>
   <div class='ocr_carea' id='block_1_41' title="bbox 352 3748 1938 3822">
    <p class='ocr_par' dir='ltr' id='par_1_41' title="bbox 352 3748 1938 3822">
     <span class='ocr_line' id='line_1_41' title="bbox 352 3748 1938 3822; baseline 0 -18"><span class='ocrx_word' id='word_1_330' title='bbox 352 3767 473 3822; x_wconf 66' lang='lat' dir='ltr'><strong>quae</strong></span> <span class='ocrx_word' id='word_1_331' title='bbox 513 3768 621 3808; x_wconf 92' lang='lat' dir='ltr'><strong>non</strong></span> <span class='ocrx_word' id='word_1_332' title='bbox 653 3761 754 3814; x_wconf 90' lang='lat' dir='ltr'><strong>est,</strong></span> <span class='ocrx_word' id='word_1_333' title='bbox 793 3751 897 3807; x_wconf 88' lang='lat' dir='ltr'><strong>nisi</strong></span> <span class='ocrx_word' id='word_1_334' title='bbox 936 3751 1061 3807; x_wconf 91' lang='lat' dir='ltr'><strong>dum</strong></span> <span class='ocrx_word' id='word_1_335' title='bbox 1096 3748 1158 3805; x_wconf 79' lang='lat' dir='ltr'><strong>lit</strong></span> <span class='ocrx_word' id='word_1_336' title='bbox 1199 3749 1403 3819; x_wconf 89' lang='lat' dir='ltr'><strong>aliquid</strong></span> <span class='ocrx_word' id='word_1_337' title='bbox 1428 3748 1522 3781; x_wconf 68' lang='grc'>³⁸³³</span> <span class='ocrx_word' id='word_1_338' title='bbox 1549 3756 1602 3804; x_wconf 93' lang='lat' dir='ltr'><strong>et</strong></span> <span class='ocrx_word' id='word_1_339' title='bbox 1631 3757 1847 3818; x_wconf 86' lang='lat' dir='ltr'><strong>peracto</strong></span> <span class='ocrx_word' id='word_1_340' title='bbox 1872 3762 1938 3804; x_wconf 92' lang='lat' dir='ltr'><strong>eo</strong></span> 
     </span>
    </p>
   </div>
   <div class='ocr_carea' id='block_1_42' title="bbox 355 3838 1940 3913">
    <p class='ocr_par' dir='ltr' id='par_1_42' title="bbox 355 3838 1940 3913">
     <span class='ocr_line' id='line_1_42' title="bbox 355 3838 1940 3913; baseline -0.001 -19"><span class='ocrx_word' id='word_1_341' title='bbox 355 3843 568 3909; x_wconf 89' lang='lat' dir='ltr'><strong>transit,</strong></span> <span class='ocrx_word' id='word_1_342' title='bbox 610 3853 670 3898; x_wconf 91' lang='lat' dir='ltr'><strong>ut</strong></span> <span class='ocrx_word' id='word_1_343' title='bbox 707 3842 818 3913; x_wconf 80' lang='lat'><strong>99</strong></span> <span class='ocrx_word' id='word_1_344' title='bbox 843 3841 956 3912; x_wconf 89' lang='lat' dir='ltr'><strong>jam</strong></span> <span class='ocrx_word' id='word_1_345' title='bbox 995 3856 1102 3897; x_wconf 89' lang='lat' dir='ltr'><strong>non</strong></span> <span class='ocrx_word' id='word_1_346' title='bbox 1139 3840 1241 3907; x_wconf 89' lang='lat' dir='ltr'><strong>sit;</strong></span> <span class='ocrx_word' id='word_1_347' title='bbox 1279 3848 1374 3894; x_wconf 89' lang='lat' dir='ltr'><strong>aut</strong></span> <span class='ocrx_word' id='word_1_348' title='bbox 1401 3854 1568 3910; x_wconf 91' lang='lat' dir='ltr'><strong>opus,</strong></span> <span class='ocrx_word' id='word_1_349' title='bbox 1600 3838 1744 3909; x_wconf 91' lang='lat' dir='ltr'><strong>quod</strong></span> <span class='ocrx_word' id='word_1_350' title='bbox 1782 3839 1854 3893; x_wconf 91' lang='lat' dir='ltr'><strong>sit</strong></span> <span class='ocrx_word' id='word_1_351' title='bbox 1883 3845 1940 3894; x_wconf 89' lang='lat' dir='ltr'><strong>et</strong></span> 
     </span>
    </p>
   </div>
   <div class='ocr_carea' id='block_1_43' title="bbox 350 3928 1940 4006">
    <p class='ocr_par' dir='ltr' id='par_1_43' title="bbox 350 3928 1940 4006">
     <span class='ocr_line' id='line_1_43' title="bbox 350 3928 1940 4006; baseline -0.004 -16"><span class='ocrx_word' id='word_1_352' title='bbox 350 3943 599 3990; x_wconf 83' lang='lat' dir='ltr'><strong>remanet</strong></span> <span class='ocrx_word' id='word_1_353' title='bbox 627 3935 800 4006; x_wconf 85' lang='lat' dir='ltr'><strong>(verbi</strong></span> <span class='ocrx_word' id='word_1_354' title='bbox 823 3935 995 4006; x_wconf 84' lang='lat' dir='ltr'><strong>gratia</strong></span> <span class='ocrx_word' id='word_1_355' title='bbox 1023 3951 1036 3987; x_wconf 91' lang='lat'>:</span> <span class='ocrx_word' id='word_1_356' title='bbox 1062 3948 1184 3988; x_wconf 88' lang='lat' dir='ltr'><strong>cum</strong></span> <span class='ocrx_word' id='word_1_357' title='bbox 1214 3933 1266 3986; x_wconf 94' lang='lat' dir='ltr'><strong>in</strong></span> <span class='ocrx_word' id='word_1_358' title='bbox 1290 3930 1580 3988; x_wconf 87' lang='lat' dir='ltr'><strong>scribendo</strong></span> <span class='ocrx_word' id='word_1_359' title='bbox 1603 3929 1748 4000; x_wconf 90' lang='lat' dir='ltr'><strong>quod</strong></span> <span class='ocrx_word' id='word_1_360' title='bbox 1775 3928 1940 3984; x_wconf 90' lang='lat' dir='ltr'><strong>scribi</strong></span> 
     </span>
    </p>
   </div>
   <div class='ocr_carea' id='block_1_44' title="bbox 354 4018 1940 4092">
    <p class='ocr_par' dir='ltr' id='par_1_44' title="bbox 354 4018 1940 4092">
     <span class='ocr_line' id='line_1_44' title="bbox 354 4018 1940 4092; baseline -0.003 -15"><span class='ocrx_word' id='word_1_361' title='bbox 354 4033 464 4078; x_wconf 88' lang='lat' dir='ltr'><strong>non</strong></span> <span class='ocrx_word' id='word_1_362' title='bbox 515 4023 702 4090; x_wconf 88' lang='lat' dir='ltr'><strong>debet,</strong></span> <span class='ocrx_word' id='word_1_363' title='bbox 735 4025 929 4079; x_wconf 85' lang='lat' dir='ltr'><strong>transit</strong></span> <span class='ocrx_word' id='word_1_364' title='bbox 957 4023 1201 4092; x_wconf 89' lang='lat' dir='ltr'><strong>scriptio,</strong></span> <span class='ocrx_word' id='word_1_365' title='bbox 1230 4037 1335 4092; x_wconf 90' lang='lat' dir='ltr'><strong>qua</strong></span> <span class='ocrx_word' id='word_1_366' title='bbox 1381 4021 1518 4076; x_wconf 83' lang='lat' dir='ltr'><strong>fiunt</strong></span> <span class='ocrx_word' id='word_1_367' title='bbox 1541 4020 1825 4091; x_wconf 67' lang='lat' dir='ltr'><strong>scripturae</strong></span> <span class='ocrx_word' id='word_1_368' title='bbox 1845 4018 1940 4052; x_wconf 69' lang='grc'><strong>³⁰³⁸</strong></span> 
     </span>
    </p>
   </div>
   <div class='ocr_carea' id='block_1_45' title="bbox 353 4111 1938 4186">
    <p class='ocr_par' dir='ltr' id='par_1_45' title="bbox 353 4111 1938 4186">
     <span class='ocr_line' id='line_1_45' title="bbox 353 4111 1938 4186; baseline 0 -19"><span class='ocrx_word' id='word_1_369' title='bbox 353 4130 481 4184; x_wconf 80' lang='lat' dir='ltr'><strong>quae</strong></span> <span class='ocrx_word' id='word_1_370' title='bbox 525 4116 787 4186; x_wconf 87' lang='lat' dir='ltr'><strong>remanet)</strong></span> <span class='ocrx_word' id='word_1_371' title='bbox 817 4123 961 4171; x_wconf 89' lang='lat' dir='ltr'><strong>esset</strong></span> <span class='ocrx_word' id='word_1_372' title='bbox 1001 4124 1285 4186; x_wconf 91' lang='lat' dir='ltr'><strong>peccatum</strong></span> <span class='ocrx_word' id='word_1_373' title='bbox 1331 4120 1644 4170; x_wconf 89' lang='lat' dir='ltr'><strong>transeunte</strong></span> <span class='ocrx_word' id='word_1_374' title='bbox 1705 4111 1938 4176; x_wconf 86' lang='lat' dir='ltr'><strong>actione,</strong></span> 
     </span>
    </p>
   </div>
   <div class='ocr_carea' id='block_1_46' title="bbox 1996 453 3579 530">
    <p class='ocr_par' dir='ltr' id='par_1_46' title="bbox 1996 453 3579 530">
     <span class='ocr_line' id='line_1_46' title="bbox 1996 453 3579 530; baseline -0.007 -13"><span class='ocrx_word' id='word_1_375' title='bbox 1996 478 2094 517; x_wconf 91' lang='lat' dir='ltr'><strong>nec</strong></span> <span class='ocrx_word' id='word_1_376' title='bbox 2137 477 2290 530; x_wconf 89' lang='lat' dir='ltr'><strong>opus,</strong></span> <span class='ocrx_word' id='word_1_377' title='bbox 2340 459 2484 528; x_wconf 84' lang='lat' dir='ltr'><strong>quod</strong></span> <span class='ocrx_word' id='word_1_378' title='bbox 2520 463 2789 518; x_wconf 85' lang='lat' dir='ltr'><strong>remanet,</strong></span> <span class='ocrx_word' id='word_1_379' title='bbox 2835 462 2917 508; x_wconf 91' lang='lat' dir='ltr'><strong>est</strong></span> <span class='ocrx_word' id='word_1_380' title='bbox 2951 453 3238 522; x_wconf 82' lang='lat' dir='ltr'><strong>aliquando</strong></span> <span class='ocrx_word' id='word_1_381' title='bbox 3276 460 3579 522; x_wconf 78' lang='lat' dir='ltr'><strong>pecco-tum.</strong></span> 
     </span>
    </p>
   </div>
   <div class='ocr_carea' id='block_1_47' title="bbox 1997 541 3587 619">
    <p class='ocr_par' dir='ltr' id='par_1_47' title="bbox 1997 541 3587 619">
     <span class='ocr_line' id='line_1_47' title="bbox 1997 541 3587 619; baseline -0.005 -13"><span class='ocrx_word' id='word_1_382' title='bbox 1997 551 2240 619; x_wconf 89' lang='lat' dir='ltr'><strong>Denique</strong></span> <span class='ocrx_word' id='word_1_383' title='bbox 2291 549 2339 604; x_wconf 89' lang='lat' dir='ltr'><strong>si</strong></span> <span class='ocrx_word' id='word_1_384' title='bbox 2381 551 2449 600; x_wconf 90' lang='lat' dir='ltr'><strong>de</strong></span> <span class='ocrx_word' id='word_1_385' title='bbox 2498 544 2804 600; x_wconf 90' lang='lat' dir='ltr'><strong>actionibus</strong></span> <span class='ocrx_word' id='word_1_386' title='bbox 2851 543 3173 598; x_wconf 85' lang='lat' dir='ltr'><strong>voluntariis</strong></span> <span class='ocrx_word' id='word_1_387' title='bbox 3217 558 3336 611; x_wconf 66' lang='lat' dir='ltr'><strong>quae</strong></span> <span class='ocrx_word' id='word_1_388' title='bbox 3389 541 3587 612; x_wconf 82' lang='lat' dir='ltr'><strong>injuste</strong></span> 
     </span>
    </p>
   </div>
   <div class='ocr_carea' id='block_1_48' title="bbox 2000 633 3584 708">
    <p class='ocr_par' dir='ltr' id='par_1_48' title="bbox 2000 633 3584 708">
     <span class='ocr_line' id='line_1_48' title="bbox 2000 633 3584 708; baseline -0.006 -12"><span class='ocrx_word' id='word_1_389' title='bbox 2000 642 2156 706; x_wconf 83' lang='lat' dir='ltr'><strong>fiunt,</strong></span> <span class='ocrx_word' id='word_1_390' title='bbox 2213 646 2547 708; x_wconf 83' lang='lat' dir='ltr'><strong>arguuentur</strong></span> <span class='ocrx_word' id='word_1_391' title='bbox 2586 634 2829 688; x_wconf 88' lang='lat' dir='ltr'><strong>membra</strong></span> <span class='ocrx_word' id='word_1_392' title='bbox 2884 641 2940 686; x_wconf 90' lang='lat' dir='ltr'><strong>et</strong></span> <span class='ocrx_word' id='word_1_393' title='bbox 2967 647 3160 686; x_wconf 88' lang='lat' dir='ltr'><strong>sensus</strong></span> <span class='ocrx_word' id='word_1_394' title='bbox 3185 633 3380 700; x_wconf 90' lang='lat' dir='ltr'><strong>quibus</strong></span> <span class='ocrx_word' id='word_1_395' title='bbox 3412 633 3584 700; x_wconf 84' lang='lat' dir='ltr'><strong>ﬁunt;</strong></span> 
     </span>
    </p>
   </div>
   <div class='ocr_carea' id='block_1_49' title="bbox 2003 723 3588 800">
    <p class='ocr_par' dir='ltr' id='par_1_49' title="bbox 2003 723 3588 800">
     <span class='ocr_line' id='line_1_49' title="bbox 2003 723 3588 800; baseline -0.006 -13"><span class='ocrx_word' id='word_1_396' title='bbox 2003 731 2327 800; x_wconf 87' lang='lat' dir='ltr'><strong>respondere</strong></span> <span class='ocrx_word' id='word_1_397' title='bbox 2358 733 2582 797; x_wconf 87' lang='lat' dir='ltr'><strong>possunt</strong></span> <span class='ocrx_word' id='word_1_398' title='bbox 2606 741 2620 781; x_wconf 90' lang='lat'><strong>:</strong></span> <span class='ocrx_word' id='word_1_399' title='bbox 2647 723 2788 778; x_wconf 89' lang='lat' dir='ltr'><strong>Deus</strong></span> <span class='ocrx_word' id='word_1_400' title='bbox 2814 737 2936 787; x_wconf 90' lang='lat' dir='ltr'><strong>nos,</strong></span> <span class='ocrx_word' id='word_1_401' title='bbox 2960 731 3015 777; x_wconf 94' lang='lat' dir='ltr'><strong>et</strong></span> <span class='ocrx_word' id='word_1_402' title='bbox 3039 731 3360 793; x_wconf 90' lang='lat' dir='ltr'><strong>potestatem</strong></span> <span class='ocrx_word' id='word_1_403' title='bbox 3390 739 3510 792; x_wconf 67' lang='lat' dir='ltr'><strong>quae</strong></span> <span class='ocrx_word' id='word_1_404' title='bbox 3535 723 3588 778; x_wconf 91' lang='lat' dir='ltr'><strong>in</strong></span> 
     </span>
    </p>
   </div>
   <div class='ocr_carea' id='block_1_50' title="bbox 2005 809 3590 884">
    <p class='ocr_par' dir='ltr' id='par_1_50' title="bbox 2005 809 3590 884">
     <span class='ocr_line' id='line_1_50' title="bbox 2005 809 3590 884; baseline -0.006 -8"><span class='ocrx_word' id='word_1_405' title='bbox 2005 820 2164 876; x_wconf 90' lang='lat' dir='ltr'><strong>nobis</strong></span> <span class='ocrx_word' id='word_1_406' title='bbox 2190 826 2298 882; x_wconf 87' lang='lat' dir='ltr'><strong>est,</strong></span> <span class='ocrx_word' id='word_1_407' title='bbox 2326 813 2556 884; x_wconf 89' lang='lat' dir='ltr'><strong>subjecit</strong></span> <span class='ocrx_word' id='word_1_408' title='bbox 2602 811 2900 875; x_wconf 87' lang='lat' dir='ltr'><strong>voluntati;</strong></span> <span class='ocrx_word' id='word_1_409' title='bbox 2951 819 3013 865; x_wconf 91' lang='lat' dir='ltr'><strong>ut</strong></span> <span class='ocrx_word' id='word_1_410' title='bbox 3050 810 3114 863; x_wconf 90' lang='lat' dir='ltr'><strong>ad</strong></span> <span class='ocrx_word' id='word_1_411' title='bbox 3145 811 3428 879; x_wconf 87' lang='lat' dir='ltr'><strong>imperium</strong></span> <span class='ocrx_word' id='word_1_412' title='bbox 3472 809 3590 881; x_wconf 80' lang='lat' dir='ltr'><strong>ejus</strong></span> 
     </span>
    </p>
   </div>
   <div class='ocr_carea' id='block_1_51' title="bbox 2003 900 3592 980">
    <p class='ocr_par' dir='ltr' id='par_1_51' title="bbox 2003 900 3592 980">
     <span class='ocr_line' id='line_1_51' title="bbox 2003 900 3592 980; baseline -0.007 -13"><span class='ocrx_word' id='word_1_413' title='bbox 2003 927 2108 968; x_wconf 90' lang='lat' dir='ltr'><strong>non</strong></span> <span class='ocrx_word' id='word_1_414' title='bbox 2156 909 2423 980; x_wconf 88' lang='lat' dir='ltr'><strong>possimus</strong></span> <span class='ocrx_word' id='word_1_415' title='bbox 2455 920 2559 960; x_wconf 92' lang='lat' dir='ltr'><strong>non</strong></span> <span class='ocrx_word' id='word_1_416' title='bbox 2590 916 2815 957; x_wconf 90' lang='lat' dir='ltr'><strong>movere</strong></span> <span class='ocrx_word' id='word_1_417' title='bbox 2863 915 2960 955; x_wconf 92' lang='lat' dir='ltr'><strong>nos</strong></span> <span class='ocrx_word' id='word_1_418' title='bbox 2981 900 3096 964; x_wconf 72' lang='lat'><strong>’“7,</strong></span> <span class='ocrx_word' id='word_1_419' title='bbox 3137 910 3192 954; x_wconf 89' lang='lat' dir='ltr'><strong>et</strong></span> <span class='ocrx_word' id='word_1_420' title='bbox 3235 900 3416 955; x_wconf 86' lang='lat' dir='ltr'><strong>facere</strong></span> <span class='ocrx_word' id='word_1_421' title='bbox 3447 901 3592 970; x_wconf 84' lang='lat' dir='ltr'><strong>quod</strong></span> 
     </span>
    </p>
   </div>
   <div class='ocr_carea' id='block_1_52' title="bbox 2003 991 3594 1068">
    <p class='ocr_par' dir='ltr' id='par_1_52' title="bbox 2003 991 3594 1068">
     <span class='ocr_line' id='line_1_52' title="bbox 2003 991 3594 1068; baseline -0.009 -10"><span class='ocrx_word' id='word_1_422' title='bbox 2003 1003 2146 1068; x_wconf 89' lang='lat' dir='ltr'><strong>vult;</strong></span> <span class='ocrx_word' id='word_1_423' title='bbox 2179 1003 2288 1056; x_wconf 90' lang='lat' dir='ltr'><strong>imo</strong></span> <span class='ocrx_word' id='word_1_424' title='bbox 2322 1000 2411 1054; x_wconf 88' lang='lat' dir='ltr'><strong>illa</strong></span> <span class='ocrx_word' id='word_1_425' title='bbox 2444 1003 2624 1051; x_wconf 87' lang='lat' dir='ltr'><strong>movet</strong></span> <span class='ocrx_word' id='word_1_426' title='bbox 2663 1008 2779 1057; x_wconf 90' lang='lat' dir='ltr'><strong>nos,</strong></span> <span class='ocrx_word' id='word_1_427' title='bbox 2822 991 2970 1046; x_wconf 89' lang='lat' dir='ltr'><strong>velut</strong></span> <span class='ocrx_word' id='word_1_428' title='bbox 2999 991 3356 1046; x_wconf 87' lang='lat' dir='ltr'><strong>instrumenta</strong></span> <span class='ocrx_word' id='word_1_429' title='bbox 3388 1006 3508 1057; x_wconf 91' lang='lat' dir='ltr'><strong>sua,</strong></span> <span class='ocrx_word' id='word_1_430' title='bbox 3538 999 3594 1046; x_wconf 91' lang='lat' dir='ltr'><strong>et</strong></span> 
     </span>
    </p>
   </div>
   <div class='ocr_carea' id='block_1_53' title="bbox 2007 1080 3592 1160">
    <p class='ocr_par' dir='ltr' id='par_1_53' title="bbox 2007 1080 3592 1160">
     <span class='ocr_line' id='line_1_53' title="bbox 2007 1080 3592 1160; baseline -0.008 -14"><span class='ocrx_word' id='word_1_431' title='bbox 2007 1091 2138 1146; x_wconf 84' lang='lat' dir='ltr'><strong>facit</strong></span> <span class='ocrx_word' id='word_1_432' title='bbox 2181 1103 2344 1158; x_wconf 91' lang='lat' dir='ltr'><strong>opera</strong></span> <span class='ocrx_word' id='word_1_433' title='bbox 2372 1103 2492 1160; x_wconf 72' lang='lat' dir='ltr'><strong>qum</strong></span> <span class='ocrx_word' id='word_1_434' title='bbox 2518 1085 2765 1139; x_wconf 81' lang='lat' dir='ltr'><strong>videmur</strong></span> <span class='ocrx_word' id='word_1_435' title='bbox 2808 1080 3013 1147; x_wconf 85' lang='lat' dir='ltr'><strong>facere;</strong></span> <span class='ocrx_word' id='word_1_436' title='bbox 3050 1096 3148 1135; x_wconf 90' lang='lat' dir='ltr'><strong>nec</strong></span> <span class='ocrx_word' id='word_1_437' title='bbox 3179 1095 3276 1135; x_wconf 91' lang='lat' dir='ltr'><strong>nos</strong></span> <span class='ocrx_word' id='word_1_438' title='bbox 3306 1095 3592 1151; x_wconf 87' lang='lat' dir='ltr'><strong>possumus</strong></span> 
     </span>
    </p>
   </div>
   <div class='ocr_carea' id='block_1_54' title="bbox 2008 1168 3597 1248">
    <p class='ocr_par' dir='ltr' id='par_1_54' title="bbox 2008 1168 3597 1248">
     <span class='ocr_line' id='line_1_54' title="bbox 2008 1168 3597 1248; baseline -0.007 -14"><span class='ocrx_word' id='word_1_439' title='bbox 2008 1179 2086 1235; x_wconf 91' lang='lat' dir='ltr'><strong>illi</strong></span> <span class='ocrx_word' id='word_1_440' title='bbox 2117 1194 2212 1248; x_wconf 87' lang='lat' dir='ltr'><strong>per</strong></span> <span class='ocrx_word' id='word_1_441' title='bbox 2242 1193 2338 1232; x_wconf 94' lang='lat' dir='ltr'><strong>nos</strong></span> <span class='ocrx_word' id='word_1_442' title='bbox 2367 1176 2653 1237; x_wconf 86' lang='lat' dir='ltr'><strong>resistere;</strong></span> <span class='ocrx_word' id='word_1_443' title='bbox 2688 1186 2788 1226; x_wconf 90' lang='lat' dir='ltr'><strong>nec</strong></span> <span class='ocrx_word' id='word_1_444' title='bbox 2818 1185 3003 1240; x_wconf 87' lang='lat' dir='ltr'><strong>opera,</strong></span> <span class='ocrx_word' id='word_1_445' title='bbox 3024 1185 3156 1239; x_wconf 72' lang='lat' dir='ltr'><strong>quae</strong></span> <span class='ocrx_word' id='word_1_446' title='bbox 3190 1168 3340 1235; x_wconf 82' lang='lat' dir='ltr'><strong>facit,</strong></span> <span class='ocrx_word' id='word_1_447' title='bbox 3369 1179 3597 1240; x_wconf 88' lang='lat' dir='ltr'><strong>possunt</strong></span> 
     </span>
    </p>
   </div>
   <div class='ocr_carea' id='block_1_55' title="bbox 2009 1260 3598 1335">
    <p class='ocr_par' dir='ltr' id='par_1_55' title="bbox 2009 1260 3598 1335">
     <span class='ocr_line' id='line_1_55' title="bbox 2009 1260 3598 1335; baseline -0.006 -9"><span class='ocrx_word' id='word_1_448' title='bbox 2009 1286 2116 1326; x_wconf 92' lang='lat' dir='ltr'><strong>non</strong></span> <span class='ocrx_word' id='word_1_449' title='bbox 2147 1269 2295 1334; x_wconf 85' lang='lat' dir='ltr'><strong>fieri;</strong></span> <span class='ocrx_word' id='word_1_450' title='bbox 2331 1268 2561 1323; x_wconf 56' lang='lat' dir='ltr'><strong>dominas</strong></span> <span class='ocrx_word' id='word_1_451' title='bbox 2580 1306 2594 1331; x_wconf 95' lang='lat'><strong>,</strong></span> <span class='ocrx_word' id='word_1_452' title='bbox 2627 1280 2788 1335; x_wconf 89' lang='lat' dir='ltr'><strong>quam</strong></span> <span class='ocrx_word' id='word_1_453' title='bbox 2817 1261 2909 1294; x_wconf 77' lang='grc'><strong>³⁰³⁸</strong></span> <span class='ocrx_word' id='word_1_454' title='bbox 2938 1260 3079 1316; x_wconf 85' lang='lat' dir='ltr'><strong>Deus</strong></span> <span class='ocrx_word' id='word_1_455' title='bbox 3108 1261 3261 1317; x_wconf 88' lang='lat' dir='ltr'><strong>nobis</strong></span> <span class='ocrx_word' id='word_1_456' title='bbox 3287 1262 3451 1326; x_wconf 87' lang='lat' dir='ltr'><strong>dedit,</strong></span> <span class='ocrx_word' id='word_1_457' title='bbox 3498 1276 3598 1316; x_wconf 86' lang='lat' dir='ltr'><strong>nec</strong></span> 
     </span>
    </p>
   </div>
   <div class='ocr_carea' id='block_1_56' title="bbox 2015 1352 3599 1431">
    <p class='ocr_par' dir='ltr' id='par_1_56' title="bbox 2015 1352 3599 1431">
     <span class='ocr_line' id='line_1_56' title="bbox 2015 1352 3599 1431; baseline -0.006 -16"><span class='ocrx_word' id='word_1_458' title='bbox 2015 1373 2322 1431; x_wconf 87' lang='lat' dir='ltr'><strong>possumus,</strong></span> <span class='ocrx_word' id='word_1_459' title='bbox 2374 1373 2474 1412; x_wconf 90' lang='lat' dir='ltr'><strong>nec</strong></span> <span class='ocrx_word' id='word_1_460' title='bbox 2520 1357 2779 1412; x_wconf 84' lang='lat' dir='ltr'><strong>debemus</strong></span> <span class='ocrx_word' id='word_1_461' title='bbox 2831 1373 2937 1413; x_wconf 92' lang='lat' dir='ltr'><strong>non</strong></span> <span class='ocrx_word' id='word_1_462' title='bbox 2984 1355 3232 1420; x_wconf 90' lang='lat' dir='ltr'><strong>obedire;</strong></span> <span class='ocrx_word' id='word_1_463' title='bbox 3274 1353 3488 1422; x_wconf 90' lang='lat' dir='ltr'><strong>quando</strong></span> <span class='ocrx_word' id='word_1_464' title='bbox 3523 1352 3599 1420; x_wconf 86' lang='lat' dir='ltr'><strong>illi</strong></span> 
     </span>
    </p>
   </div>
   <div class='ocr_carea' id='block_1_57' title="bbox 2014 1445 3599 1520">
    <p class='ocr_par' dir='ltr' id='par_1_57' title="bbox 2014 1445 3599 1520">
     <span class='ocr_line' id='line_1_57' title="bbox 2014 1445 3599 1520; baseline -0.009 -11"><span class='ocrx_word' id='word_1_465' title='bbox 2014 1453 2321 1515; x_wconf 90' lang='lat' dir='ltr'><strong>obedimus,</strong></span> <span class='ocrx_word' id='word_1_466' title='bbox 2355 1450 2466 1504; x_wconf 91' lang='lat' dir='ltr'><strong>Deo</strong></span> <span class='ocrx_word' id='word_1_467' title='bbox 2493 1450 2581 1520; x_wconf 91' lang='lat' dir='ltr'><strong>qui</strong></span> <span class='ocrx_word' id='word_1_468' title='bbox 2614 1449 2753 1503; x_wconf 85' lang='lat' dir='ltr'><strong>hanc</strong></span> <span class='ocrx_word' id='word_1_469' title='bbox 2791 1449 2962 1520; x_wconf 81' lang='lat' dir='ltr'><strong>legem</strong></span> <span class='ocrx_word' id='word_1_470' title='bbox 3000 1449 3155 1504; x_wconf 92' lang='lat' dir='ltr'><strong>nobis</strong></span> <span class='ocrx_word' id='word_1_471' title='bbox 3193 1447 3362 1513; x_wconf 84' lang='lat' dir='ltr'><strong>dedit,</strong></span> <span class='ocrx_word' id='word_1_472' title='bbox 3411 1445 3599 1499; x_wconf 78' lang='lat' dir='ltr'><strong>obedi-</strong></span> 
     </span>
    </p>
   </div>
   <div class='ocr_carea' id='block_1_58' title="bbox 2019 1537 3598 1616">
    <p class='ocr_par' dir='ltr' id='par_1_58' title="bbox 2019 1537 3598 1616">
     <span class='ocr_line' id='line_1_58' title="bbox 2019 1537 3598 1616; baseline -0.008 -14"><span class='ocrx_word' id='word_1_473' title='bbox 2019 1563 2160 1602; x_wconf 84' lang='lat' dir='ltr'><strong>ntus.</strong></span> <span class='ocrx_word' id='word_1_474' title='bbox 2215 1547 2356 1616; x_wconf 87' lang='lat' dir='ltr'><strong>Ergo</strong></span> <span class='ocrx_word' id='word_1_475' title='bbox 2385 1544 2514 1613; x_wconf 93' lang='lat' dir='ltr'><strong>quid</strong></span> <span class='ocrx_word' id='word_1_476' title='bbox 2544 1552 2771 1613; x_wconf 88' lang='lat' dir='ltr'><strong>peccant</strong></span> <span class='ocrx_word' id='word_1_477' title='bbox 2819 1542 3080 1607; x_wconf 88' lang='lat' dir='ltr'><strong>membra,</strong></span> <span class='ocrx_word' id='word_1_478' title='bbox 3126 1541 3210 1594; x_wconf 86' lang='lat' dir='ltr'><strong>vel</strong></span> <span class='ocrx_word' id='word_1_479' title='bbox 3255 1554 3468 1604; x_wconf 84' lang='lat' dir='ltr'><strong>sensus,</strong></span> <span class='ocrx_word' id='word_1_480' title='bbox 3513 1537 3598 1592; x_wconf 85' lang='lat' dir='ltr'><strong>vel</strong></span> 
     </span>
    </p>
   </div>
   <div class='ocr_carea' id='block_1_59' title="bbox 2019 1630 3605 1706">
    <p class='ocr_par' dir='ltr' id='par_1_59' title="bbox 2019 1630 3605 1706">
     <span class='ocr_line' id='line_1_59' title="bbox 2019 1630 3605 1706; baseline -0.006 -14"><span class='ocrx_word' id='word_1_481' title='bbox 2019 1652 2205 1706; x_wconf 84' lang='lat' dir='ltr'><strong>opera,</strong></span> <span class='ocrx_word' id='word_1_482' title='bbox 2237 1651 2357 1706; x_wconf 73' lang='lat' dir='ltr'><strong>qua:</strong></span> <span class='ocrx_word' id='word_1_483' title='bbox 2383 1635 2526 1689; x_wconf 88' lang='lat' dir='ltr'><strong>Deus</strong></span> <span class='ocrx_word' id='word_1_484' title='bbox 2567 1634 2645 1688; x_wconf 86' lang='lat' dir='ltr'><strong>sic</strong></span> <span class='ocrx_word' id='word_1_485' title='bbox 2681 1633 2910 1704; x_wconf 84' lang='lat' dir='ltr'><strong>subjecit</strong></span> <span class='ocrx_word' id='word_1_486' title='bbox 2943 1633 3260 1695; x_wconf 86' lang='lat' dir='ltr'><strong>voluntatis,</strong></span> <span class='ocrx_word' id='word_1_487' title='bbox 3303 1630 3348 1684; x_wconf 91' lang='lat' dir='ltr'><strong>si</strong></span> <span class='ocrx_word' id='word_1_488' title='bbox 3385 1638 3605 1684; x_wconf 87' lang='lat' dir='ltr'><strong>servant</strong></span> 
     </span>
    </p>
   </div>
   <div class='ocr_carea' id='block_1_60' title="bbox 1947 1719 3602 1800">
    <p class='ocr_par' dir='ltr' id='par_1_60' title="bbox 1947 1719 3602 1800">
     <span class='ocr_line' id='line_1_60' title="bbox 1947 1719 3602 1800; baseline -0.01 -11"><span class='ocrx_word' id='word_1_489' title='bbox 1947 1719 1991 1789; x_wconf 72' lang='grc' dir='ltr'><strong>Β</strong></span> <span class='ocrx_word' id='word_1_490' title='bbox 2019 1732 2162 1800; x_wconf 87' lang='lat' dir='ltr'><strong>quod</strong></span> <span class='ocrx_word' id='word_1_491' title='bbox 2190 1730 2328 1785; x_wconf 87' lang='lat' dir='ltr'><strong>Deus</strong></span> <span class='ocrx_word' id='word_1_492' title='bbox 2358 1728 2464 1782; x_wconf 87' lang='lat' dir='ltr'><strong>illis</strong></span> <span class='ocrx_word' id='word_1_493' title='bbox 2494 1726 2809 1781; x_wconf 87' lang='lat' dir='ltr'><strong>ordinavit?</strong></span> <span class='ocrx_word' id='word_1_494' title='bbox 2852 1724 3123 1794; x_wconf 86' lang='lat' dir='ltr'><strong>Quidquid</strong></span> <span class='ocrx_word' id='word_1_495' title='bbox 3174 1723 3335 1794; x_wconf 79' lang='lat' dir='ltr'><strong>igitur</strong></span> <span class='ocrx_word' id='word_1_496' title='bbox 3378 1722 3602 1785; x_wconf 85' lang='lat' dir='ltr'><strong>faciunt,</strong></span> 
     </span>
    </p>
   </div>
   <div class='ocr_carea' id='block_1_61' title="bbox 2022 1813 3601 1892">
    <p class='ocr_par' dir='ltr' id='par_1_61' title="bbox 2022 1813 3601 1892">
     <span class='ocr_line' id='line_1_61' title="bbox 2022 1813 3601 1892; baseline -0.008 -15"><span class='ocrx_word' id='word_1_497' title='bbox 2022 1831 2191 1877; x_wconf 92' lang='lat' dir='ltr'><strong>totum</strong></span> <span class='ocrx_word' id='word_1_498' title='bbox 2222 1821 2596 1892; x_wconf 89' lang='lat' dir='ltr'><strong>imputandum</strong></span> <span class='ocrx_word' id='word_1_499' title='bbox 2635 1831 2718 1876; x_wconf 91' lang='lat' dir='ltr'><strong>est</strong></span> <span class='ocrx_word' id='word_1_500' title='bbox 2753 1817 3036 1873; x_wconf 87' lang='lat' dir='ltr'><strong>voluntati.</strong></span> <span class='ocrx_word' id='word_1_501' title='bbox 3065 1815 3216 1883; x_wconf 90' lang='lat' dir='ltr'><strong>Quod</strong></span> <span class='ocrx_word' id='word_1_502' title='bbox 3249 1828 3372 1868; x_wconf 92' lang='lat' dir='ltr'><strong>cum</strong></span> <span class='ocrx_word' id='word_1_503' title='bbox 3407 1813 3480 1866; x_wconf 92' lang='lat' dir='ltr'><strong>ita</strong></span> <span class='ocrx_word' id='word_1_504' title='bbox 3512 1813 3601 1876; x_wconf 92' lang='lat' dir='ltr'><strong>sit,</strong></span> 
     </span>
    </p>
   </div>
   <div class='ocr_carea' id='block_1_62' title="bbox 2021 1902 3602 1982">
    <p class='ocr_par' dir='ltr' id='par_1_62' title="bbox 2021 1902 3602 1982">
     <span class='ocr_line' id='line_1_62' title="bbox 2021 1902 3602 1982; baseline -0.007 -13"><span class='ocrx_word' id='word_1_505' title='bbox 2021 1915 2250 1969; x_wconf 89' lang='lat' dir='ltr'><strong>miratur</strong></span> <span class='ocrx_word' id='word_1_506' title='bbox 2303 1914 2530 1969; x_wconf 77' lang='lat' dir='ltr'><strong>forsitan</strong></span> <span class='ocrx_word' id='word_1_507' title='bbox 2584 1912 2706 1982; x_wconf 88' lang='lat' dir='ltr'><strong>quis</strong></span> <span class='ocrx_word' id='word_1_508' title='bbox 2767 1925 2868 1963; x_wconf 92' lang='lat' dir='ltr'><strong>cur</strong></span> <span class='ocrx_word' id='word_1_509' title='bbox 2928 1923 3024 1978; x_wconf 88' lang='lat' dir='ltr'><strong>pro</strong></span> <span class='ocrx_word' id='word_1_510' title='bbox 3089 1906 3241 1975; x_wconf 88' lang='lat' dir='ltr'><strong>culpa</strong></span> <span class='ocrx_word' id='word_1_511' title='bbox 3307 1902 3602 1958; x_wconf 85' lang='lat' dir='ltr'><strong>voluntatis</strong></span> 
     </span>
    </p>
   </div>
   <div class='ocr_carea' id='block_1_63' title="bbox 2022 1994 3605 2074">
    <p class='ocr_par' dir='ltr' id='par_1_63' title="bbox 2022 1994 3605 2074">
     <span class='ocr_line' id='line_1_63' title="bbox 2022 1994 3605 2074; baseline -0.009 -13"><span class='ocrx_word' id='word_1_512' title='bbox 2022 2005 2264 2060; x_wconf 83' lang='lat' dir='ltr'><strong>membra</strong></span> <span class='ocrx_word' id='word_1_513' title='bbox 2309 2005 2604 2074; x_wconf 87' lang='lat' dir='ltr'><strong>puniantur</strong></span> <span class='ocrx_word' id='word_1_514' title='bbox 2641 2011 2696 2057; x_wconf 89' lang='lat' dir='ltr'><strong>et</strong></span> <span class='ocrx_word' id='word_1_515' title='bbox 2725 2001 2816 2033; x_wconf 81' lang='grc'>³⁰³⁹</span> <span class='ocrx_word' id='word_1_516' title='bbox 2863 2013 3076 2054; x_wconf 87' lang='lat' dir='ltr'><strong>sensus.</strong></span> <span class='ocrx_word' id='word_1_517' title='bbox 3127 1996 3327 2053; x_wconf 81' lang='lat' dir='ltr'><strong>Verum</strong></span> <span class='ocrx_word' id='word_1_518' title='bbox 3383 2011 3486 2050; x_wconf 91' lang='lat' dir='ltr'><strong>non</strong></span> <span class='ocrx_word' id='word_1_519' title='bbox 3533 1994 3605 2049; x_wconf 83' lang='lat' dir='ltr'><strong>ita</strong></span> 
     </span>
    </p>
   </div>
   <div class='ocr_carea' id='block_1_64' title="bbox 2023 2084 3602 2161">
    <p class='ocr_par' dir='ltr' id='par_1_64' title="bbox 2023 2084 3602 2161">
     <span class='ocr_line' id='line_1_64' title="bbox 2023 2084 3602 2161; baseline -0.008 -13"><span class='ocrx_word' id='word_1_520' title='bbox 2023 2101 2126 2158; x_wconf 88' lang='lat' dir='ltr'><strong>est,</strong></span> <span class='ocrx_word' id='word_1_521' title='bbox 2159 2107 2266 2147; x_wconf 91' lang='lat' dir='ltr'><strong>non</strong></span> <span class='ocrx_word' id='word_1_522' title='bbox 2302 2091 2445 2146; x_wconf 90' lang='lat' dir='ltr'><strong>enim</strong></span> <span class='ocrx_word' id='word_1_523' title='bbox 2474 2091 2695 2161; x_wconf 89' lang='lat' dir='ltr'><strong>punitur</strong></span> <span class='ocrx_word' id='word_1_524' title='bbox 2724 2089 2828 2144; x_wconf 91' lang='lat' dir='ltr'><strong>nisi</strong></span> <span class='ocrx_word' id='word_1_525' title='bbox 2859 2086 3127 2143; x_wconf 87' lang='lat' dir='ltr'><strong>voluntas.</strong></span> <span class='ocrx_word' id='word_1_526' title='bbox 3176 2085 3311 2139; x_wconf 84' lang='lat' dir='ltr'><strong>Nam</strong></span> <span class='ocrx_word' id='word_1_527' title='bbox 3345 2084 3484 2140; x_wconf 89' lang='lat' dir='ltr'><strong>nihil</strong></span> <span class='ocrx_word' id='word_1_528' title='bbox 3517 2092 3602 2139; x_wconf 91' lang='lat' dir='ltr'><strong>est</strong></span> 
     </span>
    </p>
   </div>
   <div class='ocr_carea' id='block_1_65' title="bbox 2023 2170 3669 2255">
    <p class='ocr_par' dir='ltr' id='par_1_65' title="bbox 2023 2170 3669 2255">
     <span class='ocr_line' id='line_1_65' title="bbox 2023 2170 3669 2255; baseline -0.005 -16"><span class='ocrx_word' id='word_1_529' title='bbox 2023 2170 2182 2240; x_wconf 90' lang='lat' dir='ltr'><strong>alicui</strong></span> <span class='ocrx_word' id='word_1_530' title='bbox 2232 2198 2415 2255; x_wconf 88' lang='lat' dir='ltr'><strong>poena,</strong></span> <span class='ocrx_word' id='word_1_531' title='bbox 2463 2182 2568 2238; x_wconf 91' lang='lat' dir='ltr'><strong>nisi</strong></span> <span class='ocrx_word' id='word_1_532' title='bbox 2620 2181 2762 2251; x_wconf 90' lang='lat' dir='ltr'><strong>quod</strong></span> <span class='ocrx_word' id='word_1_533' title='bbox 2808 2188 2894 2234; x_wconf 83' lang='lat' dir='ltr'><strong>est</strong></span> <span class='ocrx_word' id='word_1_534' title='bbox 2934 2187 3123 2234; x_wconf 88' lang='lat' dir='ltr'><strong>contra</strong></span> <span class='ocrx_word' id='word_1_535' title='bbox 3153 2176 3516 2240; x_wconf 87' lang='lat' dir='ltr'><strong>voluntatem;</strong></span> <span class='ocrx_word' id='word_1_536' title='bbox 3553 2184 3608 2230; x_wconf 91' lang='lat' dir='ltr'><strong>et</strong></span> <span class='ocrx_word' id='word_1_537' title='bbox 3666 2192 3669 2194; x_wconf 94' lang='grc'><strong>·</strong></span> 
     </span>
    </p>
   </div>
   <div class='ocr_carea' id='block_1_66' title="bbox 2024 2267 3604 2346">
    <p class='ocr_par' dir='ltr' id='par_1_66' title="bbox 2024 2267 3604 2346">
     <span class='ocr_line' id='line_1_66' title="bbox 2024 2267 3604 2346; baseline -0.008 -15"><span class='ocrx_word' id='word_1_538' title='bbox 2024 2276 2170 2331; x_wconf 90' lang='lat' dir='ltr'><strong>nulla</strong></span> <span class='ocrx_word' id='word_1_539' title='bbox 2202 2290 2290 2331; x_wconf 88' lang='lat' dir='ltr'><strong>res</strong></span> <span class='ocrx_word' id='word_1_540' title='bbox 2315 2288 2530 2346; x_wconf 77' lang='lat' dir='ltr'><strong>pmuam</strong></span> <span class='ocrx_word' id='word_1_541' title='bbox 2562 2272 2755 2337; x_wconf 86' lang='lat' dir='ltr'><strong>sentit,</strong></span> <span class='ocrx_word' id='word_1_542' title='bbox 2778 2271 2882 2326; x_wconf 92' lang='lat' dir='ltr'><strong>nisi</strong></span> <span class='ocrx_word' id='word_1_543' title='bbox 2915 2285 3035 2340; x_wconf 80' lang='lat' dir='ltr'><strong>quae</strong></span> <span class='ocrx_word' id='word_1_544' title='bbox 3063 2267 3224 2323; x_wconf 85' lang='lat' dir='ltr'><strong>habet</strong></span> <span class='ocrx_word' id='word_1_545' title='bbox 3244 2267 3604 2322; x_wconf 86' lang='lat' dir='ltr'><strong>voluntatem:</strong></span> 
     </span>
    </p>
   </div>
   <div class='ocr_carea' id='block_1_67' title="bbox 2025 2355 3612 2432">
    <p class='ocr_par' dir='ltr' id='par_1_67' title="bbox 2025 2355 3612 2432">
     <span class='ocr_line' id='line_1_67' title="bbox 2025 2355 3612 2432; baseline -0.008 -9"><span class='ocrx_word' id='word_1_546' title='bbox 2025 2368 2267 2423; x_wconf 88' lang='lat' dir='ltr'><strong>membra</strong></span> <span class='ocrx_word' id='word_1_547' title='bbox 2294 2374 2473 2420; x_wconf 89' lang='lat' dir='ltr'><strong>autem</strong></span> <span class='ocrx_word' id='word_1_548' title='bbox 2512 2372 2568 2419; x_wconf 92' lang='lat' dir='ltr'><strong>et</strong></span> <span class='ocrx_word' id='word_1_549' title='bbox 2595 2377 2786 2419; x_wconf 89' lang='lat' dir='ltr'><strong>sensus</strong></span> <span class='ocrx_word' id='word_1_550' title='bbox 2817 2376 2914 2432; x_wconf 91' lang='lat' dir='ltr'><strong>per</strong></span> <span class='ocrx_word' id='word_1_551' title='bbox 2959 2375 3018 2415; x_wconf 91' lang='lat' dir='ltr'><strong>se</strong></span> <span class='ocrx_word' id='word_1_552' title='bbox 3043 2358 3177 2413; x_wconf 91' lang='lat' dir='ltr'><strong>nihil</strong></span> <span class='ocrx_word' id='word_1_553' title='bbox 3206 2357 3412 2412; x_wconf 91' lang='lat' dir='ltr'><strong>volunt.</strong></span> <span class='ocrx_word' id='word_1_554' title='bbox 3458 2355 3612 2412; x_wconf 85' lang='lat' dir='ltr'><strong>Sicut</strong></span> 
     </span>
    </p>
   </div>
   <div class='ocr_carea' id='block_1_68' title="bbox 2026 2450 3612 2530">
    <p class='ocr_par' dir='ltr' id='par_1_68' title="bbox 2026 2450 3612 2530">
     <span class='ocr_line' id='line_1_68' title="bbox 2026 2450 3612 2530; baseline -0.008 -16"><span class='ocrx_word' id='word_1_555' title='bbox 2026 2459 2189 2530; x_wconf 82' lang='lat' dir='ltr'><strong>igitur</strong></span> <span class='ocrx_word' id='word_1_556' title='bbox 2220 2457 2315 2490; x_wconf 65' lang='lat'><strong>’9&quot;</strong></span> <span class='ocrx_word' id='word_1_557' title='bbox 2343 2456 2596 2512; x_wconf 91' lang='lat' dir='ltr'><strong>voluntas</strong></span> <span class='ocrx_word' id='word_1_558' title='bbox 2631 2454 2684 2510; x_wconf 93' lang='lat' dir='ltr'><strong>in</strong></span> <span class='ocrx_word' id='word_1_559' title='bbox 2733 2452 2992 2508; x_wconf 90' lang='lat' dir='ltr'><strong>membris</strong></span> <span class='ocrx_word' id='word_1_560' title='bbox 3035 2460 3090 2506; x_wconf 91' lang='lat' dir='ltr'><strong>et</strong></span> <span class='ocrx_word' id='word_1_561' title='bbox 3135 2450 3384 2504; x_wconf 90' lang='lat' dir='ltr'><strong>sensibus</strong></span> <span class='ocrx_word' id='word_1_562' title='bbox 3421 2464 3612 2517; x_wconf 89' lang='lat' dir='ltr'><strong>opera-</strong></span> 
     </span>
    </p>
   </div>
   <div class='ocr_carea' id='block_1_69' title="bbox 2027 2537 3611 2616">
    <p class='ocr_par' dir='ltr' id='par_1_69' title="bbox 2027 2537 3611 2616">
     <span class='ocr_line' id='line_1_69' title="bbox 2027 2537 3611 2616; baseline -0.009 -12"><span class='ocrx_word' id='word_1_563' title='bbox 2027 2557 2148 2616; x_wconf 89' lang='lat' dir='ltr'><strong>tur;</strong></span> <span class='ocrx_word' id='word_1_564' title='bbox 2189 2549 2265 2603; x_wconf 89' lang='lat' dir='ltr'><strong>ita</strong></span> <span class='ocrx_word' id='word_1_565' title='bbox 2310 2548 2364 2602; x_wconf 91' lang='lat' dir='ltr'><strong>in</strong></span> <span class='ocrx_word' id='word_1_566' title='bbox 2392 2546 2497 2601; x_wconf 89' lang='lat' dir='ltr'><strong>illis</strong></span> <span class='ocrx_word' id='word_1_567' title='bbox 2533 2546 2646 2614; x_wconf 88' lang='lat' dir='ltr'><strong>ipsa</strong></span> <span class='ocrx_word' id='word_1_568' title='bbox 2675 2551 2958 2612; x_wconf 90' lang='lat' dir='ltr'><strong>torquetur</strong></span> <span class='ocrx_word' id='word_1_569' title='bbox 2987 2549 3080 2594; x_wconf 91' lang='lat' dir='ltr'><strong>aut</strong></span> <span class='ocrx_word' id='word_1_570' title='bbox 3105 2539 3422 2596; x_wconf 89' lang='lat' dir='ltr'><strong>delectatur.</strong></span> <span class='ocrx_word' id='word_1_571' title='bbox 3457 2537 3611 2604; x_wconf 91' lang='lat' dir='ltr'><strong>Quod</strong></span> 
     </span>
    </p>
   </div>
   <div class='ocr_carea' id='block_1_70' title="bbox 2026 2627 3612 2710">
    <p class='ocr_par' dir='ltr' id='par_1_70' title="bbox 2026 2627 3612 2710">
     <span class='ocr_line' id='line_1_70' title="bbox 2026 2627 3612 2710; baseline -0.008 -15"><span class='ocrx_word' id='word_1_572' title='bbox 2026 2639 2073 2695; x_wconf 90' lang='lat' dir='ltr'><strong>si</strong></span> <span class='ocrx_word' id='word_1_573' title='bbox 2106 2627 2230 2710; x_wconf 86' lang='lat' dir='ltr'><strong>quis</strong></span> <span class='ocrx_word' id='word_1_574' title='bbox 2262 2653 2370 2694; x_wconf 91' lang='lat' dir='ltr'><strong>non</strong></span> <span class='ocrx_word' id='word_1_575' title='bbox 2406 2637 2635 2706; x_wconf 89' lang='lat' dir='ltr'><strong>accipit;</strong></span> <span class='ocrx_word' id='word_1_576' title='bbox 2684 2635 2822 2692; x_wconf 90' lang='lat' dir='ltr'><strong>sciat</strong></span> <span class='ocrx_word' id='word_1_577' title='bbox 2870 2635 2922 2688; x_wconf 92' lang='lat' dir='ltr'><strong>in</strong></span> <span class='ocrx_word' id='word_1_578' title='bbox 2968 2633 3216 2688; x_wconf 87' lang='lat' dir='ltr'><strong>sensibus</strong></span> <span class='ocrx_word' id='word_1_579' title='bbox 3259 2639 3315 2686; x_wconf 91' lang='lat' dir='ltr'><strong>et</strong></span> <span class='ocrx_word' id='word_1_580' title='bbox 3355 2629 3612 2685; x_wconf 89' lang='lat' dir='ltr'><strong>membris</strong></span> 
     </span>
    </p>
   </div>
   <div class='ocr_carea' id='block_1_71' title="bbox 2027 2720 3610 2796">
    <p class='ocr_par' dir='ltr' id='par_1_71' title="bbox 2027 2720 3610 2796">
     <span class='ocr_line' id='line_1_71' title="bbox 2027 2720 3610 2796; baseline -0.008 -10"><span class='ocrx_word' id='word_1_581' title='bbox 2027 2745 2134 2786; x_wconf 90' lang='lat' dir='ltr'><strong>non</strong></span> <span class='ocrx_word' id='word_1_582' title='bbox 2183 2729 2284 2785; x_wconf 90' lang='lat' dir='ltr'><strong>nisi</strong></span> <span class='ocrx_word' id='word_1_583' title='bbox 2333 2728 2592 2793; x_wconf 80' lang='lat' dir='ltr'><strong>animam,</strong></span> <span class='ocrx_word' id='word_1_584' title='bbox 2658 2725 2712 2780; x_wconf 92' lang='lat' dir='ltr'><strong>in</strong></span> <span class='ocrx_word' id='word_1_585' title='bbox 2783 2739 2888 2796; x_wconf 90' lang='lat' dir='ltr'><strong>qua</strong></span> <span class='ocrx_word' id='word_1_586' title='bbox 2953 2731 3038 2778; x_wconf 89' lang='lat' dir='ltr'><strong>est</strong></span> <span class='ocrx_word' id='word_1_587' title='bbox 3075 2723 3350 2787; x_wconf 91' lang='lat' dir='ltr'><strong>voluntas,</strong></span> <span class='ocrx_word' id='word_1_588' title='bbox 3405 2720 3610 2776; x_wconf 88' lang='lat' dir='ltr'><strong>sentire</strong></span> 
     </span>
    </p>
   </div>
   <div class='ocr_carea' id='block_1_72' title="bbox 2027 2811 3604 2891">
    <p class='ocr_par' dir='ltr' id='par_1_72' title="bbox 2027 2811 3604 2891">
     <span class='ocr_line' id='line_1_72' title="bbox 2027 2811 3604 2891; baseline -0.009 -14"><span class='ocrx_word' id='word_1_589' title='bbox 2027 2831 2080 2878; x_wconf 87' lang='lat' dir='ltr'><strong>et</strong></span> <span class='ocrx_word' id='word_1_590' title='bbox 2106 2821 2346 2891; x_wconf 87' lang='lat' dir='ltr'><strong>operari;</strong></span> <span class='ocrx_word' id='word_1_591' title='bbox 2398 2830 2454 2874; x_wconf 92' lang='lat' dir='ltr'><strong>et</strong></span> <span class='ocrx_word' id='word_1_592' title='bbox 2496 2819 2617 2874; x_wconf 90' lang='lat' dir='ltr'><strong>ideo</strong></span> <span class='ocrx_word' id='word_1_593' title='bbox 2666 2818 2720 2872; x_wconf 93' lang='lat' dir='ltr'><strong>in</strong></span> <span class='ocrx_word' id='word_1_594' title='bbox 2756 2816 2862 2872; x_wconf 91' lang='lat' dir='ltr'><strong>illis</strong></span> <span class='ocrx_word' id='word_1_595' title='bbox 2910 2814 3155 2886; x_wconf 86' lang='lat' dir='ltr'><strong>torqueri</strong></span> <span class='ocrx_word' id='word_1_596' title='bbox 3187 2823 3281 2867; x_wconf 90' lang='lat' dir='ltr'><strong>aut</strong></span> <span class='ocrx_word' id='word_1_597' title='bbox 3311 2811 3604 2867; x_wconf 84' lang='lat' dir='ltr'><strong>delectari:</strong></span> 
     </span>
    </p>
   </div>
   <div class='ocr_carea' id='block_1_73' title="bbox 2028 2900 3616 2975">
    <p class='ocr_par' dir='ltr' id='par_1_73' title="bbox 2028 2900 3616 2975">
     <span class='ocr_line' id='line_1_73' title="bbox 2028 2900 3616 2975; baseline -0.008 -8"><span class='ocrx_word' id='word_1_598' title='bbox 2028 2912 2193 2967; x_wconf 87' lang='lat' dir='ltr'><strong>habet</strong></span> <span class='ocrx_word' id='word_1_599' title='bbox 2222 2919 2399 2966; x_wconf 86' lang='lat' dir='ltr'><strong>tamen</strong></span> <span class='ocrx_word' id='word_1_600' title='bbox 2437 2923 2566 2964; x_wconf 85' lang='lat' dir='ltr'><strong>usus</strong></span> <span class='ocrx_word' id='word_1_601' title='bbox 2602 2915 2659 2963; x_wconf 86' lang='lat' dir='ltr'><strong>ut</strong></span> <span class='ocrx_word' id='word_1_602' title='bbox 2687 2906 2948 2970; x_wconf 85' lang='lat' dir='ltr'><strong>actiones,</strong></span> <span class='ocrx_word' id='word_1_603' title='bbox 2977 2919 3112 2975; x_wconf 89' lang='lat' dir='ltr'><strong>quas</strong></span> <span class='ocrx_word' id='word_1_604' title='bbox 3142 2902 3272 2958; x_wconf 85' lang='lat' dir='ltr'><strong>facit</strong></span> <span class='ocrx_word' id='word_1_605' title='bbox 3297 2900 3390 2934; x_wconf 70' lang='grc'><strong>³⁸⁸³</strong></span> <span class='ocrx_word' id='word_1_606' title='bbox 3418 2900 3616 2969; x_wconf 88' lang='lat' dir='ltr'><strong>injusta</strong></span> 
     </span>
    </p>
   </div>
   <div class='ocr_carea' id='block_1_74' title="bbox 2029 2993 3612 3071">
    <p class='ocr_par' dir='ltr' id='par_1_74' title="bbox 2029 2993 3612 3071">
     <span class='ocr_line' id='line_1_74' title="bbox 2029 2993 3612 3071; baseline -0.007 -12"><span class='ocrx_word' id='word_1_607' title='bbox 2029 3005 2297 3070; x_wconf 90' lang='lat' dir='ltr'><strong>voluntas,</strong></span> <span class='ocrx_word' id='word_1_608' title='bbox 2329 3016 2588 3058; x_wconf 88' lang='lat' dir='ltr'><strong>vocemus</strong></span> <span class='ocrx_word' id='word_1_609' title='bbox 2631 3007 2889 3071; x_wconf 90' lang='lat' dir='ltr'><strong>peccata;</strong></span> <span class='ocrx_word' id='word_1_610' title='bbox 2923 2998 3048 3067; x_wconf 88' lang='lat' dir='ltr'><strong>quia</strong></span> <span class='ocrx_word' id='word_1_611' title='bbox 3094 2996 3150 3050; x_wconf 90' lang='lat' dir='ltr'><strong>in</strong></span> <span class='ocrx_word' id='word_1_612' title='bbox 3178 2993 3477 3058; x_wconf 88' lang='lat' dir='ltr'><strong>voluntate,</strong></span> <span class='ocrx_word' id='word_1_613' title='bbox 3505 3009 3612 3063; x_wconf 89' lang='lat' dir='ltr'><strong>qua</strong></span> 
     </span>
    </p>
   </div>
   <div class='ocr_carea' id='block_1_75' title="bbox 2032 3085 3619 3165">
    <p class='ocr_par' dir='ltr' id='par_1_75' title="bbox 2032 3085 3619 3165">
     <span class='ocr_line' id='line_1_75' title="bbox 2032 3085 3619 3165; baseline -0.007 -14"><span class='ocrx_word' id='word_1_614' title='bbox 2032 3096 2190 3161; x_wconf 85' lang='lat' dir='ltr'><strong>ﬁunt,</strong></span> <span class='ocrx_word' id='word_1_615' title='bbox 2232 3104 2317 3151; x_wconf 91' lang='lat' dir='ltr'><strong>est</strong></span> <span class='ocrx_word' id='word_1_616' title='bbox 2357 3101 2661 3165; x_wconf 90' lang='lat' dir='ltr'><strong>peccatum.</strong></span> <span class='ocrx_word' id='word_1_617' title='bbox 2711 3091 2917 3145; x_wconf 89' lang='lat' dir='ltr'><strong>Dantur</strong></span> <span class='ocrx_word' id='word_1_618' title='bbox 2964 3087 3128 3144; x_wconf 87' lang='lat' dir='ltr'><strong>etiam</strong></span> <span class='ocrx_word' id='word_1_619' title='bbox 3170 3085 3491 3156; x_wconf 89' lang='lat' dir='ltr'><strong>quibusdam</strong></span> <span class='ocrx_word' id='word_1_620' title='bbox 3523 3100 3619 3140; x_wconf 88' lang='lat' dir='ltr'><strong>no-</strong></span> 
     </span>
    </p>
   </div>
   <div class='ocr_carea' id='block_1_76' title="bbox 2033 3176 3619 3257">
    <p class='ocr_par' dir='ltr' id='par_1_76' title="bbox 2033 3176 3619 3257">
     <span class='ocr_line' id='line_1_76' title="bbox 2033 3176 3619 3257; baseline -0.009 -13"><span class='ocrx_word' id='word_1_621' title='bbox 2033 3190 2204 3253; x_wconf 90' lang='lat' dir='ltr'><strong>mina,</strong></span> <span class='ocrx_word' id='word_1_622' title='bbox 2231 3187 2428 3257; x_wconf 89' lang='lat' dir='ltr'><strong>quibus</strong></span> <span class='ocrx_word' id='word_1_623' title='bbox 2470 3184 2808 3256; x_wconf 85' lang='lat' dir='ltr'><strong>signiﬁcatur</strong></span> <span class='ocrx_word' id='word_1_624' title='bbox 2832 3196 2924 3236; x_wconf 89' lang='lat' dir='ltr'><strong>eas</strong></span> <span class='ocrx_word' id='word_1_625' title='bbox 2950 3180 3150 3250; x_wconf 86' lang='lat' dir='ltr'><strong>injuste</strong></span> <span class='ocrx_word' id='word_1_626' title='bbox 3183 3177 3323 3242; x_wconf 87' lang='lat' dir='ltr'><strong>ﬁeri,</strong></span> <span class='ocrx_word' id='word_1_627' title='bbox 3354 3186 3414 3230; x_wconf 94' lang='lat' dir='ltr'><strong>ut</strong></span> <span class='ocrx_word' id='word_1_628' title='bbox 3447 3176 3619 3232; x_wconf 75' lang='lat' dir='ltr'><strong>forni—</strong></span> 
     </span>
    </p>
   </div>
   <div class='ocr_carea' id='block_1_77' title="bbox 2033 3269 3618 3346">
    <p class='ocr_par' dir='ltr' id='par_1_77' title="bbox 2033 3269 3618 3346">
     <span class='ocr_line' id='line_1_77' title="bbox 2033 3269 3618 3346; baseline -0.008 -10"><span class='ocrx_word' id='word_1_629' title='bbox 2033 3280 2194 3346; x_wconf 90' lang='lat' dir='ltr'><strong>catio,</strong></span> <span class='ocrx_word' id='word_1_630' title='bbox 2245 3278 2607 3335; x_wconf 89' lang='lat' dir='ltr'><strong>mendacium.</strong></span> <span class='ocrx_word' id='word_1_631' title='bbox 2665 3274 2772 3330; x_wconf 91' lang='lat' dir='ltr'><strong>Sed</strong></span> <span class='ocrx_word' id='word_1_632' title='bbox 2809 3271 2956 3328; x_wconf 88' lang='lat' dir='ltr'><strong>aliud</strong></span> <span class='ocrx_word' id='word_1_633' title='bbox 3000 3269 3322 3341; x_wconf 76' lang='lat' dir='ltr'><strong>intelligitur</strong></span> <span class='ocrx_word' id='word_1_634' title='bbox 3350 3269 3460 3332; x_wconf 48' lang='lat' dir='ltr'><strong>“l&#39;,</strong></span> <span class='ocrx_word' id='word_1_635' title='bbox 3493 3284 3618 3324; x_wconf 91' lang='lat' dir='ltr'><strong>cum</strong></span> 
     </span>
    </p>
   </div>
   <div class='ocr_carea' id='block_1_78' title="bbox 2033 3363 3616 3445">
    <p class='ocr_par' dir='ltr' id='par_1_78' title="bbox 2033 3363 3616 3445">
     <span class='ocr_line' id='line_1_78' title="bbox 2033 3363 3616 3445; baseline -0.006 -17"><span class='ocrx_word' id='word_1_636' title='bbox 2033 3373 2149 3445; x_wconf 92' lang='lat' dir='ltr'><strong>ipsa</strong></span> <span class='ocrx_word' id='word_1_637' title='bbox 2181 3373 2321 3428; x_wconf 91' lang='lat' dir='ltr'><strong>actio</strong></span> <span class='ocrx_word' id='word_1_638' title='bbox 2346 3371 2463 3437; x_wconf 63' lang='grc'>³⁸⁸³,</span> <span class='ocrx_word' id='word_1_639' title='bbox 2488 3371 2572 3426; x_wconf 91' lang='lat' dir='ltr'><strong>vel</strong></span> <span class='ocrx_word' id='word_1_640' title='bbox 2596 3369 2855 3440; x_wconf 89' lang='lat' dir='ltr'><strong>prolatio;</strong></span> <span class='ocrx_word' id='word_1_641' title='bbox 2894 3366 3064 3432; x_wconf 90' lang='lat' dir='ltr'><strong>aliud,</strong></span> <span class='ocrx_word' id='word_1_642' title='bbox 3091 3379 3213 3420; x_wconf 87' lang='lat' dir='ltr'><strong>cum</strong></span> <span class='ocrx_word' id='word_1_643' title='bbox 3239 3374 3444 3432; x_wconf 89' lang='lat' dir='ltr'><strong>utrum,</strong></span> <span class='ocrx_word' id='word_1_644' title='bbox 3469 3363 3616 3436; x_wconf 85' lang='lat' dir='ltr'><strong>juste</strong></span> 
     </span>
    </p>
   </div>
   <div class='ocr_carea' id='block_1_79' title="bbox 2035 3460 2922 3534">
    <p class='ocr_par' dir='ltr' id='par_1_79' title="bbox 2035 3460 2922 3534">
     <span class='ocr_line' id='line_1_79' title="bbox 2035 3460 2922 3534; baseline -0.01 -14"><span class='ocrx_word' id='word_1_645' title='bbox 2035 3464 2122 3520; x_wconf 89' lang='lat' dir='ltr'><strong>vel</strong></span> <span class='ocrx_word' id='word_1_646' title='bbox 2147 3463 2348 3534; x_wconf 90' lang='lat' dir='ltr'><strong>injuste</strong></span> <span class='ocrx_word' id='word_1_647' title='bbox 2374 3463 2487 3529; x_wconf 87' lang='lat' dir='ltr'><strong>fiat,</strong></span> <span class='ocrx_word' id='word_1_648' title='bbox 2523 3460 2922 3517; x_wconf 85' lang='lat' dir='ltr'><strong>consideratur.</strong></span> 
     </span>
    </p>
   </div>
   <div class='ocr_carea' id='block_1_80' title="bbox 2647 3570 2966 3628">
    <p class='ocr_par' dir='ltr' id='par_1_80' title="bbox 2647 3570 2966 3628">
     <span class='ocr_line' id='line_1_80' title="bbox 2647 3570 2966 3628; baseline -0.013 0"><span class='ocrx_word' id='word_1_649' title='bbox 2647 3570 2874 3628; x_wconf 81' lang='lat' dir='ltr'><strong>CAPUT</strong></span> <span class='ocrx_word' id='word_1_650' title='bbox 2903 3571 2966 3626; x_wconf 69' lang='grc' dir='ltr'><strong>γ.</strong></span> 
     </span>
    </p>
   </div>
   <div class='ocr_carea' id='block_1_81' title="bbox 2109 3659 3548 3734">
    <p class='ocr_par' dir='ltr' id='par_1_81' title="bbox 2109 3659 3548 3734">
     <span class='ocr_line' id='line_1_81' title="bbox 2109 3659 3548 3734; baseline -0.008 -11"><span class='ocrx_word' id='word_1_651' title='bbox 2109 3666 2262 3734; x_wconf 83' lang='lat' dir='ltr'><strong>Quod</strong></span> <span class='ocrx_word' id='word_1_652' title='bbox 2295 3665 2513 3732; x_wconf 84' lang='lat' dir='ltr'><strong>malum,</strong></span> <span class='ocrx_word' id='word_1_653' title='bbox 2539 3665 2678 3734; x_wconf 82' lang='lat' dir='ltr'><strong>quod</strong></span> <span class='ocrx_word' id='word_1_654' title='bbox 2714 3673 2790 3718; x_wconf 76' lang='lat' dir='ltr'><strong>est</strong></span> <span class='ocrx_word' id='word_1_655' title='bbox 2820 3671 3096 3734; x_wconf 68' lang='lat' dir='ltr'><strong>peccatum</strong></span> <span class='ocrx_word' id='word_1_656' title='bbox 3138 3663 3242 3716; x_wconf 79' lang='lat' dir='ltr'><strong>sive</strong></span> <span class='ocrx_word' id='word_1_657' title='bbox 3269 3659 3548 3730; x_wconf 79' lang='lat' dir='ltr'><strong>injustitia,</strong></span> 
     </span>
    </p>
   </div>
   <div class='ocr_carea' id='block_1_82' title="bbox 2697 3732 2945 3788">
    <p class='ocr_par' dir='ltr' id='par_1_82' title="bbox 2697 3732 2945 3788">
     <span class='ocr_line' id='line_1_82' title="bbox 2697 3732 2945 3788; baseline -0.012 0"><span class='ocrx_word' id='word_1_658' title='bbox 2697 3732 2828 3788; x_wconf 76' lang='lat' dir='ltr'><strong>nihil</strong></span> <span class='ocrx_word' id='word_1_659' title='bbox 2857 3733 2945 3786; x_wconf 81' lang='lat' dir='ltr'><strong>sit.</strong></span> 
     </span>
    </p>
   </div>
   <div class='ocr_carea' id='block_1_83' title="bbox 2109 3817 3624 3896">
    <p class='ocr_par' dir='ltr' id='par_1_83' title="bbox 2109 3817 3624 3896">
     <span class='ocr_line' id='line_1_83' title="bbox 2109 3817 3624 3896; baseline -0.007 -13"><span class='ocrx_word' id='word_1_660' title='bbox 2109 3828 2351 3896; x_wconf 88' lang='lat' dir='ltr'><strong>Denique</strong></span> <span class='ocrx_word' id='word_1_661' title='bbox 2378 3825 2556 3881; x_wconf 90' lang='lat' dir='ltr'><strong>omnis</strong></span> <span class='ocrx_word' id='word_1_662' title='bbox 2583 3823 2820 3880; x_wconf 89' lang='lat' dir='ltr'><strong>essentia</strong></span> <span class='ocrx_word' id='word_1_663' title='bbox 2856 3831 2940 3877; x_wconf 91' lang='lat' dir='ltr'><strong>est</strong></span> <span class='ocrx_word' id='word_1_664' title='bbox 2966 3837 2991 3875; x_wconf 72' lang='grc' dir='ltr'><strong>ο</strong></span> <span class='ocrx_word' id='word_1_665' title='bbox 3020 3821 3152 3885; x_wconf 90' lang='lat' dir='ltr'><strong>Deo,</strong></span> <span class='ocrx_word' id='word_1_666' title='bbox 3183 3834 3212 3873; x_wconf 93' lang='lat' dir='ltr'><strong>a</strong></span> <span class='ocrx_word' id='word_1_667' title='bbox 3242 3833 3350 3888; x_wconf 90' lang='lat' dir='ltr'><strong>quo</strong></span> <span class='ocrx_word' id='word_1_668' title='bbox 3385 3817 3517 3873; x_wconf 93' lang='lat' dir='ltr'><strong>nihil</strong></span> <span class='ocrx_word' id='word_1_669' title='bbox 3537 3827 3624 3873; x_wconf 90' lang='lat' dir='ltr'><strong>est</strong></span> 
     </span>
    </p>
   </div>
   <div class='ocr_carea' id='block_1_84' title="bbox 2041 3906 3619 3992">
    <p class='ocr_par' dir='ltr' id='par_1_84' title="bbox 2041 3906 3619 3992">
     <span class='ocr_line' id='line_1_84' title="bbox 2041 3906 3619 3992; baseline -0.011 -15"><span class='ocrx_word' id='word_1_670' title='bbox 2041 3921 2298 3992; x_wconf 86' lang='lat' dir='ltr'><strong>injustum</strong></span> <span class='ocrx_word' id='word_1_671' title='bbox 2314 3916 2428 3969; x_wconf 70' lang='lat'><strong>&#39;°“.</strong></span> <span class='ocrx_word' id='word_1_672' title='bbox 2453 3914 2632 3982; x_wconf 88' lang='lat' dir='ltr'><strong>Quare</strong></span> <span class='ocrx_word' id='word_1_673' title='bbox 2659 3911 2804 3967; x_wconf 90' lang='lat' dir='ltr'><strong>nulla</strong></span> <span class='ocrx_word' id='word_1_674' title='bbox 2823 3911 3055 3966; x_wconf 90' lang='lat' dir='ltr'><strong>essentia</strong></span> <span class='ocrx_word' id='word_1_675' title='bbox 3085 3917 3170 3964; x_wconf 87' lang='lat' dir='ltr'><strong>est</strong></span> <span class='ocrx_word' id='word_1_676' title='bbox 3196 3906 3394 3975; x_wconf 90' lang='lat' dir='ltr'><strong>injusta</strong></span> <span class='ocrx_word' id='word_1_677' title='bbox 3417 3922 3514 3976; x_wconf 91' lang='lat' dir='ltr'><strong>per</strong></span> <span class='ocrx_word' id='word_1_678' title='bbox 3539 3921 3619 3962; x_wconf 84' lang='lat' dir='ltr'><strong>se.</strong></span> 
     </span>
    </p>
   </div>
   <div class='ocr_carea' id='block_1_85' title="bbox 2039 3995 3614 4084">
    <p class='ocr_par' dir='ltr' id='par_1_85' title="bbox 2039 3995 3614 4084">
     <span class='ocr_line' id='line_1_85' title="bbox 2039 3995 3614 4084; baseline -0.01 -17"><span class='ocrx_word' id='word_1_679' title='bbox 2039 4010 2308 4084; x_wconf 89' lang='lat' dir='ltr'><strong>lujustitia</strong></span> <span class='ocrx_word' id='word_1_680' title='bbox 2338 4016 2518 4063; x_wconf 90' lang='lat' dir='ltr'><strong>autem</strong></span> <span class='ocrx_word' id='word_1_681' title='bbox 2541 4003 2760 4062; x_wconf 91' lang='lat' dir='ltr'><strong>omnino</strong></span> <span class='ocrx_word' id='word_1_682' title='bbox 2789 4001 2923 4058; x_wconf 91' lang='lat' dir='ltr'><strong>nihil</strong></span> <span class='ocrx_word' id='word_1_683' title='bbox 2942 4008 3046 4066; x_wconf 91' lang='lat' dir='ltr'><strong>est,</strong></span> <span class='ocrx_word' id='word_1_684' title='bbox 3059 3999 3198 4055; x_wconf 90' lang='lat' dir='ltr'><strong>sicut</strong></span> <span class='ocrx_word' id='word_1_685' title='bbox 3227 3997 3464 4053; x_wconf 63' lang='lat' dir='ltr'><strong>caecitas.</strong></span> <span class='ocrx_word' id='word_1_686' title='bbox 3495 3995 3614 4052; x_wconf 82' lang='lat' dir='ltr'><strong>Non</strong></span> 
     </span>
    </p>
   </div>
   <div class='ocr_carea' id='block_1_86' title="bbox 2040 4086 3617 4165">
    <p class='ocr_par' dir='ltr' id='par_1_86' title="bbox 2040 4086 3617 4165">
     <span class='ocr_line' id='line_1_86' title="bbox 2040 4086 3617 4165; baseline -0.013 -5"><span class='ocrx_word' id='word_1_687' title='bbox 2040 4107 2185 4160; x_wconf 89' lang='lat' dir='ltr'><strong>enim</strong></span> <span class='ocrx_word' id='word_1_688' title='bbox 2211 4099 2357 4156; x_wconf 85' lang='lat' dir='ltr'><strong>aliud</strong></span> <span class='ocrx_word' id='word_1_689' title='bbox 2386 4107 2469 4155; x_wconf 91' lang='lat' dir='ltr'><strong>est</strong></span> <span class='ocrx_word' id='word_1_690' title='bbox 2489 4096 2724 4162; x_wconf 74' lang='lat' dir='ltr'><strong>ctecitas,</strong></span> <span class='ocrx_word' id='word_1_691' title='bbox 2751 4108 2911 4165; x_wconf 89' lang='lat' dir='ltr'><strong>quam</strong></span> <span class='ocrx_word' id='word_1_692' title='bbox 2939 4089 3186 4148; x_wconf 89' lang='lat' dir='ltr'><strong>absentia</strong></span> <span class='ocrx_word' id='word_1_693' title='bbox 3227 4089 3378 4143; x_wconf 88' lang='lat' dir='ltr'><strong>visus</strong></span> <span class='ocrx_word' id='word_1_694' title='bbox 3408 4086 3498 4142; x_wconf 88' lang='lat' dir='ltr'><strong>ubi</strong></span> <span class='ocrx_word' id='word_1_695' title='bbox 3523 4087 3617 4140; x_wconf 77' lang='lat' dir='ltr'><strong>de-</strong></span> 
     </span>
    </p>
   </div>
   <div class='ocr_carea' id='block_1_87' title="bbox 2042 4175 3626 4263">
    <p class='ocr_par' dir='ltr' id='par_1_87' title="bbox 2042 4175 3626 4263">
     <span class='ocr_line' id='line_1_87' title="bbox 2042 4175 3626 4263; baseline -0.016 -8"><span class='ocrx_word' id='word_1_696' title='bbox 2042 4201 2135 4256; x_wconf 88' lang='lat' dir='ltr'><strong>bet</strong></span> <span class='ocrx_word' id='word_1_697' title='bbox 2167 4207 2318 4260; x_wconf 85' lang='lat' dir='ltr'><strong>esse;</strong></span> <span class='ocrx_word' id='word_1_698' title='bbox 2351 4204 2472 4263; x_wconf 82' lang='lat' dir='ltr'><strong>quae</strong></span> <span class='ocrx_word' id='word_1_699' title='bbox 2495 4204 2604 4244; x_wconf 91' lang='lat' dir='ltr'><strong>non</strong></span> <span class='ocrx_word' id='word_1_700' title='bbox 2634 4186 2806 4257; x_wconf 87' lang='lat' dir='ltr'><strong>magis</strong></span> <span class='ocrx_word' id='word_1_701' title='bbox 2825 4184 2921 4217; x_wconf 65' lang='grc'>³⁰³⁵</span> <span class='ocrx_word' id='word_1_702' title='bbox 2940 4191 3022 4238; x_wconf 90' lang='lat' dir='ltr'><strong>est</strong></span> <span class='ocrx_word' id='word_1_703' title='bbox 3045 4180 3248 4251; x_wconf 91' lang='lat' dir='ltr'><strong>aliquid</strong></span> <span class='ocrx_word' id='word_1_704' title='bbox 3280 4178 3337 4234; x_wconf 88' lang='lat' dir='ltr'><strong>in</strong></span> <span class='ocrx_word' id='word_1_705' title='bbox 3363 4175 3626 4234; x_wconf 73' lang='lat' dir='ltr'><strong>oculo’°“</strong></span> 
     </span>
    </p>
   </div>
   <div class='ocr_carea' id='block_1_88' title="bbox 351 4267 3630 4370">
    <p class='ocr_par' dir='ltr' id='par_1_88' title="bbox 351 4267 3630 4370">
     <span class='ocr_line' id='line_1_88' title="bbox 351 4267 3630 4370; baseline -0.001 -18"><span class='ocrx_word' id='word_1_706' title='bbox 351 4267 468 4370; x_wconf 78' lang='lat' dir='ltr'><strong>jam</strong></span> <span class='ocrx_word' id='word_1_707' title='bbox 495 4307 667 4364; x_wconf 89' lang='lat' dir='ltr'><strong>esset;</strong></span> <span class='ocrx_word' id='word_1_708' title='bbox 717 4267 1076 4370; x_wconf 34' lang='lat' dir='ltr'><strong>aut&#39;quandiu</strong></span> <span class='ocrx_word' id='word_1_709' title='bbox 1135 4306 1447 4354; x_wconf 87' lang='lat' dir='ltr'><strong>remaneret</strong></span> <span class='ocrx_word' id='word_1_710' title='bbox 1485 4267 1638 4366; x_wconf 79' lang='lat' dir='ltr'><strong>quod</strong></span> <span class='ocrx_word' id='word_1_711' title='bbox 1668 4297 1746 4362; x_wconf 89' lang='lat' dir='ltr'><strong>lit,</strong></span> <span class='ocrx_word' id='word_1_712' title='bbox 1772 4267 1938 4351; x_wconf 17' lang='lat' dir='ltr'><strong>ﬁnun»</strong></span> <span class='ocrx_word' id='word_1_713' title='bbox 2045 4290 2135 4347; x_wconf 91' lang='lat' dir='ltr'><strong>ubi</strong></span> <span class='ocrx_word' id='word_1_714' title='bbox 2169 4286 2334 4343; x_wconf 91' lang='lat' dir='ltr'><strong>debet</strong></span> <span class='ocrx_word' id='word_1_715' title='bbox 2377 4297 2498 4339; x_wconf 88' lang='lat' dir='ltr'><strong>esse</strong></span> <span class='ocrx_word' id='word_1_716' title='bbox 2533 4281 2700 4346; x_wconf 78' lang='lat' dir='ltr'><strong>visus.</strong></span> <span class='ocrx_word' id='word_1_717' title='bbox 2730 4293 2892 4348; x_wconf 80' lang='lat' dir='ltr'><strong>quam</strong></span> <span class='ocrx_word' id='word_1_718' title='bbox 2933 4274 3160 4370; x_wconf 68' lang='lat' dir='ltr'><strong>in__“8“°</strong></span> <span class='ocrx_word' id='word_1_719' title='bbox 3185 4271 3276 4328; x_wconf 70' lang='lat' dir='ltr'><strong>ubi</strong></span> <span class='ocrx_word' id='word_1_720' title='bbox 3317 4285 3438 4370; x_wconf 43' lang='lat' dir='ltr'><strong>“fni</strong></span> <span class='ocrx_word' id='word_1_721' title='bbox 3469 4267 3630 4370; x_wconf 48' lang='lat' dir='ltr'><strong>fiebat</strong></span> 
     </span>
    </p>
   </div>
   <div class='ocr_carea' id='block_1_89' title="bbox 352 4360 3624 4461">
    <p class='ocr_par' dir='ltr' id='par_1_89' title="bbox 352 4360 3624 4461">
     <span class='ocr_line' id='line_1_89' title="bbox 352 4360 3624 4461; baseline -0.009 -19"><span class='ocrx_word' id='word_1_722' title='bbox 352 4360 519 4461; x_wconf 76' lang='lat' dir='ltr'><strong>quam</strong></span> <span class='ocrx_word' id='word_1_723' title='bbox 564 4360 1159 4458; x_wconf 50' lang='lat' dir='ltr'><strong>deleretur-peceatum</strong></span> <span class='ocrx_word' id='word_1_724' title='bbox 1207 4406 1221 4443; x_wconf 91' lang='lat'><strong>:</strong></span> <span class='ocrx_word' id='word_1_725' title='bbox 1271 4389 1368 4444; x_wconf 88' lang='lat' dir='ltr'><strong>sed</strong></span> <span class='ocrx_word' id='word_1_726' title='bbox 1421 4360 1665 4443; x_wconf 75' lang='lat' dir='ltr'><strong>videmus</strong></span> <span class='ocrx_word' id='word_1_727' title='bbox 1713 4360 1934 4456; x_wconf 86' lang='lat' dir='ltr'><strong>peccata</strong></span> <span class='ocrx_word' id='word_1_728' title='bbox 2039 4397 2180 4442; x_wconf 90' lang='lat' dir='ltr'><strong>esse.</strong></span> <span class='ocrx_word' id='word_1_729' title='bbox 2210 4377 2326 4434; x_wconf 84' lang='lat' dir='ltr'><strong>Non</strong></span> <span class='ocrx_word' id='word_1_730' title='bbox 2358 4375 2504 4433; x_wconf 89' lang='lat' dir='ltr'><strong>enim</strong></span> <span class='ocrx_word' id='word_1_731' title='bbox 2529 4380 2614 4429; x_wconf 92' lang='lat' dir='ltr'><strong>est</strong></span> <span class='ocrx_word' id='word_1_732' title='bbox 2639 4369 2902 4461; x_wconf 76' lang='lat' dir='ltr'><strong>iniustitia</strong></span> <span class='ocrx_word' id='word_1_733' title='bbox 2933 4367 3059 4461; x_wconf 76' lang='lat' dir='ltr'><strong>talis</strong></span> <span class='ocrx_word' id='word_1_734' title='bbox 3082 4380 3173 4420; x_wconf 89' lang='lat' dir='ltr'><strong>res</strong></span> <span class='ocrx_word' id='word_1_735' title='bbox 3211 4379 3317 4434; x_wconf 91' lang='lat' dir='ltr'><strong>qua</strong></span> <span class='ocrx_word' id='word_1_736' title='bbox 3348 4360 3624 4416; x_wconf 90' lang='lat' dir='ltr'><strong>inliciatur</strong></span> 
     </span>
    </p>
   </div>
   <div class='ocr_carea' id='block_1_90' title="bbox 354 4456 3632 4553">
    <p class='ocr_par' dir='ltr' id='par_1_90' title="bbox 354 4456 3632 4553">
     <span class='ocr_line' id='line_1_90' title="bbox 354 4456 3632 4553; baseline -0.01 -16"><span class='ocrx_word' id='word_1_737' title='bbox 354 4456 499 4553; x_wconf 67' lang='lat' dir='ltr'><strong>saepe</strong></span> <span class='ocrx_word' id='word_1_738' title='bbox 544 4490 600 4537; x_wconf 92' lang='lat' dir='ltr'><strong>et</strong></span> <span class='ocrx_word' id='word_1_739' title='bbox 644 4497 749 4537; x_wconf 93' lang='lat' dir='ltr'><strong>non</strong></span> <span class='ocrx_word' id='word_1_740' title='bbox 787 4456 896 4513; x_wconf 36' lang='grc'>⁸⁰³⁸-</span> <span class='ocrx_word' id='word_1_741' title='bbox 918 4479 1104 4546; x_wconf 91' lang='lat' dir='ltr'><strong>deleri,</strong></span> <span class='ocrx_word' id='word_1_742' title='bbox 1150 4479 1360 4534; x_wconf 88' lang='lat' dir='ltr'><strong>actione</strong></span> <span class='ocrx_word' id='word_1_743' title='bbox 1409 4477 1621 4542; x_wconf 85' lang='lat' dir='ltr'><strong>delata;</strong></span> <span class='ocrx_word' id='word_1_744' title='bbox 1668 4483 1722 4531; x_wconf 93' lang='lat' dir='ltr'><strong>et</strong></span> <span class='ocrx_word' id='word_1_745' title='bbox 1766 4475 1934 4530; x_wconf 90' lang='lat' dir='ltr'><strong>deleri</strong></span> <span class='ocrx_word' id='word_1_746' title='bbox 1963 4465 2014 4525; x_wconf 90' lang='lat' dir='ltr'><strong>D</strong></span> <span class='ocrx_word' id='word_1_747' title='bbox 2041 4476 2132 4510; x_wconf 65' lang='lat'><strong>3°&quot;</strong></span> <span class='ocrx_word' id='word_1_748' title='bbox 2162 4479 2217 4529; x_wconf 84' lang='lat' dir='ltr'><strong>et</strong></span> <span class='ocrx_word' id='word_1_749' title='bbox 2245 4473 2627 4537; x_wconf 88' lang='lat' dir='ltr'><strong>corrumpatur</strong></span> <span class='ocrx_word' id='word_1_750' title='bbox 2649 4460 2851 4526; x_wconf 89' lang='lat' dir='ltr'><strong>anima,</strong></span> <span class='ocrx_word' id='word_1_751' title='bbox 2879 4456 3026 4512; x_wconf 89' lang='lat' dir='ltr'><strong>velut</strong></span> <span class='ocrx_word' id='word_1_752' title='bbox 3061 4469 3259 4526; x_wconf 90' lang='lat' dir='ltr'><strong>corpus</strong></span> <span class='ocrx_word' id='word_1_753' title='bbox 3292 4466 3544 4518; x_wconf 89' lang='lat' dir='ltr'><strong>veneno;</strong></span> <span class='ocrx_word' id='word_1_754' title='bbox 3575 4458 3632 4505; x_wconf 80' lang='lat' dir='ltr'><strong>et</strong></span> 
     </span>
    </p>
   </div>
   <div class='ocr_carea' id='block_1_91' title="bbox 1684 4578 2350 4644">
    <p class='ocr_par' dir='ltr' id='par_1_91' title="bbox 1684 4578 2350 4644">
     <span class='ocr_line' id='line_1_91' title="bbox 1684 4578 2350 4644; baseline -0.012 -2"><span class='ocrx_word' id='word_1_755' title='bbox 1684 4587 1918 4644; x_wconf 65' lang='lat' dir='ltr'><strong>VARIE</strong></span> <span class='ocrx_word' id='word_1_756' title='bbox 1948 4578 2350 4643; x_wconf 78' lang='lat' dir='ltr'><strong>LECTIONES.</strong></span> 
     </span>
    </p>
   </div>
   <div class='ocr_carea' id='block_1_92' title="bbox 431 4677 3634 4767">
    <p class='ocr_par' dir='ltr' id='par_1_92' title="bbox 431 4677 3634 4767">
     <span class='ocr_line' id='line_1_92' title="bbox 431 4677 3634 4767; baseline -0.009 -3"><span class='ocrx_word' id='word_1_757' title='bbox 431 4711 526 4744; x_wconf 75' lang='lat'><strong>&#39;°”</strong></span> <span class='ocrx_word' id='word_1_758' title='bbox 545 4706 854 4765; x_wconf 79' lang='lat' dir='ltr'><strong>Ali&#39;ectionis</strong></span> <span class='ocrx_word' id='word_1_759' title='bbox 881 4715 936 4762; x_wconf 90' lang='lat' dir='ltr'><strong>et</strong></span> <span class='ocrx_word' id='word_1_760' title='bbox 962 4721 1092 4762; x_wconf 87' lang='lat' dir='ltr'><strong>usus</strong></span> <span class='ocrx_word' id='word_1_761' title='bbox 1112 4721 1238 4760; x_wconf 80' lang='lat' dir='ltr'><strong>mss.</strong></span> <span class='ocrx_word' id='word_1_762' title='bbox 1263 4711 1310 4758; x_wconf 83' lang='lat' dir='ltr'><strong>et</strong></span> <span class='ocrx_word' id='word_1_763' title='bbox 1334 4701 1481 4757; x_wconf 80' lang='lat' dir='ltr'><strong>Edit.</strong></span> <span class='ocrx_word' id='word_1_764' title='bbox 1497 4700 1652 4756; x_wconf 83' lang='lat' dir='ltr'><strong>Goth.</strong></span> <span class='ocrx_word' id='word_1_765' title='bbox 1685 4698 1996 4756; x_wconf 80' lang='lat' dir='ltr'><strong>all‘eetiones</strong></span> <span class='ocrx_word' id='word_1_766' title='bbox 2018 4707 2073 4754; x_wconf 91' lang='lat' dir='ltr'><strong>et</strong></span> <span class='ocrx_word' id='word_1_767' title='bbox 2101 4713 2232 4753; x_wconf 87' lang='lat' dir='ltr'><strong>usus</strong></span> <span class='ocrx_word' id='word_1_768' title='bbox 2272 4694 2378 4767; x_wconf 47' lang='lat'><strong>3°”</strong></span> <span class='ocrx_word' id='word_1_769' title='bbox 2399 4691 2504 4767; x_wconf 82' lang='lat' dir='ltr'><strong>Per</strong></span> <span class='ocrx_word' id='word_1_770' title='bbox 2531 4704 2590 4746; x_wconf 92' lang='lat' dir='ltr'><strong>se</strong></span> <span class='ocrx_word' id='word_1_771' title='bbox 2619 4684 2996 4767; x_wconf 65' lang='lat' dir='ltr'><strong>considerandi</strong></span> <span class='ocrx_word' id='word_1_772' title='bbox 3024 4699 3152 4765; x_wconf 55' lang='lat' dir='ltr'><strong>mss.</strong></span> <span class='ocrx_word' id='word_1_773' title='bbox 3179 4680 3280 4767; x_wconf 43' lang='lat' dir='ltr'><strong>lter</strong></span> <span class='ocrx_word' id='word_1_774' title='bbox 3301 4677 3634 4767; x_wconf 67' lang='lat' dir='ltr'><strong>seconside—</strong></span> 
     </span>
    </p>
   </div>
   <div class='ocr_carea' id='block_1_93' title="bbox 358 4750 3629 4844">
    <p class='ocr_par' dir='ltr' id='par_1_93' title="bbox 358 4750 3629 4844">
     <span class='ocr_line' id='line_1_93' title="bbox 358 4750 3629 4844; baseline -0.011 -8"><span class='ocrx_word' id='word_1_775' title='bbox 358 4781 465 4836; x_wconf 89' lang='lat' dir='ltr'><strong>rati</strong></span> <span class='ocrx_word' id='word_1_776' title='bbox 543 4750 955 4834; x_wconf 40' lang='lat' dir='ltr'><strong>“Rvﬁoifatiét</strong></span> <span class='ocrx_word' id='word_1_777' title='bbox 966 4750 1782 4844; x_wconf 58' lang='grc' dir='ltr'><strong><em>ί</em></strong></span> <span class='ocrx_word' id='word_1_778' title='bbox 1796 4750 2650 4844; x_wconf 39' lang='grc' dir='ltr'><strong>ᾖδῐῖ-έηῖέῃξῇοῂὶίιιθητλιι-δίψη</strong></span> <span class='ocrx_word' id='word_1_779' title='bbox 2723 4750 3629 4844; x_wconf 41' lang='lat' dir='ltr'><strong>Amas:</strong></span> 
     </span>
    </p>
   </div>
   <div class='ocr_carea' id='block_1_94' title="bbox 359 4819 3638 4916">
    <p class='ocr_par' dir='ltr' id='par_1_94' title="bbox 359 4819 3638 4916">
     <span class='ocr_line' id='line_1_94' title="bbox 359 4819 3638 4916; baseline -0.007 -12"><span class='ocrx_word' id='word_1_780' title='bbox 359 4819 494 4906; x_wconf 60' lang='lat' dir='ltr'><strong>alii.</strong></span> <span class='ocrx_word' id='word_1_781' title='bbox 544 4819 1182 4916; x_wconf 50' lang='lat' dir='ltr'><strong>enini‘i’ieﬁi&#39;i&#39;gta‘s‘idﬁg</strong></span> <span class='ocrx_word' id='word_1_782' title='bbox 1210 4819 2299 4916; x_wconf 48' lang='grc' dir='ltr'><strong>’Ἱῖῖἶλιιῖιῆὲίέιῖζίὶζἑέῐςῃὲῗῡὲεῐέίε).</strong></span> <span class='ocrx_word' id='word_1_783' title='bbox 2329 4819 2630 4916; x_wconf 55' lang='grc' dir='ltr'><strong>ειιιιιῖιιμιηε,</strong></span> <span class='ocrx_word' id='word_1_784' title='bbox 2675 4819 3638 4916; x_wconf 30' lang='grc' dir='ltr'><strong>δερᾹεθουρέιξςῐιιξρξῐὶξξψλιξξὶηθξξ</strong></span> 
     </span>
    </p>
   </div>
   <div class='ocr_carea' id='block_1_95' title="bbox 361 4892 3636 4982">
    <p class='ocr_par' dir='ltr' id='par_1_95' title="bbox 361 4892 3636 4982">
     <span class='ocr_line' id='line_1_95' title="bbox 361 4892 3636 4982; baseline -0.006 -9"><span class='ocrx_word' id='word_1_785' title='bbox 361 4892 687 4982; x_wconf 50' lang='lat' dir='ltr'><strong>iiﬁ&#39;n‘é’ii‘,’</strong></span> <span class='ocrx_word' id='word_1_786' title='bbox 707 4892 1300 4974; x_wconf 52' lang='lat' dir='ltr'><strong>daa&#39;éiilii&#39;éaiaatate</strong></span> <span class='ocrx_word' id='word_1_787' title='bbox 1324 4892 2071 4982; x_wconf 52' lang='lat' dir='ltr'><strong>maia&quot;Eitt.’co}i.&#39;.ja‘est</strong></span> <span class='ocrx_word' id='word_1_788' title='bbox 2086 4908 2183 4982; x_wconf 70' lang='lat' dir='ltr'><strong>qui</strong></span> <span class='ocrx_word' id='word_1_789' title='bbox 2209 4921 2325 4982; x_wconf 89' lang='lat' dir='ltr'><strong>_non</strong></span> <span class='ocrx_word' id='word_1_790' title='bbox 2360 4903 2510 4982; x_wconf 86' lang='lat' dir='ltr'><strong>carni</strong></span> <span class='ocrx_word' id='word_1_791' title='bbox 2536 4892 2814 4956; x_wconf 84' lang='lat' dir='ltr'><strong>voluntate</strong></span> <span class='ocrx_word' id='word_1_792' title='bbox 2833 4913 2931 4982; x_wconf 73' lang='lat' dir='ltr'><strong>ms.</strong></span> <span class='ocrx_word' id='word_1_793' title='bbox 2957 4892 3218 4982; x_wconf 44' lang='grc' dir='ltr'><strong>γὶεξλλθὶ</strong></span> <span class='ocrx_word' id='word_1_794' title='bbox 3230 4892 3636 4982; x_wconf 25' lang='grc' dir='ltr'><strong>ξάᾼςξξρᾳξιξεξξρξξ</strong></span> 
     </span>
    </p>
   </div>
   <div class='ocr_carea' id='block_1_96' title="bbox 360 4956 3638 5052">
    <p class='ocr_par' dir='ltr' id='par_1_96' title="bbox 360 4956 3638 5052">
     <span class='ocr_line' id='line_1_96' title="bbox 360 4956 3638 5052; baseline -0.007 -8"><span class='ocrx_word' id='word_1_795' title='bbox 360 4956 1337 5048; x_wconf 45' lang='grc' dir='ltr'><strong>επτηέδίνῖδῖιίῆυίέιῖωι³⁰²⁸υιῗειοθτθῃ</strong></span> <span class='ocrx_word' id='word_1_796' title='bbox 1363 4993 1686 5052; x_wconf 88' lang='lat' dir='ltr'><strong>sequeretur</strong></span> <span class='ocrx_word' id='word_1_797' title='bbox 1731 4997 1855 5033; x_wconf 78' lang='lat' dir='ltr'><strong>mss.</strong></span> <span class='ocrx_word' id='word_1_798' title='bbox 1883 4956 2166 5052; x_wconf 50' lang='lat' dir='ltr'><strong>Thu.’593.</strong></span> <span class='ocrx_word' id='word_1_799' title='bbox 2206 4976 2474 5052; x_wconf 72' lang='lat' dir='ltr'><strong>lacerent,</strong></span> <span class='ocrx_word' id='word_1_800' title='bbox 2511 4977 2980 5052; x_wconf 67' lang='lat' dir='ltr'><strong>nonsequeretur</strong></span> <span class='ocrx_word' id='word_1_801' title='bbox 3024 5051 3028 5052; x_wconf 15' lang='grc' dir='ltr'><em>ν</em></span> <span class='ocrx_word' id='word_1_802' title='bbox 3044 4956 3638 5052; x_wconf 37' lang='grc' dir='ltr'><strong>ξ⁶¹⁹.ηὲιὶ1εξςιί¹ξ1].’ἱξιξξξξειί</strong></span> 
     </span>
    </p>
   </div>
   <div class='ocr_carea' id='block_1_97' title="bbox 355 5028 3638 5130">
    <p class='ocr_par' dir='ltr' id='par_1_97' title="bbox 355 5028 3638 5130">
     <span class='ocr_line' id='line_1_97' title="bbox 355 5028 3638 5130; baseline -0.005 -18"><span class='ocrx_word' id='word_1_803' title='bbox 915 5073 1041 5130; x_wconf 67' lang='lat' dir='ltr'><strong>mss.</strong></span> <span class='ocrx_word' id='word_1_804' title='bbox 1071 5028 1117 5130; x_wconf 68' lang='lat' dir='ltr'><strong>si</strong></span> <span class='ocrx_word' id='word_1_805' title='bbox 1143 5055 1286 5110; x_wconf 89' lang='lat' dir='ltr'><strong>enim</strong></span> <span class='ocrx_word' id='word_1_806' title='bbox 1311 5028 1413 5130; x_wconf 63' lang='lat' dir='ltr'><strong>per</strong></span> <span class='ocrx_word' id='word_1_807' title='bbox 1436 5028 1502 5130; x_wconf 62' lang='lat' dir='ltr'><strong>se</strong></span> <span class='ocrx_word' id='word_1_808' title='bbox 1525 5051 1710 5130; x_wconf 84' lang='lat' dir='ltr'><strong>injusti</strong></span> <span class='ocrx_word' id='word_1_809' title='bbox 1733 5059 1917 5130; x_wconf 77' lang='lat' dir='ltr'><strong>essent</strong></span> <span class='ocrx_word' id='word_1_810' title='bbox 1935 5049 2075 5130; x_wconf 67' lang='lat' dir='ltr'><strong>fidit.</strong></span> <span class='ocrx_word' id='word_1_811' title='bbox 2096 5028 2260 5130; x_wconf 48' lang='grc' dir='ltr'><strong>ϐοείῃ</strong></span> <span class='ocrx_word' id='word_1_812' title='bbox 2281 5028 2328 5099; x_wconf 88' lang='lat' dir='ltr'><strong>si</strong></span> <span class='ocrx_word' id='word_1_813' title='bbox 2348 5028 2656 5130; x_wconf 47' lang='lat' dir='ltr'><strong>&#39;enir&#39;ntjusti</strong></span> <span class='ocrx_word' id='word_1_814' title='bbox 2673 5028 2777 5130; x_wconf 34' lang='lat' dir='ltr'><strong>[per</strong></span> <span class='ocrx_word' id='word_1_815' title='bbox 2798 5043 3065 5130; x_wconf 53' lang='lat' dir='ltr'><strong>sefsselnt</strong></span> <span class='ocrx_word' id='word_1_816' title='bbox 3087 5031 3328 5130; x_wconf 43' lang='lat'><strong>“3-”;11:</strong></span> 
     </span>
    </p>
   </div>
   <div class='ocr_carea' id='block_1_98' title="bbox 362 5096 3640 5190">
    <p class='ocr_par' dir='ltr' id='par_1_98' title="bbox 362 5096 3640 5190">
     <span class='ocr_line' id='line_1_98' title="bbox 362 5096 3640 5190; baseline -0.01 -6"><span class='ocrx_word' id='word_1_817' title='bbox 517 5096 694 5182; x_wconf 47' lang='lat' dir='ltr'><strong>“alii”</strong></span> <span class='ocrx_word' id='word_1_818' title='bbox 1311 5096 1417 5156; x_wconf 53' lang='grc' dir='ltr'><strong>ἐἴη</strong></span> <span class='ocrx_word' id='word_1_819' title='bbox 1437 5096 1530 5176; x_wconf 41' lang='lat' dir='ltr'><strong>&quot;Et</strong></span> <span class='ocrx_word' id='word_1_820' title='bbox 1548 5096 1710 5176; x_wconf 43' lang='lat' dir='ltr'><strong>sicut.</strong></span> <span class='ocrx_word' id='word_1_821' title='bbox 1731 5121 1783 5190; x_wconf 90' lang='lat' dir='ltr'><strong>in</strong></span> <span class='ocrx_word' id='word_1_822' title='bbox 1811 5096 1983 5173; x_wconf 74' lang='lat' dir='ltr'><strong>brutis</strong></span> <span class='ocrx_word' id='word_1_823' title='bbox 2011 5135 2152 5190; x_wconf 45' lang='lat' dir='ltr'><strong>mss:</strong></span> <span class='ocrx_word' id='word_1_824' title='bbox 2172 5096 2464 5190; x_wconf 33' lang='lat' dir='ltr'><strong>Vistiliae.</strong></span> <span class='ocrx_word' id='word_1_825' title='bbox 2498 5096 2646 5190; x_wconf 60' lang='lat' dir='ltr'><strong>Gem.</strong></span> <span class='ocrx_word' id='word_1_826' title='bbox 2673 5096 2809 5190; x_wconf 56' lang='lat' dir='ltr'><strong>Tha:</strong></span> <span class='ocrx_word' id='word_1_827' title='bbox 2833 5106 3180 5190; x_wconf 47' lang='lat' dir='ltr'><strong>SDLHCister.</strong></span> <span class='ocrx_word' id='word_1_828' title='bbox 3207 5101 3323 5190; x_wconf 61' lang='lat' dir='ltr'><strong>sive</strong></span> 
     </span>
    </p>
   </div>
   <div class='ocr_carea' id='block_1_99' title="bbox 361 5164 3640 5265">
    <p class='ocr_par' dir='ltr' id='par_1_99' title="bbox 361 5164 3640 5265">
     <span class='ocr_line' id='line_1_99' title="bbox 361 5164 3640 5265; baseline -0.007 -17"><span class='ocrx_word' id='word_1_829' title='bbox 361 5164 672 5265; x_wconf 52' lang='grc' dir='ltr'><strong>ίδζῗὶξιῖἔῖὶὶ</strong></span> <span class='ocrx_word' id='word_1_830' title='bbox 691 5164 1258 5252; x_wconf 41' lang='grc' dir='ltr'><strong>θίὶίῖιῖηὶἓὶῗέί</strong></span> <span class='ocrx_word' id='word_1_831' title='bbox 1279 5164 2521 5265; x_wconf 46' lang='lat' dir='ltr'><strong>Catilio-tique</strong></span> <span class='ocrx_word' id='word_1_832' title='bbox 2541 5164 2668 5235; x_wconf 80' lang='lat' dir='ltr'><strong>mss.</strong></span> <span class='ocrx_word' id='word_1_833' title='bbox 2697 5191 2743 5234; x_wconf 84' lang='lat' dir='ltr'><strong>et</strong></span> <span class='ocrx_word' id='word_1_834' title='bbox 2763 5179 2938 5265; x_wconf 56' lang='lat' dir='ltr'><strong>Editio</strong></span> <span class='ocrx_word' id='word_1_835' title='bbox 2958 5172 3322 5265; x_wconf 69' lang='grc' dir='ltr'><strong>(ἶ</strong></span> 
     </span>
    </p>
   </div>
   <div class='ocr_carea' id='block_1_100' title="bbox 358 5243 3635 5336">
    <p class='ocr_par' dir='ltr' id='par_1_100' title="bbox 358 5243 3635 5336">
     <span class='ocr_line' id='line_1_100' title="bbox 358 5243 3635 5336; baseline -0.009 -14"><span class='ocrx_word' id='word_1_836' title='bbox 358 5265 462 5298; x_wconf 59' lang='grc'><strong>⁸⁸³⁸</strong></span> <span class='ocrx_word' id='word_1_837' title='bbox 479 5243 1347 5336; x_wconf 39' lang='lat' dir='ltr'><strong>Eiiin&#39;t&quot;s2i~&#39;iﬁitiiie&#39;Miami:</strong></span> <span class='ocrx_word' id='word_1_838' title='bbox 1365 5243 1692 5336; x_wconf 39' lang='lat' dir='ltr'><strong>domitium</strong></span> <span class='ocrx_word' id='word_1_839' title='bbox 1712 5243 1915 5336; x_wconf 67' lang='lat' dir='ltr'><strong>ligulae</strong></span> <span class='ocrx_word' id='word_1_840' title='bbox 1969 5259 2064 5290; x_wconf 81' lang='grc'>³⁰³⁸</span> <span class='ocrx_word' id='word_1_841' title='bbox 2092 5257 2246 5323; x_wconf 68' lang='lat' dir='ltr'><strong>Saepe</strong></span> <span class='ocrx_word' id='word_1_842' title='bbox 2280 5269 2386 5308; x_wconf 90' lang='lat' dir='ltr'><strong>non</strong></span> <span class='ocrx_word' id='word_1_843' title='bbox 2427 5270 2550 5306; x_wconf 81' lang='lat' dir='ltr'><strong>mss.</strong></span> <span class='ocrx_word' id='word_1_844' title='bbox 2581 5265 2723 5321; x_wconf 77' lang='lat' dir='ltr'><strong>saepe</strong></span> <span class='ocrx_word' id='word_1_845' title='bbox 2752 5259 2807 5304; x_wconf 92' lang='lat' dir='ltr'><strong>et</strong></span> <span class='ocrx_word' id='word_1_846' title='bbox 2835 5263 2940 5300; x_wconf 90' lang='lat' dir='ltr'><strong>non</strong></span> <span class='ocrx_word' id='word_1_847' title='bbox 2967 5317 2980 5328; x_wconf 38' lang='grc' dir='ltr'><strong>ο</strong></span> <span class='ocrx_word' id='word_1_848' title='bbox 3015 5243 3110 5336; x_wconf 57' lang='lat' dir='ltr'><strong>mf</strong></span> <span class='ocrx_word' id='word_1_849' title='bbox 3131 5243 3635 5336; x_wconf 40' lang='lat' dir='ltr'><strong>Qqa‘re—a‘cgontn‘t:</strong></span> 
     </span>
    </p>
   </div>
   <div class='ocr_carea' id='block_1_101' title="bbox 361 5319 3642 5405">
    <p class='ocr_par' dir='ltr' id='par_1_101' title="bbox 361 5319 3642 5405">
     <span class='ocr_line' id='line_1_101' title="bbox 361 5319 3642 5405; baseline -0.01 -13"><span class='ocrx_word' id='word_1_850' title='bbox 361 5349 412 5392; x_wconf 83' lang='lat' dir='ltr'><strong>et</strong></span> <span class='ocrx_word' id='word_1_851' title='bbox 437 5319 865 5398; x_wconf 16' lang='lat' dir='ltr'><strong>Editio‘tfoth&#39;ica</strong></span> <span class='ocrx_word' id='word_1_852' title='bbox 895 5319 1062 5405; x_wconf 86' lang='lat' dir='ltr'><strong>quare</strong></span> <span class='ocrx_word' id='word_1_853' title='bbox 1094 5351 1192 5405; x_wconf 77' lang='lat' dir='ltr'><strong>nec</strong></span> <span class='ocrx_word' id='word_1_854' title='bbox 1225 5336 1370 5387; x_wconf 89' lang='lat' dir='ltr'><strong>actio</strong></span> <span class='ocrx_word' id='word_1_855' title='bbox 1405 5403 1414 5405; x_wconf 94' lang='lat'><em>_</em></span> <span class='ocrx_word' id='word_1_856' title='bbox 1477 5331 1568 5363; x_wconf 80' lang='grc'><strong>³⁰³⁷</strong></span> <span class='ocrx_word' id='word_1_857' title='bbox 1616 5319 2060 5405; x_wconf 51' lang='lat' dir='ltr'><strong>Nom-possimus</strong></span> <span class='ocrx_word' id='word_1_858' title='bbox 2092 5319 2308 5405; x_wconf 76' lang='lat' dir='ltr'><strong>movere</strong></span> <span class='ocrx_word' id='word_1_859' title='bbox 2357 5339 2456 5404; x_wconf 80' lang='lat' dir='ltr'><strong>nos</strong></span> <span class='ocrx_word' id='word_1_860' title='bbox 2497 5339 2630 5404; x_wconf 45' lang='lat' dir='ltr'><strong>.mss.</strong></span> <span class='ocrx_word' id='word_1_861' title='bbox 2661 5319 3127 5405; x_wconf 40' lang='lat' dir='ltr'><strong>’nouwppls‘simus‘</strong></span> <span class='ocrx_word' id='word_1_862' title='bbox 3153 5319 3642 5405; x_wconf 36' lang='lat' dir='ltr'><strong>nonamqv-eremr‘tos</strong></span> 
     </span>
    </p>
   </div>
   <div class='ocr_carea' id='block_1_102' title="bbox 365 5374 3640 5477">
    <p class='ocr_par' dir='ltr' id='par_1_102' title="bbox 365 5374 3640 5477">
     <span class='ocr_line' id='line_1_102' title="bbox 365 5374 2852 5392; baseline -0.008 1"><span class='ocrx_word' id='word_1_863' title='bbox 365 5374 412 5392; x_wconf 68' lang='grc' dir='ltr'><strong>ο.</strong></span> <span class='ocrx_word' id='word_1_864' title='bbox 437 5374 617 5391; x_wconf 66' lang='lat' dir='ltr'><strong>mm...</strong></span> <span class='ocrx_word' id='word_1_865' title='bbox 647 5374 684 5392; x_wconf 82' lang='grc' dir='ltr'><strong>υ</strong></span> <span class='ocrx_word' id='word_1_866' title='bbox 730 5374 864 5391; x_wconf 80' lang='lat'><strong>.......</strong></span> <span class='ocrx_word' id='word_1_867' title='bbox 895 5374 909 5389; x_wconf 73' lang='grc' dir='ltr'>ι</span> <span class='ocrx_word' id='word_1_868' title='bbox 937 5374 1062 5388; x_wconf 68' lang='grc' dir='ltr'><strong>μων</strong></span> <span class='ocrx_word' id='word_1_869' title='bbox 1094 5374 1192 5388; x_wconf 54' lang='grc' dir='ltr'><strong>...λυ</strong></span> <span class='ocrx_word' id='word_1_870' title='bbox 1225 5374 1369 5387; x_wconf 62' lang='grc' dir='ltr'><strong>νη...</strong></span> <span class='ocrx_word' id='word_1_871' title='bbox 1616 5374 1730 5382; x_wconf 66' lang='grc' dir='ltr'><strong>-.νη</strong></span> <span class='ocrx_word' id='word_1_872' title='bbox 1814 5374 2043 5385; x_wconf 55' lang='lat' dir='ltr'><strong>Vw...“</strong></span> <span class='ocrx_word' id='word_1_873' title='bbox 2093 5374 2304 5381; x_wconf 72' lang='lat'><strong>...--__-</strong></span> <span class='ocrx_word' id='word_1_874' title='bbox 2508 5374 2512 5375; x_wconf 33' lang='grc' dir='ltr'><em>ν</em></span> <span class='ocrx_word' id='word_1_875' title='bbox 2841 5374 2852 5384; x_wconf 86' lang='grc'><em>,</em></span> 
     </span>
     <span class='ocr_line' id='line_1_103' title="bbox 365 5374 3640 5477; baseline -0.011 -13"><span class='ocrx_word' id='word_1_876' title='bbox 365 5408 464 5446; x_wconf 79' lang='grc'><strong>³⁰⁸⁸</strong></span> <span class='ocrx_word' id='word_1_877' title='bbox 498 5374 736 5462; x_wconf 66' lang='grc' dir='ltr'><strong>ι)οωίηῶ</strong></span> <span class='ocrx_word' id='word_1_878' title='bbox 758 5374 928 5477; x_wconf 88' lang='lat' dir='ltr'><strong>quaml</strong></span> <span class='ocrx_word' id='word_1_879' title='bbox 947 5422 1070 5459; x_wconf 80' lang='lat' dir='ltr'><strong>mss.</strong></span> <span class='ocrx_word' id='word_1_880' title='bbox 1103 5403 1239 5456; x_wconf 85' lang='lat' dir='ltr'><strong>Vict.</strong></span> <span class='ocrx_word' id='word_1_881' title='bbox 1267 5403 1500 5477; x_wconf 65' lang='lat' dir='ltr'><strong>Domine</strong></span> <span class='ocrx_word' id='word_1_882' title='bbox 1520 5415 1678 5477; x_wconf 68' lang='lat' dir='ltr'><strong>quam</strong></span> <span class='ocrx_word' id='word_1_883' title='bbox 1710 5374 1886 5477; x_wconf 38' lang='lat' dir='ltr'><strong>E_driti‘o</strong></span> <span class='ocrx_word' id='word_1_884' title='bbox 1908 5398 2126 5477; x_wconf 68' lang='lat' dir='ltr'><strong>Gothica</strong></span> <span class='ocrx_word' id='word_1_885' title='bbox 2157 5392 2704 5477; x_wconf 36' lang='lat' dir='ltr'><strong>don‘iina‘tioniﬂqttam</strong></span> <span class='ocrx_word' id='word_1_886' title='bbox 2781 5386 3202 5477; x_wconf 41' lang='lat' dir='ltr'><strong>&quot;illuniantur</strong></span> <span class='ocrx_word' id='word_1_887' title='bbox 3219 5379 3320 5477; x_wconf 48' lang='lat' dir='ltr'><strong>&quot;vel</strong></span> <span class='ocrx_word' id='word_1_888' title='bbox 3349 5374 3640 5477; x_wconf 40' lang='lat'><strong>&quot;133.33%</strong></span> 
     </span>
    </p>
   </div>
   <div class='ocr_carea' id='block_1_103' title="bbox 405 5444 3640 5546">
    <p class='ocr_par' dir='ltr' id='par_1_103' title="bbox 405 5444 3640 5546">
     <span class='ocr_line' id='line_1_104' title="bbox 405 5444 3640 5546; baseline -0.01 -13"><span class='ocrx_word' id='word_1_889' title='bbox 405 5444 2802 5546; x_wconf 46' lang='lat' dir='ltr'><strong>‘lu’wll&#39;ecit&#39;mss.</strong></span> <span class='ocrx_word' id='word_1_890' title='bbox 2821 5452 3191 5546; x_wconf 39' lang='lat' dir='ltr'><strong>“Cisterhy‘itit.</strong></span> <span class='ocrx_word' id='word_1_891' title='bbox 3219 5447 3454 5546; x_wconf 36' lang='lat'><strong>1332..</strong></span> <span class='ocrx_word' id='word_1_892' title='bbox 3474 5444 3640 5546; x_wconf 54' lang='grc' dir='ltr'><strong>ΑΞ</strong></span> 
     </span>
    </p>
   </div>
   <div class='ocr_carea' id='block_1_104' title="bbox 403 5521 3643 5618">
    <p class='ocr_par' dir='ltr' id='par_1_104' title="bbox 403 5521 3643 5618">
     <span class='ocr_line' id='line_1_105' title="bbox 403 5521 3643 5618; baseline -0.009 -17"><span class='ocrx_word' id='word_1_893' title='bbox 403 5521 863 5618; x_wconf 44' lang='grc' dir='ltr'><strong>ᾔέλῗδᾶὶιῗξιηθε</strong></span> <span class='ocrx_word' id='word_1_894' title='bbox 1737 5521 2038 5618; x_wconf 64' lang='grc' dir='ltr'><strong>⁷(ἶέεηξξ</strong></span> <span class='ocrx_word' id='word_1_895' title='bbox 2066 5521 2207 5618; x_wconf 48' lang='grc' dir='ltr'><strong>ΥἱοὶἸ</strong></span> <span class='ocrx_word' id='word_1_896' title='bbox 2240 5521 2488 5618; x_wconf 35' lang='lat' dir='ltr'><strong>&#39;S..M~i‘clt.</strong></span> <span class='ocrx_word' id='word_1_897' title='bbox 2521 5527 2977 5618; x_wconf 43' lang='lat' dir='ltr'><strong>alitu‘lMin‘telligi“</strong></span> <span class='ocrx_word' id='word_1_898' title='bbox 3133 5521 3468 5618; x_wconf 35' lang='lat' dir='ltr'><strong>Curnﬂﬂtta‘si.</strong></span> <span class='ocrx_word' id='word_1_899' title='bbox 3497 5521 3643 5618; x_wconf 49' lang='lat' dir='ltr'><strong>alet}:</strong></span> 
     </span>
    </p>
   </div>
   <div class='ocr_carea' id='block_1_105' title="bbox 364 5592 3644 5692">
    <p class='ocr_par' dir='ltr' id='par_1_105' title="bbox 364 5592 3644 5692">
     <span class='ocr_line' id='line_1_106' title="bbox 364 5592 3644 5692; baseline -0.009 -19"><span class='ocrx_word' id='word_1_900' title='bbox 1051 5614 1148 5692; x_wconf 60' lang='lat'><strong>_&#39;°‘_‘</strong></span> <span class='ocrx_word' id='word_1_901' title='bbox 1173 5592 1764 5692; x_wconf 38' lang='lat' dir='ltr'><strong>lli—lii[injustqu.mss2</strong></span> <span class='ocrx_word' id='word_1_902' title='bbox 1793 5592 1929 5689; x_wconf 54' lang='lat' dir='ltr'><strong>Tim.</strong></span> <span class='ocrx_word' id='word_1_903' title='bbox 1967 5606 2099 5692; x_wconf 75' lang='lat' dir='ltr'><strong>nihil</strong></span> <span class='ocrx_word' id='word_1_904' title='bbox 2131 5602 2509 5692; x_wconf 37' lang='lat' dir='ltr'><strong>esar‘i&#39;njustutn</strong></span> <span class='ocrx_word' id='word_1_905' title='bbox 2529 5671 2541 5684; x_wconf 39' lang='grc' dir='ltr'><strong>ο</strong></span> <span class='ocrx_word' id='word_1_906' title='bbox 2613 5599 2717 5692; x_wconf 56' lang='grc' dir='ltr'><strong>ξοξξ</strong></span> <span class='ocrx_word' id='word_1_907' title='bbox 2739 5599 2868 5692; x_wconf 60' lang='lat' dir='ltr'><strong>Quae</strong></span> <span class='ocrx_word' id='word_1_908' title='bbox 2889 5592 2981 5651; x_wconf 70' lang='lat' dir='ltr'><strong>res</strong></span> <span class='ocrx_word' id='word_1_909' title='bbox 3016 5609 3120 5650; x_wconf 92' lang='lat' dir='ltr'><strong>non</strong></span> <span class='ocrx_word' id='word_1_910' title='bbox 3164 5592 3336 5662; x_wconf 85' lang='lat' dir='ltr'><strong>magis</strong></span> <span class='ocrx_word' id='word_1_911' title='bbox 3362 5601 3644 5692; x_wconf 40' lang='lat' dir='ltr'><strong>tua..fo</strong></span> 
     </span>
    </p>
   </div>
   <div class='ocr_carea' id='block_1_106' title="bbox 367 5660 3642 5749">
    <p class='ocr_par' dir='ltr' id='par_1_106' title="bbox 367 5660 3642 5749">
     <span class='ocr_line' id='line_1_107' title="bbox 367 5660 3642 5749; baseline -0.012 -3"><span class='ocrx_word' id='word_1_912' title='bbox 367 5660 1066 5749; x_wconf 39' lang='lat' dir='ltr'><strong>litin.Iliadis&#39;rw&#39;ﬁxliud</strong></span> <span class='ocrx_word' id='word_1_913' title='bbox 1117 5660 1766 5743; x_wconf 41' lang='lat' dir='ltr'><strong>in&quot;B‘éitd’aiii&#39;itia’uid</strong></span> <span class='ocrx_word' id='word_1_914' title='bbox 1814 5679 1868 5734; x_wconf 89' lang='lat' dir='ltr'><strong>in</strong></span> <span class='ocrx_word' id='word_1_915' title='bbox 1915 5660 2072 5734; x_wconf 78' lang='lat' dir='ltr'><strong>oculo</strong></span> <span class='ocrx_word' id='word_1_916' title='bbox 2184 5675 2273 5708; x_wconf 61' lang='grc'><strong>³⁸³⁷</strong></span> <span class='ocrx_word' id='word_1_917' title='bbox 2300 5660 2405 5729; x_wconf 67' lang='lat' dir='ltr'><strong>lies</strong></span> <span class='ocrx_word' id='word_1_918' title='bbox 2455 5671 2577 5746; x_wconf 87' lang='lat' dir='ltr'><strong>quia</strong></span> <span class='ocrx_word' id='word_1_919' title='bbox 2613 5660 2890 5732; x_wconf 72' lang='lat' dir='ltr'><strong>inliciatur</strong></span> <span class='ocrx_word' id='word_1_920' title='bbox 2936 5683 3060 5722; x_wconf 76' lang='lat' dir='ltr'><strong>mss.</strong></span> <span class='ocrx_word' id='word_1_921' title='bbox 3089 5681 3176 5720; x_wconf 83' lang='lat' dir='ltr'><strong>res</strong></span> <span class='ocrx_word' id='word_1_922' title='bbox 3221 5660 3324 5731; x_wconf 79' lang='lat' dir='ltr'><strong>qua</strong></span> <span class='ocrx_word' id='word_1_923' title='bbox 3371 5660 3642 5715; x_wconf 85' lang='lat' dir='ltr'><strong>inliciatur</strong></span> 
     </span>
    </p>
   </div>
   <div class='ocr_carea' id='block_1_107' title="bbox 355 4205 1936 4276">
    <p class='ocr_par' dir='ltr' id='par_1_107' title="bbox 355 4205 1936 4276">
     <span class='ocr_line' id='line_1_108' title="bbox 355 4205 1936 4276; baseline -0.003 -15"><span class='ocrx_word' id='word_1_924' title='bbox 355 4217 416 4261; x_wconf 91' lang='lat' dir='ltr'><strong>ut</strong></span> <span class='ocrx_word' id='word_1_925' title='bbox 449 4207 564 4276; x_wconf 89' lang='lat' dir='ltr'><strong>jam</strong></span> <span class='ocrx_word' id='word_1_926' title='bbox 596 4223 702 4263; x_wconf 91' lang='lat' dir='ltr'><strong>non</strong></span> <span class='ocrx_word' id='word_1_927' title='bbox 733 4208 832 4274; x_wconf 89' lang='lat' dir='ltr'><strong>sit;</strong></span> <span class='ocrx_word' id='word_1_928' title='bbox 884 4208 1140 4262; x_wconf 88' lang='lat' dir='ltr'><strong>transiret</strong></span> <span class='ocrx_word' id='word_1_929' title='bbox 1189 4205 1442 4262; x_wconf 91' lang='lat' dir='ltr'><strong>similiter</strong></span> <span class='ocrx_word' id='word_1_930' title='bbox 1485 4213 1787 4275; x_wconf 90' lang='lat' dir='ltr'><strong>peccatum,</strong></span> <span class='ocrx_word' id='word_1_931' title='bbox 1834 4217 1936 4258; x_wconf 91' lang='lat' dir='ltr'><strong>nec</strong></span> 
     </span>
    </p>
   </div>
  </div>
