3940 6046
340 249 453 307 839

341 376 462 437 quae
488 361 651 418 faciat
675 361 877 432 aliquid
896 362 1012 429 ³⁸⁸⁸,
1044 363 1184 419 sicut
1208 364 1424 418 videtur
1444 362 1661 433 quando
1691 361 1919 417 malitio—
1951 366 1997 423 Α

341 471 436 512 sus
474 456 640 511 homo
680 454 820 508 mala
879 452 1009 508 facit
1058 469 1244 523 opera.
1290 454 1422 510 Nam
1473 454 1922 525 quemadmodum

342 559 467 600 cum
496 544 756 598 indomita
803 542 917 598 fera
966 545 1139 613 ruptis
1169 544 1400 600 vinculis
1428 545 1781 600 discurrendo
1823 560 1926 599 sat-

340 638 450 690 vit:
481 647 537 691 et
575 651 698 691 cum
750 636 921 700 navis,
953 635 996 690 si
1028 636 1361 706 gubernator
1406 637 1631 691 dimisso
1661 635 1928 707 guberna-

341 731 465 783 cqu
490 728 726 783 dimittat
752 726 1005 793 eam'm,
1038 729 1211 783 ventis
1242 737 1297 784 et
1337 728 1610 785 montibus
1634 729 1798 783 maris
1829 743 1925 781 va-

341 831 519 891 gatur,
557 827 611 873 et
653 819 927 874 invehitur
972 819 1025 873 in
1073 820 1328 889 quaelibet
1372 821 1648 891 pericula;
1694 819 1927 875 dicimus

341 910 466 981 quia
492 911 596 966 hoc
643 910 777 965 facit
822 908 1067 966 absentia
1116 921 1340 977 catenis,
1393 913 1477 968 vel
1528 911 1925 984 gubernaculif

344 1018 452 1059 non
513 1003 654 1074 quod
701 1004 947 1059 absentia
990 1018 1177 1059 eorum
1233 1005 1435 1075 aliquid
1485 1011 1577 1074 sit,
1626 1017 1720 1063 aut
1766 1009 1927 1080 quid-

342 1109 504 1163 quam
528 1093 724 1162 faciat;
760 1094 855 1150 sed
886 1094 1141 1164 quoniam
1170 1095 1215 1150 si
1256 1095 1543 1164 adessent,
1573 1097 1815 1154 facerent
1860 1113 1928 1156 ne

343 1187 558 1242 szeviret
586 1187 719 1255 fera,
750 1196 844 1241 aut
872 1187 1074 1257 periret
1102 1187 1255 1243 navis
1282 1189 1391 1243 :ita
1418 1205 1539 1245 cum
1568 1190 1743 1245 malus
1768 1192 1928 1246 homo

343 1277 513 1345 saevit,
542 1287 597 1332 et
630 1278 684 1333 in
716 1280 969 1348 quaelibet
991 1282 1184 1337 animae
1217 1296 1325 1337 sua:
1352 1280 1612 1352 pericula,
1644 1297 1765 1351 quat
1803 1293 1928 1338 sunt

341 1369 482 1423 mala
536 1384 722 1439 opera,
762 1371 1087 1441 impellitur;
1127 1372 1424 1429 clamamus
1474 1374 1599 1443 quia
1638 1373 1755 1429 hcce
1801 1390 1929 1445 ope-

342 1472 495 1516 ratur
520 1461 783 1533 iuiustitia
801 1463 898 1496 ³⁰⁵⁰
931 1481 945 1518 :
977 1480 1082 1521 non
1114 1464 1258 1535 quod
1301 1464 1417 1534 ipsa
1448 1463 1554 1518 ulla
1580 1465 1811 1519 essentia
1836 1466 1928 1533 sit,

344 1562 439 1608 aut
460 1554 624 1610 faciat
645 1555 846 1625 aliquid
870 1574 885 1622 ;
911 1558 1004 1612 sed
1027 1558 1284 1629 quoniam
1307 1557 1559 1613 voluntas
1591 1557 1697 1629 (cui
1732 1558 1928 1613 subditi

345 1653 473 1699 sunt
492 1661 684 1702 omnes
712 1648 1002 1704 voluntarii
1030 1658 1207 1705 motus
1232 1649 1393 1704 totius
1417 1648 1676 1719 hominis)
1707 1648 1931 1704 absente

909 248 967 308 S.
998 249 1296 305 ANSELSII
1326 244 1678 306 CANTUAR.
1718 242 2036 301 ARCHIEP.
2079 242 2230 300 OPP.
2268 241 2448 298 PARS
2471 241 2513 296 Ι.
2550 268 2619 281 —-
2661 239 3075 296 DOGMATICA.

3500 245 3610 307 ιω

2523 420 2547 435 ⁸
2640 354 2867 411 CAPUT
2902 354 2987 409 v1.

2032 467 2186 535 Quod
2233 484 2349 537 cuin
2393 467 2542 538 punit
2580 466 2719 523 Deus
2754 485 2853 592 pp),
2889 479 3132 539 peccato,
3166 486 3271 528 non
3308 478 3493 545 puniat
3517 493 3613 550 pro

2721 554 2774 592 nt
2814 555 2909 592 to.

2721 554 2909 594 νηπίω.

2097 630 2325 698 Quidam
2354 645 2476 686 eum
2505 631 2729 685 audiunt
2771 641 3055 700 peccatum
3088 634 3227 690 nihil
3255 651 3399 701 esse,
3440 637 3612 694 solent

2027 723 2209 779 dicere
2246 724 2343 778 :Si
2390 733 2672 794 peccatum
2704 725 2838 781 nihil
2872 735 2992 791 est,
3022 742 3122 782 cur
3160 730 3316 799 punit
3353 730 3494 787 Deus
3517 734 3621 787 ho-

2028 816 2225 872 minem
2257 832 2357 886 pro
2382 826 2604 890 peccato
2626 857 2641 883 ,
2666 833 2789 873 cum
2812 832 2911 888 pro
2933 818 3102 874 nihilo
3130 821 3307 890 puniri
3335 837 3496 879 nemo
3522 824 3619 879 de-

2028 908 2201 964 beat?
2226 908 2455 977 Quibus,
2485 909 2735 977 quamvis
2776 910 2995 966 humilis
3024 912 3095 966 sit
3133 914 3389 983 quaestio,
3436 926 3615 970 tamen

2028 1000 2151 1069 quia
2174 999 2316 1069 quod
2346 1007 2595 1069 quaerunt
2618 999 3105 1071 ignorant,aliquid
3129 1002 3367 1059 breviter
3394 1020 3621 1076 respon-

2030 1088 2263 1144 dendum
2299 1097 2401 1143 est.
2431 1086 2580 1144 Licet
2608 1090 2814 1159 pariter
2846 1090 2981 1145 nihil
3008 1090 3080 1146 sit
3102 1092 3347 1148 absentia
3367 1092 3615 1163 iustitiae,

2030 1187 2085 1233 et
2109 1178 2199 1232 ubi
2228 1177 2388 1234 debet
2421 1194 2543 1235 esse
2557 1178 2794 1248 iustitia,
2817 1190 2874 1237 et
2900 1183 2992 1237 ubi
3021 1198 3128 1238 non
3156 1185 3314 1241 debet
3343 1200 3606 1259 esse;pu.

2031 1268 2111 1322 nit
2137 1276 2316 1322 tamen
2344 1270 2485 1323 Deus
2518 1278 2666 1325 recte
2691 1279 3009 1341 peccatores
3031 1289 3139 1339 non
3173 1290 3269 1345 pro
3302 1275 3490 1343 nihilo,
3521 1278 3618 1335 sed

2030 1366 2254 1428 pr0pter
2279 1357 2505 1427 aliquid,
2525 1360 2650 1428 quia
2679 1362 2762 1429 (ut
2789 1361 2842 1415 in
2877 1363 3104 1431 praefato
3122 1363 3261 1419 libro
3285 1364 3420 1435 dixi)
3447 1376 3504 1421 et
3524 1366 3614 1422 de-

2032 1449 2202 1504 bitum
2229 1449 2323 1481 ³⁰⁸⁸
2348 1450 2450 1505 sibi
2496 1450 2783 1517 honorem,
2830 1466 2991 1522 quem
3021 1462 3212 1524 sponte
3251 1456 3480 1513 reddere
3522 1472 3615 1515 ηας

2032 1538 2355 1605 luerunt,ab
2378 1541 2563 1596 invitis
2576 1541 2887 1614 '"texigit;
2917 1552 2971 1599 et
3007 1559 3075 1600 ne
3101 1545 3230 1614 quid
3256 1545 3619 1604 inordinatum

2034 1629 2104 1685 sit
2134 1630 2186 1685 in
2218 1646 2384 1702 regno
2405 1632 2540 1702 eius,
2579 1647 2672 1688 eos
2694 1634 2984 1703 separatim
3014 1649 3041 1687 a
3060 1634 3226 1704 iustis
3254 1638 3445 1691 ordine
3469 1652 3611 1693 eom-

338 1734 550 1804 iustitia
596 1738 827 1794 diversis
867 1740 1196 1810 appetitibus
1244 1740 1500 1812 impulsa,
1551 1757 1610 1796 se
1658 1751 1713 1796 et
1749 1743 1929 1797 omnia

2038 1721 2235 1789 petenti
2265 1721 2522 1790 disponit.
2552 1722 2848 1778 Creaturas
2891 1732 3074 1780 autem
3106 1726 3158 1779 in
3186 1725 3382 1795 quibus
3407 1726 3618 1793 iustitia

344 1826 448 1881 sibi
488 1827 702 1883 subdita
743 1830 797 1883 in
843 1831 1156 1885 multimoda
1205 1831 1346 1885 mala
1391 1831 1524 1887 levis
1572 1842 1627 1886 et
1671 1830 1930 1888 elfrenata

345 1926 403 1972 et
429 1918 547 1973 sine
589 1932 803 1977 rectore
826 1923 1169 1992 praecipitat:
1200 1924 1343 1991 quod
1381 1934 1550 1979 totum
1576 1924 1669 1957 ³⁰⁵¹
1697 1926 1928 1996 iustitia,

343 2009 392 2064 si
419 2010 655 2079 adesset,
682 2014 933 2083 prohibet
961 2029 1030 2069 ne
1066 2015 1239 2070 ﬁeret.
1270 2015 1349 2070 Ex
1382 2016 1464 2072 his
1500 2031 1631 2088 ergo
1660 2016 1816 2072 facile
1837 2016 1933 2052 ³⁰⁸²

343 2101 690 2171 cognoscitur
714 2104 837 2174 quia
872 2103 1134 2172 iniustitia
1184 2106 1384 2161 nullam
1413 2106 1575 2163 habet
1603 2107 1929 2173 essentiam;

344 2192 593 2260 quamvis
616 2192 830 2260 iniusta:
855 2192 1148 2250 voluntatis
1184 2194 1409 2251 aﬂ'ectus
1431 2206 1486 2252 et
1516 2206 1692 2262 actus,
1721 2196 1811 2267 qui
1838 2202 1933 2267 p'er

345 2299 406 2339 se
446 2285 770 2341 considerati
820 2286 1023 2357 aliquid
1072 2297 1219 2355 sunt,
1243 2304 1373 2344 usus
1406 2288 1720 2358 iujustitiam
1755 2298 1931 2344 vocet.

346 2372 460 2431 lluc
487 2376 600 2445 ipsa
629 2377 838 2432 ratione
876 2377 1227 2449 intelligimus
1266 2379 1461 2459 malam
1492 2381 1624 2435 nihil
1646 2395 1788 2436 esse.
1813 2379 1935 2436 Sic-

345 2476 408 2519 ut
430 2465 571 2519 enim
598 2465 860 2535 iujustitza
889 2483 995 2521 non
1023 2478 1101 2523 est
1126 2468 1269 2523 aliud
1286 2483 1448 2538 quam
1471 2470 1717 2525 absentia
1737 2470 1933 2525 debitae

342 2552 587 2621 iustitiae,
614 2555 687 2608 ita
720 2556 921 2610 malum
948 2571 1052 2611 non
1095 2566 1178 2612 est
1205 2556 1348 2611 aliud
1381 2572 1547 2627 quam
1576 2558 1816 2613 absentia
1839 2558 1933 2615 de-

345 2642 447 2697 biti
493 2643 639 2698 boni.
690 2643 845 2699 Nulla
891 2654 1071 2700 autem
1114 2648 1349 2701 essentia
1384 2650 1654 2719 (quamvis
1683 2648 1819 2703 mala
1852 2650 1933 2704 di-

346 2734 526 2803 catur)
554 2743 636 2790 est
656 2735 810 2800 nihil,
835 2750 936 2792 nec
963 2737 1159 2792 malam
1186 2754 1330 2805 esse,
1352 2739 1544 2795 est'm
1571 2739 1662 2795 ulli
1695 2755 1816 2796 esse
1837 2741 1932 2773 ³⁰⁸⁵

348 2824 568 2903 aliquid.
601 2823 742 2879 Nulli
771 2824 913 2881 enim
961 2830 1212 2883 essentiae
1248 2839 1334 2885 est
1366 2830 1511 2885 aliud
1559 2830 1758 2885 malam
1788 2846 1930 2899 esse,

348 2930 508 2984 quam
533 2914 627 2947 ⁸⁰⁸⁸
655 2916 842 2972 deesse
865 2916 940 2971 illi
972 2918 1170 2973 bonum
1214 2921 1358 2991 quod
1388 2921 1549 2976 debet
1575 2922 1798 2988 habere,
1835 2923 1930 2979 de-

347 3022 471 3063 esse
497 3023 628 3064 vero
651 3008 851 3065 bonum
891 3011 1034 3081 quod
1060 3011 1455 3077 debet'adesse,
1485 3026 1589 3067 non
1618 3022 1701 3069 est
1724 3012 1929 3083 aliquid
2036 3039 2309 3107 Quomodo
2346 3056 2519 3094 “me”
2540 3039 2632 3072 am

2033 1827 2140 1868 non
2163 1814 2323 1868 debet
2349 1828 2491 1881 esse,
2520 1829 2625 1869 non
2654 1816 2809 1885 punit
2838 1830 2937 1885 pro
2978 1817 3221 1873 absentia
3258 1819 3483 1889 iustitiae
3515 1820 3621 1875 hoc

2032 1915 2118 1959 est
2167 1919 2265 1974 pro
2292 1904 2463 1960 nihilo
2491 1920 2508 1959 :
2541 1906 2669 1975 quia
2710 1920 2817 1961 non
2841 1916 2925 1962 est
2954 1907 3180 1978 aliquid,
3208 1910 3351 1979 quod
3393 1912 3461 1965 ab
3514 1910 3621 1966 Illis

2031 1996 2249 2068 exigat;
2281 2010 2382 2051 nec
2410 1996 2545 2051 ordo
2579 2011 2857 2068 congruas
2889 2000 3269 2057 universitatis
3294 2015 3473 2056 rerum
3515 2002 3621 2058 hoc

2032 2085 2272 2155 postulat
2289 2085 2402 2141 ³⁸⁸⁸.
2434 2085 2525 2141 Sic
2556 2086 2741 2157 itaque
2767 2101 2888 2140 cum
2919 2089 3072 2158 punit
3097 2089 3237 2145 Deus
3255 2104 3351 2160 pro
3373 2100 3617 2161 peccato,

2032 2177 2175 2246 quod
2218 2185 2303 2231 est
2352 2177 2599 2232 absentia
2634 2176 2833 2233 debiue
2860 2177 3090 2246 iustitia:
3115 2220 3130 2245 ,
3166 2196 3285 2250 qure
3329 2182 3460 2237 nihil
3497 2191 3618 2248 est;

2034 2280 2141 2321 non
2167 2266 2389 2321 omnino
2413 2267 2566 2336 punit
2596 2281 2694 2337 pro
2715 2267 2884 2323 nihilo
2911 2276 3005 2322 :et
3036 2254 3233 2323 verum.
3246 2278 3332 2325 est
3361 2271 3487 2340 quia
3515 2271 3621 2327 nisi

2035 2357 2106 2413 sit
2127 2357 2349 2427 aliquid,
2378 2362 2603 2428 propter
2616 2358 2758 2427 quod
2786 2358 2981 2428 punire
3000 2360 3229 2425 debeat,
3251 2361 3473 2416 omnino
3514 2375 3621 2416 non

2033 2452 2185 2522 punit
2210 2468 2309 2522 pro
2355 2453 2529 2506 nihilo
2550 2452 2665 2506 '°°'.
2703 2450 2824 2508 Jam
2876 2462 3159 2524 peccatum
3196 2463 3253 2509 et
3294 2452 3617 2523 iniustitiam

2034 2543 2168 2598 nihil
2197 2558 2317 2599 esse
2352 2558 2369 2597 :
2398 2551 2453 2599 et
2478 2544 2596 2600 hate
2620 2560 2728 2599 non
2755 2558 2879 2600 esse
2916 2544 3021 2600 nisi
3041 2545 3138 2578 ’(⁸⁸⁸
3162 2546 3216 2600 in
3247 2546 3498 2601 rationali
3529 2561 3621 2601 vo-

2033 2632 2263 2697 luntate,
2294 2650 2396 2689 nec
2426 2634 2593 2688 ullam
2631 2635 2920 2689 essentiam
2973 2636 3191 2705 pmprie
3218 2636 3322 2691 dici
3370 2636 3624 2705 iniustam

2035 2727 2138 2782 nisi
2172 2727 2504 2783 voluntatem
2539 2743 2649 2784 :ex
2700 2728 2786 2783 his
2822 2744 2945 2798 qua:
2984 2729 3128 2784 dicta
3180 2739 3341 2796 sunt,
3374 2742 3625 2802 apertum

2033 2834 2154 2876 esse
2173 2820 2449 2875 existimo.

2630 2909 2859 2967 CAPUT
2900 2910 3015 2968 VII.

2666 3040 2893 3094 hominis
2934 3037 3148 3095 dicatur
3184 3040 3539 3105 immundum,
3575 3050 3628 3095 et

348 3113 486 3155 esse.
521 3099 697 3167 Quare
740 3100 939 3155 malam
985 3117 1104 3157 esse
1124 3101 1239 3165 ⁸⁸⁸⁵,
1273 3116 1377 3156 non
1417 3110 1500 3157 est
1540 3102 1632 3157 ulli
1679 3105 1933 3161 essentia
1960 3102 2006 3166 C
2041 3099 2078 3107 w
2106 3111 2327 3181 concipit
2360 3110 2414 3165 in
2447 3111 2704 3180 peccatis,
2735 3111 2971 3181 quamvis
3002 3113 3058 3165 in
3100 3127 3160 3165 eo
3194 3127 3295 3164 non
3332 3113 3398 3165 ait
3445 3099 3627 3182 pecca-

348 3188 550 3259 aliquid
601 3204 741 3245 esse.
789 3189 915 3246 Haec
949 3189 1188 3246 breviter
1228 3192 1295 3245 dc
1338 3190 1500 3260 malo,
1533 3193 1675 3262 quod
1724 3207 1940 3266 semper

349 3290 435 3336 est
484 3281 638 3349 nihil,
673 3281 1048 3337 indubitanter
1071 3284 1213 3353 quod
1262 3293 1344 3339 est
1373 3284 1635 3356 iniustitia
1661 3285 1776 3355 ⁸⁸⁸⁷,
1804 3288 1936 3342 dixi.

348 3373 766 3429 lncommoditas
782 3375 928 3428 enim
959 3382 1043 3429 est
1064 3375 1263 3430 malum
1279 3376 1375 3409 m'
1398 3377 1560 3447 (unde
1578 3377 1935 3448 incommoda,

351 3462 494 3519 mala
520 3462 795 3535 dicuntur)
822 3478 941 3534 qua:
983 3464 1276 3535 aliquando
1321 3467 1454 3521 nihil
1494 3478 1576 3523 est
1603 3469 1697 3501 '°”
1726 3478 1785 3525 ut
1820 3485 1939 3526 sur-

352 3553 495 3607 ditas
515 3561 571 3606 et
598 3552 814 3607 caecitas
838 3568 853 3617 ;
886 3553 1177 3623 aliquando
1202 3555 1419 3610 videtur
1446 3571 1568 3613 esse
1581 3558 1674 3591 ³⁰⁶⁰
1702 3560 1932 3630 aliquid;

355 3642 608 3707 utdolor,
634 3651 689 3698 et
730 3644 974 3699 tristitia.
1006 3642 1160 3712 Quod
1199 3654 1382 3703 autem
1410 3648 1620 3720 iustitia
1665 3653 1737 3708 sit
1777 3653 1938 3711 recti-

355 3737 484 3790 tudo
515 3735 807 3791 voluntatis
832 3746 1057 3809 propter
1080 3754 1139 3795 se
1165 3750 1378 3796 servata
1412 3760 1425 3797 :
1453 3752 1508 3800 et
1537 3744 1798 3815 iniustitia
1828 3764 1936 3803 non

355 3828 424 3883 sit
469 3827 612 3884 aliud
645 3844 809 3898 quam
846 3830 1090 3887 absentia
1131 3833 1328 3890 debitae
1369 3835 1613 3906 iustitiae,
1650 3849 1705 3895 et
1736 3839 1938 3896 nullam

354 3920 671 3977 habeatm‘
715 3922 1006 3978 essentiam
1037 3941 1051 3978 :
1088 3927 1233 3995 quod
1270 3929 1433 3983 etiam
1471 3933 1649 3988 omnis
1702 3935 1938 3989 essentia

353 4011 475 4066 sita
498 4011 627 4077 Deo,
660 4021 715 4067 et
747 4013 881 4068 nihil
911 4014 1038 4070 sita
1070 4015 1180 4072 Deo
1216 4018 1320 4073 nisi
1361 4019 1580 4085 bonum,
1608 4020 1937 4079 sufﬁcienter

354 4116 442 4158 me
480 4113 610 4173 puto
659 4105 961 4161 ostendisse
1004 4105 1056 4161 in
1106 4121 1170 4161 eo
1215 4116 1443 4163 tractatu
1470 4110 1612 4180 (cap.
1652 4113 1701 4178 l,
1728 4112 1812 4179 l5,
1849 4115 1934 4185 16)

355 4209 516 4263 quem
546 4196 673 4251 fecit
717 4196 792 4252 De
833 4212 961 4253 casu
1009 4198 1229 4254 diaboli.
1262 4201 1367 4256 Sed
1396 4204 1461 4258 de
1491 4204 1698 4274 iustitia
1728 4207 1936 4276 plenius

358 4286 410 4340 in
437 4285 527 4342 illo
552 4301 712 4357 quem
738 4287 881 4344 edidi
920 4289 988 4345 de
1017 4291 1246 4347 veritate
1278 4293 1421 4364 (cap.
1451 4296 1561 4367 15).

2110 3192 2243 3235 tum.

2112 3270 2338 3326 Videtur
2381 3268 2567 3339 itaque
2604 3284 2759 3340 sequi
2799 3273 2944 3339 quod
2990 3278 3083 3325 aut
3126 3270 3306 3325 infans
3343 3271 3524 3325 statim
3558 3272 3629 3326 ab

2038 3363 2156 3434 ipsa
2183 3363 2539 3432 conceptione
2568 3362 2805 3417 animam
2834 3362 3000 3418 habet
3026 3362 3342 3416 rationalem
3366 3360 3481 3426 'm,
3508 3361 3629 3416 sine

2037 3473 2143 3529 qua
2182 3458 2520 3514 voluntatem
2562 3456 2883 3515 rationalem
2920 3457 3109 3528 nequit
3158 3458 3400 3522 habere;
3429 3464 3522 3509 aut
3571 3455 3626 3507 in

2037 3563 2105 3603 eo
2130 3564 2237 3605 non
2266 3558 2352 3605 est
2379 3548 2645 3620 originale
2672 3558 2978 3619 peccatum,
3013 3563 3139 3603 mox
3170 3563 3293 3603 cum
3328 3555 3627 3616 conceptus

2037 3648 2140 3695 est.
2175 3639 2332 3707 Quod
2366 3648 2548 3695 autem
2582 3655 2709 3695 mox
2748 3642 2816 3694 ab
2846 3639 2961 3709 ipsa
2993 3639 3346 3707 conceptione
3386 3638 3624 3691 rationa-

2040 3730 2145 3785 lem
2190 3731 2429 3786 auimam
2470 3731 2688 3794 habeat,
2715 3728 2893 3783 nullus
2929 3731 3198 3783 humanus
3246 3728 3479 3797 suscipit
3508 3742 3629 3781 seu-

2039 3837 2151 3879 sus.
2186 3822 2444 3895 Sequitur
2472 3823 2616 3878 enim
2647 3832 2705 3877 ut
2742 3822 2954 3892 quoties
2974 3830 3279 3891 susceptum
3310 3835 3494 3875 semen
3529 3820 3628 3874 hu-

2040 3930 2298 3982 manum,
2331 3917 2497 3970 etiam
2544 3915 2611 3969 ab
2653 3914 2771 3985 ipso
2809 3923 3086 3969 momento
3135 3914 3492 3982 susceptiouis
3538 3925 3630 3981 pc-

2042 4002 2114 4057 rit
2160 4002 2558 4072 autequam'm
2583 4003 2867 4073 perveniat
2904 4004 2970 4057 ad
3013 4003 3306 4059 humanam
3354 4004 3624 4073 ligurum;

2041 4092 2203 4147 toties
2247 4094 2538 4147 damnetur
2576 4094 2630 4149 in
2679 4094 2772 4148 illo
2822 4095 3002 4152 anima
3052 4095 3330 4161 humana;
3369 4095 3624 4164 quoniam

2042 4201 2147 4240 non
2181 4187 2563 4242 reconciliatur
2589 4203 2686 4257 per
2710 4180 2987 4245 Christum
3020 4208 3035 4244 :
3064 4190 3206 4260 quod
3232 4199 3317 4245 est
3337 4188 3504 4243 nimis
3529 4186 3628 4240 ab-

2041 4278 2287 4332 surdum.
2338 4277 2465 4332 Haec
2513 4279 2678 4350 igitur
2712 4295 2838 4351 pars
2884 4281 3043 4352 huius
3089 4280 3369 4337 divisionis
3411 4278 3628 4350 penitus

2042 4368 2394 4439 relinquenda
2445 4379 2548 4436 est,
2584 4372 2681 4427 sed
2719 4373 2764 4427 si
2810 4387 2916 4427 non
2959 4372 3144 4427 statim
3193 4371 3370 4426 infans
3416 4373 3484 4425 ab
3510 4371 3624 4438 ipsa

1964 4472 2016 4529 Ι)
2043 4462 2396 4532 conceptione
2416 4462 2874 4535 habetpcecatum
2900 4482 2915 4532 ;
2947 4466 3076 4536 quid
3098 4474 3201 4531 est,
3224 4465 3369 4535 quod
3388 4462 3626 4520 dicit.“m

1639 4568 1721 4623 VA
1732 4569 1866 4625 ΒΙΑΞ
1907 4571 2307 4631 LECTIONES.

431 4652 729 4731 ""faeiat
751 4654 897 4709 aliud
932 4671 1057 4711 mu.
1091 4655 1257 4731 faciat
1286 4658 1489 4731 aliquid
1534 4660 1905 4731 meimittit
1932 4680 2054 4720 eam
2080 4683 2206 4724 mss.
2235 4670 2471 4726 dimittat
2501 4686 2622 4727 eam
2695 4671 2793 4705 ³⁰⁵⁰
2816 4671 2929 4731 Hoc

360 4723 496 4809 17m.
527 4723 653 4809 ξρϋ-
679 4725 800 4809 haec
824 4735 1080 4809 operatur
1106 4723 1660 4809 iujustitia'ins_.__'{'li_u.
1678 4733 1819 4809 (59!.
1846 4736 1969 4809 bch
1991 4752 2156 4809 opera
2186 4723 2617 4809 iatn‘iiijiisiaiii

2957 4682 3213 4743 oneratur
3234 4671 3503 4743 iniustitia,
3514 4689 3623 4743 (ms.

2729 4743 2822 4776 ³0⁸⁸
2849 4743 2913 4797 Et
2956 4742 3101 4812 quod
3145 4742 3312 4797 totum
3354 4759 3452 4797 ina.
3485 4742 3621 4796 Vict.

358 4794 506 4850 Gem.
530 4792 652 4881 Bec.
679 4792 1196 4881 Tltuxqisiterzquod
1226 4808 1391 4854 totum
1436 4801 1557 4881 _’°"
1582 4804 1649 4857 Et
1676 4804 1761 4858 his
1793 4792 2105 4881 ergu_[:_ic'il_e
2129 4819 2227 4863 etc.
2251 4792 2709 4881 in;
2726 4854 2741 4878 ,
2765 4792 3101 4881 hic—incipit—
3146 4792 3626 4868 viii—chclvmalum

357 4882 497 4921 esse.
527 4875 613 4918 est
634 4881 756 4917 mss.
787 4865 1000 4939 etEdit.
1020 4865 1176 4923 thla.
1213 4884 1313 4925 nec
1344 4870 1539 4925 malam
1571 4889 1712 4938 esse,
1745 4884 1831 4930 est
1855 4865 1995 4908 ⁷³⁰⁶⁵
2017 4877 2093 4931 llli
2126 4894 2245 4933 esse
2283 4865 2428 4936 Edit.
2454 4865 2747 4938 Gotlt.vulli
2783 4865 2959 4939 essem
2980 4865 3087 4917 73°”
3111 4865 3623 4939 Malatuessentiam

357 4952 503 5001 esse,
529 4949 688 5009 quam
719 4950 855 5009 nisa.
872 4936 1073 4991 malam
1098 4953 1242 5009 esse,
1265 4955 1428 5009 quam

1535 4943 1629 5021 ξοδδ
1658 4946 1839 5021 Quare
1864 4947 2061 5021 maluin
2091 4962 2213 5021 esse
2249 4966 2375 5004 mu.
2418 4950 2546 5006 Vict.
2580 4952 2730 5008 Gem.
2754 4954 2880 5008 Bec.
2908 4953 3042 5009 Tlm.
3071 4954 3195 5008 59L
3226 4970 3396 5021 quare
3427 4955 3623 5008 malam

356 5021 476 5092 esse
550 5004 1044 5092 ’“IJPtBtliililttht‘
1072 5008 1213 5092 sicut
1236 5004 1302 5092 de
1334 5010 1591 5078 iniustitia
1615 5004 1739 5092 nuis.
1773 5014 1960 5092 Cistcr.
1996 5017 2129 5072 Tim.
2173 5018 2399 5092 Vict._et
2424 5004 2568 5076 Edit.
2589 5004 3627 5092 'G'othiiii-dubitanterquodestinde;

356 5076 502 5131 stitia

615 5074 708 5107 ⁸⁸⁸⁸
740 5074 895 5129 Enim
926 5092 1030 5129 non
1057 5087 1135 5131 est
1167 5081 1366 5135 malum
1384 5074 1522 5136 ⁷ηιεδς.
1550 5085 1698 5139 enim
1725 5095 1809 5139 est
1836 5086 2031 5141 malum

2144 5088 2239 5163 3°”
2260 5090 2564 5160 Aliquando
2612 5095 2742 5148 nihil
2769 5106 2893 5148 sunt
2920 5088 3261 5163 manuscript.
3291 5093 3497 5148 Tlman.
3528 5088 3634 5149 ali-

356 5144 577 5225 quando
600 5144 734 5225 nihil
755 5152 839 5225 est
890 5146 1009 5225 _’°"
1038 5146 1299 5225 Videntur
1328 5167 1448 5205 csse
1477 5156 1817 5225 manuscript.
1837 5155 2029 5211 Victor.
2063 5159 2277 5212 videtur
2303 5144 2586 5215 essemm‘

360 5216 483 5270 Bec.
506 5226 561 5271 et
591 5215 792 5271 nullam
820 5216 980 5271 habet

766 5218 1001 5303 ultab‘et‘
1091 5218 1182 5249 3°“
1209 5219 1438 5303 Propter
1468 5223 1669 5303 aliquid
1703 5218 1845 5303 quod
1874 5227 1926 5280 in
1957 5228 2211 5303 praefato“
2232 5229 2370 5303 libro
2401 5232 2533 5303 dixi,
2564 5238 2689 5303 quia
2721 5235 2960 5290 debitum
2990 5252 3114 5289 mss.
3152 5232 3287 5288 Vict.
3320 5234 3444 5289 Bec.
3474 5232 3623 5287 Cum.

363 5285 569 5365 ﬂium:
609 5285 859 5365 icit.
893 5285 1080 5365 gigni.
1109 5285 1331 5365 promer
1355 5285 1800 5365 aliqttid'quiajut
1829 5296 1879 5349 in
1906 5285 2131 5365 praefato
2160 5298 2296 5356 libro
2319 5302 2452 5365 dixi,
2481 5285 2535 5356 et
2563 5285 2801 5358 debitdm

2913 5304 3007 5336 ⁸⁰⁶³
3036 5307 3117 5359 Ah
3145 5305 3327 5359 invitis
3355 5322 3449 5359 ms.
3488 5303 3623 5357 Tha.

359 5357 588 5443 ."ab
616 5356 831 5443 iniustis
878 5358 995 5443 rm"
1018 5356 1477 5443 _Expost1:l%nzsi_
1506 5356 1635 5417 Vict.
1665 5363 1750 5418 15.
1782 5356 2045 5443 postulat
2092 5369 2330 5443 ?°“"_Non
2353 5356 2506 5440 punit
2530 5356 2627 5443 pro
2644 5356 2838 5429 nihilo.
2868 5374 2989 5429 Jam
3018 5356 3117 5432 tit—8‘.
3147 5356 3332 5428 Cistcr.
3361 5356 3495 5429 del—et
3520 5389 3624 5427 nun

361 5426 455 5457 ³⁰⁶⁶
477 5425 600 5507 Ηειξς
625 5442 744 5507 lla"
775 5441 903 5507 esse
929 5425 1269 5507 nisininjnss.
1302 5429 1436 5484 Thu.
1465 5432 1578 5507 haec
1608 5450 1711 5488 non
1742 5425 1862 5490 esse
1896 5439 1996 5491 nisi
2036 5425 2432 5507 iujustitiam'et
2466 5425 2579 5498 huic
2602 5425 2987 5499 non—esseni—si
3016 5425 3117 5498 in"
3141 5425 3233 5477 33b;

361 5510 485 5569 ius}.
524 5492 658 5569 Vict,
679 5494 830 5569 Geni.
859 5496 981 5569 Bec.
1012 5498 1262 5569 S._Micli.
1291 5503 1559 5569 quomodo
1586 5520 1769 5560 semen

3266 5446 3416 5512 Quod
3441 5460 3623 5501 semen

1882 5509 1977 5541 ³⁸⁸³⁸
2005 5510 2252 5565 Animam
2299 5512 2459 5567 habet
2501 5516 2818 5569 rationalem
2846 5532 2945 5568 ms.
2983 5514 3114 5570 Vict.
3141 5517 3228 5570 l9.
3271 5509 3505 5570 animum
3532 5515 3625 5567 ha-

363 5563 877 5659 hebzltt'rat'io'uq‘lent
954 5567 1047 5602 ³⁰⁶⁹
1072 5567 1221 5625 Parit
1251 5563 1538 5643 antequam
1566 5591 1687 5630 mss.
1715 5578 1853 5646 perit
1892 5563 2180 5651 antequam
2206 5563 2231 5565 ρ
2254 5563 2350 5615 ὀἶδ
2369 5563 2516 5650 Quid
2964 5563 3510 5659 ct

361 5631 506 5703 quod
534 5632 661 5685 dicit
684 5632 782 5687 Job
