3940 6046
279 267 348 326 44
361 271 378 326 l

277 389 382 444 Joh
423 385 537 441 Deo
592 397 606 434 :

273 478 474 536 mundo
501 483 804 538 conceptum
848 469 1086 524 semine:
1134 481 1310 520 nonne
1359 473 1416 518 tu
1471 464 1559 534 qui
1589 463 1680 494 ³⁰⁷⁸
1729 462 1874 518 solus

281 569 440 638 100
461 566 555 620 es?
589 561 711 632 (Job
741 576 852 626 xiv,
881 558 960 629 4.)
991 559 1056 612 Et
1084 557 1356 627 quomodo
1377 569 1562 610 verum
1592 563 1696 618 est,
1727 553 1874 623 quod

277 658 588 717 dicitDavid
614 674 628 711 :
660 651 1106 723 Ininiquitatibus
1128 659 1402 712 conceptus
1429 663 1566 712 sum,
1596 655 1644 700 et
1681 647 1736 700 in
1756 662 1875 714 pec-

277 753 408 806 catis
432 747 659 818 concepit
689 762 770 800 me
799 753 966 797 mater
983 759 1096 796 mea
1127 738 1298 812 (Psal.
1325 756 1376 802 ι,
1400 737 1474 808 7).
1499 737 1746 804 Quanam
1775 736 1874 808 igi-

279 853 390 907 tur,
411 841 456 895 si
485 853 730 909 possum,
769 833 1072 906 quomodo,
1105 829 1358 906 quamvis
1410 845 1518 884 non
1568 828 1752 883 statim
1803 827 1872 882 ab

277 933 394 1002 ipsa
442 929 800 1000 conceptione
848 927 919 980 sit
969 925 1022 978 in
1074 921 1374 978 infantibus
1421 929 1743 990 peccatum,
1775 919 1872 972 im-

275 1023 480 1078 mundo
507 1031 688 1076 tamen
719 1018 927 1100 semine
955 1016 1007 1070 in
1055 1014 1434 1085 iniquitatibus
1461 1023 1516 1066 et
1546 1012 1598 1066 in
1633 1010 1870 1080 peccatis

276 1113 488 1181 concipi
507 1111 600 1143 ³⁰⁷¹
632 1110 906 1164 dicantur.
961 1106 1116 1176 Saepe
1143 1105 1327 1174 utique
1355 1103 1534 1158 divina
1585 1102 1868 1170 Scriptura

275 1205 474 1260 asserit
503 1202 708 1272 aliquid
739 1215 882 1265 esse,
914 1198 1058 1268 quod
1087 1197 1245 1252 modo
1277 1210 1384 1250 non
1410 1205 1494 1249 est
1515 1193 1631 1258 3°",
1667 1193 1868 1248 idcirco

273 1297 403 1366 quia
436 1303 616 1348 tamen
647 1299 733 1347 est
761 1291 1004 1346 futurum
1028 1303 1169 1343 esse.
1205 1285 1298 1342 Sic
1327 1286 1524 1355 quippe
1567 1285 1704 1338 Deus
1739 1284 1868 1338 Adae

275 1386 344 1442 de
373 1386 516 1456 ligno
546 1383 712 1438 vetito
741 1382 874 1436 dicit
901 1399 914 1434 :
945 1379 1014 1434 In
1049 1395 1357 1450 quocunque
1385 1377 1468 1430 die
1491 1376 1776 1430 comederis
1803 1391 1868 1428 ea:

273 1495 360 1544 eo,
392 1486 578 1550 morte
629 1475 868 1530 morieris
895 1471 1049 1544 (Gen.
1095 1487 1156 1538 ιι,
1195 1469 1288 1540 7);
1333 1484 1440 1523 ιιοη
1498 1467 1638 1536 quod
1669 1481 1732 1522 ea
1781 1466 1868 1524 die

271 1575 526 1621 mortuus
555 1566 626 1620 sit
650 1579 900 1634 corpore,
925 1563 1020 1619 sed
1049 1561 1306 1633 quoniam
1336 1559 1424 1614 die
1455 1558 1542 1612 illa
1570 1557 1868 1632 necessita-g

274 1669 384 1716 tem
415 1660 622 1729 accepit
662 1657 950 1726 aliquando
975 1653 1264 1710 moriendi.
1288 1652 1356 1707 Et
1391 1650 1591 1706 Paulus
1617 1648 1868 1704 similiter

1273 255 1399 312 LIB.
1443 255 1532 310 DE
1566 251 1932 312 CONCEPTU
1979 251 2347 323 VIRGINALI,
2385 257 2538 313 ETC.

674 378 804 445 Quis
858 383 1020 448 potest
1067 372 1238 444 facere
1285 371 1567 436 matulam,
1633 369 1698 423 de
1771 368 1870 422 im-
1898 375 1944 430 A
1973 373 2116 444 (cum
2149 369 2397 426 homines
2415 369 2530 435 jam
2563 370 2862 440 erunt'°8')
2889 371 3286 430 necessitatem.
3329 371 3388 430 Si
3424 389 3557 450 ergo

3453 261 3557 318 ιη

1977 466 2112 528 haec,
2146 470 2368 532 utputo,
2402 477 2532 516 vera
2559 471 2720 528 sunt;
2745 465 2888 534 quod
2918 466 3214 521 assumitur
3235 470 3300 522 de
3335 479 3560 538 parente

1975 555 2042 610 ad
2077 553 2306 624 prolem,
2335 553 2460 622 quia
2492 553 2692 610 nullam
2724 555 2886 610 habet
2937 555 3294 624 voluntatem,
3351 559 3556 616 nullum

1973 656 2055 702 est
2079 648 2132 702 in
2171 662 2234 702 eo
2261 656 2560 716 peccatum.
3457 631 3464 638 ’

2562 737 2791 794 CAPUT
2830 739 2960 793 V'lll.

1974 825 2126 892 Quod
2172 829 2230 884 in
2255 829 2452 882 semine
2481 838 2692 901 sumpto
2714 830 2778 882 de
2808 829 3022 901 Virgine
3059 847 3160 884 non
3189 831 3255 884 sit
3283 840 3554 901 peccatum

2291 915 2454 970 neque
2495 900 2778 954 necessitas
2805 900 2974 968 futuri
3013 903 3231 970 peccati.

2037 987 2226 1060 Itaque
2254 988 2598 1058 perspicuum
2623 996 2702 1043 cst
2731 989 2988 1059 quoniam
3021 991 3076 1044 in
3103 1006 3168 1046 eo
3191 989 3283 1022 ³⁰⁸³
3305 991 3448 1058 quod
3468 991 3558 1046 Fi-

1969 1077 2074 1132 lius
2119 1077 2211 1132 Dei
2245 1078 2296 1132 in
2339 1092 2626 1147 personam
2659 1093 2810 1131 suam
2861 1079 3156 1148 assumpsit
3200 1080 3266 1136 do
3311 1078 3556 1150 Virgine,

1969 1168 2114 1222 nulla
2139 1168 2312 1238 potuit
2341 1182 2460 1224 esse
2483 1169 2690 1238 peccati
2715 1167 2944 1222 macula.
2973 1167 3078 1224 Sed
3099 1169 3304 1224 dictum
3328 1178 3410 1224 est
3427 1168 3556 1238 quia

1967 1275 2150 1315 semen
2177 1277 2206 1314 a
2233 1258 2550 1329 parentibus
2583 1260 2816 1314 trahitur
2843 1274 2966 1314 cum
2993 1258 3317 1314 necessitate
3346 1258 3556 1328 peccati

1967 1349 2159 1412 futuri,
2199 1365 2320 1404 cum
2355 1351 2516 1404 fuerit
2549 1352 2846 1404 animatum
2879 1350 3060 1404 anima
3107 1347 3360 1404 rationali
3402 1368 3416 1404 :
3451 1351 3557 1412 hoc

1967 1443 2260 1512 ntiquom"
2287 1459 2390 1497 non
2442 1450 2525 1498 est
2571 1452 2794 1511 propter
2821 1443 2987 1509 aliud,
3017 1441 3118 1498 nisi
3159 1441 3284 1512 quia
3315 1443 3554 1497 humana

1967 1543 2162 1590 natura
2201 1535 2446 1590 nascitur
2477 1534 2529 1588 in
2579 1533 2876 1588 infantibus
2907 1533 2986 1604 (ut
3025 1533 3158 1602 dixi)
3200 1549 3320 1590 cum
3373 1535 3556 1592 debito

1968 1627 2062 1659 ³⁰⁸¹⁵
2107 1625 2476 1682 satisfaciendi
2524 1641 2623 1696 pro
2669 1635 2894 1695 peccato
2929 1627 3084 1689 Atla).
3127 1635 3202 1692 et,
3258 1628 3556 1682 secundum

272 1750 346 1804 ob
374 1719 753 1804 necessitatem
782 1747 1048 1801 moriendi
1074 1743 1364 1813 aliquando
1382 1783 1396 1807 ,
1423 1743 1502 1796 ait
1531 1758 1543 1792 :
1579 1739 1639 1796 Si
1689 1749 1863 1792 autem

1971 1719 2110 1792 quod
2151 1720 2324 1789 posui,
2375 1720 2744 1790 proximorum
2812 1728 3096 1790 parentum
3147 1719 3308 1790 (quod
3359 1736 3556 1790 nequa-

272 1843 514 1897 (λιιι-ἔειπε
542 1843 596 1895 in
627 1841 766 1896 vobis
793 1850 867 1894 est
895 1839 1010 1904 3°”,
1031 1854 1217 1907 corpus
1251 1836 1459 1906 quidem
1495 1842 1759 1888 mortuum
1791 1841 1864 1886 est

269 1945 484 2004 propter
520 1942 810 2002 peccatum,
840 1926 1056 1999 spiritus
1085 1944 1204 1982 vero
1234 1928 1353 1981 vivit
1375 1934 1588 1995 propter
1599 1922 1868 1994 justiﬁca-

271 2027 466 2078 tionem
491 2023 668 2096 (Rom.
687 2039 800 2089 VIII,
833 2020 1072 2092 l0).Non
1096 2020 1242 2075 enim
1267 2033 1496 2084 corpora
1521 2014 1868 2085 eorum,qui-

269 2115 374 2168 bus
403 2113 745 2184 loquebatur,
773 2119 982 2166 mortua
1013 2121 1196 2175 erant;
1221 2110 1316 2164 sed
1345 2107 1603 2162 moritura
1639 2116 1862 2175 propter

269 2216 552 2276 peccaturo
575 2223 590 2260 :
615 2211 740 2276 quia
765 2222 857 2275 per
877 2219 1040 2257 unum
1067 2203 1326 2257 hominem
1351 2209 1619 2269 peccatum
1644 2198 1698 2251 in
1727 2197 1864 2250 hunc

270 2298 526 2356 utendum
552 2298 788 2362 intravit,
815 2305 862 2350 et
889 2309 982 2365 per
1007 2307 1272 2372 peccatum
1299 2309 1438 2347 mors
1463 2289 1640 2362 (Rom.
1663 2305 1718 2355 v,
1751 2288 1861 2360 12).

272 2390 428 2445 Sicut
461 2392 514 2443 in
555 2389 726 2444 Adam
765 2403 957 2444 omnes
986 2387 1080 2418 ³⁸⁷⁵
1104 2371 1470 2456 peccavimus,
1517 2382 1733 2452 quando
1775 2379 1866 2434 ille

271 2483 557 2552 peccavit:
585 2499 690 2538 non
740 2483 865 2552 quia
905 2491 1031 2536 tunc
1073 2479 1418 2550 peccavimus
1463 2475 1566 2545 ipsi
1593 2475 1684 2545 qui
1729 2489 1864 2530 non-

271 2577 402 2632 dum
429 2591 668 2640 eramus,
697 2576 790 2630 sed
815 2575 942 2644 quia
968 2573 1034 2629 de
1065 2572 1154 2626 illo
1177 2571 1344 2626 futuri
1365 2583 1582 2626 eramus
1606 2581 1620 2622 :
1652 2577 1708 2623 et
1735 2576 1864 2621 tunc

273 2665 416 2720 facta
439 2674 532 2720 est
558 2665 644 2720 illa
665 2665 759 2698 ³⁰⁷⁶
795 2664 1090 2720 necessitas
1111 2671 1168 2716 ut
1199 2677 1320 2716 eum
1345 2675 1589 2716 essemus
1610 2671 1862 2728 peccare-

273 2773 436 2813 mus:
471 2758 730 2830 quoniam
779 2773 872 2826 per
917 2757 1072 2810 unius
1119 2753 1521 2809 inobedientiam
1567 2763 1860 2820 peccatores

271 2855 540 2908 constituti
583 2863 704 2906 sunt
750 2851 899 2906 multi
929 2850 1092 2922 (ibid.
1125 2865 1178 2904 ν.
1227 2848 1332 2918 l9).
1365 2846 1540 2902 Simili
1585 2847 1746 2901 modo
1793 2845 1862 2900 de

271 2943 554 2998 imumndo
583 2945 788 2998 semine
817 2944 868 2998 in
903 2939 1280 3011 iniquitatibus
1304 2950 1359 2996 et
1385 2939 1442 2993 in
1467 2937 1701 3008 peccatis
1731 2951 1860 2990 con-

234 3065 242 3070 -
271 3035 378 3104 cipi
413 3043 594 3104 potest
635 3036 798 3090 homo
839 3034 1066 3104 intelligi
1093 3049 1110 3098 ;
1137 3048 1244 3087 non
1277 3033 1420 3102 quod
1467 3032 1520 3085 in
1553 3029 1762 3084 semine
1789 3029 1860 3080 sit

272 3127 618 3184 immunditia
653 3129 884 3199 peccati,
913 3135 1008 3182 aut
1049 3135 1333 3196 peccatum
1385 3125 1500 3180 sive
1549 3122 1852 3192 iniquitas;

272 3223 368 3280 sed
399 3222 528 3290 quia
553 3221 620 3276 ab
648 3223 766 3292 ipso
783 3222 995 3278 semine
1023 3229 1080 3276 et
1109 3221 1222 3292 ipsa
1249 3219 1621 3290 conceptione,
1662 3233 1728 3274 ex
1752 3235 1855 3290 qua

269 3315 464 3386 incipit
497 3315 660 3370 homo
693 3329 834 3380 esse,
861 3315 1060 3386 accipit
1103 3315 1482 3372 necessitatem
1501 3315 1594 3348 ³⁰⁷⁶¹
1628 3325 1708 3382 ιιι,
1735 3331 1854 3370 cum

269 3407 490 3462 habebit
511 3408 750 3462 animam
787 3408 1130 3475 rationalem,
1163 3409 1362 3464 habeat
1387 3409 1594 3479 peccati
1623 3408 1859 3464 immun-

270 3498 482 3564 ditiam,
512 3515 636 3569 qua:
669 3515 778 3555 non
817 3500 1070 3555 estaliud
1117 3515 1280 3570 quam
1318 3508 1604 3567 peccatum
1643 3509 1699 3554 ct
1752 3501 1856 3553 ini-

271 3591 472 3656 quitas.
497 3587 631 3643 Nam
663 3589 764 3644 etsi
809 3589 1003 3646 vitiosa
1035 3589 1128 3622 ³⁰⁷⁸
1160 3590 1600 3659 concupiscentia
1633 3603 1860 3660 genere-

273 3689 363 3734 tur
395 3681 605 3746 infans;
651 3697 758 3736 non
795 3691 970 3738 tamen
1015 3682 1186 3753 magis
1219 3683 1382 3738 estin
1429 3681 1636 3736 semine
1678 3681 1856 3751 culpa,

270 3787 432 3841 quam
463 3782 547 3828 est
573 3775 626 3828 in
657 3785 814 3844 sputo
844 3775 925 3830 vel
973 3775 1026 3830 in
1051 3776 1346 3845 sanguine,
1379 3775 1422 3829 si
1447 3775 1568 3844 quis
1599 3773 1738 3828 mala
1762 3789 1858 3829 vo-

269 3859 482 3916 luntate
509 3865 746 3932 exspuit,
781 3873 872 3918 aut
899 3865 964 3920 de
986 3866 1249 3933 sanguine
1275 3879 1373 3918 suo
1403 3863 1603 3932 aliquid
1626 3864 1858 3917 emittit:

269 3967 378 4007 non
404 3952 550 4006 enim
579 3963 794 4022 sputum
809 3954 904 3987 ³⁸⁷⁸
927 3963 1022 4008 aut
1041 3954 1282 4022 sanguis,
1323 3955 1414 4009 sed
1449 3953 1588 4006 mala
1615 3951 1861 4010 voluntas

271 4045 542 4114 arguitur.
574 4044 730 4100 Patet
757 4045 918 4116 igitur
943 4050 1214 4115 quomodo
1248 4055 1302 4100 et
1325 4046 1378 4100 iu
1407 4046 1706 4100 infantibus
1751 4060 1858 4100 non

269 4135 456 4190 statim
504 4136 574 4192 ab
619 4138 734 4208 ipsa
779 4139 1132 4208 conceptione
1168 4137 1238 4192 sit
1275 4147 1556 4208 peccatum
1590 4155 1605 4202 ;
1637 4147 1694 4192 ct
1733 4152 1860 4192 vera

269 4227 386 4282 sint
417 4244 538 4298 qua:
566 4229 660 4261 ³⁰⁸⁰
697 4231 762 4285 de
803 4231 981 4284 divina
1038 4229 1320 4300 Scriptura
1372 4231 1620 4300 opposui.
1654 4231 1868 4300 Quippe

269 4335 384 4374 non
433 4331 514 4374 est
544 4321 650 4376 illis
681 4331 980 4391 peccatum,
1015 4323 1140 4392 quia
1189 4339 1294 4376 non
1337 4323 1538 4378 habent
1565 4324 1707 4394 (sine
1755 4339 1860 4393 qua

1969 1825 2130 1880 quam
2171 1807 2350 1864 facere
2377 1817 2553 1879 potest
2581 1827 2592 1860 :
2621 1817 2674 1864 et
2703 1809 2940 1880 quandiu
2983 1825 3090 1866 non
3118 1810 3264 1877 facit,
3293 1813 3500 1883 peccat)
3532 1828 3550 1880 ;

1968 1909 2022 1955 et
2051 1901 2178 1970 quia
2210 1900 2323 1954 sola
2347 1917 2447 1969 per
2470 1915 2528 1954 se
2559 1917 2664 1954 non
2698 1901 2838 1956 valet
2860 1899 3130 1968 justitiam
3161 1903 3364 1958 habere
3389 1919 3552 1973 quam

1968 1993 2206 2048 deseruit
2237 1993 2352 2058 ³⁰⁸⁶;
2376 2003 2431 2046 et
2481 1992 2684 2057 anima,
2711 2008 2830 2062 quae
2856 2003 3181 2064 aggravatur
3205 1995 3299 2026 m"
3325 2011 3556 2066 corpore

1967 2085 2109 2154 quod
2164 2083 2552 2152 corrumpitur,
2589 2084 2777 2152 nequit
2811 2099 2929 2138 eam
2982 2085 3172 2140 saltem
3226 2085 3550 2155 intelligere,

1967 2189 2086 2242 quae
2123 2190 2219 2228 nec
2263 2173 2468 2226 servari
2503 2181 2677 2242 potest
2723 2187 2822 2226 nec
2865 2173 3052 2228 haberi
3101 2189 3208 2230 non
3255 2175 3550 2230 intellecta.

1966 2261 2302 2333 Quapropter
2341 2263 2382 2316 si
2417 2262 2484 2316 ab
2523 2262 2608 2316 his
2653 2261 3066 2317 necessitatibus
3109 2277 3290 2317 semen
3342 2279 3554 2319 assum-

1965 2363 2113 2424 ptum
2163 2354 2230 2407 tle
2273 2351 2496 2422 Virgine
2556 2351 2782 2406 liberum
2835 2351 3045 2405 ostendi
3102 2352 3334 2421 poterit,
3373 2354 3551 2424 palam

1963 2445 2069 2500 erit
2103 2443 2226 2515 quia
2261 2441 2464 2497 nullam
2505 2444 2712 2511 peccati
2760 2443 3141 2498 necessitatem
3177 2445 3358 2498 traxit.
3397 2445 3550 2512 Quod

1965 2537 2052 2592 illa
2078 2539 2294 2608 quidem
2322 2535 2418 2568 ³⁰⁸⁸
2447 2541 2760 2605 necessitas,
2789 2556 2892 2611 qua
2943 2542 3178 2598 humana
3215 2552 3408 2598 natura
3437 2543 3552 2598 sola

1963 2645 2060 2700 per
2085 2646 2142 2686 se
2171 2630 2434 2693 iustitiam
2465 2649 2790 2705 recuperare
2832 2634 3040 2702 nequit,
3073 2643 3128 2688 et
3157 2633 3242 2688 illa
3272 2650 3376 2704 qua
3427 2650 3552 2690 cor-

1961 2737 2062 2792 pus
2084 2725 2228 2793 quod
2251 2727 2618 2796 corrumpitur
2647 2735 2904 2798 aggravat
2929 2726 3188 2789 animam,
3221 2734 3281 2780 ut
3306 2727 3552 2780 eamdem

1954 2811 2220 2879 justitiam
2257 2829 2356 2871 nec
2389 2826 2666 2887 acceptam
2701 2818 2752 2872 in
2787 2827 2946 2872 actate
2981 2817 3214 2885 perfecta
3249 2818 3366 2872 sine
3401 2818 3554 2871 auxi-

1961 2905 2031 2961 lin
2073 2905 2259 2976 gratia:
2303 2921 2550 2972 servare,
2581 2922 2682 2962 nec
2723 2907 2774 2961 in
2815 2907 3115 2962 infantibus
3145 2906 3444 2962 saltem3°89
3470 2907 3552 2961 in-

1965 3001 2202 3072 telligere
2227 3011 2408 3070 queat,
2433 2999 2502 3054 ab
2528 3000 2618 3054 illo
2639 2999 2846 3055 semine
2874 3000 2981 3053 sint
3003 3000 3192 3054 aliena:
3219 2997 3376 3054 facile
3399 3015 3551 3054 mon-

1888 3091 1933 3152 C
1966 3092 2126 3145 strari
2167 3091 2309 3146 valet
2351 3104 2448 3160 per
2478 3089 2736 3144 unitatem
2775 3087 3118 3158 pcrsonalem
3149 3089 3476 3142 assumentis
3497 3097 3554 3144 et

1961 3189 2249 3248 assumptus
2281 3189 2487 3232 natura:
2517 3195 2534 3232 :
2566 3178 2610 3232 si
2636 3178 2785 3246 prius
2808 3177 3104 3234 necessitas
3133 3177 3222 3232 illa
3251 3177 3551 3246 repellitur_.

1961 3287 2065 3341 qua
2087 3271 2153 3324 ad
2178 3269 2600 3324 satisfactionem
2627 3285 2724 3339 pro
2753 3269 2992 3338 peccatis
3019 3269 3314 3338 primorum
3347 3277 3402 3322 et
3427 3282 3552 3337 prun

1961 3363 2230 3418 xirnorum
2259 3368 2541 3430 parentum
2571 3359 2798 3430 astringi
2828 3359 3066 3414 videtur.
3109 3357 3216 3413 Sed
3247 3359 3388 3426 quod
3421 3357 3550 3414 illud

1961 3451 2168 3506 nullum
2189 3451 2283 3482 ³⁰⁹⁰
2308 3457 2567 3519 sequatur
2593 3464 2621 3502 a
2657 3449 2919 3520 proximis
2945 3449 3262 3518 parentibus
3285 3449 3550 3514 debitum,

1959 3544 2180 3598 dubium
2225 3559 2330 3598 non
2371 3541 2516 3606 erit;
2552 3542 2596 3598 si
2637 3558 2668 3597 a
2701 3543 2882 3598 debito
2926 3541 3226 3612 primorum
3264 3551 3552 3610 parentum

1962 3634 2190 3689 liberum
2241 3633 2463 3703 intelligi
2487 3632 2578 3664 ³⁰⁹¹
2629 3634 2846 3703 poterit.
2888 3633 2998 3689 lloc
3045 3633 3229 3704 igitur,
3261 3633 3554 3704 adjuvante

1967 3727 2094 3793 Deo,
2124 3727 2365 3782 conabor
2390 3726 2626 3795 primum
2652 3728 2925 3796 quomodo
2953 3728 3204 3798 cognosci
3237 3727 3428 3798 possit,
3462 3726 3548 3780 in-

1961 3821 2232 3890 vestigare
2264 3839 2276 3873 :
2319 3830 2588 3890 quatenus
2633 3821 2736 3876 hoc
2770 3821 3162 3884 demonstrato,
3191 3819 3244 3871 in
3277 3818 3396 3872 aliis
3443 3831 3550 3870 non

1963 3910 2034 3965 sit
2067 3923 2289 3964 necesse
2330 3909 2557 3963 multum
2591 3909 2860 3962 laborare.

2576 3997 2802 4056 CAPUT
2841 3997 2928 4052 IX.

1965 4091 2072 4146 Cur
2093 4103 2360 4160 peccatum
2407 4108 2507 4160 quo
2535 4091 2821 4144 dantnatur
2848 4091 3138 4160 Irummmm
3171 4104 3354 4160 genus,
3380 4087 3547 4157 magis

2033 4157 2317 4230 imputetur
2341 4157 2434 4194 3°“
2487 4161 2618 4214 Adt'l.’
2648 4177 2806 4231 quant
2857 4159 2982 4214 Erat
3007 4176 3026 4224 ;
3055 4157 3185 4212 amr
3213 4157 3300 4211 ille
3333 4169 3446 4227 post
3498 4170 3546 4211 et

2031 4247 2124 4300 per
2145 4233 2290 4284 illaut
2317 4234 2620 4302 peccauerit.

2037 4324 2116 4378 Ad
2139 4325 2280 4393 quod
2309 4323 2440 4378 mihi
2465 4325 2676 4378 videtur
2704 4322 3052 4392 qurerendum
3109 4321 3160 4374 in
3211 4319 3416 4389 primis,
3452 4331 3548 4372 cur

269 4425 384 4464 non
429 4411 569 4464 inest
601 4422 884 4480 peccaturo
907 4413 1024 4482 ³⁰⁸¹)
1070 4413 1440 4468 voluntatem:
1475 4422 1531 4467 et
1574 4424 1751 4468 tamen
1779 4415 1862 4469 di-
1894 4439 1938 4493 ι)
1964 4418 2160 4486 smpius
2189 4425 2242 4471 ct
2287 4415 2572 4485 specialius
2619 4425 2925 4486 peccatmn,
2957 4429 3065 4483 quo
3106 4413 3420 4466 damnatura
3465 4417 3547 4465 est

273 4503 417 4558 citur
447 4505 642 4567 inesse,
689 4505 944 4573 quoniam
995 4506 1048 4560 in
1079 4505 1284 4562 semine
1335 4505 1553 4560 trahunt
1581 4506 1858 4576 peccandi,
1967 4509 2264 4562 humanum
2293 4523 2480 4577 genus,
2515 4507 2684 4576 magis
2713 4505 3008 4576 imputetur
3037 4503 3166 4558 Adae
3191 4517 3350 4572 quam
3382 4501 3544 4555 lives:

1569 4682 1802 4741 VARUE
1840 4681 2243 4738 LECTIONES.

349 4794 444 4826 ³⁰⁷¹
507 4793 620 4851 Nisi
673 4805 726 4848 tu
775 4797 866 4865 qui
915 4813 1043 4866 mss.
1115 4796 1248 4851 Vict.
1306 4805 1354 4850 et
1421 4796 1596 4850 Erlitio
1654 4795 1873 4850 Gothica
1929 4811 2109 4852 nonne
2177 4805 2228 4850 tu
2287 4797 2376 4866 qui
2493 4793 3035 4866 7’07'7lniquitatibus
3063 4801 3115 4848 et
3148 4793 3546 4866 peccatiscon-

273 4865 382 4934 cipi
436 4881 560 4918 mss.
631 4877 680 4919 et
734 4861 876 4920 fidit.
937 4865 1094 4921 Goth.
1135 4869 1194 4921 in
1250 4867 1628 4937 iniquitatibus
1685 4875 1741 4922 et
1781 4867 1830 4920 in
1881 4866 2117 4937 peccatis
2169 4861 2384 4937 concipi!
2455 4865 2581 4902 -⁸⁰⁷³
2616 4865 2842 4937 Quamlo
2873 4881 3009 4937 _nou
3070 4861 3286 4937 estims.
3334 4861 3544 4937 Victor.

275 4883 382 4934 Clpl
436 4883 560 4918 mss.
631 4883 680 4919 et
734 4883 876 4920 mm.
937 4883 1094 4921 hom.
1139 4883 1194 4921 ιιι
1250 4883 1628 4937 tntqurtattnus
1685 4883 1741 4922 et
1781 4883 1830 4920 In
1919 4883 2117 4921 eccaus
2169 4883 2377 4935 concrpl
2455 4883 2581 4902 -"'°
2616 4883 2842 4932 Quanuo
2907 4883 3009 4918 non
3070 4883 3153 4918 ρει
3188 4883 3286 4918 ms.
3351 4883 3544 4918 motor.

275 4937 364 4989 i9.
443 4937 584 5003 quod
635 4939 794 4992 modo
847 4953 952 4992 non
1015 4947 1098 4992 est
1241 4939 1334 4970 3°”
1383 4938 1632 4991 Christus
1687 4939 1736 4991 in
1807 4883 1960 4992 voliis
2014 4945 2097 4991 est
2155 4953 2280 4990 mss.
2343 4935 2476 4989 Vict.
2521 4937 2574 4991 9.
2631 4945 2678 4990 et
2724 4934 2810 4988 15.
2861 4934 3110 4990 Christus
3165 4935 3214 4987 in
3259 4933 3417 4987 nobis
3459 4941 3547 4988 est

273 5005 373 5038 ³⁸⁷³
417 5006 570 5060 Sicut
616 5007 670 5060 in
719 5008 888 5060 Adam
937 5024 1125 5063 omnes
1179 5025 1305 5062 mss.
1361 5009 1509 5062 Gem.
1581 5008 1705 5062 Bec.
1753 5017 1800 5061 et
1853 5007 1994 5060 Edit.
2063 5005 2217 5060 σοίῆ.
2287 5008 2366 5062 sic
2427 5007 2478 5060 in
2530 5007 2700 5060 Adam
2758 5019 2948 5061 omnes
3090 5005 3186 5036 ⁸⁰⁷⁶
3234 5003 3398 5057 Facta
3464 5011 3548 5058 est

274 5075 352 5130 illi
385 5093 510 5130 mss.
565 5089 614 5130 et
669 5077 814 5130 Etlit.
861 5077 1015 5132 Gotlt.
1063 5079 1202 5134 facta
1261 5089 1344 5134 est
1395 5080 1482 5132 illa
1629 5079 1722 5110 3°"
1769 5079 1980 5146 Accipit
2050 5078 2428 5132 necessitatem
2484 5093 2584 5132 ms.
2635 5075 2796 5146 Vict.
2837 5077 2923 5130 l9.
2982 5075 3179 5146 accipit
3223 5083 3546 5146 potestatem

275 5147 378 5178 ³⁸⁷³⁵
413 5147 480 5200 Ει
511 5149 554 5201 si
586 5163 650 5201 ex
683 5149 872 5201 vitiosa
896 5151 1332 5219 concupiscentia
1357 5149 1562 5205 semine
1590 5159 1878 5216 uerteretur
1898 5143 2022 5202 mss.
2052 5147 2154 5202 etsi
2181 5149 2372 5203 vitiosa
2398 5143 3160 5219 concupiscentiageneretur
3226 5143 3234 5144 “
3303 5143 3398 5174 ⁸⁰⁷⁹
3421 5143 3536 5196 Non

275 5219 426 5273 enim
456 5227 670 5290 sputum
701 5235 800 5272 ms.
849 5219 962 5272 Vic.
997 5217 1085 5274 l9;
1119 5237 1222 5274 non
1258 5233 1473 5290 Sputum
1549 5221 1642 5252 ³⁰⁸⁰
1681 5221 1815 5290 Vera
1849 5227 1975 5274 sunt
2011 5231 2130 5288 quae
2167 5236 2288 5290 mss.
2333 5233 2460 5290 vera
2488 5219 2596 5272 sint
2622 5235 2742 5287 quae
2782 5217 2910 5290 _3°'“
2943 5217 3058 5270 Non
3093 5217 3233 5270 inest
3263 5222 3546 5290 peccatum

275 5305 410 5360 ints.
455 5283 588 5342 Tim.
613 5287 804 5360 Cister.
833 5293 1000 5344 omitt.
1034 5283 1316 5360 peccatum
1393 5291 1484 5322 ³⁰⁸²
1509 5291 1765 5360 llomiues
1788 5289 1899 5358 jam
1923 5283 2080 5345 erunt
2105 5305 2202 5342 ms.
2233 5289 2374 5360 Vict.
2403 5287 2487 5360 £9.
2518 5283 2884 5354 hominesjam
2913 5303 3020 5360 non
3047 5295 3202 5360 erant
3237 5355 3248 5360 _
3275 5283 3368 5360 '_°”
3392 5283 3544 5349 Quod

281 5359 340 5410 in
371 5373 436 5412 eo
464 5375 590 5432 mss.
619 5369 665 5412 et
703 5357 858 5432 fidit.
885 5355 1048 5415 Gotlt:
1075 5363 1331 5432 quoniam
1365 5361 1418 5414 in
1451 5376 1516 5432 eo
1590 5361 1686 5394 ³⁸⁸⁵
1714 5355 1827 5414 110⁷6
1856 5361 2044 5430 utique
2081 5377 2179 5432 ms.
2231 5359 2367 5414 Vict.
2419 5357 2504 5432 {9.
2537 5360 2854 5432 liociitaque
2929 5357 3022 5388 ³⁰δ³
3053 5357 3184 5410 Cum
3217 5355 3388 5408 debeo
3405 5369 3558 5432 tutas.

283 5443 415 5500 eum
447 5430 630 5482 debito
705 5429 800 5462 ³⁰⁸⁶
829 5430 1001 5497 Quam
1033 5421 1288 5485 deserunt
1319 5449 1418 5485 ms.
1470 5431 1658 5486 Cisler.
1713 5446 1874 5500 quam
1928 5421 2492 5500 p'cccaudoidcscruit
2566 5430 2660 5461 ³⁸⁸⁷
2711 5421 2840 5500 Qua:
2875 5434 3284 5500 gravaturmus.
3310 5435 3365 5500 _et
3396 5421 3546 5500 Εᾴὲε.

282 5497 449 5573 Goth.
481 5513 602 5570 qua:
625 5493 974 5573 aggravatur
1028 5502 1124 5573 ἒ⁰⁸⁸
1154 5502 1304 5570 Quod
1345 5501 1460 5573 sola
1493 5493 1867 5573 qualern-mss.
1913 5493 1958 5573 et
1997 5499 2144 5573 Ettit.
2193 5499 2352 5573 Goth.
2394 5501 2658 5573 quod_illa
2693 5493 2908 5573 quidem
2971 5497 3080 5573 _'°”
3108 5495 3216 5573 Nec
3243 5493 3546 5573 infantibus

281 5565 814 5640 gtltemi‘mssf'nec
863 5572 914 5624 in
966 5565 1263 5628 infantibus
1309 5565 1526 5628 saltem-
1573 5573 1666 5604 "9°
1699 5571 1803 5626 Sed
1847 5570 2132 5640 quiaillutl
2165 5570 2364 5624 nullum
2411 5565 2509 5624 ins.
2547 5569 2678 5622 Tim.
2711 5565 2839 5622 316.
2894 5567 3005 5640 sed
3033 5568 3176 5640 quod
3208 5565 3544 5640 ntrllum_r_ns.

279 5637 422 5712 tua.
461 5638 585 5712 ξω.
623 5641 718 5695 sed
743 5641 886 5712 quod
917 5642 1062 5696 illum
1090 5659 1216 5697 mss.
1243 5645 1335 5697 sed
1363 5645 1508 5712 quod
1533 5643 1663 5696 illud
1695 5633 1897 5696 nullum
1959 5639 2064 5712 fw
2097 5641 2136 5692 Δ
2171 5641 2350 5694 debito
2371 5641 2668 5712 primorum
2687 5647 2970 5707 parentum
2997 5633 3218 5711 inielligi
3251 5655 3376 5692 utss.
3407 5633 3544 5689 Tltu.

291 5706 426 5762 Vict.
463 5708 648 5766 Castor.
683 5727 708 5764 a
742 5703 924 5768 debito
949 5714 1246 5784 primorum
1275 5703 1502 5770 liberum
1533 5713 1753 5785 intelligi
1828 5713 1921 5745 3°”
1956 5710 2255 5782 [inputatur
2283 5703 2407 5766 mss.
2437 5703 2731 5780 imputetur
