3940 6046
351 244 456 300 4ιό

911 241 967 298 S.
1000 241 1301 298 ANSELMI
1335 240 1688 298 CANTUAR.
1729 238 2044 296 ARCHIEP.
2083 237 2232 296 OPP.
2264 239 2442 294 PARS
2479 238 2518 293 l.
2551 269 2622 280 —
2649 237 3067 296 DOGMATICA.

3506 240 3611 297 ιιι

351 377 474 415 cum
521 359 608 414 illa
643 357 792 429 prior
812 358 906 390 ³⁰⁹³
941 358 1266 426 peccaverit,
1291 366 1344 412 et
1373 357 1542 411 Adam
1580 356 1675 388 ³⁰⁹δ
1714 364 1834 426 post
1877 363 1933 410 et
1961 356 2008 414 Α
2036 360 2220 423 petere
2242 352 2357 417 ³¹⁰⁵,
2385 354 2526 422 quod
2556 350 2666 420 jam
2709 367 2868 422 supra
2903 354 3108 407 dictum
3155 361 3238 408 est
3267 370 3279 407 :
3309 369 3435 423 cur,
3467 357 3616 410 scili-

353 468 452 523 per
484 451 649 506 illam.
685 450 823 504 Dicit
849 449 992 504 enim
1023 449 1354 517 Apostolus':
1393 447 1497 503 Sed
1529 448 1758 518 regnavit
1795 464 1934 502 mors

355 548 419 598 ab
446 543 614 596 Adam
638 558 800 611 usque
832 541 901 594 ad
928 541 1167 610 Moysen,
1191 542 1349 594 etiam
1373 542 1426 594 in
1453 557 1538 595 eos
1577 542 1666 612 qui
1697 557 1799 594 non
1821 556 1939 609 pec-

354 644 597 689 caverunt
625 631 1099 704 in‘similitudinem
1129 633 1578 701 prcevaricationis
1602 632 1733 686 Ade:
1756 631 1934 701 (Rom.

355 739 409 786 v,
435 723 541 790 ll).
567 721 729 776 Multa
749 737 965 792 quoque
997 721 1101 774 alia
1128 721 1399 791 leguntur,
1430 737 1550 791 qua:
1572 722 1740 792 magis
1767 721 1938 776 Adam

355 827 516 882 quam
564 811 735 865 Evam
787 811 1070 866 criminari
1117 812 1399 866 videntur.
1461 812 1613 878 Quod
1649 814 1768 867 ideo
1823 809 1941 867 lieri

360 902 614 957 existimo
665 902 789 971 quia
841 901 928 955 illa
965 902 1191 956 duorum
1238 899 1428 971 copula
1461 908 1572 956 tota
1621 901 1943 972 intelligitur

357 993 409 1046 in
442 991 659 1046 nomine
703 990 1020 1062 principalis
1045 992 1247 1062 partis;
1278 991 1418 1046 sicut
1449 1007 1593 1062 saepe
1615 1008 1712 1057 per
1732 1001 1941 1062 partem

358 1091 527 1138 totum
577 1082 714 1136 solet
766 1081 1063 1151 signiticari
1100 1097 1116 1136 :
1153 1093 1247 1136 aut
1298 1082 1556 1151 quoniam
1593 1083 1764 1138 Adam
1819 1099 1943 1140 cum

356 1185 505 1229 costa
535 1189 653 1239 sua,
697 1173 946 1245 quamvis
995 1175 1046 1229 in
1081 1175 1357 1229 mulierem
1397 1174 1684 1240 aedificata,
1712 1176 1814 1230 dici
1844 1191 1944 1246 po-

361 1272 496 1316 terat
527 1264 722 1329 Adam,
759 1263 916 1318 sicut.
944 1263 1141 1330 legitur
1171 1277 1186 1316 :
1219 1263 1345 1332 quia
1375 1263 1516 1318 Deus
1560 1263 1859 1318 Masculum
1896 1274 1944 1318 et

359 1352 610 1421 feminam
659 1353 780 1421 fecit
811 1370 919 1419 eos,
969 1364 1016 1407 et
1054 1353 1316 1407 benedixit
1364 1355 1435 1408 eis
1465 1351 1615 1424 (Cen.
1645 1370 1683 1421 1,
1729 1356 1839 1425 l7).
1879 1355 1948 1409 Et

361 1445 575 1498 vocavit
601 1459 795 1500 nomen
825 1460 1010 1499 eorum
1051 1443 1222 1499 Adam
1251 1446 1304 1499 in
1346 1446 1430 1500 die
1455 1462 1559 1516 quo
1583 1446 1750 1501 creati
1778 1455 1905 1501 sunt
1929 1464 1943 1501 :

358 1547 450 1588 aut
482 1536 704 1599 idcirco,
733 1537 858 1605 quia
882 1537 925 1590 si
961 1551 1064 1589 non
1098 1536 1266 1590 Adam
1286 1576 1303 1603 ,
1338 1537 1433 1591 sed
1463 1538 1575 1591 sola
1601 1537 1710 1591 Eva
1733 1553 1948 1607 peccas-

361 1634 474 1691 set;
526 1641 629 1678 non
686 1639 909 1681 necesse
958 1633 1074 1680 erat
1125 1633 1293 1681 totum
1345 1626 1636 1680 humanum
1669 1625 1945 1697 genus‘m

358 1720 556 1786 perire,
586 1718 677 1772 sed
721 1717 888 1773 SLllm
920 1719 1108 1772 Evam.
1157 1718 1377 1774 Poterat
1418 1735 1648 1791 namque
1696 1722 1838 1776 Deus
1878 1719 1944 1774 de
1974 1705 2018 1763 Β

358 1813 551 1874 Adam,
592 1812 642 1864 in
669 1827 776 1880 quo
821 1826 1003 1866 semen
1057 1813 1295 1868 omnium
1340 1813 1614 1868 hominum
1664 1820 1946 1868 creaverat

362 1901 478 1958 '°“.
502 1900 661 1955 aliam
695 1899 873 1957 liuere
895 1903 1197 1967 mulierem,
1220 1918 1316 1972 per
1343 1920 1505 1973 quam
1536 1904 1603 1958 de
1633 1905 1800 1959 Adam
1827 1918 1944 1973 pro-

358 1993 592 2063 positum
626 1994 720 2048 Dei
760 1995 1130 2064 perﬁceretur.
1162 1995 1373 2050 Eisdem
1403 1996 1705 2050 rationibus
1733 1995 1944 2067 signiﬁ-

359 2090 596 2143 cabom"
627 2106 722 2159 per
754 2105 949 2144 nomen
999 2090 1126 2145 Adae
1172 2106 1266 2146 eos
1304 2091 1520 2158 ambos,
1553 2091 1652 2145 uisi
1681 2107 1804 2147 cum
1849 2106 1946 2147 ne-

360 2196 513 2236 cesse
541 2181 644 2235 erit
673 2196 767 2236 eos
803 2181 1132 2237 discernere.

983 2271 1212 2328 CAPUT
1256 2272 1326 2328 X.

394 2383 504 2438 Cur
545 2396 826 2455 graventur
857 2394 1069 2456 peccato
1110 2384 1258 2449 Adcc,
1293 2387 1382 2456 qui
1417 2386 1530 2456 ejus
1577 2385 1771 2440 conscii
1808 2403 1912 2441 non

1043 2455 1274 2523 fuerunt.

436 2545 530 2599 Est
554 2545 769 2614 quidem
813 2544 1184 2614 unusquisque
1221 2545 1364 2600 ﬁlius
1394 2544 1522 2601 Adae
1552 2554 1607 2602 et
1648 2547 1810 2602 homo
1852 2562 1948 2618 per

364 2635 457 2666 ³⁰⁹⁸
484 2637 836 2697 creationem,
864 2642 919 2688 et
939 2635 1108 2688 Adam
1139 2650 1234 2703 per
1253 2638 1717 2708 propagationcm,
1745 2649 1799 2694 et
1828 2655 1952 2709 per-

364 2739 493 2778 sona
526 2738 622 2793 per
645 2723 1072 2778 iudividuitatem
1095 2725 1212 2790 "9’,
1236 2741 1340 2795 qua
1364 2728 1694 2782 discernitur
1715 2728 1781 2782 ab
1805 2729 1946 2784 aliis.

364 2815 480 2869 Non
513 2817 656 2869 enim
691 2816 854 2869 habet
905 2830 1025 2871 esse
1071 2817 1232 2871 homo
1261 2817 1329 2872 ab
1376 2819 1680 2888 Adamm",
1713 2821 1808 2876 Sed
1854 2835 1949 2889 per

364 2907 559 2961 Adam.
587 2906 719 2960 Nam
748 2907 888 2962 sicut
912 2906 1083 2961 Adam
1117 2923 1220 2962 nou
1251 2924 1310 2963 se
1347 2909 1475 2965 fecit
1517 2910 1790 2965 hominem
1820 2927 1834 2975 ;
1876 2913 1947 2965 ita

368 3014 474 3052 non
509 2998 636 3053 fecit
663 2999 715 3053 in
755 3013 813 3054 se
857 3006 1106 3052 naturam
1139 3000 1469 3070 propagandi
1505 3002 1640 3056 :sed
1687 3001 1828 3056 Deus
1853 3000 1943 3070 qui

365 3105 488 3144 eum
517 3091 1032 3162 crreavithominem,
1063 3092 1192 3147 fecit
1217 3093 1269 3147 in
1301 3108 1366 3147 eo
1391 3093 1531 3148 hanc
1555 3094 1938 3161 naturam‘m;

367 3191 425 3235 ut
456 3182 522 3237 de
574 3183 666 3238 illo
715 3192 1144 3255 propagarcntur
1187 3185 1452 3240 homines.
1506 3185 1736 3239 Dubium
1768 3193 1946 3241 autem

367 3289 472 3327 non
497 3283 598 3338 est,
641 3271 784 3328 unde
826 3278 1196 3347 unusquisque
1241 3277 1488 3348 alligetur
1521 3278 1724 3342 debito,
1753 3278 1818 3332 de
1840 3293 1948 3347 quo

368 3371 585 3439 agitur:
612 3385 718 3425 non
762 3371 907 3425 enim
954 3372 1116 3439 unde,
1168 3375 1292 3443 quia
1323 3376 1485 3430 homo
1527 3384 1628 3440 est,
1678 3391 1777 3429 nec
1821 3375 1947 3445 quia

367 3477 594 3530 persona
626 3471 728 3517 est.
761 3461 897 3516 Nam
927 3464 970 3518 si
1009 3464 1211 3519 idcirco
1258 3466 1629 3536 unusquisque
1672 3464 1829 3534 hujus
1857 3466 1946 3520 de-

365 3553 462 3609 biti
496 3569 622 3609 reus
649 3565 750 3621 est,
790 3557 915 3624 quia
963 3566 1046 3612 est
1085 3558 1266 3621 homo,
1298 3567 1391 3612 aut
1423 3573 1683 3628 persona;
1727 3574 1951 3615 necesse

366 3657 486 3702 erat
526 3649 732 3716 Adam,
767 3647 1084 3718 priusquam
1133 3660 1448 3720 peccasset,
1480 3652 1584 3707 hoc
1633 3652 1815 3707 debito
1855 3653 1948 3688 ³¹⁰⁹

367 3740 648 3794 astrictum
685 3753 828 3805 esse,
870 3741 997 3811 quia
1035 3751 1155 3796 crat
1208 3742 1368 3796 homo
1397 3750 1452 3796 et
1494 3757 1723 3812 persona
1759 3761 1772 3796 :
1807 3741 1948 3814 quod

365 3841 450 3886 est
477 3832 944 3888 absurdissimum.
979 3833 1162 3889 Restat
1191 3835 1354 3904 igitur
1382 3843 1441 3890 ut
1472 3851 1569 3905 per
1611 3837 1712 3892 hoc
1742 3846 1946 3891 tantum

365 3922 438 3976 sit
463 3921 696 3991 debitor,
725 3925 850 3994 quia
875 3934 959 3980 est
979 3926 1151 3980 Adam
1177 3928 1301 3992 ;scd
1329 3944 1435 3982 non
1458 3928 1797 3996 simpliciter,
1823 3929 1948 3998 quia

364 4015 632 4070 estAdam
650 4033 664 4083 ;
683 4019 776 4072 sed
805 4017 926 4086 quia
951 4025 1032 4072 est
1057 4027 1312 4088 peccator
1327 4017 1517 4074 Adam.
1534 4017 1736 4087 Nempe
1757 4034 1951 4088 seque-

365 4115 516 4158 retur
539 4107 664 4176 quia
695 4108 737 4160 si
767 4123 1041 4177 nunquam
1087 4116 1365 4177 peccasset
1393 4107 1567 4162 Adam
1595 4125 1608 4174 ;
1636 4119 1814 4164 tamen
1857 4110 1948 4180 qui

366 4197 432 4249 de
461 4196 551 4250 illo
579 4207 1031 4266 propagarentur,
1059 4214 1181 4252 cum
1214 4199 1316 4253 hoc
1341 4199 1525 4255 debito
1561 4210 1945 4256 nascerentur:

365 4289 508 4359 quod
555 4287 778 4360 impium
810 4297 910 4344 est.
946 4287 1063 4344 Non
1111 4289 1466 4361 incongruum
1510 4291 1708 4348 est’m
1738 4293 1827 4348 hic
1859 4307 1947 4348 rc-

2036 452 2143 509 cet,
2182 442 2550 512 unusquisque
2599 455 2820 512 peccan
2846 443 2927 498 vel
2957 445 3138 499 debito
3178 443 3307 499 Adae
3335 455 3613 517 gravetur,

2037 531 2238 586 idcirco
2275 533 2402 601 quia
2433 533 2500 586 de
2545 532 2636 587 illo
2669 541 3026 604 propagatur;
3058 548 3178 588 cum
3217 534 3456 603 ejusdem
3488 551 3617 605 pee-

2037 625 2142 678 cati
2171 624 2422 678 couscius
2450 640 2553 678 non
2587 625 2770 681 fuerit.
2805 624 2938 680 Cum
2972 624 3097 680 fecit
3129 625 3270 680 Deus
3299 627 3472 682 Adam
3495 628 3612 691 “",

2037 713 2167 770 fecit
2193 716 2246 769 in
2275 729 2340 770 eo
2365 725 2612 770 naturam
2640 716 2972 786 prOpagandi
3009 732 3022 769 :
3048 730 3210 785 quam
3234 715 3462 784 subjecit
3499 719 3617 789 ejus

2039 807 2321 876 potestati,
2354 813 2414 859 ut
2439 819 2501 859 ea
2527 813 2773 860 uteretur
2801 820 2900 874 pro
2930 820 3025 861 sua
3048 806 3347 872 voluntate,
3379 808 3622 878 quandiu

2040 898 2156 967 ipse
2185 896 2344 952 vellet
2372 897 2623 952 subditus
2651 911 2775 953 esse
2813 899 2923 953 Deo
2953 917 2966 952 :
3000 914 3124 953 nam
3169 914 3277 955 non
3319 899 3408 955 illa
3441 911 3623 958 utere-

2043 998 2132 1046 tur
2159 990 2367 1046 bestiali
2400 990 2492 1030 ³¹⁰⁶
2518 999 2572 1046 et
2602 991 3008 1047 irrationalim’
3031 974 3304 1064 voluptate
3331 1034 3347 1060 ,
3403 996 3498 1052 sed
3522 997 3621 1050 hu-

2044 1097 2203 1138 mana
2226 1093 2279 1137 et
2316 1083 2565 1137 rationali
2599 1083 2899 1139 voluntate.
2941 1084 3093 1140 Sicut
3123 1087 3267 1141 enim
3290 1097 3374 1142 est
3420 1087 3624 1142 bestia-

2044 1190 2162 1229 rum
2196 1176 2327 1230 nihil
2352 1177 2488 1232 velle
2519 1193 2640 1232 cum
2677 1179 2913 1243 ratione;
2956 1180 3026 1248 ita
3068 1180 3343 1239 hominum
3365 1191 3509 1238 esset
3528 1182 3624 1216 ³³⁸⁸

2045 1267 2178 1321 nihil
2205 1267 2338 1321 velle
2369 1267 2487 1323 sine
2526 1269 2739 1326 ratione
2772 1287 2785 1323 :
2814 1271 2957 1340 quod
2995 1285 3213 1340 semper
3249 1272 3467 1339 debent,
3497 1275 3626 1343 quia

2044 1367 2366 1428 potestatem
2396 1359 2538 1416 hanc
2581 1363 2790 1430 accepit
2819 1362 2985 1416 Adam
3040 1374 3094 1418 et
3120 1379 3240 1419 eam
3266 1379 3480 1434 semper
3504 1382 3625 1422 ser—

2045 1465 2176 1504 Vare
2213 1451 2408 1520 potuit.
2446 1452 2600 1506 Dedit
2639 1453 2802 1507 etiam
2832 1454 2906 1508 illi
2956 1456 3106 1525 ιο]
3144 1456 3284 1511 Deus
3326 1457 3465 1512 hanc
3502 1474 3627 1529 gra-

2049 1542 2309 1610 tiamm’,
2342 1552 2401 1597 ut
2433 1544 2574 1598 sicut
2615 1546 2830 1614 quando
2869 1545 3017 1599 illum
3052 1546 3293 1602 condidit
3323 1547 3463 1602 nulla
3508 1565 3630 1619 pro-

2049 1631 2278 1703 pagandi
2328 1643 2590 1703 operante
2631 1644 2844 1702 natura,
2879 1646 2974 1690 aut
3019 1635 3296 1691 voluntate
3339 1644 3624 1703 creatum,

2045 1723 2204 1778 simul
2251 1722 2380 1778 fecit
2407 1739 2530 1779 eum
2569 1734 2624 1780 et
2644 1727 2963 1782 rationalem
2991 1736 3044 1781 et
3071 1725 3318 1796 justum:
3349 1729 3420 1784 ita
3465 1729 3630 1783 simul

2045 1831 2166 1870 cum
2198 1815 2514 1871 rationalem
2547 1818 2812 1873 haberent
2833 1819 3092 1884 animam,
3111 1819 3240 1889 justi
3269 1829 3468 1883 essent,
3493 1835 3631 1889 quos

2046 1917 2330 1979 generaret
2353 1918 2612 1976 operante
2646 1918 2838 1965 natura
2871 1918 2926 1966 et
2949 1910 3242 1975 voluntate,
3293 1911 3338 1967 si
3367 1927 3471 1966 non
3503 1927 3632 1982 pec-

2046 2011 2216 2057 caret.
2251 2002 2454 2059 Eadem
2489 2006 2688 2075 quippe
2735 2004 2964 2072 ratione,
3013 2019 3118 2075 qua
3167 2013 3502 2060 monstratur
3545 2021 3632 2060 ra-

2047 2090 2300 2147 tionalem
2328 2101 2576 2148 naturam
2599 2093 2803 2164 justam
2827 2108 2945 2149 esse
2971 2103 3236 2158 creatam,
3258 2095 3398 2162 quod
3423 2095 3474 2149 in
3489 2109 3633 2163 Stepc

2046 2180 2159 2238 fato
2186 2182 2317 2239 fecit
2339 2184 2597 2252 opusculo
2618 2185 2809 2256 (lib.n,
2833 2201 2882 2240 c.
2900 2187 2976 2255 1),
3002 2186 3268 2256 probatur
3301 2185 3464 2242 etiam
3488 2185 3633 2255 quod

2046 2272 2140 2344 qui
2163 2289 2229 2329 ex
2252 2273 2487 2329 humana
2512 2283 2703 2330 natura
2726 2287 3158 2347 pt'Opagarentur
3175 2291 3278 2331 non
3297 2277 3634 2346 praecedente

2047 2371 2291 2432 peccato,
2324 2379 2393 2420 ex
2436 2365 2762 2420 necessitate
2798 2366 3066 2435 justitiam
3118 2366 3325 2436 pariter
3369 2365 3635 2420 haberent

2048 2469 2172 2508 cum
2203 2455 2584 2512 rationalitate.
2616 2456 2893 2527 Siquidem
2933 2459 3022 2528 qui
3050 2457 3256 2512 creavit
3283 2457 3514 2528 primum
3545 2457 3629 2511 ho-

2050 2544 2250 2598 minem
2283 2545 2401 2600 siue
2435 2555 2715 2615 parentum
2745 2547 3112 2616 generatione,
3154 2555 3309 2600 creat
3349 2545 3510 2598 etiam
3541 2558 3636 2599 eos

2049 2633 2249 2704 qui’“°
2284 2648 2382 2703 per
2408 2644 2649 2689 creatam
2667 2635 2757 2667 ³¹¹¹
2783 2637 2851 2691 ab
2881 2635 2970 2690 illo
3003 2635 3137 2688 tium
3182 2633 3508 2704 propagandi
3543 2649 3636 2687 na-

2052 2736 2250 2781 turam.
2284 2725 2474 2782 Omnis
2495 2728 2658 2797 igitur
2679 2727 2860 2791 homo,
2891 2728 2935 2782 si
2961 2737 3244 2798 peccatum
3272 2742 3374 2780 non
3411 2739 3638 2794 praees-

2051 2818 2230 2880 sisset,
2260 2817 2420 2872 simul
2447 2828 2592 2873 esset
2630 2819 2773 2874 sicut
2815 2820 3013 2883 Adam,
3041 2828 3094 2874 et
3117 2819 3296 2889 justus
3325 2827 3379 2873 et
3409 2816 3638 2872 rationa-

2051 2910 2137 2964 lis.
2177 2910 2445 2978 Quoniam
2479 2925 2608 2966 vero
2645 2911 2821 2966 Adam
2870 2912 3114 2967 subditus
3153 2911 3323 2966 noluit
3370 2923 3492 2964 esse
3540 2909 3638 2965 Dei

2050 3003 2344 3071 voluntati;
2378 3005 2490 3075 ipsa
2524 3012 2717 3059 natura
2758 3003 3086 3076 propagandi
3111 3003 3361 3073 quamvis
3387 3016 3638 3056 remane-

2055 3103 2157 3162 ret,
2191 3112 2296 3152 non
2339 3097 2439 3152 fuit
2479 3096 2696 3153 subdita
2740 3095 2856 3164 ejus
2892 3097 3176 3162 voluntati,
3211 3096 3353 3152 sicut
3395 3105 3559 3160 esset,
3591 3094 3638 3149 si

2051 3202 2156 3242 non
2181 3198 2455 3258 peccasset
2486 3206 2500 3242 :
2533 3197 2588 3244 et
2621 3190 2875 3259 gratiam,
2904 3204 3066 3259 quam
3101 3189 3167 3244 de
3189 3203 3249 3257 se
3273 3186 3640 3258 propagandis

2051 3277 2146 3309 ³¹¹²
2176 3292 2393 3332 servare
2413 3287 2648 3348 poterat,
2669 3279 2902 3349 perdidit
2931 3297 2944 3333 :
2977 3287 3140 3348 atque
3161 3293 3368 3345 omnes,
3391 3280 3482 3349 qui
3504 3293 3638 3348 epe-

2052 3379 2210 3424 rante
2255 3378 2449 3424 natura
2497 3385 2658 3439 quam
2708 3379 3026 3440 acceperat,
3076 3379 3475 3440 propagantur,
3523 3368 3640 3438 ejus

2051 3460 2262 3516 astricti
2291 3461 2473 3517 debito
2510 3471 2828 3518 nascuntur.
2865 3462 3227 3530 Quamobrem
3255 3462 3509 3532 quoniam
3538 3461 3641 3515 hu-

2052 3565 2212 3608 mana
2247 3563 2440 3608 natura
2467 3553 2608 3624 (qua:
2639 3557 2715 3609 sic
2743 3564 2862 3610 erat
2886 3555 2940 3609 in
2967 3554 3138 3610 Adam
3166 3562 3299 3620 tota,
3324 3563 3384 3608 ut
3411 3553 3543 3608 nihil
3574 3553 3642 3608 de

2051 3644 2138 3698 illa
2173 3654 2326 3698 extra
2350 3645 2497 3700 illum
2528 3648 2722 3719 esset,)
2755 3647 3026 3716 peccando
3054 3646 3173 3702 sine
3201 3645 3347 3701 omni
3391 3645 3637 3700 necessi-

2052 3743 2182 3801 tate,
2207 3735 2374 3790 Deum
2406 3738 2785 3806 exhonoravit,
2812 3739 2952 3793 unde
2979 3753 3079 3808 per
3124 3751 3182 3792 se
3205 3735 3299 3768 ⁸⁸³³
3327 3735 3640 3790 satisfacere

2051 3844 2158 3883 non
2194 3830 2370 3898 potuit
2402 3848 2416 3897 ;
2459 3832 2711 3902 gratiam,
2751 3847 2912 3900 quam
2963 3839 3241 3900 acceptam
3268 3826 3634 3900 propagandis

2051 3919 2120 3974 de
2145 3936 2203 3976 se
2225 3921 2319 3953 ³³⁸⁵
2341 3937 2555 3992 semper
2584 3923 2770 3992 'potuit
2815 3936 3053 3988 servare,
3106 3921 3339 3991 perdidit
3370 3939 3382 3973 :
3409 3929 3464 3973 et
3514 3933 3639 3989 pec-

2051 4024 2255 4079 catum,
2298 4031 2480 4071 secum
2533 4018 2829 4072 comitante
2885 4032 3046 4088 ptena
3095 4015 3323 4087 peccati,
3353 4023 3639 4084 quantum-

2051 4117 2265 4173 cunque
2300 4121 2398 4176 per
2429 4107 2608 4162 datam
2641 4108 2970 4179 propagandi
2997 4117 3246 4163 naturam
3287 4112 3634 4174 propagetur.

2055 4196 2240 4251 trahit.

1658 4494 1894 4550 VARIIE
1933 4491 2336 4550 LECTIONES.

439 4609 536 4641 ³⁰⁹⁸
589 4608 721 4663 Cum
769 4609 910 4679 ipsa
982 4610 1133 4679 prius
1193 4626 1319 4663 mss.
1384 4607 1569 4664 Cister.
1643 4607 1777 4662 Tlm.
1869 4606 2001 4679 Vict.
2081 4615 2127 4661 et
2187 4606 2334 4660 Edit.
2400 4604 2559 4661 σου).
2632 4623 2753 4664 cum
2812 4608 2901 4664 illa
2957 4608 3109 4678 prior
3159 4624 3259 4663 ms.
3329 4606 3466 4664 Vict.
3541 4610 3630 4664 l9.

365 4694 678 4747 quanquam
745 4678 834 4732 illa
902 4677 1050 4748 prior
1193 4680 1287 4711 3°”
1355 4681 1420 4734 Et
1492 4680 1661 4733 Adam
1734 4695 1858 4731 mss.
1928 4677 2061 4732 Tim.
2137 4689 2192 4732 et
2250 4679 2339 4733 ille
2497 4679 2593 4710 ³⁰⁰⁸
2653 4679 2846 4748 Totum
2915 4677 3209 4748 humanum
3275 4694 3443 4748 genus
3501 4696 3628 4734 mss.

369 4751 502 4803 Tim.
561 4749 751 4803 Cister.
819 4747 992 4803 totum
1065 4751 1343 4804 hominum
1399 4765 1568 4818 genus
1711 4748 1804 4818 mf
1856 4747 2108 4818 Omnium
2165 4760 2448 4807 creaverat
2510 4765 2639 4803 mss.
2704 4759 2753 4802 et
2807 4747 2951 4803 Edit.
3013 4747 3171 4803 Goth.
3237 4747 3481 4803 omnium
3534 4750 3632 4803 ho-

367 4819 570 4874 miuum
643 4827 927 4874 creaverat
1071 4821 1163 4852 ³⁰⁹⁷
1229 4817 1556 4889 Signilicabo
1606 4836 1705 4872 ms.
1771 4817 2094 4889 Τζηιηριίϐ.
2148 4819 2516 4889 signiﬁcando
2661 4819 2756 4853 ³⁰⁹⁸
2807 4819 2974 4874 Filius
3000 4819 3128 4873 Adae
3191 4819 3353 4874 homo
3407 4835 3501 4887 per
3528 4836 3628 4874 ms.

375 4890 510 4943 Vict.
571 4891 622 4945 5.
680 4890 852 4945 Filius
898 4891 991 4946 Dei
1045 4899 1100 4945 et
1141 4905 1240 4960 per
1281 4886 1435 4959 eis...
1472 4888 1608 4943 Vict.
1663 4889 1748 4960 l9.
1803 4887 1861 4942 S.
1915 4886 2456 4960 strategema.
2504 4889 2848 4960 FiliusiAgdze
2890 4899 2946 4943 et
2971 4889 3132 4943 homo
3175 4905 3272 4960 per
3408 4886 3508 4922 ’σθ’
3527 4889 3631 4944 Per

378 4961 808 5016 individuilalent
847 4978 945 5015 ms.
978 4960 1113 5015 Vict.
1143 4957 1234 5016 l5.
1263 4976 1360 5030 per
1389 4957 2051 5030 individualjtatcm__7°‘°°
2084 4957 2264 5030 liabet
2299 4959 2463 5030 homo
2497 4973 2623 5030 esse
2654 4959 2722 5014 ab
2749 4958 2920 5030 Ada_m
2953 4976 3076 5030 mss_.
3112 4957 3272 5030 habet
3299 4974 3422 5015 esse
3458 4960 3629 5014 homi-

372 5049 492 5085 rem
525 5032 591 5086 ab
615 5033 786 5085 Adam
862 5031 955 5062 ³¹⁰¹
992 5031 1141 5087 Hauc
1172 5026 1476 5086 creaturam
1508 5046 1634 5084 mss.
1666 5029 1852 5080 Cister.
1897 5026 2030 5081 Vict.
2072 5027 2134 5082 S.
2182 5027 2346 5083 Micli.
2385 5027 2532 5083 Gem.
2586 5028 2709 5082 Bec.
2755 5039 2802 5081 et
2837 5027 2981 5082 Edit.
3027 5027 3181 5082 Goth.
3213 5029 3350 5084 hanc
3379 5039 3629 5083 naturam

367 5104 461 5134 ³¹⁰²
494 5103 574 5155 Ad
612 5102 714 5156 hoc
747 5101 994 5157 debitum
1027 5119 1155 5155 mss.
1188 5102 1291 5155 hoc
1319 5101 1499 5154 debito
1642 5097 1748 5167 "°’_
1770 5097 2285 5167 Nonriucongruum
2317 5108 2402 5154 est
2451 5111 2548 5153 etc.
2602 5100 2658 5152 in
2699 5114 2824 5152 mss.
2862 5098 2994 5152 Thu.
3033 5099 3156 5154 39L
3187 5099 3270 5151 hic
3301 5100 3480 5167 incipit
3519 5095 3626 5151 Cn-

366 5185 454 5240 put
486 5173 572 5228 10.
649 5172 743 5204 ³¹⁰³
783 5172 894 5227 lloc
922 5183 1165 5242 repetere
1189 5188 1316 5242 mss.
1356 5167 1682 5242 Vict.__Gem.
1719 5165 1837 5220 Bec.
1871 5166 2176 5242 Qister._l_tic
2207 5179 2451 5242 repetere
2484 5241 2491 5242 ί
2516 5169 2617 5242 ξ¹⁰⁸
2647 5168 2786 5242 Cum
2817 5170 2960 5222 enim
2994 5168 3119 5223 fecit
3143 5169 3285 5242 Deus
3305 5165 3477 5242 Adam
3499 5184 3624 5222 mss.

366 5237 499 5297 Cum
533 5245 674 5298 Deus
702 5243 831 5298 fecit
855 5237 1026 5297 Adam
1104 5242 1196 5274 ³¹⁰⁶
1225 5241 1340 5293 Non
1382 5249 1439 5293 ut
1473 5239 1567 5292 illa
1603 5245 1846 5292 uteretur
1892 5237 2105 5291 bestiali
2150 5237 2428 5293 ms.'Vict.
2475 5239 2559 5294 l9.
2593 5255 2698 5293 non
2734 5239 2822 5293 illa
2864 5248 3109 5293 uteretur
3156 5247 3215 5292 ut
3241 5239 3451 5293 bestiali
3497 5254 3626 5292 mss.

364 5314 470 5366 alia
507 5330 629 5367 nam
667 5330 769 5368 non
799 5313 888 5366 illa
923 5323 1168 5367 uteretur
1197 5309 1408 5365 bestiali
1487 5310 1579 5341 ³¹⁰⁷
1623 5307 1715 5365 Vel
1746 5306 2044 5360 irrationali
2085 5324 2212 5361 mss.
2251 5307 2388 5362 Thu.
2441 5308 2632 5363 Cister.
2660 5318 2714 5362 et
2743 5309 3042 5363 irrationali
3119 5309 3213 5340 ³¹⁰³
3244 5311 3318 5363 Ita
3347 5308 3627 5363 hominum

367 5393 450 5437 est
479 5383 604 5437 m'ss.
627 5393 674 5436 et
706 5382 854 5436 Edit.
881 5381 1040 5437 Galli.
1072 5384 1142 5436 ita
1175 5381 1456 5436 hominum
1486 5387 1631 5434 esset
1705 5378 1800 5409 ⁸¹⁰⁹
1830 5376 1908 5431 llli
1943 5379 2081 5450 Deus
2105 5379 2337 5450 gratiam
2369 5397 2497 5434 mss.
2527 5390 2574 5433 et
2605 5379 2749 5434 Edit.
2775 5379 2931 5450 (39th.
2962 5380 3034 5434 illi
3062 5381 3204 5450 Deus
3233 5380 3372 5434 hanc
3396 5379 3626 5450 gratiam

365 5451 460 5521 ³9⁸
503 5455 665 5508 Crcat
695 5455 861 5508 etiam
896 5468 1085 5507 omnes
1117 5452 1208 5521 qui
1239 5467 1364 5503 mss.
1399 5461 1549 5505 creat
1574 5450 1737 5521 etiam
1769 5463 1864 5521 eos
1898 5448 1998 5521 qui
2063 5519 2072 5521 _
2144 5449 2236 5480 ⁸¹¹¹
2268 5449 2372 5504 Per
2409 5460 2648 5521 creatam
2684 5465 2788 5521 ms.
2810 5449 2947 5521 Tha.
2987 5449 3112 5509 546.
3141 5465 3263 5521 per
3319 5448 3626 5521 creaturam

367 5519 460 5593 [Ψ
493 5523 565 5576 De
601 5538 660 5593 se
685 5524 1012 5593 propagandi
1049 5517 1176 5575 mss.
1207 5523 1275 5576 de
1303 5536 1360 5575 se
1384 5520 1744 5593 propagandis
1819 5519 1914 5593 ’_‘_”
1957 5518 2109 5593 Un‘de
2131 5529 2183 5573 et
2219 5536 2313 5588 per
2347 5536 2406 5574 se
2432 5537 2531 5574 ms.
2569 5517 2852 5593 T(i_it._546.
2892 5521 3040 5593 unde
3061 5517 3184 5593 quia
3213 5535 3308 5589 per
3333 5536 3460 5574 mss.
3490 5517 3624 5593 Yigt.

371 5590 507 5662 Tim.
532 5591 658 5647 591.
686 5587 733 5645 et
761 5587 908 5644 Edi't.
940 5591 1097 5644 (ἱοιΙι.
1125 5593 1266 5647 mule
1301 5587 1399 5662 per
1427 5587 1609 5646 se'm's.
1664 5588 1797 5643 Vict.
1825 5589 1905 5644 l9.
1944 5589 2084 5645 unde
2116 5587 2304 5660 proco
2333 5606 2428 5661 per
2451 5606 2511 5646 se
2589 5588 2682 5620 3”“
2708 5587 3045 5658 Propagandi
3073 5592 3139 5647 de
3164 5587 3225 5646 se
3246 5607 3370 5646 mss.
3399 5600 3446 5644 et
3481 5589 3624 5642 Edit.

368 5661 523 5716 (iam.
552 5662 909 5732 Propagandis
933 5663 995 5716 de
1018 5679 1095 5717 se.
