3936 6048
332 206 442 259 447

916 200 975 256 S.
1015 195 1316 254 ANSELMI
1351 190 1705 251 CANTUAB.
1739 186 2060 245 ARCIIIEP.
2102 183 2255 243 OPP.
2286 183 2466 241 PARS
2501 185 2545 242 Ι.
2581 217 2652 228 -
2689 185 3117 245 DOGMATICA.

3517 191 3628 246 “8

331 319 464 386 mi,
498 327 552 375 ei
573 317 763 374 beatus
790 323 985 385 potens
1013 325 1233 373 servare
1270 322 1487 377 semper
1525 313 1801 373 acceptam
1831 301 1923 372 ju-
1953 311 1998 366 Α
2029 313 2145 353 ram
2173 296 2284 352 sola
2324 296 2543 367 propria
2576 297 2856 353 voluntate
2902 300 2969 354 de
2999 298 3248 367 materia,
3288 299 3341 355 in
3371 316 3477 374 qua
3508 304 3631 359 iiul‘

334 412 575 477 stitiam;
603 418 659 464 et
685 404 1066 477 perjiistitiam
1098 417 1241 467 eam,
1272 414 1435 470 quam
1455 398 1587 463 dixi,
1621 397 1929 451 libertatem

335 512 392 558 et
414 501 825 558 beatitudinem.
850 494 1115 562 Quoniam
1140 506 1270 563 ergo
1299 490 1494 555 Adam,
1531 504 1654 544 cum
1690 487 1784 521 ⁸⁸⁵⁵⁸
1815 489 1931 543 haec

336 594 479 648 bona
507 592 624 647 sine
661 589 809 643 omni
858 583 1175 641 difﬁcultate
1214 590 1399 652 posset
1445 595 1665 651 semper
1711 594 1930 635 servare

336 682 430 713 ³³⁸⁸
449 680 574 743 sibi,
601 692 705 732 non
734 674 999 740 servavit;
1024 688 1088 727 ea
1118 672 1219 728 sibi
1249 672 1364 741 ipse
1386 670 1630 736 abstulit,
1657 678 1712 723 et
1736 670 1929 725 horum

336 789 397 830 se
422 770 714 828 contrariis
741 764 989 835 subjecit.
1027 765 1227 820 Factus
1263 772 1345 818 est
1389 763 1569 831 itaque
1595 775 1784 816 servus
1806 774 1931 831 pec-

337 864 471 931 cati,
506 862 621 917 sive
662 857 968 929 injustitiai,
996 865 1052 912 et
1080 855 1271 923 debiti,
1296 855 1441 925 quod
1475 854 1706 909 reddere
1745 852 1934 923 nequit

338 956 454 1022 ⁸³⁸⁷,
498 963 554 1011 et
585 953 838 1017 miseriae,
891 952 957 1006 de
1004 964 1111 1020 qua
1149 956 1234 1004 est
1276 947 1370 981 ³¹⁸⁸
1424 946 1741 1018 impotentia
1789 944 1931 1002 bona

338 1046 547 1116 perdita
575 1042 932 1114 recuperandi
965 1042 1080 1095 "‘9.
1114 1039 1267 1095 Sicut
1293 1039 1459 1110 igitur
1501 1039 1659 1093 aliter
1686 1036 1934 1107 nequivit

338 1141 441 1197 sibi
485 1139 702 1196 auferre
730 1140 885 1195 .bona
915 1152 1036 1207 quae
1081 1134 1337 1201 habebat,
1382 1142 1438 1189 et
1467 1133 1745 1188 attrahere
1789 1130 1933 1186 mala

338 1250 461 1305 qua:
501 1247 606 1288 non
644 1229 902 1296 habebat,
948 1243 1112 1297 quani
1159 1242 1268 1283 non
1309 1225 1579 1280 servando
1624 1223 1725 1278 sibi
1765 1223 1932 1284 bona.

340 1340 464 1382 cum
513 1323 689 1393 potuit
732 1320 866 1374 mo:
918 1320 990 1374 ita
1041 1317 1171 1373 nulli
1222 1316 1311 1370 alii
1356 1315 1526 1371 valuit
1561 1314 1748 1370 eadem
1793 1314 1931 1368 bona

339 1415 579 1480 auferre,
607 1424 772 1486 atque
804 1412 944 1467 mala
977 1411 1200 1477 inferre,
1230 1409 1334 1465 nisi
1367 1425 1473 1464 non
1501 1408 1767 1463 servando
1790 1406 1933 1462 bona

340 1507 425 1562 cui
464 1520 684 1563 servare
732 1505 824 1537 °’“
854 1503 1049 1573 quivit.
1086 1502 1320 1556 Servare
1366 1509 1545 1554 autem
1592 1497 1720 1553 nulli
1762 1497 1934 1567 potuit

342 1612 408 1653 ea
441 1597 601 1662 bona,
645 1594 749 1650 nisi
783 1593 889 1648 illis
928 1608 1159 1664 quorum
1202 1590 1571 1662 generationis
1612 1596 1934 1660 potestatem

340 1685 610 1742 voluntati
673 1682 945 1740 subditam
1011 1681 1240 1751 accepit.
1299 1678 1440 1734 Nulli
1509 1694 1641 1751 ergo
1692 1691 1937 1749 persona:

341 1776 593 1849 quamvis
647 1775 716 1831 de
764 1789 825 1831 se
869 1782 1179 1846 propagatae
1223 1771 1318 1804 ⁸¹⁵²
1371 1771 1745 1826 transmittere
1795 1768 1936 1823 mala

340 1868 597 1939 praedicta
636 1867 810 1936 potuit
833 1868 885 1921 in
912 1851 1068 1935 cujus
1088 1865 1439 1937 generatione
1482 1878 1583 1919 nec
1625 1871 1819 1918 natura
1860 1860 1937 1916 illi

343 1960 469 2016 data
491 1968 577 2014 est
604 1958 697 1991 ³¹⁸³
719 1958 1075 2031 propagandi,
1102 1973 1205 2014 nec
1222 1956 1474 2012 voluntas
1500 1953 1621 2026 ejus
1644 1955 1937 2025 quidquam

341 2061 562 2123 operata
594 2061 697 2117 est,
729 2063 820 2107 aut
845 2049 1060 2121 operari
1089 2049 1278 2105 valuit.
1306 2049 1402 2081 “""
1427 2047 1606 2116 Quare
1635 2047 1767 2101 Adae
1799 2045 1938 2100 mala

339 2145 598 2216 praedicta
633 2144 780 2203 nulla
817 2146 1029 2201 ratione
1071 2152 1166 2198 aut
1198 2143 1523 2198 rectitudine
1567 2141 1635 2197 ad
1663 2139 1937 2195 hominem

341 2247 661 2309 conceptum
688 2238 756 2294 de
781 2236 1001 2315 Virgine
1027 2244 1436 2318 pet-transeunt.

834 2348 993 2419 102
1023 2347 1252 2404 CAPUT
1292 2347 1426 2404 xui.

348 2459 501 2527 Quod
520 2462 616 2516 etsi
652 2478 757 2517 non
788 2461 884 2494 ³⁸⁸⁸
912 2472 1043 2516 esset
1075 2460 1219 2516 Deus
1238 2480 1261 2525 ,'
1302 2463 1394 2516 sed
1432 2478 1599 2531 purus
1626 2463 1799 2523 homo.
1843 2477 1937 2516 ue-

414 2548 553 2587 cessc
583 2542 755 2586 tamen
798 2544 932 2586 esset
972 2531 1124 2586 illum
1165 2532 1323 2587 talem
1366 2548 1499 2599 esse,
1539 2533 1709 2602 qualis
1738 2534 1939 2601 primus

418 2602 572 2656 homo
600 2606 775 2671 [actus
797 2610 894 2656 est.

417 2692 588 2748 item:
623 2696 672 2751 si
712 2692 1004 2766 diligenter
1049 2693 1147 2728 ⁸⁸⁵⁸
1174 2709 1311 2764 puro
1342 2693 1570 2751 rationis
1613 2694 1808 2750 intuitu
1853 2711 1941 2751 sa-

348 2783 584 2854 pientem
616 2784 711 2840 Dei
744 2784 1376 2857 speculamurjusiitiam
1402 2802 1417 2853 ;
1445 2786 1609 2842 nimis
1642 2785 1938 2840 absurdum

346 2876 667 2948 intelligitur
704 2887 762 2933 ιιι
802 2892 899 2948 per
925 2877 1053 2935 illud
1082 2883 1305 2947 semen,
1349 2894 1457 2936 non
1498 2889 1682 2935 creata
1719 2888 1937 2945 natura,

348 2983 448 3024 nec
491 2968 739 3025 voluntas
769 2979 1055 3038 creatum,
1110 2986 1217 3028 non
1270 2970 1361 3025 ulti
1393 2970 1517 3027 data
1559 2979 1800 3040 potestas
1845 2970 1938 3003 ³¹⁸⁷
1968 2998 2015 3063 C

347 3057 595 3129 producit
638 3067 733 3114 aut
764 3060 1030 3130 seminat;
1061 3061 1157 3118 sed
1202 3061 1351 3118 soliis
1382 3062 1478 3118 Dei
1522 3061 1774 3118 voluntas
1810 3077 1940 3133 pro-

346 3149 461 3218 pria
495 3149 560 3203 ad
587 3151 982 3225 procreandum
1025 3152 1323 3221 hominem,
1373 3169 1510 3209 nova
1553 3153 1756 3211 virtute
1786 3170 1942 3209 mun-

345 3242 478 3297 dum
520 3258 549 3296 a
590 3250 816 3311 peccato
847 3244 915 3299 de
949 3244 1171 3317 Virgine
1215 3257 1496 3320 segregat,
1531 3248 1693 3303 alieni
1731 3248 1941 3320 peccati

349 3344 444 3383 seu
476 3330 639 3385 debiti
686 3332 803 3387 sive
847 3348 1021 3402 poenae
1052 3337 1120 3391 ad
1162 3339 1414 3393 eumdem
1453 3339 1726 3394 hominem
1760 3353 1946 3394 neces—

349 3420 486 3475 sitas
530 3420 635 3477 ulla
683 3434 1055 3493 pertranseat;
1107 3428 1319 3482 etiamsi
1372 3443 1478 3484 non
1529 3436 1840 3484 assumatur
1886 3429 1941 3482 iii

351 3525 635 3579 personam
685 3514 781 3547 ³¹⁸⁸
828 3515 941 3577 Dei,
986 3518 1081 3574 sed
1127 3530 1187 3574 ut
1230 3534 1397 3589 purus
1445 3520 1606 3575 homo
1648 3518 1761 3574 ﬁat.
1803 3518 1938 3574 Nam

351 3605 542 3659 eadem
594 3605 711 3676 ipsa
760 3607 991 3672 ratione,
1038 3624 1145 3679 qua
1194 3626 1301 3665 non
1353 3612 1539 3666 debuit
1580 3612 1723 3668 Dens
1767 3612 1939 3669 Adam

352 3692 532 3749 facere
577 3694 676 3751 nisi
719 3695 948 3765 justum,
981 3714 1081 3755 nec
1126 3700 1307 3771 aliquo
1349 3702 1530 3758 debito
1575 3705 1690 3757 sive
1736 3703 1942 3758 inconi-

354 3788 515 3841 modo
558 3799 865 3859 gravatum,
911 3800 1097 3861 aperte
1152 3808 1305 3848 mens
1352 3793 1631 3851 rationalis
1666 3796 1944 3868 cognoscit

312 3891 497 3963 ⁵ριιιιι⁹
549 3894 709 3950 quem
758 3881 1013 3939 similiter
1056 3886 1273 3955 prepria
1320 3885 1596 3942 voluntate
1641 3899 1699 3944 et
1742 3890 1944 3944 virtute

354 3988 599 4043 procreat
627 3975 742 4039 “’9,
772 3974 929 4031 alicui
962 3978 1102 4032 malo
1129 3979 1402 4034 subditum
1434 3980 1551 4034 ﬁeri
1583 3996 1689 4035 non
1715 3982 1940 4037 debere:

353 4065 608 4134 quoniam
665 4067 825 4122 nimis
894 4067 1283 4123 inconveniens
1339 4078 1425 4124 est
1472 4072 1831 4142 omnipotenti
1890 4081 1945 4127 et

2031 393 2144 448 lum
2174 399 2259 447 est
2284 401 2591 461 peccatum.
2625 391 2779 460 Quod
2809 392 2899 462 qui
2944 408 3050 448 non
3083 394 3356 465 intelligit,
3397 412 3505 452 non
3534 414 3630 454 co-
3680 385 3685 388 ’

2032 486 2243 557 gnoscit
2288 486 2419 558 quid
2472 486 2581 541 Deo
2631 499 2740 559 non
2797 486 3085 540 conveniat
3145 486 3261 541 “3°.
3290 486 3635 561 Quapropter

2029 579 2193 635 etiam
2219 578 2264 634 si
2291 594 2486 649 purum
2510 578 2784 633 hominem
2816 578 2895 632 sic
2920 576 3125 634 faceret
3150 579 3312 644 Deus,
3341 591 3400 634 ut
3422 582 3636 637 dictum

2030 680 2146 736 est;
2179 686 2401 727 necesse
2429 679 2573 726 esset
2610 684 2740 724 eum
2787 684 2893 723 non
2938 670 3135 726 minori
3182 673 3470 741 praeditum
3512 688 3643 730 esse

2026 762 2237 835 jiistitia
2260 772 2314 818 et
2336 762 2688 829 beatitudine,
2717 776 2877 830 quam
2902 760 3006 815 fuit
3027 762 3223 831 Adam,
3243 780 3366 819 cuni
3393 766 3636 836 primum

2034 856 2209 913 factus
2245 854 2369 911 fuit.

2626 946 2854 1006 CAPUT
2901 945 3040 1004 XIV.

2033 1059 2190 1126 Quod
2223 1063 2511 1137 proposita:
2549 1064 2745 1137 rationi
2772 1082 2878 1121 non
2907 1067 3200 1136 refragetur
3220 1069 3361 1137 quod
3382 1069 3633 1137 scriptum

2103 1142 2215 1208 est:
2250 1133 2512 1186 hominem
2539 1133 2603 1187 de
2642 1136 2911 1208 immundo
2955 1133 3150 1192 sem—ine
3180 1133 3241 1193 etv
3262 1140 3316 1193 in
3342 1133 3637 1208 iniquitati—

2105 1200 2199 1280 biis
2221 1212 2570 1272 conceptum;
2593 1207 2801 1259 etiamsi
2823 1208 2886 1261 de
2913 1208 3173 1278 aliquibus
3193 1209 3401 1280 proprie
3429 1200 3635 1263 dictum

2106 1272 2196 1326 sit.

2107 1379 2241 1435 Nam
2269 1380 2316 1437 si
2351 1379 2577 1451 alicujus
2621 1399 2774 1440 mens
2815 1401 2921 1441 non
2968 1388 3114 1457 capit
3149 1389 3292 1458 quod
3336 1389 3403 1444 de
3426 1391 3637 1447 semine

2037 1468 2273 1525 hominis
2320 1472 2453 1537 dixi,
2500 1473 2735 1538 scilicet,
2784 1491 2889 1531 non
2934 1491 3054 1533 esse
3107 1479 3162 1532 iii
3215 1479 3306 1533 illo
3350 1491 3635 1550 peccatum

2037 1568 2167 1615 ante
2188 1563 2427 1616 animam
2465 1563 2810 1632 rationalem,
2838 1567 2931 1621 sed
2977 1569 3314 1624 immundum
3346 1571 3455 1626 dici
3500 1588 3633 1642 pec-

1970 1651 2014 1708 B
2044 1662 2165 1707 cato
2211 1662 2266 1707 et
2308 1653 2620 1725 iniquitate,
2650 1667 2873 1727 prepter
2918 1658 3154 1715 futuram
3206 1663 3632 1731 immunditiam,

2039 1760 2161 1800 cum
2183 1743 2300 1815 jam
2329 1746 2436 1800 erit
2466 1746 2667 1802 homo:
2714 1756 2878 1819 atque
2918 1757 3071 1819 putat
3102 1751 3249 1805 illum
3275 1752 3366 1783 ³¹⁶¹
3398 1751 3639 1808 immun-

2040 1838 2164 1893 dum
2195 1853 2317 1892 esse
2363 1837 2415 1891 in
2462 1836 2578 1907 ipsa
2631 1832 2986 1909 conceptione
3026 1852 3311 1911 propterea
3354 1843 3477 1912 quia
3516 1844 3636 1912 3’“,

2040 1928 2181 1985 sicut
2214 1928 2330 1999 ipse
2359 1929 2491 1983 mihi
2518 1931 2762 2000 opposui,
2805 1931 3042 2003 legitur:
3079 1916 3208 1999 Quis
3255 1944 3420 2003 potest
3458 1935 3639 2004 facere

2039 2021 2293 2075 mundum
2331 2021 2395 2075 de
2441 2022 2711 2077 immundo
2753 2033 3053 2094 conceptum
3080 2028 3273 2079 semine
3301 2026 3468 2098 .’(Job
3494 2027 3639 2099 Xiv.)

2039 2110 2108 2165 Et
2133 2128 2145 2164 :
2180 2109 2248 2165 In
2275 2110 2640 2181 iniquitatibus
2665 2124 2942 2183 conceptus
2964 2132 3080 2170 smn
3109 2115 3222 2177 ³¹⁶³,
3253 2125 3300 2169 et
3328 2117 3383 2170 in
3410 2120 3640 2186 peccatis

2040 2204 2272 2273 concepit
2315 2219 2397 2258 me
2446 2215 2614 2258 mater
2656 2222 2768 2259 mea
2809 2205 2984 2279 (Psal.
3025 2208 3119 2279 L):
3154 2225 3260 2264 non
3312 2210 3401 2266 hic
3448 2211 3640 2267 laboro

2042 2295 2157 2363 ³⁸⁸⁸,
2190 2298 2315 2367 quia
2344 2311 2450 2352 non
2491 2297 2728 2368 indigeo,
2781 2308 2839 2353 iit
2875 2301 3019 2370 quoi
3051 2317 3155 2357 non
3198 2312 3377 2373 potest
3412 2319 3634 2375 capere,

2040 2387 2247 2457 Capiat;
2278 2387 2371 2442 sed
2414 2396 2539 2457 peto
2569 2397 2627 2443 iit
2658 2388 2802 2458 quod
2842 2389 3080 2445 breviter
3109 2390 3305 2453 dicam,
3361 2394 3637 2449 attendat.

2038 2477 2119 2543 Illi
2148 2479 2335 2548 utique
2365 2479 2454 2549 qui
2487 2479 2601 2534 haec
2640 2481 2893 2537 dixerunt
2932 2482 3049 2548 ⁸⁸⁸⁸,
3079 2492 3173 2538 aut
3213 2484 3501 2541 voluerunt
3542 2487 3644 2521 ““

2040 2583 2104 2626 ea
2152 2570 2377 2641 intelligi
2414 2570 2480 2626 de
2522 2574 2669 2627 omni
2707 2573 2944 2630 hominis
2992 2576 3228 2642 semine;
3285 2585 3378 2632 aut
3424 2588 3640 2634 tantum

2040 2661 2109 2719 de
2152 2662 2243 2718 illo
2287 2663 2431 2734 quod
2461 2676 2582 2718 cum
2632 2677 2798 2720 sensu
2838 2665 2932 2697 ³¹⁶⁷
2984 2668 3285 2723 seminatur
3324 2668 3643 2741 voluptatis,

2042 2766 2164 2823 quae
2211 2767 2316 2807 non
2371 2763 2515 2810 esset
2566 2754 2661 2787 ³³⁸⁸
2713 2755 2818 2810 nisi
2872 2756 3156 2813 brutoriim
3204 2759 3541 2827 animalium,
3594 2763 3643 2817 si

2044 2842 2209 2898 homo
2238 2858 2346 2899 non
2391 2856 2692 2915 peccasset.
2735 2848 2807 2902 At
2835 2847 2880 2903 si
2913 2849 2978 2904 de
3001 2850 3148 2904 omni
3176 2851 3279 2905 hoc
3315 2862 3644 2918 senserunt;

2044 2947 2174 3005 ergo
2202 2949 2387 2991 semen
2430 2936 2497 2992 de
2538 2937 2650 2993 sola
2702 2934 2923 3010 Virgine
2971 2948 3245 3010 sumptum
3300 2941 3644 2997 immundum

2046 3029 2185 3083 tanti
2219 3028 2321 3084 viri
2353 3041 2707 3088 asseruerunt
2748 3032 2883 3087 "°’:
2932 3036 3077 3105 quod
3111 3035 3339 3105 impium
3386 3044 3471 3090 est
3515 3052 3643 3092 cre-

2045 3120 2194 3176 dere.
2226 3118 2343 3177 Non
2389 3122 2575 3194 itaque
2605 3125 2710 3180 hoc
2740 3125 2805 3181 de
2838 3126 2932 3181 illo
2970 3126 3330 3197 scripserunt.
3366 3124 3471 3182 Sed
3494 3128 3541 3182 si
3574 3129 3647 3183 de

2044 3211 2225 3282 aliquo
2251 3213 2488 3270 hominis
2526 3216 2733 3271 semine
2764 3218 2865 3273 hoc
2898 3216 3056 3286 juxta
3096 3219 3239 3272 hunc
3262 3233 3481 3272 sensum
3509 3234 3648 3289 pro-

2045 3304 2286 3360 tulerunt
2320 3306 2436 3373 "7°,
2486 3323 2594 3362 non
2635 3309 2739 3364 nisi
2784 3310 2851 3365 de
2885 3310 2998 3377 illo,
3041 3310 3186 3380 quod
3225 3326 3348 3366 cuni
3381 3313 3647 3380 praedicta

2044 3396 2320 3467 voluptate
2350 3399 2681 3469 concipitur,
2723 3400 2949 3473 intelligi
2982 3401 3289 3456 voluerunt.
3317 3400 3429 3456 Hoc
3458 3411 3644 3455 autem

2048 3486 2354 3544 nullatenus
2382 3488 2688 3560 refragatur
2726 3499 2927 3546 IIOSII‘EB
2958 3492 3177 3557 rationi,
3212 3506 3333 3561 qua:
3364 3505 3547 3545 semen
3576 3491 3647 3547 de

2050 3580 2271 3652 Virgine
2326 3592 2600 3652 sumptum
2644 3583 2839 3637 asserit
2879 3597 3001 3639 esse
3056 3584 3342 3652 mundum,
3389 3583 3647 3653 quamvis

2051 3670 2122 3727 sit
2151 3672 2217 3728 de
2248 3686 2427 3728 massa
2456 3672 2549 3705 ³⁸⁷¹
2582 3674 2906 3744 peccatriee.

2655 3781 2882 3840 CAPUT
2918 3781 3036 3838 XV.

2129 3894 2402 3960 Quomodo
2432 3913 2609 3951 massa
2628 3896 2894 3967 peccatrix
2924 3912 3027 3950 non
3053 3896 3121 3949 sit
3150 3904 3260 3950 tota
3287 3894 3572 3964 peccatrix.

2126 3985 2257 4042 Nam
2319 3986 2772 4058 quemadmodum
2822 3986 3040 4042 caecitas
3084 4000 3188 4040 non
3229 3994 3312 4040 est
3359 3986 3411 4040 in
3463 3984 3651 4054 aliqua

2056 4075 2148 4107 ³¹⁷²
2179 4084 2328 4145 parte
2378 4076 2637 4141 hominis,
2681 4075 2933 4146 quamvis
2978 4076 3142 4129 liomo
3185 4075 3397 4149 dicatur
3445 4088 3644 4138 caecus,

355 4158 584 4227 Sapienti
616 4158 711 4214 Dei
756 4160 1008 4228 bonitati,
1041 4160 1199 4217 talem
1230 4160 1407 4217 facere
1435 4163 1758 4218 rationalem
1792 4171 1951 4219 natu-
1980 4173 2024 4227 D
2053 4167 2153 4221 nisi
2184 4168 2236 4221 in
2267 4166 2425 4221 oculo
2455 4167 2544 4221 ubi
2588 4167 2748 4222 debet
2787 4180 2910 4223 esse
2942 4164 3122 4231 visus;
3154 4180 3260 4219 iioii
3289 4164 3434 4220 enini
3468 4173 3549 4218 est
3587 4163 3644 4217 iii

1653 4278 1738 4333 VA
1750 4277 1885 4333 RIIE
1921 4278 2323 4337 LECTIONES.

425 4391 518 4424 ⁸¹⁵⁸
556 4391 906 4468 Ergqpumﬂ
946 4412 1045 4450 ms.
1109 4394 1243 4451 Tliu.
1312 4395 1439 4452 591.
1499 4412 1629 4468 ergo
1688 4399 1860 4454 Adam
1922 4415 2045 4455 cum

355 4464 588 4538 Bapft
645 4462 791 4529 Edit.
864 4463 984 4519 Cat.
1063 4476 1245 4538 posset
1305 4483 1519 4538 semper
1566 4462 1801 4523 vservare

354 4532 451 4565 “‘3
506 4534 582 4588 De
640 4549 748 4600 quo
795 4545 879 4590 est
924 4532 1075 4591 iussi
1118 4537 1250 4592 Vict.
1311 4532 1601 4592 19.’Τ1ιιι.

358 4603 505 4655 I'Zdit.
570 4601 727 4656 Gotli.
791 4607 1143 4677 recuperandi

355 4688 521 4755 quam
583 4688 693 4728 non
751 4679 1015 4755 servando
1063 4678 1164 4731 sibi
1216 4678 1356 4734 bona
1411 4680 1749 4755 cum__potuit
1795 4697 1807 4734 :

359 4752 465 4797 ttttt
489 4760 503 4795 ι
560 4753 657 4798 etc.

1063 4476 1245 4536 posset

2193 4399 2286 4431 ³¹⁸⁶
2329 4398 2522 4454 Posset
2587 4413 2808 4454 servare
2859 4414 2983 4452 mss.
3043 4398 3232 4452 Cister.
3291 4395 3428 4450 Vict.
3488 4393 3641 4449 Gem.

1952 4470 2045 4504 ³¹⁵⁷
2112 4468 2363 4524 Reddere
2443 4469 2634 4537 nequit
2706 4486 2834 4523 mss.
2909 4466 3059 4537 Vict.
3112 4468 3338 4521 reddere
3401 4464 3648 4533 nequivit

1683 4539 1808 4593 546.
1875 4550 1923 4593 et
1984 4540 2128 4595 Edil.
2184 4539 2307 4595 Cat.
2356 4539 2424 4593 de

1290 4609 1384 4643 ³¹⁸⁰
1435 4607 1667 4664 Auferre
1714 4611 1854 4665 bona
1917 4626 2038 4679 qua:
2105 4611 2341 4664 habebat
2395 4617 2450 4662 et
2498 4605 2995 4679 _:ittraliereiniala
3033 4605 3171 4679 quae
3216 4620 3323 4660 non
3382 4605 3643 4669 habebat,

1868 4677 1968 4735 etc.
2027 4698 2125 4735 ms.
2183 4680 2319 4734 Tliu.
2371 4680 2498 4733 591.
2549 4678 2767 4733 auferre
2816 4678 2957 4733 bona
2992 4677 3093 4730 nisi
3123 4691 3246 4731 cuni
3295 4690 3517 4730 servare
3546 4691 3643 4742 po-

806 4744 897 4776 ³¹⁵⁸
945 4746 1078 4802 Cum
1128 4765 1348 4804 servare
1374 4766 1499 4803 mss.
1536 4744 1672 4802 Tim.
1702 4747 1850 4805 Gem.
1891 4751 2016 4806 Bec.
2061 4749 2196 4806 Viri.
2229 4750 2280 4802 5.
2311 4762 2355 4803 et
2391 4750 2477 4803 15.
2507 4759 2554 4802 et
2587 4749 2733 4803 Edit.
2765 4747 2888 4803 Cet.
2941 4748 3027 4800 cui
3061 4761 3279 4802 seivare

358 4823 928 4893 t-Aii-propagatzpmmss.
978 4817 1216 4893 crdidit:
1249 4818 1505 4893 Galli._de
1536 4835 1593 4874 se
1636 4830 1949 4893 propagata:

359 4885 454 4961 '1”
480 4883 700 4961 Iii'mss.
739 4884 875 4961 Um-
906 4900 952 4942 et
987 4886 1240 4961 Victi“).
1283 4883 1839 4961 continuantr'Cnpui'
1854 4892 2174 4961 prmcedens.

2481 4536 2586 4609 qua
2643 4547 2726 4593 est
2893 4538 2987 4609 “f9
3034 4536 3345 4606 Reparandi
3382 4552 3536 4609 gmss.
3592 4545 3641 4587 et

3424 4745 3517 4775 8!!!
3567 4745 3646 4798 De

2099 4820 2200 4852 ³⁸⁵³
2229 4820 2308 4875 llli
2341 4821 2464 4872 data
2495 4827 2577 4874 est
2616 4836 2741 4873 mss.
2778 4817 2912 4871 Tliu.
2948 4815 3304 4871 Vict.-Cister.
3352 4815 3522 4869 omitt.
3556 4821 3644 4867 est

2261 4890 2355 4921 ³¹⁸⁸
2382 4889 2535 4957 Quod
2567 4890 2611 4944 si
2643 4907 2745 4943 non
2771 4906 2897 4943 mss.
2926 4886 3065 4942 Vict.
3096 4884 3242 4940 Gem.
3269 4885 3458 4957 Beciet
3490 4883 3642 4957 E413.

362 4956 483 5009 ίῖυι.
510 4958 652 5025 quod
679 4956 779 5010 etsi
818 4972 924 5012 non
999 4958 1094 4989 ³¹¹⁰
1125 4959 1258 5013 Item
1292 4960 1334 5014 si
1361 4959 1647 5025 diligenter
1677 4952 1775 5014 etc.
1811 4952 1876 5016 In
1909 4978 2032 5015 mss.
2064 4960 2254 5016 Cister.
2280 4952 2423 5013 Titii:
2450 4958 2584 5014 Vict.
2613 4960 2668 5025 9,
2696 4959 2841 5013 Edit.
2871 4958 3028 5014 Goth.
3051 4957 3134 5010 Itic
3160 4956 3339 5025 incipit
3364 4953 3530 5025 Caput
3552 4952 3640 5025 l3.

361 5028 456 5102 ‘_'"
490 5002 593 5084 [illi
625 5029 747 5082 data
783 5038 1021 5102 potestas
1050 5045 1147 5083 ms.
1177 5002 1490 5102 εἱειειειιῶ
1522 5031 1642 5084 data
1668 5033 1963 5102 generandi
2022 5041 2264 5101 potestas

2410 5030 2504 5065 ³¹⁸⁸
2536 5023 2863 5085 Assiimatiir
2891 5030 2944 5082 in
2978 5023 3357 5095 personantes.
3378 5025 3442 5095 VS.
3474 5023 3642 5078 Micli.

367 5098 503 5173 Tliu.
535 5093 935 5173 assumatiirin
968 5113 1258 5173 personam
1333 5100 1433 5132 ⁸¹⁸⁹
1470 5093 1784 5173 Procreavit
1812 5120 1936 5156 mss.
1970 5093 2221 5173 procreat
2296 5100 2390 5135 ³¹⁶⁰
2436 5101 2546 5173 Deo
2574 5093 3000 5173 nonconveiiiat
3026 5114 3153 5173 mss.
3200 5093 3335 5149 Vict.
3370 5094 3645 5173 Deorcon-

359 5171 545 5244 veniat
566 5187 663 5244 riis.
694 5168 838 5244 Vict.
865 5170 952 5225 19.
983 5170 1095 5226 Deo
1126 5188 1224 5244 nec
1257 5171 1544 5227 conveniat
1623 5172 1716 5207 ³⁸⁸⁸
1747 5172 1906 5226 Putat
1935 5168 2081 5227 illum
2116 5190 2241 5244 mss.
2273 5181 2427 5244 putat
2452 5171 2601 5244 illud
2644 5171 2751 5244 Α³¹⁶²
2776 5170 3022 5238 Propria,
3052 5169 3178 5244 quia
3203 5172 3645 5244 n’t‘ss._pi'0pterea

360 5241 489 5311 tj‘litl
565 5241 657 5275 ³¹⁸³
683 5241 992 5311 Conceptus
1018 5258 1161 5307 sum,
1194 5243 1245 5296 in
1290 5258 1415 5295 mss.
1447 5252 1743 5311 conceptus
1770 5259 1914 5308 sum,
1946 5254 1998 5299 et
2035 5244 2089 5297 in
2169 5233 2407 5295 "5"Non
2450 5243 2554 5295 lioe
2590 5241 2778 5295 laboro
2806 5233 2931 5311 mss.
2967 5248 3017 5292 et
3049 5233 3195 5311 @dit.
3221 5234 3379 5290 Galli.
3413 5250 3519 5311 non
3551 5233 3645 5289 hic

365 5304 550 5381 [thoro
622 5312 716 5345 ³³⁸⁸
747 5311 849 5378 Qui
871 5304 982 5367 'lioe
1010 5304 1263 5367 dixerunt
1294 5329 1418 5366 mss.
1452 5312 1543 5381 qui
1576 5304 1687 5368 Ιιξες
1720 5304 1975 5367 dixerunt
2054 5313 2149 5346 ³¹⁶⁶
2186 5316 2290 5367 Aut
2322 5312 2613 5366 noluerunt
2645 5328 2772 5366 mss.
2797 5321 2843 5364 et
2872 5304 3324 5381 ΕιιὶιεϐυιΙιείιιιι
3348 5304 3642 5381 voluerunt

366 5380 457 5412 ³⁸⁸⁷
482 5383 616 5437 Cum
649 5399 915 5439 consensu
950 5400 1074 5437 mss.
1106 5400 1228 5439 eum
1260 5399 1421 5438 sensu

1576 5384 1669 5416 ⁸¹⁶⁸
1694 5385 1845 5451 Quod
1874 5399 1977 5437 non
2016 5392 2166 5439 esset
2196 5402 2322 5437 mss.
2374 5399 2494 5453 quae
2528 5399 2631 5435 non
2663 5391 2808 5436 esset
2840 5396 2938 5433 ms.
2988 5377 3257 5453 Vict.
3287 5374 3474 5428 omittit
3499 5375 3640 5439 ista;

366 5454 650 5524 {tjtodpon
675 5464 822 5510 esset
851 5453 953 5509 nisi
982 5453 1265 5510 briitorum
1299 5452 1637 5521 animalium,
1668 5447 1903 5509 εἰἸιοιιιυ
1946 5471 2049 5509 non
2087 5462 2372 5524 peccasset
2392 5447 2405 5453 ⁷
2446 5453 2541 5485 ³¹⁶⁹
2574 5453 2682 5507 Viri
2715 5460 2966 5524 asserunt
2993 5465 3120 5501 mss.
3144 5447 3257 5504 Viri
3288 5453 3646 5524 asseruerunt

502 5521 731 5597 _Semine
778 5525 882 5597 lioc
945 5524 1104 5595 juxta
1170 5514 2007 5597 liiincusensi'm'proiiileiiiiit
2072 5514 2197 5579 mss.
2240 5527 2451 5579 semine
2497 5525 2792 5597 secundum
2838 5521 2994 5597 istius
3037 5534 3255 5597 sensum
3300 5514 3646 5597 protulerunt

368 5591 461 5666 fl"
483 5591 750 5666 Quamvis
781 5595 847 5666 de
876 5585 1053 5666 massa
1082 5612 1210 5653 mss.
1240 5606 1285 5652 et
1319 5592 1638 5653 Edit.Gotli.
1665 5585 1924 5666 quamvis
1949 5599 2017 5653 sit
2049 5599 2112 5652 de
2161 5613 2340 5650 massa
2418 5596 2509 5627 ³¹⁷¹
2542 5593 2656 5653 Dion
2686 5603 2769 5649 est
2802 5590 2904 5647 nisi
2950 5591 3001 5647 iii
3047 5590 3225 5661 aliqua
3253 5604 3381 5642 mss.
3414 5595 3461 5642 ct
3494 5585 3645 5640 Edit.

373 5662 527 5718 tiotli.
560 5674 667 5717 non
690 5672 771 5718 est
803 5663 855 5717 in
879 5662 1054 5734 aliqua
