3940 6046
257 231 364 286 ιιίο

1241 221 1366 276 LIB.
1401 219 1486 276 DE
1523 213 1884 273 CONCEPTU
1929 213 2309 282 VIIIGINALI,
2346 215 2499 273 ETC.

3431 222 3534 278 450

259 359 448 406 manu,
475 341 558 397 vel
581 340 634 394 in
653 339 828 409 pede:
863 350 965 392 nec
993 336 1228 391 surditas
1253 345 1338 390 est
1362 334 1464 388 nisi
1493 333 1587 364 ³⁸η
1614 333 1666 387 in
1691 345 1841 394 aure,
1877 335 1922 392 Α
1953 343 2056 380 non
2088 337 2253 392 esset,
2296 332 2470 399 potuit
2518 331 2632 386 ﬁeri
2685 332 2750 386 do
2792 331 2960 386 Adam
2991 333 3108 388 sine
3149 334 3295 389 omni
3327 337 3534 405 peccati

255 437 383 486 cum
433 431 594 485 homo
631 429 830 484 dicitur
873 429 1100 492 surdus;
1153 427 1226 480 ita
1267 425 1390 480 licet
1421 439 1598 478 massa
1637 423 1848 494 generis

257 521 481 575 humani
505 517 777 589 peccatrix
797 518 1123 580 nominetur,
1149 531 1254 571 non
1284 525 1460 570 tamen
1486 517 1540 568 in
1565 515 1668 568 ulla
1697 521 1850 583 parte

255 613 378 682 ejus
423 619 504 665 est
551 619 828 680 peccatqu
877 608 992 672 "7",
1041 608 1170 672 nisi;
1200 615 1258 659 ut.
1299 607 1434 671 dixi,
1479 607 1530 658 in
1571 603 1850 658 voluntate

259 701 378 762 “7‘,
412 716 572 769 quam
621 699 674 752 in
706 699 850 752 nulla
881 699 975 731 3‘"
1005 698 1236 752 hominis
1266 697 1622 765 conceptione
1664 709 1849 750 semen

259 793 464 848 habere
495 791 862 862 cognoscitur.
903 791 1265 858 Quamobrem
1307 787 1448 842 nulla
1481 787 1688 842 ratione
1723 801 1850 840 vera

259 893 358 938 aut
404 882 680 936 verisimili
726 883 1152 946 contradicente,
1197 881 1240 934 si
1291 879 1704 936 considerantur
1732 893 1852 946 quae

260 990 426 1044 supra
462 975 601 1028 dicta
651 983 800 1035 sunt,
835 971 950 1042 jam
988 972 1155 1028 libere
1193 985 1481 1040 possumus
1526 967 1851 1024 concludere

261 1068 390 1140 quia
441 1065 586 1119 nulla
640 1067 802 1132 ratio,
854 1065 998 1118 nulla
1041 1065 1262 1128 veritas,
1317 1061 1497 1116 nullus
1545 1059 1852 1114 intellectus

262 1158 531 1230 permittit
575 1157 644 1212 ad
695 1157 970 1214 hominem
1009 1172 1076 1210 ex
1125 1156 1238 1212 sola
1273 1153 1494 1224 Virgine
1540 1153 1632 1183 3”"
1662 1165 1854 1206 conce-

263 1261 418 1320 ptum
470 1248 534 1302 de
571 1259 794 1318 peccato
848 1263 1042 1302 massae
1087 1247 1426 1316 peecatrieis,
1485 1243 1734 1313 quamvis
1787 1241 1854 1296 de

263 1343 355 1398 illa
397 1343 466 1396 sit
514 1352 844 1410 assumptus,
907 1339 1115 1408 aliquid
1163 1338 1404 1408 potuisse
1455 1345 1549 1390 aut
1603 1335 1854 1390 debuisse

264 1437 552 1504 accedere,
577 1434 790 1490 etiamsi
829 1449 935 1486 non
965 1441 1110 1486 esset
1141 1431 1300 1485 Deus.

855 1522 1081 1578 CAPUT
1123 1520 1261 1574 XVI.

263 1613 377 1669 Cur
402 1615 660 1680 Joannes,
702 1623 750 1668 et
779 1612 872 1666 alii
903 1613 992 1682 qui
1037 1611 1279 1682 similiter
1317 1610 1553 1682 concepti
1595 1617 1718 1662 sunt
1762 1625 1855 1677 per

337 1687 674 1751 miraculum,
711 1701 812 1738 non
854 1679 958 1736 sint
991 1699 1082 1750 per
1113 1699 1168 1734 se
1191 1681 1338 1733 liberi
1369 1679 1461 1710 ³⁸⁷⁸
1490 1697 1522 1732 a
1551 1687 1782 1748 peccato.

337 1775 490 1841 Quod
521 1773 568 1828 si
603 1773 934 1844 objiciuntur
966 1769 1097 1824 mihi
1129 1768 1364 1824 Joannes
1402 1767 1643 1838 Baptista
1673 1777 1728 1821 et
1764 1766 1852 1821 alii

263 1867 360 1936 qui
388 1865 455 1919 de
481 1864 776 1928 sterilibus,
803 1861 930 1917 etin
957 1861 1176 1932 quibus,
1199 1877 1311 1932 prae
1332 1869 1632 1925 senectute,
1660 1868 1856 1914 natura

264 1955 562 2027 generandi
605 1955 718 2026 jam
778 1962 898 2008 erat
947 1961 1215 2015 emortua,
1269 1951 1560 2022 propagati'
1601 1960 1750 2015 sunt,
1802 1957 1858 2004 et

267 2047 422 2116 quasi
451 2059 550 2116 per
581 2043 812 2100 similem
841 2043 1108 2097 rationem
1141 2050 1400 2111 putantur
1421 2043 1674 2096 debuisse
1707 2041 1858 2095 nasci

267 2139 392 2192 sine
425 2145 646 2206 peccato
674 2145 729 2190 et
772 2148 930 2206 pinna
973 2133 1206 2203 peccati.
1245 2133 1369 2202 quia
1413 2148 1507 2203 per
1537 2132 1856 2187 miraculum

268 2225 518 2295 concepti
551 2233 710 2290 sunt;
743 2223 900 2278 valde
931 2223 1120 2292 utique
1147 2221 1496 2292 intelligenda
1530 2228 1614 2275 est
1644 2221 1711 2274 ab
1739 2220 1858 2276 istis

269 2316 470 2382 ahena,
501 2315 638 2370 ratio
670 2313 756 2368 illa
787 2329 906 2384 qua:
935 2313 1254 2384 virginalem
1277 2314 1688 2383 conceptionem
1723 2314 1859 2370 libe-

271 2415 390 2461 ram
437 2405 506 2460 ab
551 2405 696 2460 onmi
747 2403 954 2474 peccati
1005 2413 1272 2458 monstrat
1321 2403 1666 2458 necessitate.
1701 2403 1861 2456 Aliud

269 2508 356 2552 est
385 2497 531 2552 enim
559 2496 760 2566 aliquid
789 2497 1090 2551 inauditum
1123 2495 1216 2528 ³³⁷⁸
1245 2505 1299 2549 et
1331 2494 1663 2564 inopinabile
1701 2504 1862 2566 atque

269 2599 484 2643 natura:
533 2587 864 2659 incognitum
913 2587 1138 2642 facere:
1191 2595 1245 2642 et
1285 2587 1429 2641 aliud
1471 2597 1720 2642 naturam
1769 2597 1863 2642 aut

269 2692 436 2736 ietate
485 2689 578 2736 aut
621 2681 804 2750 aliquo
853 2679 987 2735 vitio
1035 2679 1368 2735 debilitatam
1425 2694 1654 2745 sanare,
1705 2689 1757 2733 et
1794 2681 1862 2735 ad

271 2793 431 2832 suum
461 2791 599 2845 opus
646 2790 924 2830 revocare.
957 2773 1090 2829 Nam
1133 2775 1178 2829 si
1217 2775 1387 2828 Adam
1420 2790 1524 2829 non
1561 2783 1862 2847 peccasset,

273 2868 417 2922 sicut
463 2867 576 2936 ipse
625 2866 772 2920 nulla
806 2871 1104 2932 senectute,
1153 2865 1300 2920 nulla
1349 2880 1514 2920 causa
1560 2867 1865 2920 inﬁrmare-

276 2971 366 3016 tur
395 2960 488 2992 ³¹⁸⁰
517 2977 530 3014 :
563 2960 642 3015 sic
681 2969 876 3013 natura
917 2959 1252 3034 propagandi
1282 2967 1468 3012 creata
1499 2957 1551 3012 in
1594 2958 1686 3012 illo
1715 2967 1770 3012 et
1796 2957 1862 3012 ad

277 3052 564 3115 utendum,
593 3061 652 3105 ut
676 3051 788 3122 jam
825 3049 1029 3104 dictum
1065 3057 1166 3114 est,
1195 3047 1312 3118 ejus
1339 3048 1594 3118 potestati
1624 3049 1859 3111 subdita,
1891 3045 1936 3107 C

277 3141 425 3198 nullo
465 3155 594 3197 casu
644 3157 674 3195 a
721 3153 818 3195 suo
863 3155 1028 3195 cursu
1059 3139 1436 3209 impediretur.
1482 3139 1599 3196 Non
1644 3154 1773 3210 ergo
1809 3141 1863 3194 in

279 3233 508 3298 Joanne,
563 3242 618 3288 et
667 3231 974 3296 similibus,
1017 3239 1102 3286 est
1153 3231 1358 3302 aliquid
1400 3247 1600 3286 novum
1656 3243 1866 3286 natura:

281 3325 436 3390 Δότε,
470 3323 612 3380 sicut
656 3335 740 3378 est
785 3323 836 3377 in
872 3322 983 3376 ﬁlio
1027 3323 1286 3394 Virginis,
1321 3323 1538 3390 datum;
1579 3323 1675 3378 sed
1724 3323 1868 3392 quod

281 3419 396 3473 suis
431 3417 610 3472 causis
643 3413 974 3470 inﬁrmatam
1013 3421 1151 3480 erat,
1181 3416 1525 3485 cognoscitur
1560 3429 1680 3470 esse
1711 3428 1870 3484 repa-

284 3521 486 3565 ratum.
518 3509 696 3577 Quare
727 3508 980 3578 quoniam
1015 3507 1088 3560 illi
1139 3521 1236 3578 per
1277 3508 1722 3578 propagationem
1773 3523 1872 3560 na-

289 3602 516 3658 turalem
545 3601 727 3655 datam
757 3599 885 3654 Adae
915 3606 1042 3653 sunt
1066 3598 1344 3668 generati,
1379 3613 1722 3668 nequaquam
1749 3613 1873 3668 pos-

287 3703 416 3750 sunt
443 3703 537 3748 aut
565 3693 760 3748 debent
803 3691 852 3746 ei
885 3691 952 3745 de
998 3705 1104 3760 quo
1151 3691 1379 3760 agimus,
1421 3693 1470 3744 in
1505 3689 1874 3760 conceptiouis

290 3784 578 3842 assimilari
626 3781 906 3846 miraculo,
959 3790 1018 3836 nt
1065 3781 1134 3836 ab
1185 3781 1464 3851 originalis
1512 3781 1605 3814 ³⁸⁸³
1661 3780 1875 3836 vinculo

291 3877 500 3950 peccati
532 3873 762 3931 absoluti
796 3871 1008 3945 possint
1035 3875 1246 3930 ostendi
1281 3873 1395 3927 Μ’.

868 3965 1098 4022 CAPUT
1139 3967 1296 4022 XVII.

1951 421 2292 488 contagione,
2327 421 2468 476 sicut
2508 420 2678 487 dicis;
2711 438 2810 476 cur
2855 437 3074 478 necesse
3107 423 3206 478 fuit
3255 425 3420 480 Deum
3449 427 3534 480 in-

1951 511 2196 576 carnari;
2228 527 2352 565 eum
2401 523 2493 566 aut
2529 531 2622 583 per
2663 513 2828 568 uinum
2874 517 3056 579 talem,
3108 519 3370 585 quiesset
3415 513 3536 576 sine

1951 604 2096 658 omni
2119 611 2362 670 peccato,
2393 613 2574 674 posset
2599 620 2714 672 pect
2733 615 2912 660 atores
2942 606 3036 638 ³¹⁸⁸
3067 607 3207 662 Deus
3237 609 3534 664 redimere:

1879 751 1888 758 _
1953 705 2046 750 aut
2077 703 2174 758 tot,
2216 705 2346 764 quot
2387 697 2678 750 necessarii
2716 705 2874 752 erant
2910 697 2974 752 ad
3021 697 3406 768 perficiendam
3450 717 3539 753 su-

1953 801 2173 854 pernam
2204 786 2504 852 civitatetn,
2539 788 2786 842 homines
2815 789 2974 842 simili
3013 790 3276 844 miraculo
3311 791 3490 844 facere
3515 792 3540 844 7

1953 879 2034 932 Ad
2075 877 2214 945 quod
2255 877 2490 932 breviter
2527 884 2829 947 respondeo
2860 879 2974 932 "3".
3023 881 3144 934 Ideo
3182 881 3323 936 Dens
3367 883 3539 936 iactus

1953 977 2036 1024 est
2065 972 2244 1036 homo,
2276 970 2400 1038 quia
2431 985 2536 1024 non
2583 970 2860 1026 sufﬁceret
2893 973 2958 1025 ad
3007 974 3352 1028 redimendos
3381 974 3538 1040 alios,

1956 1066 2096 1120 sicut
2144 1066 2198 1120 in
2246 1065 2504 1134 sat-pefato
2559 1067 2823 1137 opuscqu
2878 1069 2972 1102 ³¹⁸⁵
3025 1081 3382 1128 monstratum
3437 1083 3538 1136 est,

1957 1159 2118 1214 homo
2148 1175 2251 1212 non
2279 1159 2441 1214 Deus.
2471 1160 2675 1214 Idcirco
2704 1163 2866 1215 etiam
2893 1178 2996 1218 non
3027 1163 3152 1217 lecit
3183 1173 3262 1218 tot
3295 1166 3542 1220 homines

1958 1250 2116 1314 tales,
2165 1260 2297 1320 quot
2343 1253 2636 1306 necessarii
2671 1263 2868 1308 erant:
2920 1269 2987 1308 ne
3018 1255 3060 1308 si
3095 1253 3278 1310 nullus
3306 1255 3374 1310 de
3419 1271 3543 1326 pro-

1957 1339 2241 1410 pagatione
2269 1340 2502 1394 naturali
2529 1343 2851 1410 salvaretur,
2879 1343 3080 1400 [rustra
3113 1355 3362 1400 naturam
3394 1345 3538 1402 illam

1959 1430 2012 1484 in
2041 1429 2210 1484 Adam
2243 1431 2570 1494 condidisse,
2601 1443 2654 1488 et
2688 1437 2842 1502 quasi
2883 1437 2976 1468 ³³⁸⁸
3017 1453 3124 1492 non
3155 1437 3392 1501 fecisset,
3423 1455 3544 1494 cor-

1959 1523 2168 1578 rexisse
2221 1525 2546 1582 videretur:
2605 1530 2748 1596 quod
2807 1545 3034 1586 summie
3102 1533 3379 1600 sapientiae
3434 1549 3542 1588 non

1960 1618 2213 1672 convenit
2243 1619 2308 1674 de
2349 1619 2526 1690 aliqua
2575 1632 2770 1678 natura
2803 1623 3000 1680 facere.
3041 1625 3156 1680 Non
3195 1627 3354 1696 longe
3381 1643 3544 1698 supra

1886 1693 1932 1752 Β
1962 1706 2052 1738 ³⁸⁸⁷
2079 1707 2402 1779 investigare
2437 1713 2712 1792 proposui,
2747 1717 3017 1784 quomodo
3049 1731 3232 1773 semen
3267 1727 3543 1787 sumptum
3575 1725 3594 1744 '

1957 1800 2024 1855 de
2057 1801 2302 1871 Virgine,
2355 1803 2408 1858 in
2459 1821 2566 1872 quo
2599 1816 2952 1880 monstratum
3005 1819 3124 1864 erat
3169 1811 3374 1865 nullum
3425 1827 3548 1866 esse

1957 1901 2265 1962 peccatum,
2323 1893 2552 1950 liberum
2605 1911 2634 1949 a
2687 1898 3101 1954 necessitatibus
3155 1900 3458 1968 prmdictis,
3493 1901 3548 1954 in

1957 1985 2156 2054 quibus
2213 2001 2404 2040 omnes
2456 1986 2593 2042 alios
2651 1989 2898 2043 homines
2959 1990 3170 2060 concipi
3223 2007 3542 2060 posueram,

1957 2087 2141 2148 posset
2171 2077 2397 2148 intelligi
2425 2095 2439 2131 :
2489 2087 2546 2133 et
2585 2080 2652 2136 de
2691 2080 2782 2135 illa
2813 2079 3030 2150 quidem
3061 2085 3408 2148 necessitate,
3439 2100 3544 2154 qua

1961 2181 2284 2236 recuperare
2333 2165 2628 2234 justitiam,
2675 2183 2838 2238 quam
2875 2171 3114 2226 deseruit
3163 2173 3397 2226 humana
3455 2188 3552 2227 na-

1961 2266 2105 2322 tura,
2128 2272 2225 2326 per
2263 2273 2319 2322 se
2349 2259 2566 2326 nequit;
2599 2269 2652 2314 et
2677 2261 2742 2316 de
2771 2261 2880 2326 illa,
2913 2279 3017 2332 qua
3043 2278 3238 2333 corpus
3261 2263 3376 2332 ³⁸⁸⁸,
3407 2265 3550 2334 quod

1961 2348 2349 2416 corrumpitur,
2387 2357 2646 2416 aggravat
2696 2349 2959 2416 animam,
3010 2361 3067 2405 et
3113 2351 3347 2406 maxime
3384 2352 3436 2406 in
3469 2352 3554 2406 in-

1963 2434 2220 2500 fantibus,
2271 2435 2400 2490 illud
2437 2435 2652 2490 liberari
2704 2435 2796 2468 "3’
2847 2453 3024 2508 posse,
3083 2440 3208 2508 quia
3258 2440 3420 2494 homo
3467 2440 3554 2495 ille

1967 2527 2106 2581 Deus
2149 2536 2312 2592 esset,
2351 2527 2720 2594 conlidebam;
2760 2529 2802 2583 si
2836 2527 2986 2598 prius
3029 2528 3098 2583 ab
3129 2529 3218 2583 illo
3256 2531 3555 2586 necessitas

1965 2622 2172 2692 peccati
2203 2630 2258 2676 et
2293 2621 2458 2676 debiti
2489 2621 2616 2676 Adae
2643 2632 2698 2676 et
2738 2621 3110 2692 proximorum
3141 2622 3233 2654 “9°
3261 2629 3546 2692 parentum

1967 2712 2360 2768 rationabiliter
2419 2711 2765 2768 alienaretur.
2824 2712 3024 2783 Inccepi
3077 2715 3258 2785 itaque
3307 2716 3440 2784 (lib.
3491 2715 3552 2785 ι)

1965 2817 2210 2871 quzercre
2237 2802 2508 2872 quomodo
2531 2801 2734 2856 valeret
2759 2802 2860 2858 hoc
2887 2803 3106 2872 intelligi
3139 2805 3204 2858 de
3229 2806 3556 2861 necessitate

1967 2893 2174 2963 peccati
2199 2901 2254 2948 et
2287 2893 2454 2948 debiti
2477 2893 2636 2958 Adae;
2671 2901 2729 2946 ut
2757 2893 2822 2948 de
2855 2892 2974 2948 aliis
3001 2902 3188 2962 postea
3219 2895 3312 2926 ³⁸⁸⁸
3345 2895 3558 2952 facilius

1969 2984 2110 3053 quod
2145 2984 2450 3054 qurerebam
2495 2983 2870 3040 inveniretur:
2920 2994 2975 3040 et
3022 2984 3335 3042 abundante
3373 2985 3554 3056 gratia

1973 3075 2114 3130 illius
2141 3075 2207 3132 de
2252 3075 2404 3144 cujus
2433 3075 2802 3144 conceptionis
2834 3077 3012 3146 agitur
3051 3077 3172 3146 (lib.
3211 3094 3248 3142 ι,
3280 3093 3401 3148 cap.
3443 3078 3558 3150 16),

1973 3167 2235 3224 munditia
2283 3167 2484 3222 factum
2541 3175 2643 3234 est,
2689 3177 2748 3222 ut
2793 3183 2900 3223 non
2944 3169 3035 3200 ³¹⁹¹
3087 3169 3247 3224 modo
3293 3169 3362 3224 ab
3407 3170 3558 3224 omni

1976 3271 2221 3330 peccato,
2267 3267 2324 3316 et
2349 3259 2552 3324 debito,
2581 3269 2636 3314 et
2676 3260 3091 3316 necessitatibus
3123 3261 3279 3330 103
3321 3261 3560 3332 przei‘atis

1973 3353 2202 3408 liberum
2241 3363 2700 3425 cognosceretur;
2753 3355 2846 3410 sed
2895 3353 3122 3424 insuper
3167 3354 3442 3409 hominem
3485 3355 3560 3410 ita

1978 3455 2296 3516 conceptum
2345 3459 2468 3500 esse
2516 3446 2712 3501 debere
2749 3445 3030 3514 praeditum
3081 3459 3185 3500 non
3234 3445 3431 3499 minori
3469 3445 3564 3478 ’m

1972 3537 2204 3606 justitia,
2255 3537 2342 3592 vel
2391 3537 2746 3603 beatitudine,
2791 3553 2952 3606 quam
3005 3537 3058 3592 in
3109 3553 3213 3606 qua
3259 3536 3436 3591 factus
3481 3543 3562 3590 est

1977 3628 2171 3695 Adam,
2201 3628 2522 3697 intelligibili
2569 3607 2802 3694 ratione,
2849 3629 3016 3682 etiam
3057 3626 3103 3680 si
3147 3641 3253 3680 non
3295 3626 3438 3680 Deus
3469 3624 3562 3678 sed

1981 3734 2146 3788 purus
2174 3718 2334 3774 homo
2361 3725 2528 3782 esset,
2557 3719 2878 3787 probaretur
2906 3717 3022 3770 ωδ.
3049 3716 3326 3786 Siquidem
3357 3715 3564 3785 pariter

1981 3809 2352 3866 irrationabile
2377 3809 2469 3840 "9"
2497 3809 2928 3874 videbatur’m',
2946 3818 2999 3863 et
3021 3818 3304 3877 peccatum
3335 3813 3430 3859 aut
3459 3819 3564 3873 pat-

1982 3921 2108 3961 nam
2125 3905 2329 3976 peccati
2358 3905 2424 3959 ab
2449 3905 2570 3959 ullis
2589 3905 2680 3938 ³³⁸⁸
2694 3906 3010 3974 parentibus
3025 3905 3090 3958 ad
3117 3905 3266 3958 illum
3285 3919 3382 3973 per
3405 3901 3564 3956 talem

1985 3998 2424 4069 propagatiouem
2465 3999 2821 4064 descendere;
2867 4008 2921 4053 et
2965 3997 3132 4052 Deum
3167 4005 3358 4066 sponte
3405 3993 3570 4048 ratio-

295 4061 403 4117 Cnr
451 4062 590 4115 Deus
634 4062 962 4124 incarnatus,
1010 4074 1124 4112 cum
1172 4060 1237 4113 de
1281 4059 1448 4112 Adam
1488 4067 1658 4128 posset
1708 4061 1880 4126 [acere

367 4135 599 4186 homines
639 4149 741 4187 nou
789 4131 909 4185 deos
953 4129 1065 4184 sine
1113 4139 1326 4200 peccato
1370 4139 1468 4195 tot,
1515 4140 1638 4197 quot
1681 4130 1883 4199 sti/fice-

369 4213 499 4256 rem.

1985 4093 2220 4148 nubilem
2261 4105 2510 4152 naturain
2549 4091 2826 4160 injustam,
2871 4099 2987 4154 aut,
3019 4088 3164 4144 nulla
3193 4088 3310 4159 ejus
3351 4097 3568 4156 prome-

1994 4195 2143 4242 rente
2173 4187 2460 4255 injustitia,
2495 4186 2750 4241 miseram
2777 4183 2979 4240 facere.

369 4293 616 4349 Forsitan
647 4295 788 4350 dicet
834 4295 1061 4365 aliquis:
1097 4293 1152 4350 Si
1183 4307 1350 4363 purus
1387 4293 1572 4358 homo,
1609 4291 1699 4362 qui
1743 4291 1882 4346 Deus
1910 4303 1966 4364 D

1627 4466 1859 4524 VABIZE
1901 4464 2300 4522 LECTIONES.

373 4585 468 4618 ‘m
513 4585 796 4652 Surditas,
851 4585 954 4639 nisi
1010 4601 1134 4638 mss.
1201 4583 1334 4638 Tim.
1393 4595 1440 4640 et
1488 4581 1636 4639 Edit.
1700 4583 1857 4638 Gotiz.
1912 4583 2149 4638 surditas
2209 4589 2291 4636 est
2342 4581 2475 4652 nisi,
2591 4581 2682 4614 "7"
2735 4581 2846 4652 Ulla
2913 4591 3068 4652 parte
3121 4579 3236 4651 ejus
3289 4589 3572 4652 peccatum

303 4673 434 4726 mss.
493 4667 536 4710 et
595 4657 741 4710 Edit.
775 4653 956 4726 rGoth.
1007 4655 1118 4726 ulla
1169 4664 1324 4724 parte
1379 4655 1494 4722 ejus
1545 4663 1628 4726 est
1681 4665 2005 4726 peccatum,
2081 4655 2201 4726 _“"
2271 4653 2325 4705 In
2397 4651 2680 4726 voluntate
2740 4651 3109 4726 Edll.:(ioi_ll.
3177 4654 3228 4706 in
3256 4651 3574 4726 “voluptate

301 4723 400 4808 fit“
431 4727 561 4808 Quin
593 4727 644 4780 in
674 4725 816 4808 n'ulla
843 4723 1142 4808 mss.hV.icl.
1170 4723 1334 4808 quam
1385 4727 1438 4780 in
1486 4725 1630 4808 nulla
1683 4723 1798 4807 ⁷ξ¹⁷⁷
1837 4727 1910 4779 De
1959 4723 2342 4808 virginaemm‘s's.
2379 4737 2442 4808 ex
2489 4723 2600 4804 sola
2633 4724 2842 4803 virgine
2871 4723 3011 4808 "3|"
3039 4723 3143 4777 Per
3169 4723 3570 4808 serl'ibertihmss.

311 4791 469 4850 Vici;
499 4797 647 4851 Gem.
699 4795 823 4850 Bec.
876 4805 922 4848 et
971 4793 1117 4848 Edit.
1168 4791 1328 4850 Galli.
1359 4811 1456 4864 per
1484 4811 1540 4849 se
1573 4795 1728 4850 Iiheri
1761 4811 1788 4848 a
1825 4791 2069 4862 peccato'
2122 4793 2214 4824 3”“
2245 4793 2402 4864 Aliud
2425 4791 2577 4864 enim
2609 4803 2692 4847 est
2723 4794 3020 4864 inauditum
3051 4811 3177 4848 mss.
3210 4793 3360 4864 Vict.
3380 4792 3574 4846 Cister.

305 4868 452 4920 aliud
479 4877 563 4922 est
589 4867 730 4919 enim
763 4865 966 4934 aliquid
1024 4865 1324 4918 inauditum
1360 4863 1368 4864 ⁷⁷
1406 4865 1497 4897 ³¹⁸⁰
1531 4867 1839 4920 Iulii-matus
1876 4865 2132 4918 deficeret
2175 4880 2303 4934 mss.
2351 4863 2720 4934 intirmaretnr
2793 4863 2886 4895 ³¹⁸¹
2910 4865 3016 4918 Aut
3043 4867 3110 4934 ab
3139 4863 3418 4934 originalis
3447 4879 3570 4916 mss.

307 4947 352 4990 et
399 4937 544 4991 Etlil.
577 4935 732 4989 Colit.
763 4947 820 4989 ttt
851 4932 918 5006 ab
948 4934 1229 5006 originalis
1303 4935 1395 4967 ³¹⁸¹
1423 4935 1659 5006 Possunt
1684 4935 1894 5006 ostendi
1927 4951 2050 5006 mss.
2080 4945 2126 4988 el
2159 4933 2308 4986 Edit.
2339 4932 2492 5006 (Icili.
2525 4935 2735 5002 possint
2757 4935 2970 4989 ostendi
3004 5005 3013 5006 ί
3049 4933 3147 5006 ⁸³³7
3171 4932 3362 4988 Posset
3390 4947 3577 5006 pecca-

309 5018 458 5076 tores
482 5024 606 5061 mss.
643 5016 824 5075 posset
855 5004 998 5076 Deus
1023 5003 1336 5076 peccatores
1390 5075 1420 5076 Π
1484 5007 1581 5044 ³⁸⁸⁸
1613 5005 1694 5060 Ad
1723 5007 1838 5076 haec
1869 5005 2113 5076 breviter
2139 5005 2479 5076 respondebo
2523 5021 2648 5057 mss.
2692 5006 2770 5058 Ad
2819 5007 2968 5076 quod
3001 5005 3238 5076 breviter
3279 5003 3578 5076 respondeo

308 5075 404 5107 ³⁸⁸⁸
437 5069 669 5132 Ρντιιΐιηὸ
699 5075 958 5146 opuscqu
987 5069 1334 5146 nissLCisier.
1381 5075 1518 5132 Vict.
1563 5093 1702 5144 saepe
1735 5075 1846 5130 fato
1871 5075 2136 5146 opusculo
2211 5069 2304 5146 si“
2337 5073 2403 5128 Et
2430 5076 2582 5143 quasi
2614 5077 2756 5144 quod
2799 5069 2898 5128 nis.
2930 5075 2970 5128 Τ
2972 5078 3064 5127 Im.
3249 5069 3396 5127 omit.
3433 5071 3576 5140 quod

309 5147 406 5218 νεῖ
433 5145 550 5201 Non
573 5143 916 5218 longe—supra
949 5163 1074 5200 mss.
1113 5143 1804 5218 Titu.nt.tuclegemsupra
1954 5144 2049 5218 ἷξῗὲ
2095 5147 2168 5218 De
2225 5143 2314 5198 illa
2375 5161 2494 5218 rpite
2548 5143 2746 5214 corpus
2792 5163 2918 5218 m_s_s.
2983 5147 3048 5218 de
3094 5145 3334 5218 illaﬁqua
3383 5157 3577 5218 corpus

311 5217 408 5249 ³³⁸⁹
437 5218 590 5271 Illum
622 5211 840 5271 liberari
873 5233 998 5270 mss.
1026 5228 1072 5270 et
1106 5216 1245 5268 lfrlit.
1283 5215 1441 5271 Colit.
1471 5211 1602 5271 IIIlltI
1647 5211 1870 5270 liberari
1952 5215 2048 5246 3‘"
2090 5217 2220 5272 Adte
2253 5211 2622 5284 proximorum
2651 5211 2798 5268 ἠως.
2840 5215 2972 5270 Vict.
3003 5213 3150 5267 Gem.
3181 5211 3305 5284 Bee.
3351 5223 3398 5266 et
3427 5213 3572 5266 Edit.

311 5286 438 5342 Got.
463 5287 592 5340 Adze
623 5299 674 5341 et
697 5287 1068 5356 proximorum
1138 5283 1236 5356 7""
1270 5287 1336 5341 Et
1367 5291 1431 5343 de
1462 5288 1584 5342 aliis
1619 5296 1678 5340 ut
1701 5295 1887 5355 postea
1921 5303 2048 5340 mss.
2077 5295 2137 5340 ut
2162 5287 2226 5340 de
2253 5281 2374 5339 aliis
2407 5293 2590 5354 postea
2614 5285 2996 5356 ms.Vict._-19.
3031 5293 3120 5336 aut
3151 5285 3216 5336 de
3240 5281 3360 5356 aliis
3387 5297 3575 5356 pecca-

313 5359 406 5420 tis,
440 5368 499 5440 nt
524 5352 712 5440 postea
781 5357 873 5388 ³⁵³³
893 5355 1255 5426 Conceptioue
1283 5352 1770 5440 agiturumundiltia
1799 5357 1998 5410 factum
2014 5365 2106 5436 est
2132 5365 2190 5408 ut
2217 5371 2322 5436 non
2347 5352 2440 5408 ριὸ.
2467 5365 2665 5440 mss-aet
2685 5355 2823 5440 iz‘dil.
2853 5352 3580 5440 Catii.culmeptionjsuagitur

315 5423 603 5492 munditia,
640 5427 836 5482 factum
871 5437 952 5481 est
985 5437 1042 5480 ut
1074 5423 1180 5480 non
1218 5423 1441 5481 ctcfms.
1486 5425 1622 5478 Vict.
1655 5427 1740 5480 I9.
1775 5429 2136 5494 conceptione
2165 5427 2344 5495 agitur
2389 5426 2647 5480 munditia
2687 5425 2884 5478 factum
2915 5435 2994 5477 est
3035 5439 3140 5495 non
3165 5437 3272 5495 etc.
3303 5493 3316 5495 _A
3339 5423 3434 5495 fi“
3461 5429 3576 5474 non

317 5499 516 5552 minori
547 5513 671 5552 mss.
709 5495 847 5552 Vict.
881 5497 966 5552 19.
997 5507 1048 5550 et
1081 5497 1272 5550 minori
1311 5497 1458 5550 Edit.
1505 5495 1666 5550 Coth.
1692 5511 1798 5548 non
1827 5491 2037 5565 majori
2094 5491 2388 5550 mu"Ilomo
2423 5506 2586 5561 esset,
2621 5495 2939 5565 probaretur
2963 5511 3066 5565 ms.
3101 5491 3236 5546 Tim.
3259 5493 3384 5565 ὅθι,
3421 5495 3582 5565 homo

317 5583 439 5623 esse
470 5570 796 5637 probaretur
869 5569 962 5599 “9"
986 5567 1198 5620 Pariter
1233 5567 1610 5620 irrationabile
1639 5583 1737 5620 ms.
1773 5563 2065 5618 ΤΙηιζῦιίϐ.
2101 5567 2304 5636 pariter
2337 5563 2658 5637 rationabile
2726 5565 2840 5597 ³⁸⁸⁸⁸
2879 5563 3172 5620 Videbatur
3199 5581 3298 5620 ms.
3343 5563 3478 5620 Vict.
3521 5563 3583 5618 I9

317 5636 592 5696 videbitur
665 5639 758 5671 “9°
786 5637 848 5694 Et
880 5651 1091 5708 poenam
1119 5638 1324 5707 peccati
1357 5637 1555 5694 abillis
1584 5653 1708 5692 mss.
1748 5643 1842 5691 aut
1867 5651 2085 5712 poenam
2117 5637 2322 5707 peccati
2357 5639 2422 5693 ab
2457 5636 2578 5692 ullis
