3936 6048
446 214 544 271 (SI

1008 324 1234 378 CAPUT
1275 323 1453 377 XVIII.

444 420 597 487 Quod
620 424 684 474 de
717 418 924 486 Virgine
951 416 1096 487 jusla
1125 415 1265 468 Deus
1294 423 1568 487 conceptus
1596 413 1695 478 sit,
1719 427 1821 465 non
1843 427 2020 487 neces—

511 492 663 544 sitate
692 489 783 520 ³¹⁹⁷
809 481 998 555 ζᾳιιαζςὶ
1021 487 1083 537 de
1103 483 1388 553 peccatrice
1414 484 1559 537 nasci
1585 500 1686 536 non
1707 493 1876 552 posset
1901 481 2018 547 “9°,

508 560 595 614 sed
623 559 743 628 quia
765 558 839 610 sic
857 555 1086 608 decebat.

509 647 765 714 Quamvis
793 660 922 712 ergo
951 645 1015 698 de
1059 643 1413 698 mundissima
1448 641 1668 714 Virgine
1716 640 1883 697 Filius
1926 641 2021 696 Dei

434 738 718 794 verissime
741 745 1031 804 conceptus
1058 735 1159 799 sit,
1189 751 1294 790 non
1325 746 1503 790 tamen
1537 735 1641 790 hoc
1685 749 1747 789 ea
1785 733 2021 788 necessi-

436 839 546 883 tate
570 828 770 883 factum
795 836 916 891 est,
973 827 1125 896 quasi
1165 827 1231 882 de
1259 827 1556 898 peccatrice
1606 837 1831 896 parente
1872 827 2019 896 justa

433 919 612 990 proles
640 917 1031 973 rationabiliter
1072 919 1319 988 generari
1348 933 1445 988 per
1483 915 1788 986 huiusmodi
1830 933 2022 988 propa-

433 1013 703 1084 gationem
745 1011 1030 1081 nequiret:
1060 1012 1153 1066 sed
1183 1012 1307 1081 quia
1334 1011 1557 1066 decebat
1582 1019 1637 1066 ut
1670 1011 1814 1066 illius
1841 1011 2019 1066 homi-

432 1103 519 1155 nis
541 1101 822 1170 conceptio
858 1101 924 1154 de
947 1109 1117 1173 matre
1148 1100 1432 1170 purissima
1463 1099 1636 1154 ﬁeret.
1687 1099 1890 1170 Nempe
1919 1099 2016 1156 de-

428 1209 560 1248 cens
613 1199 765 1256 erat,
818 1201 878 1246 ut
917 1206 982 1246 ea
1006 1191 1274 1262 puritate,
1337 1207 1443 1261 qua
1514 1189 1688 1258 major
1747 1193 1845 1246 sub
1907 1192 2017 1246 Deo

431 1285 618 1352 nequit
649 1283 870 1354 intelligi
900 1324 914 1348 ,
945 1282 1108 1350 Virgo
1140 1283 1225 1336 illa
1259 1285 1487 1348 niteret,
1543 1283 1629 1336 cui
1675 1283 1812 1337 Deus
1853 1282 2020 1338 Pater

429 1377 646 1430 unicum
688 1375 880 1428 Filium
920 1391 1075 1428 suum
1105 1375 1233 1439 ιη’,
1279 1389 1440 1445 quem
1491 1374 1557 1429 de
1604 1375 1767 1429 corde
1796 1374 1892 1406 ³²⁰⁹
1919 1389 2016 1430 suo

427 1467 689 1538 aequalem
736 1467 834 1523 sibi
867 1467 1143 1537 genitum,
1182 1473 1438 1534 tanquam
1490 1465 1726 1531 seipsum
1770 1464 1862 1498 ³³⁸⁸
1895 1465 2016 1520 dili-

427 1560 612 1630 gebat,
647 1558 720 1612 ita
741 1557 871 1611 dare
891 1556 1238 1626 disponebat,
1269 1565 1328 1610 ut
1353 1556 1674 1610 naturaliter
1699 1565 1846 1611 esset
1874 1571 2014 1611 unus

1017 213 1074 266 S.
1107 210 1400 264 ANSELMI
1431 205 1776 264 (ZANTUAR.
1831 202 2151 260 ARCIIIEP.
2185 205 2331 263 OPP.
2370 208 2550 266 PARS
2579 211 2616 265 I.
2662 240 2730 252 -
2765 209 3196 268 DOGMATICA.

2045 326 2091 382 Α
2122 333 2399 392 perspecta
2448 323 2642 388 fuerit,
2709 326 3024 381 dissolvitur
3072 325 3189 378 m'.
3249 325 3589 392 Quapropter
3637 341 3709 380 ex

3598 209 3717 264 ‘52

2125 421 2353 480 utraque
2384 413 2558 482 palam
2589 424 2673 470 est
2696 415 2820 484 quia
2855 415 2987 470 nihil
3016 415 3118 469 nisi
3149 413 3236 484 pia
3275 413 3553 468 voluntate
3601 414 3720 466 Do-

2124 504 2300 560 minus
2323 516 2506 560 noster
2521 516 2576 562 et
2606 508 2912 578 redemptor
2933 507 3192 562 sustinuit
3215 509 3268 562 iu
3290 505 3560 571 omnibus,
3587 521 3717 577 que

2121 606 2314 660 passus
2347 603 2446 648 est.

2658 662 2885 719 CAPUT
2923 663 3020 718 XX
3062 665 3175 720 ³¹¹⁰.

2124 752 2278 819 Quod
2310 765 2464 810 natus
2491 756 2555 810 de
2585 754 2811 825 Virgine,
2843 773 2938 825 pro
2961 755 3206 825 originali
3234 765 3443 827 peccato
3463 756 3710 810 habuerit

2602 827 2905 897 originalem
2935 828 3223 896 justitiam.

2192 914 2263 970 Ut
2310 915 2440 970 mihi
2488 916 2734 982 videtur,
2789 917 2854 972 de
2898 927 3118 986 peccato
3166 917 3382 987 quidem
3413 916 3710 985 originali,

2119 1005 2260 1059 sicut
2286 1007 2574 1076 proposui,
2606 1005 2936 1062 sutilcienter
2982 1016 3258 1064 ostensum
3290 1017 3374 1063 est
3429 1008 3707 1078 quomodo

2118 1095 2183 1148 ad
2216 1096 2488 1152 hominem
2537 1099 2602 1154 de
2654 1098 2873 1170 Virgine
2925 1109 3245 1170 conceptum
3299 1099 3445 1154 nulla
3492 1101 3708 1155 ratione

2117 1185 2494 1242 descenderea
2535 1192 2844 1256 parentibus
2873 1190 3075 1259 potuit;
3124 1190 3218 1246 sed
3271 1190 3450 1260 potius
3487 1189 3706 1259 justus,

2119 1289 2174 1334 et
2200 1280 2390 1334 beatus
2429 1279 2522 1310 ””
2556 1279 2702 1346 ticri,
2736 1281 2946 1336 ratione
2968 1283 3247 1352 exigente,
3271 1280 3471 1336 debuit.
3503 1281 3711 1348 Quam-

2115 1371 2336 1436 obrem,
2367 1371 2622 1440 quoniam
2655 1372 2748 1403 ““
2781 1373 2846 1426 de
2867 1371 3015 1442 justo
3051 1373 3211 1428 Patre
3240 1373 3538 1428 secundum
3569 1373 3710 1428 divi-

2115 1478 2239 1517 nam
2259 1502 2274 1528 ,
2299 1462 2441 1518 etde
2465 1461 2609 1530 justa
2640 1473 2812 1517 matre
2859 1463 3158 1518 secundum
3206 1464 3494 1517 humanam
3540 1472 3706 1516 natu-

2113 1572 2229 1612 ram
2248 1595 2265 1622 ,
2297 1556 2478 1626 justus
2499 1556 2566 1609 ab
2591 1555 2702 1624 ipsa
2732 1555 2940 1626 origine
2963 1597 2976 1618 ,
3004 1567 3056 1609 ut
3086 1556 3158 1609 ita
3185 1555 3389 1609 dictum
3410 1555 3512 1620 sit,
3545 1564 3709 1608 natus

428 1652 679 1718 idemque
709 1648 1015 1703 communis
1043 1647 1136 1702 Dei
1167 1648 1341 1702 Patris
1369 1656 1424 1703 et
1451 1647 1688 1717 Virginis
1715 1647 1882 1702 Filius
1914 1665 1927 1702 :
1961 1655 2016 1702 et
2041 1679 2090 1739 Β
2117 1656 2237 1710 est;
2298 1661 2402 1700 non
2456 1645 2748 1714 incongrue
2779 1660 2875 1713 pro
2919 1645 3166 1714 originali
3197 1643 3453 1712 injustitia
3476 1682 3493 1710 ,
3540 1658 3708 1712 quam

425 1756 588 1810 quam
624 1741 736 1810 ipse
763 1739 929 1794 Filius
959 1737 1391 1793 substantialiter
1419 1737 1599 1794 facere
1641 1736 1743 1792 sibi
1781 1747 2010 1793 matrem

427 1832 691 1900 eligebat;
717 1841 772 1886 et
792 1832 857 1885 de
882 1846 985 1899 qua
1019 1830 1252 1900 Spiritus
1281 1839 1504 1903 sanctus
1533 1829 1777 1895 volebat,
1805 1838 1860 1885 et
1884 1844 2013 1899 ope-

428 1931 646 1977 raturus
671 1931 821 1986 erat,
855 1931 912 1976 ut
947 1922 1322 1991 conciperetur
1371 1929 1426 1976 et
1472 1929 1787 1975 nasceretur
1831 1919 1917 1975 ille
1946 1922 2013 1975 de

427 2030 532 2084 quo
563 2015 676 2084 ipse
713 2014 1038 2082 procedebat
1070 2013 1188 2068 ⁸²⁰¹.
1225 2013 1468 2081 Qualiter
1501 2021 1680 2066 autem
1714 2012 1810 2044 ⁸³⁸³
1843 2013 2009 2084 Virgo

424 2108 611 2160 eadem
646 2121 741 2176 per
772 2106 930 2160 [idem
954 2115 1080 2161 ante
1111 2107 1282 2175 ipsam
1312 2105 1720 2174 conceptionem
1751 2103 2009 2160 mundata

423 2197 528 2257 sit,
567 2196 677 2250 dixi
710 2195 826 2267 (lib.
862 2211 930 2262 u,
964 2211 1082 2266 cap.
1111 2195 1208 2261 I6,
1235 2195 1321 2266 I'i)
1351 2212 1366 2261 ;
1422 2195 1512 2250 ubi
1557 2194 1718 2249 aliam
1745 2194 2007 2251 rationem

425 2289 493 2342 de
521 2289 621 2343 hoc
652 2290 800 2358 ipso,
828 2291 970 2343 unde
993 2289 1173 2359 agitur
1202 2289 1288 2344 hic
1307 2329 1322 2353 ,
1351 2289 1580 2344 reddidi.

1001 2399 1229 2456 CAPUT
1272 2401 1411 2455 XIX.

426 2487 700 2554 Quomodo
747 2493 847 2546 ista
885 2492 1054 2556 ratio,
1093 2493 1338 2630 oscinem
1375 2493 1500 2548 alibi
1530 2493 1656 2548 data
1693 2496 2006 2550 concordent

1043 2573 1088 2615 et
1153 2580 1167 2614 ι
1216 2572 1383 2616 erant.

1043 2573 1088 2615 et
1115 2572 1383 2616 diﬂeranl.

493 2649 622 2715 Quae
649 2650 766 2704 duae
793 2651 1029 2704 rationes
1071 2650 1167 2684 ³⁸⁸⁸
1193 2651 1484 2708 intellectui
1519 2667 1636 2706 mea
1660 2653 1910 2708 videntur
1935 2654 2002 2709 ad

421 2739 773 2807 quaestionem
797 2755 1129 2810 unaquteque
1160 2755 1255 2811 per
1289 2757 1347 2797 se
1379 2741 1651 2808 sulﬁcere;
1695 2743 1787 2797 sed
1828 2747 2000 2799 ambas

422 2829 581 2884 simul
612 2829 791 2886 animo
830 2831 936 2886 vim
966 2833 1189 2888 rationis
1212 2843 1268 2888 et
1294 2833 1544 2888 decorem
1591 2835 1820 2891 actionis
1848 2851 1999 2906 quaa-

423 2923 561 2976 renti
586 2923 800 2991 copiose
827 2923 1158 2980 satisfacere.
1203 2925 1269 2978 Et
1319 2926 1566 2996 quamvis
1610 2927 1676 2980 ad
1710 2927 1850 2981 idem
1881 2937 2001 2981 ten-

419 3013 546 3068 dant
572 3053 588 3078 ,
633 3013 685 3067 in
715 3014 816 3069 hoc
859 3023 1036 3071 tamen
1071 3015 1358 3081 diti‘erunt,
1411 3017 1552 3087 quod
1590 3017 1692 3072 ista
1743 3018 1957 3088 quidem
1984 3061 2000 3086 ,
2031 3039 2076 3102 ρ

419 3117 580 3171 quam
619 3103 713 3136 ³⁸⁰⁸
747 3106 834 3160 hic
884 3105 1126 3176 protuli,
1183 3116 1448 3162 monstrat
1503 3108 1669 3162 Deum
1726 3109 1889 3163 etiam
1943 3111 2008 3166 de

418 3193 742 3261 pecoutricis
779 3194 1016 3264 Virginis
1050 3195 1349 3250 substantia
1375 3235 1392 3262 ,
1439 3196 1706 3266 quoniam
1735 3210 2004 3264 nusquam

415 3294 501 3338 est
532 3285 584 3338 in
612 3285 847 3340 hominis
878 3295 1068 3340 natura
1092 3295 1288 3356 przrter
1315 3286 1649 3342 voluntatem
1677 3297 1958 3356 peccatum
1986 3329 2003 3356 ,

420 3373 624 3443 prolem
657 3374 856 3429 debere
872 3376 1076 3444 justam
1102 3417 1116 3440 ,
1151 3375 1258 3431 imo
1286 3391 1390 3430 non
1425 3375 1527 3430 nisi
1555 3377 1756 3446 justam
1784 3415 1800 3441 ,
1856 3376 2002 3432 nulla

419 3465 632 3518 ratione
682 3474 1058 3534 repugnante,
1113 3465 1203 3519 tali
1246 3465 1632 3536 propagatione
1682 3467 2000 3536 producere.

419 3553 511 3607 Illa
540 3569 667 3608 vero
687 3556 1034 3623 probatquod
1065 3555 1230 3630 etiam
1255 3556 1300 3610 si
1329 3559 1382 3610 in
1409 3565 1518 3611 tota
1549 3557 1790 3627 Virginis
1815 3573 2001 3614 essen-

418 3643 489 3696 tia
521 3653 797 3712 peccatum
833 3655 1008 3709 esset,
1042 3653 1220 3699 tamen
1247 3646 1314 3700 ad
1353 3644 1654 3714 huiusmodi
1686 3649 2000 3718 conceptio-

417 3735 503 3788 nis
529 3735 843 3790 munditiam
872 3777 888 3802 ,
941 3752 1038 3806 per
1069 3738 1225 3791 [idem
1265 3739 1463 3793 munda
1515 3739 1630 3794 ﬁeri
1665 3750 1848 3810 posset
1883 3742 1998 3795 ³³⁸⁸.

413 3817 591 3892 Atque
613 3825 666 3878 in
697 3827 799 3879 ista
827 3829 1006 3882 onmis
1036 3827 1224 3881 mortis
1249 3830 1582 3896 necessitas,
1624 3839 1678 3885 et
1709 3831 1999 3901 cujuslibet

415 3917 779 3985 corruptionis
805 3918 915 3974 sive
956 3918 1156 3974 laboris
1197 3919 1380 3976 abillo
1410 3921 1627 3976 homine
1661 3922 1754 3954 ⁸¹⁰⁷
1809 3932 1994 3992 aperte

413 4005 756 4062 excluditur:
792 4008 844 4062 in
898 4009 986 4062 illa
1018 4020 1195 4064 autem
1227 4010 1322 4042 ³³⁸⁸
1351 4011 1574 4079 quaestio
1619 4011 1753 4064 oriri
1795 4011 1863 4065 de
1893 4013 1995 4067 hoc

2115 1751 2306 1792 omnes
2323 1735 2413 1790 alti
2446 1735 2537 1790 ﬁlii
2565 1737 2696 1789 Adae
2718 1735 2810 1766 ³⁸⁸⁸
2835 1735 3066 1803 habent,
3115 1750 3146 1789 a
3172 1749 3268 1788 sua
3297 1735 3506 1806 origine
3541 1733 3706 1805 justi-

2117 1828 2244 1884 tiam
2274 1826 2590 1900 originalem
2615 1826 2814 1881 habere
2836 1827 3094 1881 dicendus
3122 1812 3226 1880 est.

2549 1917 2776 1974 CAPUT
2816 1916 2934 1970 xxn
2966 1916 3060 1989 [αι.
3091 1916 3233 1989 XX].

2185 2005 2364 2073 Quare
2387 2023 2487 2062 non
2523 2008 2688 2078 potuit
2720 2006 2908 2060 habere
2938 2007 3256 2068 persanalem
3289 2006 3628 2072 iniustitiam.

2184 2098 2252 2152 At
2274 2098 2340 2153 de
2368 2097 2636 2168 personali
2665 2097 2759 2129 ³²¹⁵
2782 2097 3050 2166 injustitia
3071 2099 3401 2168 superﬂuum
3422 2099 3708 2168 estdiSpu-

2113 2196 2276 2253 tare,
2307 2191 2450 2258 quod
2498 2189 2566 2244 ad
2615 2187 2763 2242 illum
2817 2187 2909 2219 ⁸²¹⁵
2952 2203 3059 2244 non
3113 2189 3388 2259 attigerit;
3442 2190 3705 2257 quoniam

2111 2280 2348 2337 humana
2380 2289 2574 2334 natura
2604 2295 2878 2351 nunquam
2908 2281 2961 2334 in
2987 2279 3077 2335 illo
3101 2281 3218 2335 sine
3240 2282 3418 2335 divina
3450 2280 3573 2346 fuit,
3603 2297 3706 2338 nec

2110 2371 2254 2429 illius
2283 2372 2461 2427 anima
2489 2388 2724 2444 unquam
2755 2384 3047 2444 aggravata
3101 2384 3287 2429 contra
3327 2374 3656 2430 voluntatem
3683 2366 3736 2442 ,"

2109 2473 2202 2518 aut
2245 2464 2354 2520 ullo
2411 2466 2569 2520 modo
2624 2465 2880 2535 impedita
2935 2474 3018 2519 est
3065 2479 3293 2534 corpore
3341 2466 3698 2534 corruptibili.

2108 2555 2239 2624 Qua:
2265 2556 2483 2624 anima,
2509 2557 2763 2626 quoniam
2788 2557 2932 2626 ipsa,
2971 2557 3080 2611 imo
3132 2566 3273 2612 totus
3323 2556 3412 2612 ille
3451 2558 3610 2613 homo
3641 2567 3704 2613 et

2108 2647 2343 2703 Verbum
2377 2649 2470 2704 Dei
2494 2649 2666 2714 Deus,
2701 2665 2804 2703 una
2833 2663 3068 2719 persona
3097 2664 3311 2718 semper
3333 2649 3542 2704 exstitit
3563 2649 3661 2680 ³²¹⁸
3681 2689 3698 2713 ,

2109 2753 2385 2808 nunquam
2413 2739 2532 2794 sine
2564 2737 3055 2810 perfectajustitia,
3104 2748 3160 2794 et
3186 2739 3479 2809 sapientia,
3521 2748 3576 2796 et
3602 2756 3704 2811 po-

2107 2835 2304 2883 testate
2331 2827 2430 2883 luit
2459 2868 2474 2894 ,
2532 2844 2693 2898 quam
2736 2844 2949 2897 semper
2977 2843 3006 2882 a
3043 2828 3221 2898 seipso
3268 2829 3356 2883 ille
3398 2837 3700 2884 secundum

2107 2933 2430 2989 personam,
2454 2919 2594 2974 sicut
2634 2920 2773 2974 Deus
2797 2959 2812 2986 ,
2847 2920 3062 2983 habuit;
3096 2920 3220 2975 licet
3257 2920 3311 2974 iu
3351 2922 3558 2976 naturis
3599 2922 3702 2974 Ιιιι-

2109 3025 2321 3064 manaa
2352 3010 2571 3077 divina,
2619 3012 2762 3082 quod
2817 3011 2905 3043 3’"
2958 3011 3183 3079 habuit;
3234 3014 3503 3083 acceperit
3552 3014 3693 3068 ³³ης

2113 3101 2357 3156 altiorem
2403 3110 2584 3156 autem
2633 3101 2794 3156 aliam
2853 3102 3115 3157 rationem
3155 3143 3170 3168 ,
3233 3104 3505 3172 quomodo
3552 3103 3699 3159 Deus

2109 3195 2402 3265 assumpsit
2431 3193 2702 3248 hominem
2742 3193 2808 3248 de
2851 3207 3027 3247 massa
3058 3193 3357 3263 peccatrice
3391 3195 3510 3249 sine
3561 3209 3696 3263 pec-

2107 3295 2271 3352 cato,
2321 3285 2468 3339 velut
2515 3300 2763 3356 azymum
2804 3285 2868 3338 de
2932 3284 3256 3340 fermentato
3315 3285 3444 3348 "",
3496 3295 3700 3355 praeter

2108 3377 2266 3431 istam
2288 3415 2303 3439 ,
2331 3390 2492 3445 quam
2527 3375 2612 3428 hic
2638 3391 2652 3440 ;
2682 3382 2736 3430 et
2767 3373 2909 3428 illam
2935 3390 3098 3445 quam
3128 3374 3255 3429 alibi
3282 3375 3434 3445 posui
3465 3374 3581 3446 (lib.
3609 3391 3646 3429 ιι
3676 3416 3694 3442 ,

2105 3465 2345 3540 c_ap.16)
2399 3480 2518 3520 esse
2567 3481 2671 3520 non
2713 3481 2892 3536 nego:
2935 3481 3096 3536 quam
3123 3505 3141 3533 ,
3190 3466 3236 3521 si
3281 3467 3411 3521 mihi
3465 3476 3692 3522 ostensa

2103 3558 2298 3623 fuerit,
2328 3557 2558 3613 libenter
2583 3559 2786 3629 accipio
2812 3574 2826 3624 ;
2863 3567 2920 3613 et
2949 3574 3127 3626 meas,
3153 3559 3196 3614 si
3229 3559 3393 3630 (quod
3416 3576 3520 3615 non
3543 3565 3696 3618 arbi-

2105 3650 2239 3722 tror)
2271 3659 2461 3704 contra
2503 3650 2791 3706 veritatem
2823 3666 2944 3706 esse
2987 3651 3262 3722 potuerint
3307 3653 3401 3684 ³²¹⁰
3443 3656 3687 3725 ostendi,

2102 3755 2210 3794 non
2239 3748 2414 3795 [6000.

2454 3828 2682 3886 CAPUT
2721 3830 2861 3885 XXII
2895 3829 2988 3903 [aL
3019 3831 3162 3905 XXI]
3192 3833 3303 3887 “".

2387 3921 2462 3976 De
2517 3924 2808 3992 quantitate
2864 3923 3132 3993 originalis
3183 3923 3397 3993 peccati.

2171 4013 2339 4067 Porro
2373 4022 2651 4082 peccatum
2698 4014 2957 4084 originale
3011 4029 3111 4069 nec
3155 4014 3326 4084 majus
3359 4025 3530 4086 potest
3559 4032 3686 4075 esse

413 4101 530 4170 ipso
575 4103 816 4170 videtur;
870 4106 964 4160 sed
1010 4103 1293 4160 sufﬁcienti
1341 4104 1578 4170 ratione,
1633 4105 1678 4160 si
1712 4105 1996 4176 diligenter
2031 4140 2075 4195 Β
2101 4119 2262 4175 quam
2286 4103 2392 4159 dixi
2415 4143 2430 4170 ,
2457 4117 2556 4158 nec
2582 4103 2758 4160 minus
2789 4121 2801 4157 :
2830 4105 2956 4176 quia
2984 4105 3077 4136 ³³⁸⁸
3105 4119 3226 4161 cum
3253 4107 3434 4162 iulans
3457 4105 3568 4176 jam
3594 4123 3684 4162 ra-

1678 4300 1912 4356 VARUE
1951 4298 2354 4356 LECTIONES.

949 4419 1272 4468 necessrtate
1325 4429 1450 4466 mss.

927 4483 1090 4536 Mica.
1162 4480 1521 4552 EditaGoth.
1582 4498 1686 4537 non
1748 4492 1927 4552 posset

484 4413 574 4446 ""
641 4411 757 4467 Non
823 4426 891 4465 ex

411 4481 558 4535 Gem.
609 4481 732 4536 Bec.
806 4482 867 4537 S.

411 4553 503 4584 ³¹⁰⁰
556 4552 722 4618 Quem
790 4553 855 4606 de
914 4555 1076 4607 corde
1137 4570 1235 4606 ms.

411 4621 498 4676 I9.
554 4624 700 4674 omit.
847 4622 941 4656 ³¹⁰¹

408 4707 508 4744 ms.
569 4687 698 4761 Vict.
752 4691 973 4761 I9.itic
1033 4687 1211 4758 incipit
1269 4691 1436 4761 Caput
1487 4694 1572 4748 I9.
1719 4692 1814 4761 “9‘

407 4771 496 4830 put
549 4760 636 4813 I9.

410 4829 506 4861 ³¹⁰⁶
536 4829 677 4883 Fieri

1533 4411 1671 4468 Vict.
1734 4411 1882 4468 Gem.
1955 4412 2078 4467 Bec.
2139 4427 2242 4465 uou
2323 4411 2646 4467 necessitate

2070 4483 2184 4548 δι”.
2224 4482 2416 4536 Filiqu
2485 4497 2642 4535 suum
2698 4496 2822 4534 um.

1324 4551 1452 4606 Vict.
1510 4553 1598 4608 I9.
1667 4551 1826 4622 quem
1883 4563 2140 4622 tauquam
2195 4552 2261 4605 de
2311 4551 2475 4606 corde

993 4622 1110 4687 Quo
1167 4622 1496 4692 procedebat
1563 4620 1696 4678 mss.
1759 4621 1889 4675 Vict.
1953 4620 2061 4691 quo
2117 4623 2229 4690 ipse
2289 4620 2615 4690 procedebat

1851 4692 1982 4759 Qua:
2032 4693 2148 4745 duae
2203 4695 2435 4745 rationes
2477 4702 2575 4762 etc.
2631 4692 2686 4744 in
2731 4708 2859 4745 mss.
2894 4691 3028 4762 Tim.
3072 4693 3196 4747 546.
3248 4695 3332 4746 Itic
3364 4695 3542 4762 incipit
3574 4693 3682 4749 Ca-

2791 4411 2885 4446 m'
2941 4410 3056 4466 Non
3117 4413 3288 4470 possit
3345 4430 3473 4468 mss.
3540 4412 3680 4470 Vict.

2909 4481 3043 4536 Vict.
3111 4481 3246 4537 Tim.
3301 4486 3471 4538 omitt.
3519 4499 3680 4539 suum

2620 4551 2709 4582 ³²⁰¹
2764 4549 3044 4623 Tanquam
3100 4554 3334 4623 seipsum
3385 4571 3483 4608 ms.
3541 4553 3681 4611 Vict.

2759 4621 2853 4653 ³²⁰³
2910 4621 3390 4688 ριιίιιὶιειι’ίιυιειη
3457 4636 3555 4678 etc.
3619 4626 3676 4680 in

783 4759 878 4833 mf
932 4762 1044 4828 Ipsa
1093 4762 1320 4833 quidem
1349 4759 1540 4832 quam
1606 4779 1704 4817 ms.
1771 4760 1904 4833 Vict.
1963 4763 2062 4833 15.
2121 4761 2524 4833 ista__qu:_estio
2568 4777 2738 4833 quam
2770 4779 2895 4815 mss.
2931 4761 3062 4815 'l'im.
3097 4765 3197 4817 ista
3249 4759 3479 4832 quidem
3513 4779 3679 4833 quam

720 4829 890 4898 possit
921 4845 1047 4884 mss.
1083 4831 1196 4884 ﬁeri
1229 4829 1412 4899 posset
1481 4833 1573 4864 ³²⁰⁷
1598 4833 1680 4887 Ab
1709 4833 1801 4885 illo
1829 4831 2047 4886 homine
2074 4848 2172 4885 ms.
2209 4829 2343 4899 Tim.
2374 4830 2499 4884 561.
2530 4829 2710 4883 abillo
2739 4833 2954 4884 nomine
3029 4833 3123 4864 ³²⁰⁸
3157 4835 3210 4886 lu
3241 4829 3329 4887 illa
3365 4829 3549 4890 autem
3575 4851 3674 4890 ms.

411 4899 545 4953 Tim.
573 4899 694 4953 546.
726 4901 778 4952 lu
806 4900 894 4954 illo
923 4911 1102 4953 autem
1179 4898 1272 4931 ³¹⁰⁹
1299 4901 1539 4956 Solvitur
1570 4919 1698 4957 mss.
1736 4901 2048 4956 dissolvitur
2074 4917 2172 4953 ms.
2207 4898 2342 4954 Tim.
2383 4901 2478 4954 59|
2498 4939 2510 4953 .
2550 4900 2878 4955 dissolvetur
2951 4901 3043 4933 ³²¹⁰
3075 4902 3142 4956 In
3172 4919 3296 4956 ntss.
3331 4903 3468 4958 Tim.
3499 4907 3674 4958 conti-

408 4981 604 5024 nuatur
624 4969 796 5038 Caput
830 4970 1139 5036 prazcedens.
1191 4971 1282 5001 ³’ί¹
1309 4970 1498 5028 Justus
1530 4974 1722 5027 beatus
1752 4989 1876 5026 mss.
1897 4971 2076 5038 justus
2105 4979 2158 5024 et
2189 4969 2381 5024 beatus
2453 4971 2546 5002 ⁸²⁸¹

1248 5041 1342 5112 ἕ¹⁸³
1371 5041 1570 5097 Omnes
1604 5042 1858 5112 lilii‘Ada:
1893 5058 2019 5094 mss.
2054 5039 2188 5112 Tim.
2226 5038 2387 5112 Gem.
2405 5039 2536 5112 Bec.
2559 5054 2749 5096 omnes
2775 5041 2862 5093 alti
2891 5042 2981 5095 lilii
3011 5038 3168 5112 Athe
3205 5042 3300 5074 ""
3339 5043 3411 5096 At
3435 5042 3503 5098 de
3542 5060 3669 5112 per-

409 5041 544 5094 Tltu.
568 5040 853 5110 hic'incipit
880 5038 1053 5110 Caput
1075 5039 1169 5092 20.

407 5111 584 5181 soualir
613 5121 708 5164 etc.
745 5107 797 5162 in
832 5107 965 5163 mss.
1014 5107 1162 5162 Gem.
1196 5109 1337 5181 Tim.
1365 5112 1449 5181 hic
1471 5113 1654 5180 incipit
1685 5109 1856 5181 Caput
1887 5112 1978 5165 21.
2011 5111 2234 5181 subith
2270 5111 2423 5181 titulo
2456 5127 2472 5164 :

408 5180 755 5250 injustitiam.
775 5181 844 5234 At
870 5183 935 5233 de
959 5180 1227 5250 personali
1259 5197 1356 5234 ms.
1402 5180 1537 5234 Vict.
1566 5177 1652 5236 I9.
1689 5177 1848 5236 Et'de
1882 5177 2329 5250 personaliEdit.
2360 5178 2516 5250 Catii.
2541 5182 2616 5250 Ac
2640 5181 2712 5250 de
2743 5177 3012 5250 personali

1385 5251 1479 5322 3'“
1514 5251 1744 5320 Semper
1765 5247 1952 5306 existit
1980 5267 2105 5304 mss.
2137 5249 2344 5322 (iisin:
2371 5247 2507 5322 Vict.
2545 5249 2604 5304 S.
2629 5247 2792 5306 Mich.
2823 5261 2872 5305 et
2894 5250 3037 5305 Edit.
3062 5247 3463 5322 Gothfsemper
3489 5254 3673 5308 extitit

405 5267 503 5304 ms.
530 5249 664 5304 Tim.
699 5249 823 5303 546.
855 5265 974 5318 qua:
1004 5251 1070 5304 ad
1104 5249 1251 5303 illum

2596 4971 2956 5036 Quamobrem
2998 4974 3255 5041 quoniam
3289 4983 3391 5026 etc.
3437 4976 3492 5027 in
3538 4993 3668 5028 mss.

2509 5110 2688 5177 Quare
2733 5125 2839 5166 non
2881 5114 3055 5180 potuit
3088 5111 3288 5166 habere
3327 5110 3672 5182 personatam

3087 5183 3184 5214 ’m
3211 5181 3365 5250 Quod
3409 5182 3476 5238 ad
3519 5183 3671 5237 illum

407 5319 498 5390 ’ξιτ
527 5319 571 5372 Α
609 5321 786 5373 divina
819 5321 960 5390 quod
990 5336 1090 5373 ms.
1126 5319 1260 5374 Tim.
1290 5319 1417 5374 546.
1440 5337 1482 5389 ,τι
1512 5319 1694 5375 divina
1726 5331 1916 5390 natura
1948 5324 2092 5390 quo}
2165 5319 2260 5390 “‘7'
2303 5319 2504 5390 Habuit
2553 5321 2760 5390 accepit
2785 5389 2792 5390 ί
2815 5338 2940 5376 mss.
2992 5322 3182 5376 Cister.
3235 5319 3380 5390 Tim}
3424 5334 3471 5376 et
3514 5323 3668 5376 Edit.

406 5388 560 5443 Cotti.
601 5390 806 5453 habuit,
832 5385 1102 5458 acceperit
1173 5391 1266 5422 ⁸²¹⁹
1301 5391 1374 5444 De
1405 5385 1666 5445 fermento
1689 5408 1788 5444 ms.
1818 5385 2009 5444 Cister.
2036 5389 2337 5458 CemLBec.
2384 5385 2514 5442 Vict.
2547 5391 2631 5445 I9.
2653 5385 2712 5445 S.
2743 5389 2902 5443 Mica.
2937 5390 3071 5446 Tim.
3103 5393 3227 5447 546.
3259 5405 3305 5446 et
3331 5389 3478 5445 Edit.
3505 5392 3666 5447 Colit.

403 5459 468 5512 tle
501 5457 989 5530 fermentato‘mi"
1022 5457 1316 5514 Veritatem
1343 5462 1618 5530 potuerint
1640 5477 1764 5514 mss.
1790 5460 1978 5514 Cister.
2007 5458 2142 5530 Tim.
2172 5457 2318 5530 Gem.
2349 5458 2468 5512 Bec.
2497 5459 2558 5513 S.
2587 5460 2752 5530 dﬁcit.
2777 5471 2823 5530 et
2857 5461 3002 5530 Edit.
3035 5462 3194 5516 Catii.
3225 5467 3512 5517 veritatem
3543 5476 3668 5516 esse

401 5527 1130 5627 ἲὲῗἪξῖἷίηῖἒ³ἱ;.Ϊί⁸ἔέ;η⁵έ⁴Ϊ;
1177 5527 1874 5627 νιῗῖἷξέίῗὲἷκθδῗξῖ,οἳίῗῐίὲ

2015 5529 2106 5560 ³³η
2172 5527 2265 5582 Est
2307 5530 2365 5602 in
2400 5545 2527 5584 mss.
2578 5527 2726 5585 Gem.
2775 5528 2908 5584 Tim.
2942 5528 3132 5588 Cistcr.
3184 5533 3320 5588 Vict.
3366 5530 3538 5602 Caput
3569 5531 3664 5587 22.

433 5598 501 5626 ²²¹
536 5594 644 5651 Nec
670 5599 844 5652 minus
869 5599 994 5668 quia
1025 5616 1150 5656 mss.
1201 5601 1334 5656 Vict.
1373 5600 1520 5657 Gem.
1564 5594 1690 5656 Becl
1719 5617 1820 5657 nec
1848 5601 2027 5656 minus
2055 5615 2216 5670 quam
2256 5600 2381 5669 quia
