3940 6046
387 210 493 265 455

953 203 1011 259 S.
1053 198 1348 257 ANSELMI
1389 196 1740 254 CANTHAR.
1782 191 2102 250 ARCIllEP.
2141 189 2292 246 OPP.
2338 188 2514 245 PARS
2538 188 2579 244 l.
2607 218 2677 229 —
2706 185 3124 245 DOGMATICA.

3541 190 3654 247 ιεσ

378 322 673 384 fecitesse;
705 317 797 373 sed
832 316 972 372 sicut
1004 315 1206 369 dictum
1256 319 1375 379 est,
1404 311 1458 365 in
1487 311 1583 367 illo
1608 308 1826 365 fuerunt
1849 321 1957 363 non
1988 308 2036 365 A
2063 303 2356 360 dammodo
2395 302 2529 357 facit
2555 300 2729 356 Adam
2755 300 2851 335 ω’
2881 338 2897 365 ,
2959 313 3097 369 quos
3124 312 3226 368 per
3251 306 3527 370 acceptam
3553 315 3654 373 po.

382 414 475 471 alii
502 411 684 467 abillo
708 451 723 475 ,
751 418 806 465 et
827 408 945 463 ideo
968 406 1126 476 longe
1152 405 1329 470 aliter,
1353 417 1516 472 quam
1533 409 1660 457 sunt
1684 401 1960 471 inseipsis.

380 504 582 560 Verum
617 498 864 569 quamvis
877 503 1088 552 constet
1108 510 1203 549 eos
1226 508 1415 549 omnes
1441 494 1494 548 in
1528 492 1617 548 illo
1640 492 1738 525 ⁸³⁸⁸
1761 491 1959 557 fuisse;

381 596 527 652 solus
551 603 729 647 tamen
760 589 930 644 Filius
966 587 1205 656 Virginis
1236 586 1393 641 valde
1430 584 1648 640 diverso
1693 584 1851 639 modo
1898 583 1967 638 ab

383 684 581 738 aliisin
636 681 725 735 illo
753 678 875 733 fuit.
924 676 1126 733 Omnes
1160 676 1359 745 quippe
1408 675 1497 729 alii
1554 675 1634 730 sic
1669 673 1887 730 fuerunt
1912 675 1964 729 in

381 774 502 839 illo,
555 780 613 826 ut
650 787 745 841 per
795 777 1042 825 naturam
1075 765 1442 838 propagandi,
1480 780 1599 834 quae
1624 764 1876 834 potestati
1914 773 1969 819 et

378 863 642 919 voluntati
694 860 811 928 ejus
852 858 1063 914 subdita
1095 867 1252 923 erat,
1312 858 1377 911 de
1418 855 1508 911 illo
1553 864 1772 911 essent:
1823 855 1969 911 solus

384 968 512 1010 vero
536 954 634 1007 iste
659 967 763 1006 non
800 950 879 1005 sic
909 949 963 1004 in
992 964 1055 1003 eo
1085 947 1216 1013 fuit,
1247 955 1306 1002 ut
1332 961 1431 1016 per
1464 955 1715 1002 naturam
1755 956 1849 1001 aut
1875 962 1968 1002 vo-

381 1047 645 1102 luntatem
699 1041 815 1110 ejus
867 1042 932 1096 de
970 1041 1060 1095 illo
1111 1040 1265 1094 ﬁeret
1317 1039 1393 1109 (id
1448 1048 1524 1092 est
1590 1048 1852 1108 quantum
1900 1039 1967 1093 ad

380 1136 560 1204 alios),
596 1135 660 1190 de
691 1133 811 1188 aliis
855 1132 997 1186 enim
1025 1138 1310 1200 acceperat
1343 1128 1458 1183 "".
1498 1128 1666 1183 Adam
1687 1169 1701 1194 ,
1754 1129 1968 1198 quando

380 1227 659 1299 peccavit,
693 1234 751 1278 ut
779 1232 923 1278 esset
948 1223 1051 1278 hoc
1075 1222 1139 1276 de
1166 1237 1274 1291 quo
1299 1221 1372 1275 illi
1400 1221 1566 1275 futuri
1611 1232 1796 1288 erant,
1827 1229 1882 1276 et
1910 1230 1969 1275 ut

383 1320 448 1374 de
471 1319 561 1373 illo
588 1316 884 1373 essent”m
915 1315 991 1387 (id
1023 1325 1097 1369 est
1135 1321 1397 1383 quantum
1423 1313 1489 1367 ad
1513 1313 1699 1384 istum)
1727 1331 1741 1369 :
1779 1318 1847 1368 de
1865 1314 1969 1368 isto

379 1426 544 1475 vero,
574 1418 633 1463 ut
655 1417 801 1464 esset
825 1409 958 1473 hoc,
989 1407 1132 1461 unde
1160 1406 1374 1460 iuturus
1412 1414 1574 1471 erat;
1627 1420 1733 1460 non
1788 1414 1965 1461 autem

382 1510 445 1555 ut
472 1501 537 1554 de
568 1498 656 1553 illo
683 1507 829 1554 esset
852 1496 980 1561 ³³⁸⁸,
1011 1495 1137 1564 quia
1164 1509 1270 1575 non
1313 1502 1429 1549 erat
1463 1495 1516 1548 in
1549 1493 1664 1562 ejus
1693 1494 1785 1526 ³³⁸⁷
1818 1503 1969 1564 pote-

381 1599 553 1657 state,
593 1600 650 1645 ut
677 1590 740 1643 de
766 1588 857 1642 illo
886 1595 1300 1656 prapagaretur.
1354 1585 1459 1640 Sed
1488 1601 1588 1640 nec
1615 1585 1668 1639 in
1699 1593 1967 1655 potestate

382 1682 500 1752 ejus
534 1688 653 1733 erat
679 1678 825 1734 utde
855 1650 960 1732 alia
988 1650 1260 1743 essentia,
1323 1686 1418 1731 aut
1466 1677 1533 1731 de
1576 1650 1742 1730 nihilo
1787 1675 1964 1732 ﬁeret.
2000 1650 2044 1705 Β

382 1761 567 1837 Quare
594 1784 698 1824 non
719 1778 839 1824 erat
876 1769 928 1822 in
957 1783 1022 1823 eo
1049 1807 1063 1832 ,
1120 1774 1176 1821 ut
1224 1766 1311 1823 hic
1355 1766 1538 1834 aliquo
1591 1766 1751 1821 modo
1800 1778 1964 1822 esset.

380 1861 517 1917 Nam
549 1877 647 1917 nec
680 1862 732 1914 in
758 1865 1022 1931 potestate
1057 1866 1296 1923 naturae,
1336 1871 1437 1912 nec
1476 1859 1529 1912 in
1562 1867 1829 1927 potestate
1868 1873 1967 1912 vo-

382 1953 610 2008 luntatis
666 1952 783 2022 ejus
834 1959 979 2013 erat,
1039 1958 1097 2003 ut
1151 1959 1295 2003 esset
1320 1963 1536 2017 quoquo
1602 1950 1781 2005 modo.
1840 1949 1972 2004 Erat

385 2052 567 2098 tamen
596 2043 650 2097 in
673 2056 739 2096 eo
769 2050 958 2095 natura
980 2079 994 2105 ,
1024 2039 1091 2094 de
1133 2054 1240 2108 qua
1277 2040 1657 2108 propagandus
1679 2050 1828 2106 erat,
1860 2056 1968 2096 non

383 2135 531 2205 ejus.
557 2134 650 2190 sed
679 2133 772 2188 Dei
805 2140 1089 2203 potestate.
1118 2130 1254 2186 Nam
1276 2131 1378 2186 etsi
1410 2146 1580 2201 usque
1604 2134 1669 2188 ad
1693 2132 1969 2204 Virginem

385 2211 691 2283 matrem'in
731 2223 1045 2296 parentibus
1073 2231 1128 2278 et
1153 2222 1401 2279 voluntas
1430 2224 1755 2290 seminavit,
1787 2235 1841 2281 et
1871 2242 1968 2280 na-

384 2329 506 2375 tura
532 2316 852 2389 germinavit
871 2355 887 2382 ,
921 2325 978 2370 ut
999 2315 1113 2385 ipsa
1140 2315 1303 2382 Virgo
1324 2316 1519 2384 partim
1552 2316 1815 2382 naturali,
1843 2331 1968 2386 par-

383 2411 483 2466 tim
523 2409 830 2464 voluntario
867 2421 1029 2461 cursu
1062 2406 1130 2460 ad
1173 2420 1333 2461 suum
1369 2420 1492 2461 esse
1527 2405 1597 2461 ab
1622 2406 1797 2461 Adam
1841 2422 1968 2476 pru-

378 2499 674 2555 duceretur
697 2497 824 2562 ³⁸⁵⁸,
853 2497 992 2551 sicut
1020 2508 1209 2549 omnes
1233 2492 1361 2561 alii,
1416 2494 1471 2549 in
1521 2493 1613 2548 illa
1663 2503 1841 2551 tamen
1872 2510 1972 2551 nec

386 2586 640 2643 voluntas
712 2572 975 2640 creatura:
1025 2582 1229 2653 prolem
1273 2583 1593 2649 seminavit,
1657 2599 1725 2639 ne
1780 2596 1972 2642 natura

385 2676 744 2747 germinavit;
795 2675 890 2730 sed
927 2673 1164 2745 Spiritus
1186 2683 1406 2731 sanctus
1433 2684 1492 2731 et
1511 2676 1685 2732 virtus
1704 2676 1970 2734 Altissimi

389 2769 455 2824 de
488 2767 706 2838 Virgine
734 2765 960 2821 muliere
990 2765 1166 2820 virum
1194 2765 1514 2822 mirabiliter
1536 2768 1971 2836 procreavit"".

389 2860 467 2916 De
494 2859 614 2914 aliis
650 2874 778 2928 ergo
802 2867 922 2914 erat
942 2858 995 2913 in
1020 2858 1191 2913 Adam
1215 2898 1231 2924 ,
1259 2859 1313 2914 id
1339 2868 1426 2915 est
1445 2860 1499 2914 in
1524 2858 1641 2928 ejus
1672 2870 1939 2929 potestate
1956 2903 1971 2929 ,

2070 405 2320 456 testatem
2368 397 2604 449 humana
2655 393 2900 448 voluntas
2954 392 3300 457 seminando,
3355 400 3411 447 et
3455 403 3650 452 natura

2068 486 2422 558 germinaudo
2446 494 2736 556 procreant
2764 484 2877 537 ³⁸⁸³.
2931 484 3097 539 Istum
3139 498 3266 538 vero
3315 486 3528 540 nonnisi
3552 487 3655 520 ³³⁸⁸

2068 583 2213 637 Deus
2237 580 2398 645 fecit,
2420 579 2667 649 quamvis
2690 579 2758 633 de
2776 577 2946 633 Adam
2979 595 2993 632 :
3031 577 3161 648 quia
3192 593 3300 633 non
3329 594 3425 648 per
3451 581 3647 644 Adam,

2069 672 2163 727 sed
2192 686 2290 741 per
2322 685 2411 737 se,
2454 669 2607 725 velut
2651 669 2720 725 de
2753 684 2871 725 suo.
2908 669 3046 737 Quid
3085 684 3212 739 ergo
3248 672 3654 729 conveniendus

2068 763 2136 818 ad
2171 761 2561 818 ostendendum
2593 759 3015 831 magnitudinem
3042 761 3301 817 bonitatis
3332 764 3423 819 Dei
3442 805 3458 829 ,
3498 774 3556 819 et
3583 764 3655 820 ad

2068 853 2462 923 plenitudinem
2483 854 2580 886 ωδ
2616 855 2805 925 gratiae
2833 869 2994 923 quam
3015 853 3146 909 Adae
3173 854 3270 887 ³³⁸⁸
3291 858 3653 924 concedebat;

2064 962 2234 1018 quam
2269 956 2329 1003 ut
2356 964 2585 1019 quorum
2610 949 2703 982 ”"
2725 964 2846 1004 esse
2872 949 2926 1004 in
2952 948 3094 1003 illius
3118 957 3392 1018 potestate
3417 949 3496 1005 sic
3512 958 3657 1018 erat,

2070 1050 2131 1096 ut
2166 1041 2311 1111 quod
2367 1041 2459 1096 ille
2506 1042 2830 1098 naturaliter
2884 1050 3045 1107 erat,
3105 1042 3207 1097 hoc
3259 1042 3331 1097 illi
3379 1058 3475 1111 per
3503 1043 3654 1098 illum

2069 1140 2285 1187 essent:
2320 1131 2391 1186 ita
2418 1146 2633 1201 quoque
2671 1134 2722 1186 iu
2764 1131 2881 1199 ejus
2929 1141 3072 1185 esset
3105 1131 3316 1186 arbitrii
3348 1132 3607 1188 libertate
3637 1173 3655 1200 ,

2070 1232 2129 1275 ut
2160 1219 2334 1290 qualis
2359 1230 2475 1275 erat
2506 1221 2620 1290 ipse
2644 1222 2854 1292 justitia
2880 1222 2973 1254 ⁸¹⁶⁸
2996 1234 3050 1276 et
3074 1222 3329 1279 felicitate
3350 1265 3364 1288 ,
3395 1223 3527 1278 tales
3560 1239 3660 1280 eos

2070 1312 2441 1381 propagaret?
2469 1312 2579 1365 Hoc
2616 1312 2780 1383 igitur
2805 1312 2879 1366 illi
2903 1313 3085 1367 datum
3121 1323 3223 1368 est.
3256 1313 3522 1381 Quoniam
3552 1316 3658 1369 ita—

2068 1418 2173 1470 que
2202 1401 2255 1455 in
2285 1410 2446 1456 tanta:
2493 1403 2679 1473 gratiae
2719 1402 3038 1458 celsitudine
3080 1413 3284 1472 posuus
3324 1405 3461 1458 bona
3483 1443 3502 1471 ,
3533 1421 3657 1475 qua:

2069 1494 2172 1549 sibi
2202 1503 2259 1549 et
2283 1494 2375 1529 ³³⁸³
2405 1494 2509 1550 illis
2539 1498 2805 1550 servanda
2828 1506 3129 1565 acceperat,
3155 1506 3344 1566 sponte
3372 1499 3649 1553 deseruit:

2072 1586 2274 1641 idcirco
2328 1586 2424 1640 lilii
2482 1587 2831 1656 perdiderunt
2871 1587 3013 1656 quod
3062 1597 3217 1657 pater
3269 1588 3369 1643 illis
3411 1588 3658 1645 “"cum

2070 1677 2339 1731 servando
2367 1678 2494 1732 dare
2516 1687 2728 1747 posset,
2779 1692 2883 1731 non
2915 1677 3180 1731 servando
3236 1678 3472 1731 abstulit.
3528 1678 3658 1734 Htrc

2070 1769 2200 1825 mibi
2225 1767 2471 1824 sumccre
2506 1771 2720 1824 videtur
2739 1769 2832 1801 3'“
2859 1768 3030 1835 ratio,
3062 1784 3159 1824 cur
3184 1769 3248 1823 ad
3278 1770 3507 1824 infantes
3530 1786 3659 1839 pec-

2070 1878 2249 1923 catum
2275 1867 2479 1924 etmala
2506 1865 2836 1922 descendant
2864 1865 3013 1930 Adae;
3049 1865 3095 1920 si
3114 1863 3417 1933 diligenter,
3445 1872 3655 1918 remota

2069 1966 2254 2015 nostra
2286 1959 2582 2019 voluntate,
2609 1971 2728 2025 qua:
2753 1969 2894 2024 stupe
2923 1964 2977 2008 et
3000 1938 3229 2009 multum
3256 1954 3478 2023 impedit
3506 1970 3658 2007 men-

2070 2059 2180 2105 tem
2236 2051 2302 2105 ab
2341 2048 2612 2103 intellectu
2664 2044 3033 2112 rectitudinis,
3082 2043 3200 2113 ipsa
3246 2043 3397 2113 plura
3436 2042 3650 2110 iustitia

2073 2141 2470 2195 consideretur.
2497 2135 2742 2204 Qualiter
2784 2143 2965 2189 autem
3013 2141 3291 2204 peceatum
3340 2133 3479 2187 idem
3520 2131 3655 2185 mihi

2071 2233 2322 2287 videatur
2358 2231 2424 2285 ad
2463 2245 2558 2286 eos
2582 2227 2909 2285 descendere
2932 2267 2947 2293 ,
2984 2225 3170 2297 paucis
3211 2224 3514 2294 expediam.
3562 2223 3657 2278 Est

2074 2334 2356 2396 peccatum
2401 2338 2429 2376 a
2456 2331 2682 2385 natura,
2714 2327 2775 2373 ut
2823 2318 2931 2373 dixi
2982 2318 3123 2389 (cap.
3159 2315 3242 2387 l):
3274 2325 3330 2371 et
3356 2324 3441 2370 est
3468 2328 3657 2385 pecca-

2073 2421 2186 2467 tum
2211 2428 2241 2467 a
2271 2426 2520 2482 persona.
2549 2409 2735 2479 Itaque
2770 2408 2913 2477 quod
2958 2414 3043 2463 est
3100 2419 3131 2460 a
3176 2416 3403 2476 persona
3424 2445 3439 2469 ,
3483 2412 3661 2474 potest

2073 2504 2180 2560 dici
2210 2503 2529 2575 personale;
2581 2501 2721 2570 quod
2771 2509 2950 2555 autem
3005 2513 3037 2554 a
3086 2506 3315 2563 natura,
3366 2496 3655 2560 naturale,

2059 2596 2220 2666 quod
2251 2596 2448 2651 dicitur
2468 2590 2731 2664 originale
2760 2608 2774 2646 :
2805 2599 2860 2646 et
2890 2590 3031 2646 sicut
3058 2589 3343 2660 personale
3367 2588 3557 2641 transit
3587 2586 3656 2641 ad

2075 2701 2359 2754 naturam;
2397 2689 2469 2743 ita
2492 2686 2736 2742 naturale
2761 2684 2824 2737 ad
2853 2698 3138 2753 personam
3166 2682 3271 2738 hoc
3293 2681 3472 2736 modo.
3503 2678 3659 2744 Quod

2077 2779 2246 2835 Adam
2284 2780 2376 2813 “"
2406 2778 2752 2843 comedebat,
2779 2777 2885 2832 hoc
2914 2785 3107 2830 natura
3141 2774 3415 2844 exigebat;
3451 2771 3579 2842 quia
3603 2780 3662 2824 ut

2084 2872 2185 2927 hoc
2242 2871 2513 2940 exigeret,
2555 2871 2633 2924 sic
2674 2868 2769 2900 ηπ
2800 2875 2984 2923 creata
3033 2874 3171 2922 erat.
3214 2865 3366 2932 Quod
3415 2878 3546 2919 vero
3597 2864 3662 2916 de

387 2963 449 3009 ut
477 2953 545 3009 de
568 2952 660 3008 illo
682 2952 984 3018 essent;de
1013 2952 1119 3011 isto
1152 2966 1280 3007 vero
1322 2967 1432 3007 non
1477 2963 1599 3008 erat
1638 2954 1692 3009 in
1741 2938 1833 3008 illo
1857 2996 1873 3021 ,
1915 2966 1974 3010 ut
2002 2945 2047 3008 C
2077 2963 2223 3034 ligno
2254 2938 2425 3017 vetito
2463 2961 2724 3028 comedit,
2769 2975 2879 3016 non
2919 2959 3024 3015 hoc
3064 2958 3316 3012 voluntas
3361 2956 3456 2991 ’m
3506 2966 3662 3008 nam-

386 3045 572 3115 aliquo
605 3045 765 3101 modo
790 3052 972 3100 esset:
1002 3044 1145 3099 sicut
1174 3058 1279 3099 non
1304 3052 1424 3099 erat
1452 3044 1505 3098 in
1538 3044 1669 3101 limo
1687 3088 1702 3114 ,
1725 3047 1869 3103 unde
1891 3048 1974 3103 vir

386 3138 597 3209 primus
626 3138 719 3170 ³¹⁶⁰
745 3136 921 3193 lactus
944 3146 1029 3192 est
1053 3176 1069 3202 ,
1126 3136 1283 3191 utde
1325 3136 1416 3191 illo
1440 3146 1586 3192 esset
1613 3138 1970 3203 mirabiliter;

388 3244 567 3299 neque
596 3230 651 3285 in
677 3229 827 3294 viro,
858 3239 917 3283 ut
951 3227 1062 3283 Eva
1091 3228 1159 3282 de
1192 3227 1311 3292 illo,
1345 3231 1796 3299 quemadmodum
1830 3231 1974 3289 facta

389 3329 504 3388 est,
526 3329 691 3376 esset.
722 3318 827 3374 Sed
850 3334 951 3375 nec
972 3319 1026 3373 in
1051 3319 1232 3388 aliquo
1259 3334 1447 3389 eorum
1468 3363 1484 3389 ,
1539 3320 1594 3375 in
1631 3323 1841 3391 quibus.
1872 3324 1975 3380 fuit

391 3412 461 3466 ab
496 3410 669 3463 Adam
702 3424 872 3478 usque
918 3408 984 3463 ad
1034 3408 1291 3475 Mariam,
1331 3419 1479 3476 erat,
1528 3420 1588 3465 ut
1635 3421 1818 3479 esset;
1875 3414 1978 3470 fuit

350 3529 354 3532 ‹
390 3508 573 3555 tamen
600 3500 653 3553 in
676 3498 802 3563 illis,
822 3499 947 3568 quia
972 3508 1091 3555 erat
1113 3500 1164 3555 in
1180 3500 1288 3566 eis,
1319 3502 1459 3556 unde
1481 3501 1595 3571 ipse
1621 3506 1978 3562 assumendus

392 3600 539 3657 erat;
581 3590 1035 3660 quemadmodum
1088 3602 1207 3647 erat
1256 3591 1311 3645 in
1365 3591 1532 3658 limo,
1584 3594 1726 3650 unde
1772 3597 1977 3666 primus

391 3680 558 3736 homo
588 3681 759 3734 factus
785 3687 899 3746 est,
956 3688 1010 3733 et
1039 3680 1093 3735 iu
1123 3694 1188 3735 eo
1211 3680 1351 3735 unde
1390 3680 1499 3735 Eva
1531 3679 1671 3738 facta
1699 3695 1816 3751 est,
1867 3701 1972 3742 non

331 3810 334 3814 λ
392 3772 675 3828 voluntate
712 3781 978 3828 creaturae
1010 3773 1103 3805 ³³⁸⁸
1137 3782 1229 3827 aut
1256 3781 1555 3843 potestate,
1612 3776 1708 3831 sed
1749 3779 1863 3834 sola
1890 3781 1974 3835 di-

391 3862 517 3915 vina
548 3862 786 3917 virtute:
834 3862 929 3919 sed
975 3863 1078 3918 iste
1131 3872 1279 3919 tanto
1325 3864 1627 3921 mirabilius
1677 3877 1734 3922 et
1789 3871 1981 3940 majori

393 3954 597 4024 gratia;
642 3964 846 4024 quanto
877 3955 953 4009 illi
1008 3957 1126 4026 puri
1173 3958 1449 4021 homines,
1490 3959 1579 4013 hic
1627 3962 1789 4016 homo
1843 3962 1982 4018 Deus

392 4043 569 4098 factus
598 4053 701 4098 est.
739 4045 902 4099 Valde
943 4045 1128 4115 itaque
1162 4047 1380 4103 diverso
1417 4050 1576 4103 modo
1613 4050 1721 4104 iste
1759 4059 1879 4104 erat
1928 4052 1981 4104 in

391 4137 564 4194 Adam
583 4179 599 4205 ,
629 4141 843 4209 quando
868 4141 1143 4209 peccavit;
1173 4156 1335 4210 quam
1364 4156 1520 4197 erant
1543 4142 1648 4207 illi,
1677 4144 1767 4212 qui
1791 4143 1981 4198 volun-

2084 3055 2213 3110 ralis
2235 3055 2329 3111 sed
2366 3051 2664 3122 personalis
2684 3094 2698 3118 ,
2721 3052 2821 3106 hoc
2842 3060 2925 3105 est
2947 3048 3161 3119 propria
3195 3048 3288 3081 'm
3318 3048 3445 3103 fecit
3469 3065 3485 3101 :
3513 3047 3659 3117 quod

2081 3154 2264 3200 tamen
2295 3144 2403 3214 egit
2435 3158 2663 3212 persona
2684 3183 2700 3210 ,
2727 3156 2831 3197 non
2864 3140 2992 3196 fecit
3016 3141 3134 3196 sine
3170 3147 3384 3194 natura.
3419 3138 3657 3194 Persona

2086 3236 2232 3291 enim
2259 3242 2411 3298 erat,
2465 3234 2605 3303 quod
2653 3232 2934 3288 dicebatur
2972 3231 3185 3299 Adam;
3233 3237 3462 3297 natura,
3519 3229 3663 3299 quod

2083 3326 2281 3380 homo:
2333 3322 2463 3377 fecit
2513 3323 2677 3393 igitur
2718 3336 2948 3392 persona
2996 3321 3349 3391 peccatricem
3381 3329 3662 3384 naturam,

2079 3416 2208 3485 quia
2246 3430 2367 3470 cum
2392 3414 2563 3469 Adam
2594 3412 2689 3447 ³³⁷⁸
2716 3412 3002 3482 peccavit,
3056 3412 3219 3466 homo
3256 3410 3517 3481 peccavit.
3574 3408 3664 3464 Si-

2080 3505 2301 3575 quidem
2331 3519 2437 3559 non
2465 3502 2588 3572 quia
2621 3502 2783 3556 homo
2819 3510 2967 3566 erat,
3017 3507 3075 3555 ut
3097 3500 3319 3555 vetitum
3361 3513 3662 3567 prmsume-

2082 3603 2166 3649 ret
2188 3591 2451 3661 impulsus
2487 3600 2573 3646 est
2598 3606 2615 3646 :
2641 3591 2734 3646 sed
2757 3590 2974 3662 propria
3002 3589 3283 3644 voluntate
3307 3629 3321 3652 ,
3374 3603 3536 3656 quam
3557 3601 3663 3641 non

2083 3682 2368 3755 exigit‘m
2395 3690 2619 3749 natura,
2671 3682 2763 3736 sed
2793 3694 3021 3752 persona
3073 3681 3351 3749 concepit,
3403 3686 3665 3733 attractus

2087 3785 2189 3830 est.
2225 3774 2490 3829 Similiter
2540 3773 2599 3828 ﬁt
2646 3773 2699 3828 in
2747 3772 3040 3828 infantibus
3076 3786 3391 3827 econversu.
3427 3769 3664 3840 Nempe,

2090 3865 2233 3936 quod
2266 3864 2318 3918 in
2346 3863 2454 3919 illis
2475 3877 2581 3918 non
2612 3870 2699 3918 est
2726 3862 2936 3932 iustitia
2957 3901 2973 3927 ,
3010 3876 3171 3931 quam
3203 3861 3404 3915 debent
3429 3859 3665 3923 habere,

2090 3975 2196 4015 non
2226 3961 2329 4016 hoc
2360 3959 2491 4015 fecit
2526 3959 2738 4013 illorum
2771 3957 3019 4013 voluntas
3048 3957 3347 4028 personalis
3370 3997 3386 4021 ,
3442 3958 3585 4012 sicut
3614 3957 3666 4010 in

2088 4052 2292 4116 Adam;
2341 4052 2436 4106 sed
2476 4059 2693 4121 egestas
2724 4051 3023 4118 naturalis,
3075 4064 3237 4120 quam
3292 4050 3409 4116 ipsa
3470 4057 3668 4103 natura

2090 4142 2302 4213 accepit
2329 4142 2396 4196 ab
2419 4142 2611 4196 Adam.
2636 4142 2695 4196 la
2718 4142 2888 4196 Adam
2925 4155 3158 4210 namque
3174 4181 3190 4203 .
3240 4150 3394 4193 extra
3422 4153 3579 4206 quem
3603 4139 3670 4191 de

394 4232 535 4284 tario
563 4240 619 4284 et
644 4231 878 4286 naturali
923 4247 1083 4287 cursu
1127 4243 1505 4301 procreantur.
1537 4236 1661 4294 lllos
1691 4250 1820 4306 ergo
1847 4252 1984 4305 quu-
2018 4252 2069 4311 υ
2096 4236 2185 4292 illa
2212 4235 2349 4291 nihil
2369 4245 2523 4302 erat,
2548 4243 2634 4290 est
2661 4235 2857 4289 nudata
2884 4232 3092 4305 justitia
3124 4246 3286 4302 quam
3322 4230 3588 4286 habebat:
3616 4236 3673 4283 et

1713 4345 1946 4402 VARUE
1984 4345 2387 4402 LECTIONES.

466 4432 562 4471 ³²⁸⁸
617 4431 722 4486 Eos
775 4433 830 4485 in
889 4428 980 4486 illo
1014 4445 1221 4487 omnes
1266 4450 1392 4488 mss.
1450 4444 1497 4488 et
1540 4432 1691 4491 Edit.
1740 4435 1898 4492 Goth.
1957 4453 2149 4494 omnes
2202 4437 2256 4492 in
2314 4436 2407 4492 illo
2550 4434 2645 4468 ""
2694 4434 2771 4489 De
2819 4433 2940 4489 aliis
2968 4442 3249 4494 acceperat
3285 4448 3409 4487 mss.
3442 4440 3491 4484 et
3520 4414 3668 4484 Edit.

396 4502 555 4573 (ἶσαι.
621 4503 729 4573 De_
762 4502 882 4557 aliis
946 4503 1087 4555 enim
1141 4511 1427 4573 acceperat
1572 4505 1668 4538 ³¹⁸⁸
1734 4506 1800 4561 Et
1864 4517 1922 4561 ut
1975 4510 2041 4563 de
2091 4510 2184 4564 illo
2238 4517 2384 4563 esset
2449 4522 2574 4560 mss.
2646 4504 2809 4573 Gem._
2866 4503 2992 4558 Bec.
3068 4500 3199 4573 Vict.
3255 4502 3339 4573 19.
3393 4500 3452 4556 S.
3505 4500 3668 4554 Mida.

396 4584 445 4628 et
493 4571 637 4653 Edit.
669 4570 846 4653 ﬁcti}.
908 4579 961 4626 et
1019 4581 1078 4653 ut
1131 4575 1198 4628 de
1223 4570 1341 4653 ‘i_l_l_o
1377 4584 1585 4653 _essent
1736 4576 2012 4653 f"°___Non
2066 4590 2249 4653 autem
2311 4579 2497 4653 utude
2524 4570 2878 4653 jllo___esset,_
2935 4571 3232 4653 ms._Vict.
3285 4571 3673 4653 ‘9‘.“110ﬂnalll-

398 4652 509 4697 tem
566 4651 621 4695 ut
649 4644 715 4695 de
764 4642 852 4695 illo
896 4652 1078 4697 essent
1222 4645 1317 4677 ³⁸⁸⁷
1377 4646 1492 4702 Non
1552 4656 1672 4702 erat
1736 4647 1789 4702 in
1842 4647 1931 4702 illa
1986 4665 2113 4703 mss.
2174 4648 2311 4703 Vict.
2366 4646 2452 4703 l9.
2516 4642 2574 4701 S.
2628 4644 2789 4699 Miclt.
2837 4643 2985 4699 Gem.
3041 4643 3162 4697 Bcc.
3222 4653 3268 4696 et
3316 4641 3460 4694 Edit.
3512 4637 3669 4695 Goth.

401 4728 508 4767 non
558 4712 969 4796 eratnitntnejlts
1032 4783 1044 4796 .
1112 4714 1207 4796 mf
1257 4715 1619 4796 Producerent
1680 4735 1804 4796 mss.
1864 4730 1931 4796 et.
1962 4718 2108 4796 Edit.
2176 4718 2302 4796 Got1
2358 4716 2747 4796 produceretur
2808 4785 2820 4796 .
2889 4713 3336 4796 “"_Procreavit
3371 4727 3494 4765 mss.
3548 4723 3674 4777 pro-

402 4784 618 4857 pagavit
660 4780 784 4857 _'“_°
817 4781 968 4836 Unde
998 4783 1079 4857 vir
1106 4788 1310 4853 primus
1345 4803 1471 4841 mss.
1501 4789 1632 4842 Tim.
1667 4789 1807 4845 unde
1851 4789 2059 4857 primus
2086 4780 2450 4857 ltomorfac'tus
2506 4786 2614 4857 j’“
2644 4783 2765 4857 Non
2808 4785 2860 4840 in
2884 4854 2892 4857 _
2915 4784 3207 4857 voluntate
3234 4791 3498 4857 creaturae
3544 4795 3672 4834 mss.

401 4850 454 4905 ct
478 4850 625 4906 Edit.
650 4850 805 4905 Goth.
841 4869 944 4905 non
977 4850 1252 4909 voluntate
1273 4868 1536 4913 creaturas
1608 4859 1699 4899 θ’θ’
1732 4850 1884 4914 Facit
1906 4860 2079 4913 Adam
2110 4859 2213 4913 Ed.
2238 4856 2395 4911 Goth.
2422 4867 2469 4910 et
2506 4854 2629 4909 Ven.
2670 4855 2796 4908 fecit
2817 4854 2989 4910 Adam
3064 4852 3533 4909 ""Germinando
3553 4864 3677 4919 pro-

395 4935 551 4978 creat
574 4938 694 4975 mss.
730 4923 1412 4999 germinandoprocreant.
1454 4930 1598 4999 Edit.
1637 4928 1795 4999 Catii.
1829 4930 2181 4999 gertuinando
2209 4928 2516 4999 procreavit
2570 4924 2680 4999 _“_“
2714 4926 2877 4980 Istum
2930 4939 3059 4999 v_cro
3089 4938 3193 4999 non
3222 4939 3353 4999 mss.
3406 4920 3528 4999 Dec.
3558 4918 3678 4973 du-

397 5004 544 5050 stum
567 5005 695 5066 vero
725 5009 831 5066 non
906 4993 1001 5029 ³⁵⁵⁸⁸
1019 4992 1514 5066 Ad‘plenitudincm
1550 4998 1693 5054 Edit.
1719 4992 1874 5053 Gotli.
1908 5002 2055 5053 omit.
2079 5000 2146 5053 ad
2209 4992 2527 5052 "’“Gratiaa
2556 4996 2683 5050 Ade:
2711 5011 2834 5066 mss.
2859 5005 2906 5049 et
2939 4992 3264 5066 Ιξάὶιὶϐρίβι.
3290 4993 3478 5066 gratiae
3505 5005 3671 5066 quam

400 5065 531 5139 Adio
605 5063 695 5139 f’"
726 5063 897 5139 Quam
922 5074 979 5118 ut
1003 5059 1236 5139 quorum
1270 5084 1396 5123 mss.
1428 5069 1561 5124 Tltu.
1598 5080 1655 5124 ut
1682 5086 1913 5139 quorum
1988 5070 2082 5102 ³²⁸⁸
2108 5070 2224 5139 Ipse
2245 5069 2297 5139 in
2318 5067 2530 5139 justitia
2552 5084 2675 5120 mss.
2724 5065 2911 5139 Ciste‘r.
2960 5059 3316 5139 Tlut.___l“'i_ct.'
3351 5060 3498 5139 (iam.
3548 5059 3672 5139 Ιξες.

396 5136 570 5187 οηιὶιι.
604 5135 658 5187 in
733 5128 826 5165 ³⁵⁸³⁸
847 5133 977 5201 Quae
1004 5128 1141 5191 bona
1164 5139 1265 5192 sibi
1294 5150 1347 5193 et
1381 5157 1503 5193 mss.
1537 5139 1669 5193 Vict.
1696 5128 1841 5193 Gem.
1865 5138 1988 5194 Bec.
2016 5150 2065 5194 et
2087 5128 2231 5193 E'dit.
2259 5128 2414 5193 0611i.
2460 5138 2596 5192 bona
2645 5151 2764 5203 qua:
2810 5136 2909 5191 sibi
2938 5144 2993 5190 et
3064 5134 3156 5167 ³⁸⁷⁸
3206 5133 3335 5199 Qua:
3379 5132 3537 5203 Pater
3573 5128 3674 5203 illis

405 5214 501 5284 etc.
533 5205 828 5284 mss_.uqun‘(l
855 5204 1014 5284 linter
1038 5207 1143 5284 illis
1180 5219 1279 5262 etc.
1310 5210 1772 5284 mss._1_'hu._quod
1804 5209 1963 5284 l’ater
1984 5226 2105 5264 cum
2125 5210 2420 5284 servando
2441 5208 2546 5284 illis
2583 5201 3097 5284 dare_posset_,‘il_lis
3124 5219 3229 5259 non
3262 5201 3525 5284 servando
3552 5201 3674 5284 a‘bs-

406 5274 547 5328 tulit.
623 5267 719 5309 ³²⁷ί
771 5274 1030 5330 Sullleere
1054 5279 1265 5332 videtur
1290 5295 1414 5331 mss.
1443 5279 1577 5333 Tlm.
1613 5267 1744 5334 Vict.
1806 5278 1996 5333 Cia/er.
2050 5279 2321 5334 sul‘liciens
2372 5278 2587 5334 videtur
2662 5267 2763 5307 “7"
2788 5267 3125 5344 QuodAdam
3170 5291 3326 5344 mss._
3347 5267 3673 5344 Gem-L396-

404 5346 548 5425 guod
578 5346 720 5425 apud
742 5346 908 5425 Adam
984 5347 1079 5378 ³⁸⁷³
1115 5350 1179 5402 Ut
1202 5349 1314 5403 haec
1334 5351 1574 5425 erigeret
1598 5356 1674 5425 sic
1702 5366 1832 5425 mss.
1866 5348 2003 5404 Vict.
2033 5361 2083 5425 et
2113 5350 2259 5403 .(s‘dit.
2291 5347 2445 5403 Goth.
2474 5337 2931 5425 utitocexigerct
2975 5348 3054 5425 sic
3104 5361 3228 5397 mss.
3286 5342 3420 5396 Tim.
3481 5337 3670 5425 Cistﬁf.

406 5408 481 5491 lita
505 5408 687 5491 utlt'oc
705 5417 966 5491 exigeret,
999 5429 1180 5472 creata
1196 5408 1606 5491 _ms._S.VMich.
1638 5421 1797 5491 itaut
1820 5420 1934 5475 Itzec
1960 5420 2227 5491 exigeret,
2272 5429 2449 5491 creata
2496 5419 2619 5491 ﬁ"?
2646 5408 3217 5491 Non'ltaechvoluntas
3267 5430 3392 5466 mss.
3439 5421 3485 5490 et
3526 5408 3673 5491 Εςξίε

412 5482 706 5561 ςέοψηιιριι
736 5477 840 5561 bch
868 5477 1137 5561 voluntas
1166 5489 1618 5561 A“"_Personalis
1658 5490 1785 5544 Adae
1824 5477 2270 5561 propri:t'inss.'et
2302 5489 2447 5544 Edit.
2483 5486 2638 5561 Colit.
2689 5487 3031 5561 personalis,‘
3059 5486 3111 5540 id
3163 5495 3259 5561 est
3284 5481 3503 5554 propria
3579 5477 3673 5561 3":

411 5550 549 5633 Quia
576 5554 646 5633 ibi
669 5556 840 5633 Adam
869 5572 991 5633 mss.
1018 5569 1064 5612 et
1094 5558 1235 5611 Edit.
1260 5558 1418 5633 Cum.
1451 5560 1727 5632 quia'cum
1758 5547 1940 5618 Adaui
2006 5562 2097 5595 ³²⁷⁷
2130 5561 2303 5629 Quam
2324 5576 2429 5617 non
2455 5560 2635 5631 exegit
2661 5547 2758 5613 nis.
2790 5556 2935 5613 .Vict.
2970 5547 3055 5612 l9.
3100 5547 3353 5626 quoniam
3387 5547 3516 5607 'non
3569 5547 3680 5618 egit

413 5622 563 5678 Edit.
602 5622 754 5679 Coth.
787 5627 951 5696 (quod
983 5643 1089 5685 non
1118 5631 1317 5701 exegit)
