3940 6046
279 229 385 285 457

1286 231 1412 287 LIB.
1453 233 1541 288 DE
1579 228 1948 288 CONCEPTU
1984 229 2362 296 VIRGINALI,
2399 231 2553 287 ETC.

3430 242 3535 296 458

275 333 573 413 easemper
597 341 705 399 nisi
726 341 907 413 adjuta
939 351 1093 399 caret
1119 343 1213 376 “"5
1253 345 1358 400 hac
1417 345 1628 401 ratione
1651 385 1667 411 ,
1730 346 1856 418 quia
1886 349 1933 404 Α
1960 341 2094 397 Nam
2134 353 2188 399 et
2225 343 2273 399 si
2317 343 2371 398 in
2414 345 2585 402 Adam
2617 346 2744 417 (hoc
2791 358 2874 402 cst
2917 356 3125 402 natura;
3165 348 3433 421 humanae)
3465 354 3538 409 illi

277 442 471 489 natura
493 435 742 490 subsistit
767 434 819 490 in
841 436 1092 504 personis
1117 445 1173 491 et
1196 451 1440 506 persona:
1465 453 1571 492 non
1593 447 1719 492 sunt
1742 437 1860 492 sine

275 531 470 578 natura
491 563 507 590 ,
564 522 694 578 facit
719 523 815 556 ⁸³⁷³
837 531 1031 579 natura
1070 540 1328 596 personas
1356 525 1642 581 infantium
1668 539 1860 598 pecca-

277 614 466 669 trices.
505 615 597 670 Sic
625 615 878 684 spoliavit
906 631 1139 686 persona
1178 627 1426 672 naturam
1467 618 1610 674 bono
1633 617 1860 688 justitia:

277 706 333 760 in
353 704 567 760 Adam:
612 713 668 760 et
711 715 901 762 natura
937 720 1102 779 egens
1139 707 1280 764 facta
1324 722 1512 764 omnes
1561 723 1853 780 personas,

277 811 415 866 quas
449 797 563 866 ipsa
593 797 658 852 de
683 810 742 852 se
786 810 1078 868 procreat,
1133 799 1321 854 eadem
1373 809 1616 870 egestate
1663 814 1859 870 pecca-

279 889 446 944 trices
481 897 536 943 et
557 889 786 958 injustas
811 888 959 944 facit.
991 889 1106 944 Hoc
1146 892 1306 945 modo
1342 892 1538 946 transit
1575 902 1858 962 peccatum

275 976 406 1030 Δότε
432 977 720 1046 personale
741 977 797 1032 in
829 993 1020 1034 omnes
1049 979 1142 1012 ³²⁸⁰
1184 979 1276 1048 qui
1308 980 1376 1036 de
1408 981 1498 1037 illo
1537 981 1860 1037 naturaliter

274 1078 678 1139 prepagantur,
719 1079 881 1126 etest
912 1071 965 1125 in
1010 1071 1114 1125 illis
1143 1072 1406 1144 originale
1442 1073 1558 1128 sive
1591 1073 1857 1128 naturale.

275 1158 432 1216 Unde
455 1169 604 1231 patet
626 1161 719 1192 ³¹⁸¹
747 1177 999 1234 magnam
1047 1177 1168 1218 esse
1202 1165 1509 1220 distantiam
1555 1165 1698 1220 inter
1736 1179 1862 1234 pec-

275 1259 459 1305 catum
485 1251 616 1306 Adae
645 1260 700 1307 et
730 1261 1013 1322 peccatum
1038 1267 1226 1309 eorum
1261 1296 1278 1322 ,
1329 1257 1454 1325 quia
1489 1255 1582 1314 ille
1618 1254 1862 1326 peccavit

273 1340 491 1409 propria
515 1340 828 1405 voluntate;
862 1341 938 1397 illi
963 1344 1194 1398 naturali
1237 1354 1462 1414 peccant
1499 1347 1858 1410 necessitate,

275 1449 435 1503 quam
473 1436 692 1506 propria
729 1444 784 1492 et
829 1437 1130 1506 personalis
1157 1439 1352 1493 meruit
1399 1437 1541 1494 illius
1589 1438 1857 1495 voluntas.

274 1522 382 1579 Sed
407 1539 530 1579 cum
554 1539 711 1580 nemo
741 1525 951 1580 dubitet
971 1525 1064 1558 ³³⁸³
1078 1526 1201 1596 quia
1223 1541 1321 1596 par
1345 1541 1506 1597 ptena
1531 1543 1637 1583 non
1666 1542 1862 1600 sequa-

273 1625 364 1671 tur
393 1616 487 1648 ³⁸⁸³
516 1617 744 1686 imparia
766 1627 987 1688 peccata
1012 1656 1032 1684 ,
1069 1619 1125 1673 in
1158 1619 1261 1675 hoc
1288 1629 1468 1676 tamen
1500 1621 1690 1676 similis
1712 1631 1862 1678 estet

1964 435 2226 490 remansit
2255 434 2434 506 aliqua
2451 435 2680 505 justitia,
2699 447 2758 492 ut
2778 453 2830 493 tn
2863 439 3022 494 rebus
3043 440 3312 510 aliquibus
3333 455 3537 500 rectam

1959 537 2205 584 servaret
2233 528 2570 585 voluntatem
2601 548 2615 585 :
2648 532 2727 587 sic
2765 541 2945 587 tamen
2971 533 3180 603 privata
3220 545 3303 590 est
3331 537 3421 590 illo
3445 539 3538 570 ³⁸⁸⁸

1959 617 2102 675 dono
2119 635 2228 690 quo
2248 621 2350 676 sibi
2375 620 2648 691 justitiam
2669 625 2941 679 custodire
2961 635 3171 695 poterat
3191 627 3245 681 in
3262 638 3536 698 posteros;

1960 719 2023 764 ut
2051 711 2102 765 in
2128 711 2277 766 nullo
2303 726 2489 768 eorum
2522 713 2637 785 ipsa
2663 731 2786 771 cum
2813 715 2990 787 aliqua
3019 718 3228 788 justitia
3262 737 3320 778 se
3345 739 3541 794 propa-

1958 813 2090 869 gare
2119 809 2302 870 queat.
2352 800 2480 856 Plus
2526 804 2709 873 itaque
2755 806 2848 840 ³²⁹⁰
2888 807 2943 862 in
2982 807 3276 866 infantibus
3324 811 3542 870 auferre

1958 890 2059 945 sibi
2091 906 2196 946 non
2231 892 2418 956 valuit,
2455 910 2618 964 quam
2647 913 2863 952 omnem
2886 899 3150 968 justitiam
3169 913 3227 956 et
3254 904 3541 958 beatitudi-

1959 993 2116 1046 nem,
2171 997 2290 1051 quzn
2338 982 2466 1036 nulli
2521 985 2680 1038 datur
2733 987 2912 1056 aliqua
2961 990 3050 1022 ³²⁰¹
3103 994 3306 1047 carenti
3361 995 3536 1049 debita

1953 1065 2192 1136 justitia.
2225 1071 2382 1136 Quod
2431 1083 2615 1126 autem
2664 1077 3032 1142 proximorum
3077 1092 3358 1148 parentum
3402 1086 3534 1153 inju-

1957 1158 2104 1213 Stitia
2132 1160 2300 1228 possit
2320 1160 2457 1216 hanc
2479 1177 2676 1234 augere
2695 1163 2920 1231 justitiae
2943 1170 3265 1235 nuditatem,
3295 1188 3401 1242 qua
3430 1192 3537 1231 non

1959 1248 2104 1303 valet
2130 1251 2181 1304 in
2207 1249 2446 1308 infantes
2469 1255 2534 1308 ab
2554 1255 2684 1310 Atla:
2706 1268 2960 1326 peccator
2990 1261 3166 1333 major
3188 1265 3537 1333 descendere,

1959 1357 2066 1396 non
2099 1342 2313 1398 videtur
2360 1346 2635 1413 possibile.
2680 1348 2812 1404 Nam
2855 1351 2942 1406 ubi
2991 1354 3135 1408 nulla
3181 1366 3265 1410 est
3304 1357 3536 1428 justitia,

1961 1432 2106 1486 nulla
2132 1441 2308 1502 potest
2333 1433 2534 1490 auferri
2557 1435 2788 1506 justitia.
2817 1439 2967 1496 Unde
2994 1451 3173 1497 autem
3202 1446 3341 1501 nulla
3369 1459 3540 1516 potest

1963 1524 2238 1579 absentari
2290 1525 2522 1596 justitia,
2577 1527 2649 1582 ibi
2697 1528 2819 1584 ad'di
2868 1531 3013 1587 nulla
3061 1534 3205 1590 valet
3257 1537 3538 1607 injustitia.

1963 1610 2176 1688 Nullam
2223 1627 2354 1684 ergo
2384 1614 2680 1674 infantibus
2722 1619 2835 1674 suis
2879 1619 3078 1676 addere
3107 1635 3310 1698 queunt
3359 1629 3541 1697 injusti

271 1709 576 1778 personalis
604 1717 659 1765 et
680 1709 958 1781 originalis
986 1711 1192 1780 peccati
1217 1711 1509 1776 damnatio,
1535 1713 1658 1781 quia
1685 1714 1860 1771 nullus

1966 1714 2220 1772 parentes
2271 1705 2624 1776 injustitiam,
2675 1726 2835 1780 super
2879 1715 3192 1782 pratdictam
3243 1721 3540 1779 nuditatem

274 1801 584 1855 admittitur
607 1801 672 1855 ad
706 1816 930 1870 regnum
961 1792 1076 1869 Dei,
1107 1803 1172 1857 ad
1195 1803 1337 1872 quod
1361 1801 1536 1858 factus
1563 1814 1646 1860 est
1675 1805 1858 1872 homo,

273 1892 373 1947 nisi
396 1906 495 1963 per
512 1901 740 1946 mortem
762 1891 991 1960 Christi,
1043 1893 1159 1948 sine
1192 1908 1311 1962 qua
1337 1893 1431 1926 ⁸³⁸⁵
1457 1909 1562 1949 non
1616 1896 1862 1952 redditur

273 1981 416 2048 quod
438 1993 538 2049 pro
563 1981 692 2035 Adae
717 1990 939 2051 peccato
959 1981 1212 2046 debetur,
1245 1984 1492 2052 quamvis
1533 1999 1638 2040 non
1673 2000 1861 2043 omnes

270 2072 480 2141 pariter
530 2072 583 2128 in
623 2073 832 2128 inferno
891 2074 1128 2144 torqueri
1177 2089 1504 2130 mercantur.
1559 2074 1693 2130 Nam
1742 2085 1864 2147 post

273 2161 417 2216 diem
440 2160 628 2230 judicii
659 2163 836 2219 nullus
867 2163 973 2219 erit
1000 2163 1222 2235 angelus
1259 2174 1351 2218 aut
1379 2165 1540 2220 homo
1567 2204 1582 2232 ,
1635 2167 1737 2222 nisi
1767 2176 1862 2223 aut

275 2253 330 2307 in
358 2268 526 2324 regno
555 2253 688 2320 Dei,
725 2255 894 2310 autin
919 2254 1150 2310 inferno.
1178 2255 1256 2308 Ita
1285 2256 1451 2326 igitur
1479 2265 1533 2312 et
1576 2265 1858 2326 peccatum

279 2345 436 2416 105
467 2345 752 2400 infantium
780 2347 957 2401 minus
983 2356 1067 2402 est
1094 2362 1255 2416 quam
1287 2354 1568 2416 peccatum
1600 2347 1761 2414 Adae;
1808 2356 1864 2402 et

273 2437 456 2492 nullus
484 2445 660 2492 tamen
685 2438 802 2493 sine
830 2437 916 2492 illa
947 2438 1238 2494 universali
1282 2437 1649 2494 satisfactione
1684 2438 1861 2493 Salva-

275 2537 396 2594 tur,
422 2545 520 2601 per
537 2545 697 2599 quam
733 2538 788 2584 et
815 2546 1068 2600 magnum
1098 2530 1192 2562 ⁸²⁸⁵
1218 2539 1272 2584 et
1303 2545 1526 2600 parvum
1575 2529 1864 2584 dimittitur

274 2632 578 2692 peccatum.
608 2622 716 2678 Cur
737 2632 916 2679 autem
951 2639 1054 2678 non
1079 2624 1150 2678 sit
1169 2625 1286 2678 sine
1308 2625 1396 2678 illa
1420 2622 1521 2654 ⁸¹⁸⁶
1548 2632 1721 2676 morte
1745 2663 1759 2687 ,
1809 2629 1864 2676 et

274 2715 548 2785 quomodo
579 2731 672 2786 per
698 2715 843 2771 illam
871 2717 941 2772 sit
983 2715 1128 2770 salus
1157 2716 1432 2770 hominum
1461 2759 1475 2783 ,
1537 2717 1588 2770 in
1639 2715 1862 2785 prmfato

275 2807 454 2874 libro,
485 2809 626 2864 sicut
648 2807 792 2863 Deus
836 2807 967 2862 mihi
1001 2809 1185 2874 dedit,
1215 2807 1434 2878 qumsivi
1455 2815 1510 2862 et
1543 2808 1670 2863 dixi.

584 2919 814 2976 CAPUT
847 2918 1017 2974 XXIV
1049 2918 1179 2991 [al.,
1219 2917 1408 2990 xxm]
1443 2917 1557 2972 ηδτ.

280 3014 436 3081 Quod
454 3000 672 3084 'peccata
699 3024 977 3084 parentum
1015 3023 1128 3082 post
1161 3012 1331 3084 Adam
1362 3028 1464 3066 non
1499 3020 1861 3082 computentur

639 3086 692 3138 in
729 3083 974 3154 originali
1001 3092 1212 3152 peccato
1248 3082 1499 3150 ﬁliorum.

352 3177 644 3233 Parentum
670 3191 802 3251 vero
832 3176 1204 3247 proximorum
1241 3182 1460 3246 peccata
1489 3174 1555 3230 ad
1600 3174 1864 3246 originale

275 3280 562 3342 peccatum
594 3285 701 3326 non
747 3269 960 3325 aestimo
1000 3268 1273 3339 pertinere
1313 3282 1328 3321 :
1378 3268 1577 3338 quippe
1604 3268 1650 3322 si
1689 3267 1860 3322 Adam

277 3362 616 3432 nequivisset
641 3361 708 3416 ad
735 3375 849 3425 eos,
874 3375 1010 3430 quos
1036 3366 1393 3430 generaturus
1417 3367 1568 3426 erat,
1591 3358 1861 3430 justitiam

276 3467 437 3508 suam
481 3451 778 3521 perducere
820 3449 1315 3520 ""anquaquam
1354 3459 1537 3518 posset
1579 3449 1659 3505 eis
1708 3462 1860 3505 suam

277 3541 601 3610 injustitiam
633 3539 1019 3596 transmittere.
1046 3537 1242 3605 Quare,
1266 3538 1520 3608 quoniam
1544 3537 1721 3594 nullus
1744 3547 1864 3610 post

278 3634 454 3688 Adam
483 3633 608 3689 filiis
637 3633 749 3688 suis
795 3631 965 3702 quivit
1002 3629 1267 3699 justitiam
1296 3645 1450 3687 suam
1475 3646 1715 3701 servare,
1745 3633 1863 3688 nul-

277 3725 389 3780 lam
419 3724 578 3780 video
612 3724 883 3779 rationem
915 3735 1013 3778 cur
1032 3723 1402 3793 proximorum
1429 3731 1711 3792 parentum
1741 3738 1865 3793 pec-

279 3824 404 3873 cata
438 3814 670 3870 ﬁliorum
717 3815 950 3870 debeant
996 3812 1282 3868 animabus
1318 3811 1589 3882 imputari.
1622 3812 1864 3883 Denique

281 3906 419 3963 nnili
447 3905 668 3961 dubium
687 3914 772 3960 est
795 3903 1188 3972 quodinfantes
1223 3902 1423 3958 nullam
1452 3909 1670 3958 servant
1702 3904 1865 3958 recti-

280 3998 530 4054 tudinem
557 3996 856 4053 voluntatis
889 4006 1114 4068 propter
1145 3996 1318 4066 ipsam
1363 3994 1765 4050 rectitudinem.
1805 3994 1863 4048 In

281 4089 386 4144 hoc
411 4103 543 4157 ergo
580 4095 708 4144 sunt
753 4100 944 4142 omnes
982 4085 1189 4157 pariter
1227 4084 1448 4155 injusti,
1497 4085 1623 4156 quia
1659 4085 1862 4140 nullam

279 4178 504 4244 habent,
535 4177 697 4249 quam
739 4178 916 4233 omnis
945 4177 1108 4232 homo
1144 4178 1345 4233 habere
1370 4177 1550 4244 debet,
1571 4176 1858 4248 justitiam.

279 4271 412 4328 Haec
441 4271 656 4326 nuditas
678 4269 904 4340 justitia:
933 4268 1211 4324 descendit
1237 4268 1306 4322 ad
1341 4282 1531 4324 omnes
1559 4269 1626 4324 ab
1655 4268 1824 4322 Adam
1843 4308 1860 4334 ,

279 4363 341 4419 in
373 4377 480 4433 quo
513 4362 753 4417 humana
797 4368 990 4415 natura
1020 4374 1079 4416 se
1120 4359 1368 4430 spoliavit
1412 4359 1601 4415 eadem
1627 4358 1858 4428 justitia.

1957 1793 2204 1863 justitiat.
2233 1796 2303 1851 At
2329 1797 2416 1851 ubi
2453 1798 2597 1853 nulla
2625 1811 2709 1855 est
2735 1801 2950 1870 justitia
2989 1804 3105 1870 θ’θ’,
3133 1809 3264 1863 nihil
3299 1815 3544 1881 prohibet

1964 1886 2199 1956 aliquam
2241 1888 2366 1958 poni
2396 1888 2664 1958 justitiam
2706 1893 2819 1948 ³⁸³³.
2874 1892 3234 1958 Verisimilius
3287 1903 3453 1972 igitur
3485 1916 3542 1960 et

1963 1979 2274 2048 possibilius
2301 1985 2541 2052 videtur,
2573 1987 2619 2041 si
2653 1998 2904 2056 parentes
2949 1990 3133 2060 injusti
3163 1994 3397 2064 aliquam
3429 2001 3542 2054 suis

1963 2071 2262 2131 infantibus
2306 2075 2506 2132 addere
2549 2079 2804 2135 dicuntur
2858 2082 3174 2153 injustitiam
3230 2087 3345 2154 ωδ,
3398 2094 3540 2160 quod

1956 2160 2087 2231 justi
2111 2164 2222 2220 suis
2251 2164 2487 2235 aliquam
2524 2168 2655 2223 dare
2700 2171 2909 2239 possint
2939 2172 3031 2204 ³³9⁵
3072 2175 3359 2241 justitiam.
3389 2182 3540 2245 Quod

1962 2254 2006 2309 si
2035 2253 2115 2321 fit,
2143 2255 2348 2312 habent
2395 2254 2635 2314 infantes
2658 2258 2930 2328 justorum
2971 2264 3208 2335 aliquam
3248 2267 3536 2336 justitiam.

1964 2343 2023 2401 Si
2053 2361 2182 2403 vero
2234 2348 2337 2405 hoc
2381 2359 2498 2416 est,
2546 2351 2716 2408 levius
2751 2355 3056 2422 damnatur,
3094 2373 3256 2428 quam
3308 2362 3540 2418 infantes

1956 2434 2226 2504 justorum
2256 2438 2373 2506 "9‘,
2421 2441 2467 2495 si
2505 2442 2810 2498 moriuntur
2855 2446 2972 2502 sine
3017 2447 3317 2520 baptismo;
3352 2466 3445 2508 aut
3493 2457 3537 2510 si

1969 2527 2267 2594 salventur,
2317 2547 2438 2586 cum
2485 2532 2666 2606 aliquo
2712 2551 2812 2592 suo
2850 2537 2941 2569 3""
2979 2541 3303 2609 praecedenti
3347 2547 3541 2600 merito

1969 2619 2260 2690 eliguntur.
2291 2621 2444 2688 Quod
2495 2622 2694 2681 Paulus
2733 2628 3007 2697 apostolus
3055 2640 3215 2699 negat
3257 2633 3433 2702 (Rom.
3458 2638 3537 2707 v),

1963 2711 2055 2765 ubi
2087 2725 2184 2780 per
2214 2712 2380 2768 Jacob
2416 2723 2470 2768 et
2499 2714 2644 2769 Esau
2688 2718 2881 2785 probat
2911 2719 3136 2789 nullum,
3170 2724 3270 2780 nisi
3297 2728 3540 2783 omnium

1963 2803 2158 2857 merita
2210 2805 2562 2874 preveniente
2611 2809 2784 2876 gratia
2833 2809 2947 2875 “9°,
2997 2811 3212 2869 salvari.
3273 2815 3536 2883 Quoniam

1963 2896 2146 2967 itaque
2186 2897 2386 2952 nullam
2415 2899 2999 2973 dantjustiparentcs
3041 2915 3166 2962 ante
3212 2905 3538 2977 baptismum

1964 2986 2257 3044 infantibus
2306 2989 2421 3044 suis
2469 2989 2772 3060 justitiam,
2831 2993 3030 3050 nullam
3093 2997 3279 3066 utique
3338 3000 3542 3055 addunt

1885 3064 1930 3128 C
1962 3078 2147 3148 injusti
2175 3080 2289 3136 suis
2315 3081 2658 3152 injustitiam.
2689 3083 2842 3150 Quod
2873 3087 2918 3142 si
2947 3087 3145 3143 dicitur
3192 3064 3318 3145 -Νοη
3336 3093 3542 3149 addunt

1963 3169 2144 3240 injusti
2175 3181 2426 3241 parentes
2455 3174 2570 3229 suis
2599 3173 2895 3231 infantibus
2931 3176 3166 3247 aliquam
3200 3178 3532 3248 injustitiam.

1965 3263 2162 3333 quibus
2186 3264 2402 3320 auferre
2433 3275 2706 3335 nequeunt
2730 3264 2894 3322 ullam
2918 3266 3216 3338 justitiam;
3248 3272 3340 3326 sed
3368 3273 3540 3343 origi-

1964 3352 2172 3418 nalem,
2203 3368 2365 3423 quam
2410 3355 2612 3411 habent
2635 3355 2704 3412 ab
2741 3356 2911 3412 Adam
2931 3399 2946 3425 ,
2975 3357 3182 3414 faciunt
3213 3375 3265 3414 tn
3310 3361 3390 3416 eis
3416 3376 3541 3432 gra-

1965 3445 2192 3512 viorem,
2215 3463 2346 3520 ergo
2373 3458 2425 3505 et
2458 3450 2590 3520 justi
2617 3451 2668 3505 in
2694 3451 2807 3507 suis
2847 3454 3078 3509 reddunt
3109 3471 3228 3510 eam
3259 3457 3536 3514 leviorem.

1966 3536 2147 3604 Quare
2173 3541 2218 3596 si
2248 3542 2429 3599 minus
2456 3552 2582 3600 sunt
2611 3543 2795 3614 injusti
2831 3545 3066 3603 infantes
3083 3548 3350 3617 justorum
3374 3565 3537 3621 quam

1963 3629 2310 3700 injustorum,
2337 3633 2517 3690 minus
2541 3634 2741 3692 debent
2770 3638 3047 3707 reprobari
3071 3654 3230 3708 quam
3260 3640 3355 3696 illi.
3385 3641 3538 3710 Quod

1964 3720 2133 3788 dicat,
2164 3722 2255 3792 qui
2287 3723 2451 3778 audet
2475 3733 2531 3780 et
2570 3726 2858 3782 ostendere
2887 3737 3084 3797 potest.
3139 3729 3250 3801 Ego
3279 3746 3407 3788 vero
3431 3747 3537 3787 non

1966 3809 2163 3876 audeo,
2184 3825 2306 3866 cum
2330 3812 2530 3867 mistim
2553 3814 2840 3884 videamfet
2853 3815 3124 3885 juStorum
3145 3827 3200 3873 et
3221 3817 3538 3888 injustorum

1966 3900 2200 3958 infantes
2245 3901 2338 3938 ³¹⁹⁹
2387 3903 2454 3958 ad
2485 3903 2737 3973 baptismi
2783 3907 3012 3975 gratiam
3059 3907 3181 3978 eligi
3231 3917 3286 3964 ct
3332 3910 3398 3964 ab
3450 3910 3537 3965 illa

1966 3991 2263 4062 reprobari.
2295 3991 2400 4048 Sed
2429 4001 2484 4048 et
2513 3993 2617 4048 hoc
2644 3993 2688 4048 si
2717 3994 2837 4063 quis
2867 3995 3018 4061 dicit,
3050 4011 3156 4051 non
3194 3997 3334 4052 valet
3359 4010 3541 4056 osten-

1966 4083 2117 4140 dere.
2144 4083 2351 4155 Quippe
2383 4085 2543 4153 sicut,
2573 4086 2676 4141 hoc
2706 4086 2882 4151 modo,
2924 4103 3028 4142 non
3052 4087 3298 4159 estjusto
3325 4088 3538 4158 iustior,

1965 4173 2070 4230 nisi
2099 4175 2188 4244 qui
2221 4175 2496 4230 voluntate
2527 4177 2700 4247 magis
2730 4187 2821 4231 aut
2852 4178 3077 4248 appetit,
3109 4189 3200 4233 aut
3238 4181 3536 4252 vitatquod

1965 4263 2153 4330 debet;
2207 4265 2280 4320 ita
2325 4282 2430 4320 non
2480 4276 2563 4322 est
2595 4265 2792 4335 injuste
2836 4269 3106 4338 injustior,
3153 4271 3254 4326 nisi
3287 4272 3379 4342 qui
3422 4272 3541 4342 plus

1966 4365 2114 4412 amat
2140 4367 2233 4413 aut
2249 4360 2546 4415 contemnit
2566 4359 2707 4430 quod
2729 4374 2833 4414 non
2852 4359 3026 4415 debet.
3046 4361 3102 4416 Si
3128 4362 3289 4432 igitur
3312 4363 3540 4419 infantes

1577 4467 1812 4544 vatim:
1851 4487 2258 4546 LECTIONES.

356 4631 450 4664 ³³⁷⁸
495 4632 719 4702 Adjutai
747 4639 960 4687 careret
993 4629 1307 4702 mss._Vict.
1351 4629 1500 4702 _Tltu.
1545 4627 1693 4684 Gem.
1737 4624 1987 4702 Beguct_
2004 4627 2128 4682 edit.
2196 4625 2358 4702 Gotli.
2412 4627 2592 4697 atljuta
2641 4636 2837 4702 caret__
2863 4627 3136 4702 ""‘Aij‘ccit
3175 4639 3362 4702 natura
3413 4648 3538 4687 mss.

289 4703 428 4757 Vict.
479 4695 625 4756 Gem.
683 4701 807 4755 Bec.
855 4711 902 4754 et
952 4699 1285 4765 editaGotIt.
1343 4699 1474 4755 facit
1528 4708 1721 4754 natura
1814 4696 1914 4768 “3°,
1953 4696 2244 4768 Personale
2288 4699 2340 4768 in
2389 4695 2575 4752 omnes
2627 4715 2723 4768 ms.
2781 4695 2908 4768 Vict.
2958 4699 3029 4768 iii
3078 4700 3434 4768 personaliter
3487 4705 3540 4758 in

281 4789 472 4828 omnes
544 4773 635 4804 ³²⁸¹
670 4773 863 4826 Verum
895 4781 1040 4840 patet
1085 4787 1183 4824 ms.
1236 4769 1374 4824 Vict.
1410 4770 1474 4824 19
1497 4769 1637 4824 unde
1682 4773 1829 4837 patet
1901 4766 2191 4840 "f’iNemo
2215 4767 2428 4840 dubitat
2471 4784 2594 4821 mss.
2643 4765 2775 4820 Tim.
2821 4767 2956 4840 Vict.
2989 4765 3138 4840 Gem.
3166 4767 3289 4840 Bec.
3318 4781 3364 4823 et
3412 4773 3538 4828 edit.

282 4845 440 4898 Goth.
489 4858 650 4897 nemo
695 4837 909 4896 dubitet
975 4839 1067 4910 "f3
1117 4840 1232 4910 Non
1282 4849 1571 4910 sequetnr_
1599 4847 1846 4910 mss.‘_et_
1890 4838 2047 4910 editio
2102 4837 2319 4891 Gothica
2348 4851 2498 4910 ⁸ηρη-
2523 4848 2780 4907 sequatur
2852 4838 2946 4875 ³⁸⁸⁸
2997 4838 3218 4905 Christi,
3249 4841 3388 4910 sine
3431 4858 3539 4910 quo

283 4931 412 4967 nisa.
465 4913 602 4968 Vict.
640 4911 786 4966 Gem.
830 4911 951 4964 Bec.
997 4907 1053 4963 S.
1097 4909 1258 4963 Miclt.
1306 4905 1952 4977 et_edit.Goth.__Christi,
2001 4907 2117 4961 sine
2165 4922 2268 4977 qua
2345 4907 2438 4938 ³³⁸⁸
2471 4907 2574 4960 Per
2602 4905 2770 4976 quam
2819 4923 3070 4977 magnum
3125 4905 3256 4962 msﬁ
3292 4908 3419 4963 Vict.
3448 4905 3540 4966 ’19

282 4999 399 5054 pet:
430 5000 592 5054 quam
641 4991 696 5038 et
742 4980 1162 5054 tnagnuntu’j“
1210 4980 1338 5034 Sine
1387 4980 1490 5054 ulla
1543 4993 1637 5031 ms.
1676 4974 1900 5054 Victam
1930 4977 2136 5054 etAedit.
2184 4974 2365 5054 Gut/az
2395 4979 2511 5054 sine
2563 4974 2648 5031 illa
2724 4979 2813 5015 ³³⁸⁷
2846 4974 2961 5054 -Εὲι
3015 4979 3068 5030 in
3097 4978 3430 5054 InsanVict.
3472 4981 3539 5036 19

280 5044 328 5107 ξι
361 5044 622 5108 17:12.556
645 5061 798 5120 caput
828 5044 896 5103 ‘24
971 5049 1062 5120 ³ξ⁸⁸
1093 5051 1255 5104 Suam
1284 5050 1585 5120 producere
1621 5045 1906 5120 ms.__Vict.
1940 5046 2006 5100 19
2061 5047 2274 5120 credit.
2324 5044 2478 5120 Goth.
2529 5049 3023 5120 suam__perdu_cere
3062 5047 3189 5120 _"'"
3247 5047 3341 5120 Illo
3374 5051 3533 5120 ⁸Ιιοηο

279 5140 411 5177 mss.
445 5122 634 5177 Cister.
669 5115 951 5176 Thu.Vict.
985 5118 1134 5173 Gem.
1159 5115 1354 5174 Becfet
1389 5120 1517 5172 edit.
1545 5115 1699 5170 Goth.
1730 5116 1821 5186 illo
1850 5116 1992 5169 dono
2066 5117 2158 5147 ³¹ε¹⁰
2184 5116 2514 5186 Plusitaque
2537 5135 2656 5170 mss.
2692 5117 2826 5169 Vict.
2856 5118 2974 5184 plus
2992 5117 3182 5186 utique
3257 5118 3345 5148 ³⁸⁸³
3372 5118 3540 5173 Datur

279 5195 467 5261 aliquo
490 5211 614 5247 mu.
645 5194 807 5261 datur
834 5191 1014 5261 aliqua
1057 5191 1181 5243 edit.
1206 5189 1365 5261 Goth.
1396 5191 1556 5261 datur
1580 5187 1732 5261 quasi
1935 5187 2115 5261 AtAubi
2149 5184 2523 5261 nulla-justitia
2553 5197 2749 5261 mss._et
2799 5189 2928 5261 edit.
2974 5185 3229 5261 Gut/tatu
3254 5187 3344 5239 ttbi
3384 5189 3534 5261 nulla

273 5252 486 5331 jusiitia
520 5280 615 5316 ms.
650 5252 708 5317 S.
739 5259 902 5314 Mich.
928 5252 988 5331 at
1017 5260 1381 5331 ubiAnuIIaAest
1411 5252 1800 5331 injustitianms.
1837 5254 1971 5331 Vict.
1998 5256 2063 5310 19
2119 5265 2211 5310 aut
2256 5252 2347 5331 ubi
2379 5257 2518 5331 nulla
2569 5257 2895 5331 est‘justitia
2971 5256 3065 5288 3”
3093 5255 3340 5331 aliquam
3382 5257 3538 5313 inve-

280 5324 403 5388 nire
427 5332 744 5400 injustitiam
773 5347 898 5384 mss.
934 5328 1069 5400 Vict.
1093 5329 1240 5384 Gem.
1274 5329 1394 5382 Bec.
1427 5324 1474 5382 et
1505 5324 1818 5400 editLGoth.
1852 5325 2135 5400 aliquant
2162 5325 2583 5400 poni‘justjtiam
2617 5397 2626 5400 _
2659 5327 2750 5400 3f“
2799 5327 3061 5400 Dicuntur
3099 5325 3360 5392 justitiam
3409 5344 3536 5383 mss.

280 5395 537 5456 dicuntur
561 5401 876 5468 injustitiam
951 5399 1045 5430 "9"
1075 5401 1212 5454 Dare
1241 5409 1460 5468 possent
1483 5395 1803 5468 ηιεηζῖὶειειξ.⁸
1835 5396 1964 5449 dare
1997 5395 2206 5466 possint
2235 5395 2576 5468 υῗξθθᾷριιειιη
2616 5396 2847 5450 infantes
2888 5395 3156 5462 justorum
3221 5411 3345 5468 mss.
3373 5413 3534 5468 quam

281 5473 520 5526 infantes
559 5465 882 5540 injustorutn
956 5470 1045 5545 ³ξξ⁷
1076 5465 1268 5545 Aliquo
1295 5486 1390 5523 suo
1422 5485 1518 5540 ms.
1552 5466 1708 5545 .V'ict.
1747 5465 1812 5520 19
1859 5465 2007 5518 omit.
2061 5482 2199 5545 suo“
2231 5465 2712 5545 ""‘I‘Pra-cedente
2776 5467 2947 5535 gratia
3002 5482 3150 5545 mss...
3187 5466 3314 5518 edit.
3377 5465 3534 5545 Goth.

278 5535 647 5614 praeveniente
709 5542 879 5611 gratia
981 5540 1071 5570 ³²⁹⁹
1129 5535 1195 5594 Εἰ
1237 5536 1509 5609 justorum
1552 5536 1783 5591 infantes
1832 5553 1972 5606 mssa
2019 5547 2062 5589 et
2119 5537 2243 5590 edit.
2310 5535 2464 5592 (30th.
2533 5547 2586 5592 ct
2651 5535 2912 5591 iustorum
2974 5544 3030 5588 ct
3082 5535 3398 5604 injustorunt
3458 5537 3539 5592 in.

280 5616 458 5668 latites

524 5703 796 5763 Pmot.
853 5689 1141 5764 CLVHIJ
3039 5699 3111 5762 15
