  <div class='ocr_page' id='page_1' title='image "/cluster/home/n/w/nwhite01/storage/ocr_20150623/158/hvd.32044054760160/235.png"; bbox 0 0 3940 6046; ppageno 0'>
   <div class='ocr_carea' id='block_1_1' title="bbox 395 229 498 285">
    <p class='ocr_par' dir='ltr' id='par_1_1' title="bbox 395 229 498 285">
     <span class='ocr_line' id='line_1_1' title="bbox 395 229 498 285; baseline 0.029 -3"><span class='ocrx_word' id='word_1_1' title='bbox 395 229 498 285; x_wconf 65' lang='grc'><strong>439</strong></span> 
     </span>
    </p>
   </div>
   <div class='ocr_carea' id='block_1_2' title="bbox 961 221 3139 285">
    <p class='ocr_par' dir='ltr' id='par_1_2' title="bbox 961 221 3139 285">
     <span class='ocr_line' id='line_1_2' title="bbox 961 221 3139 285; baseline 0.001 -2"><span class='ocrx_word' id='word_1_2' title='bbox 961 228 1016 283; x_wconf 91' lang='lat' dir='ltr'><strong>S.</strong></span> <span class='ocrx_word' id='word_1_3' title='bbox 1041 225 1358 283; x_wconf 25' lang='lat' dir='ltr'><strong>‘ANSELMI</strong></span> <span class='ocrx_word' id='word_1_4' title='bbox 1395 222 1747 282; x_wconf 79' lang='lat' dir='ltr'><strong>CANTUAR.</strong></span> <span class='ocrx_word' id='word_1_5' title='bbox 1783 221 2103 279; x_wconf 79' lang='lat' dir='ltr'><strong>ARCIIIEP.</strong></span> <span class='ocrx_word' id='word_1_6' title='bbox 2149 222 2300 282; x_wconf 82' lang='lat' dir='ltr'><strong>OPP.</strong></span> <span class='ocrx_word' id='word_1_7' title='bbox 2333 224 2511 280; x_wconf 79' lang='lat' dir='ltr'><strong>PARS</strong></span> <span class='ocrx_word' id='word_1_8' title='bbox 2549 225 2590 281; x_wconf 91' lang='grc'><strong>1.</strong></span> <span class='ocrx_word' id='word_1_9' title='bbox 2623 254 2688 266; x_wconf 91' lang='grc'><strong>-</strong></span> <span class='ocrx_word' id='word_1_10' title='bbox 2722 225 3139 285; x_wconf 76' lang='lat' dir='ltr'><strong>DOGMATICA.</strong></span> 
     </span>
    </p>
   </div>
   <div class='ocr_carea' id='block_1_3' title="bbox 3550 235 3656 291">
    <p class='ocr_par' dir='ltr' id='par_1_3' title="bbox 3550 235 3656 291">
     <span class='ocr_line' id='line_1_3' title="bbox 3550 235 3656 291; baseline 0.019 -2"><span class='ocrx_word' id='word_1_11' title='bbox 3550 235 3656 291; x_wconf 67' lang='lat'><strong>460</strong></span> 
     </span>
    </p>
   </div>
   <div class='ocr_carea' id='block_1_4' title="bbox 391 336 3655 415">
    <p class='ocr_par' dir='ltr' id='par_1_4' title="bbox 391 336 3655 415">
     <span class='ocr_line' id='line_1_4' title="bbox 391 336 3655 415; baseline 0.001 -15"><span class='ocrx_word' id='word_1_12' title='bbox 391 350 666 415; x_wconf 74' lang='lat' dir='ltr'><strong>nequeant</strong></span> <span class='ocrx_word' id='word_1_13' title='bbox 693 341 926 405; x_wconf 75' lang='lat' dir='ltr'><strong>ostendi,</strong></span> <span class='ocrx_word' id='word_1_14' title='bbox 957 355 1079 394; x_wconf 80' lang='lat' dir='ltr'><strong>mox</strong></span> <span class='ocrx_word' id='word_1_15' title='bbox 1108 349 1166 394; x_wconf 85' lang='grc' dir='ltr'>ιιι</span> <span class='ocrx_word' id='word_1_16' title='bbox 1185 341 1421 394; x_wconf 89' lang='lat' dir='ltr'><strong>animam</strong></span> <span class='ocrx_word' id='word_1_17' title='bbox 1449 338 1669 403; x_wconf 91' lang='lat' dir='ltr'><strong>habent,</strong></span> <span class='ocrx_word' id='word_1_18' title='bbox 1697 336 1836 391; x_wconf 91' lang='lat' dir='ltr'><strong>alius</strong></span> <span class='ocrx_word' id='word_1_19' title='bbox 1863 336 1970 392; x_wconf 91' lang='lat' dir='ltr'><strong>alio</strong></span> <span class='ocrx_word' id='word_1_20' title='bbox 1999 341 2044 401; x_wconf 82' lang='grc' dir='ltr'>Α</span> <span class='ocrx_word' id='word_1_21' title='bbox 2077 345 2185 392; x_wconf 91' lang='lat' dir='ltr'><strong>tum</strong></span> <span class='ocrx_word' id='word_1_22' title='bbox 2213 351 2410 392; x_wconf 85' lang='lat' dir='ltr'><strong>nocere</strong></span> <span class='ocrx_word' id='word_1_23' title='bbox 2436 337 2748 408; x_wconf 90' lang='lat' dir='ltr'><strong>signiﬁcare</strong></span> <span class='ocrx_word' id='word_1_24' title='bbox 2775 339 2868 372; x_wconf 85' lang='grc'><strong>³⁸⁰⁶</strong></span> <span class='ocrx_word' id='word_1_25' title='bbox 2893 341 3123 397; x_wconf 87' lang='lat' dir='ltr'><strong>videtur.</strong></span> <span class='ocrx_word' id='word_1_26' title='bbox 3158 338 3369 414; x_wconf 81' lang='lat' dir='ltr'><strong>Quippe</strong></span> <span class='ocrx_word' id='word_1_27' title='bbox 3399 357 3505 400; x_wconf 85' lang='lat' dir='ltr'><strong>non</strong></span> <span class='ocrx_word' id='word_1_28' title='bbox 3535 362 3655 402; x_wconf 55' lang='lat' dir='ltr'><strong>mo-</strong></span> 
     </span>
    </p>
   </div>
   <div class='ocr_carea' id='block_1_5' title="bbox 391 424 1972 505">
    <p class='ocr_par' dir='ltr' id='par_1_5' title="bbox 391 424 1972 505">
     <span class='ocr_line' id='line_1_5' title="bbox 391 424 1972 505; baseline -0.008 -15"><span class='ocrx_word' id='word_1_29' title='bbox 391 434 566 505; x_wconf 86' lang='lat' dir='ltr'><strong>magis</strong></span> <span class='ocrx_word' id='word_1_30' title='bbox 597 432 682 488; x_wconf 97' lang='lat' dir='ltr'><strong>vel</strong></span> <span class='ocrx_word' id='word_1_31' title='bbox 713 432 892 493; x_wconf 87' lang='lat' dir='ltr'><strong>minus</strong></span> <span class='ocrx_word' id='word_1_32' title='bbox 927 430 1020 461; x_wconf 83' lang='grc'>³³⁰⁰</span> <span class='ocrx_word' id='word_1_33' title='bbox 1061 429 1198 484; x_wconf 84' lang='lat' dir='ltr'><strong>velle</strong></span> <span class='ocrx_word' id='word_1_34' title='bbox 1236 427 1380 498; x_wconf 89' lang='lat' dir='ltr'><strong>quod</strong></span> <span class='ocrx_word' id='word_1_35' title='bbox 1422 426 1661 491; x_wconf 87' lang='lat' dir='ltr'><strong>debent,</strong></span> <span class='ocrx_word' id='word_1_36' title='bbox 1709 434 1802 481; x_wconf 90' lang='lat' dir='ltr'><strong>aut</strong></span> <span class='ocrx_word' id='word_1_37' title='bbox 1827 424 1972 495; x_wconf 91' lang='lat' dir='ltr'><strong>quod</strong></span> 
     </span>
    </p>
   </div>
   <div class='ocr_carea' id='block_1_6' title="bbox 394 519 1970 592">
    <p class='ocr_par' dir='ltr' id='par_1_6' title="bbox 394 519 1970 592">
     <span class='ocr_line' id='line_1_6' title="bbox 394 519 1970 592; baseline -0.009 -7"><span class='ocrx_word' id='word_1_38' title='bbox 394 543 501 585; x_wconf 89' lang='lat' dir='ltr'><strong>non</strong></span> <span class='ocrx_word' id='word_1_39' title='bbox 531 527 728 582; x_wconf 90' lang='lat' dir='ltr'><strong>debent</strong></span> <span class='ocrx_word' id='word_1_40' title='bbox 755 523 877 590; x_wconf 80' lang='grc' dir='ltr'><strong>³³⁰¹ς</strong></span> <span class='ocrx_word' id='word_1_41' title='bbox 909 537 1067 577; x_wconf 89' lang='lat' dir='ltr'><strong>nemo</strong></span> <span class='ocrx_word' id='word_1_42' title='bbox 1088 519 1514 592; x_wconf 90' lang='lat' dir='ltr'><strong>potestprobare</strong></span> <span class='ocrx_word' id='word_1_43' title='bbox 1539 519 1681 588; x_wconf 90' lang='lat' dir='ltr'><strong>quod</strong></span> <span class='ocrx_word' id='word_1_44' title='bbox 1709 519 1761 574; x_wconf 91' lang='lat' dir='ltr'><strong>in</strong></span> <span class='ocrx_word' id='word_1_45' title='bbox 1791 519 1970 573; x_wconf 88' lang='lat' dir='ltr'><strong>infan-</strong></span> 
     </span>
    </p>
   </div>
   <div class='ocr_carea' id='block_1_7' title="bbox 395 611 1973 681">
    <p class='ocr_par' dir='ltr' id='par_1_7' title="bbox 395 611 1973 681">
     <span class='ocr_line' id='line_1_7' title="bbox 395 611 1973 681; baseline -0.006 -6"><span class='ocrx_word' id='word_1_46' title='bbox 395 621 540 675; x_wconf 90' lang='lat' dir='ltr'><strong>tibus</strong></span> <span class='ocrx_word' id='word_1_47' title='bbox 568 617 706 672; x_wconf 88' lang='lat' dir='ltr'><strong>alius</strong></span> <span class='ocrx_word' id='word_1_48' title='bbox 735 616 842 671; x_wconf 91' lang='lat' dir='ltr'><strong>alio</strong></span> <span class='ocrx_word' id='word_1_49' title='bbox 866 623 1118 670; x_wconf 84' lang='lat' dir='ltr'><strong>nascatur</strong></span> <span class='ocrx_word' id='word_1_50' title='bbox 1131 611 1334 681; x_wconf 87' lang='lat' dir='ltr'><strong>justior</strong></span> <span class='ocrx_word' id='word_1_51' title='bbox 1359 613 1442 666; x_wconf 90' lang='lat' dir='ltr'><strong>vel</strong></span> <span class='ocrx_word' id='word_1_52' title='bbox 1466 611 1734 681; x_wconf 90' lang='lat' dir='ltr'><strong>injustior.</strong></span> <span class='ocrx_word' id='word_1_53' title='bbox 1763 612 1973 666; x_wconf 76' lang='lat' dir='ltr'><strong>Pariter</strong></span> 
     </span>
    </p>
   </div>
   <div class='ocr_carea' id='block_1_8' title="bbox 393 703 1973 782">
    <p class='ocr_par' dir='ltr' id='par_1_8' title="bbox 393 703 1973 782">
     <span class='ocr_line' id='line_1_8' title="bbox 393 703 1973 782; baseline -0.004 -17"><span class='ocrx_word' id='word_1_54' title='bbox 393 725 524 782; x_wconf 91' lang='lat' dir='ltr'><strong>ergo</strong></span> <span class='ocrx_word' id='word_1_55' title='bbox 555 724 654 763; x_wconf 90' lang='lat' dir='ltr'><strong>nec</strong></span> <span class='ocrx_word' id='word_1_56' title='bbox 678 707 808 775; x_wconf 87' lang='lat' dir='ltr'><strong>justi</strong></span> <span class='ocrx_word' id='word_1_57' title='bbox 840 721 935 760; x_wconf 90' lang='lat' dir='ltr'><strong>sua</strong></span> <span class='ocrx_word' id='word_1_58' title='bbox 961 705 1170 774; x_wconf 86' lang='lat' dir='ltr'><strong>justitia</strong></span> <span class='ocrx_word' id='word_1_59' title='bbox 1212 705 1441 759; x_wconf 83' lang='lat' dir='ltr'><strong>reddere</strong></span> <span class='ocrx_word' id='word_1_60' title='bbox 1476 703 1728 758; x_wconf 90' lang='lat' dir='ltr'><strong>videntur</strong></span> <span class='ocrx_word' id='word_1_61' title='bbox 1767 704 1820 757; x_wconf 91' lang='lat' dir='ltr'><strong>in</strong></span> <span class='ocrx_word' id='word_1_62' title='bbox 1858 703 1973 758; x_wconf 87' lang='lat' dir='ltr'><strong>suis</strong></span> 
     </span>
    </p>
   </div>
   <div class='ocr_carea' id='block_1_9' title="bbox 395 794 1973 868">
    <p class='ocr_par' dir='ltr' id='par_1_9' title="bbox 395 794 1973 868">
     <span class='ocr_line' id='line_1_9' title="bbox 395 794 1973 868; baseline -0.004 -12"><span class='ocrx_word' id='word_1_63' title='bbox 395 801 690 857; x_wconf 80' lang='lat' dir='ltr'><strong>infantibus</strong></span> <span class='ocrx_word' id='word_1_64' title='bbox 752 796 1070 868; x_wconf 74' lang='lat' dir='ltr'><strong>originalem</strong></span> <span class='ocrx_word' id='word_1_65' title='bbox 1124 794 1442 866; x_wconf 84' lang='lat' dir='ltr'><strong>injustitiam</strong></span> <span class='ocrx_word' id='word_1_66' title='bbox 1512 796 1805 862; x_wconf 80' lang='lat' dir='ltr'><strong>leviorem,</strong></span> <span class='ocrx_word' id='word_1_67' title='bbox 1872 809 1973 850; x_wconf 90' lang='lat' dir='ltr'><strong>nec</strong></span> 
     </span>
    </p>
   </div>
   <div class='ocr_carea' id='block_1_10' title="bbox 393 886 1972 962">
    <p class='ocr_par' dir='ltr' id='par_1_10' title="bbox 393 886 1972 962">
     <span class='ocr_line' id='line_1_10' title="bbox 393 886 1972 962; baseline -0.004 -14"><span class='ocrx_word' id='word_1_68' title='bbox 393 890 576 962; x_wconf 87' lang='lat' dir='ltr'><strong>injusti</strong></span> <span class='ocrx_word' id='word_1_69' title='bbox 602 889 655 944; x_wconf 93' lang='lat' dir='ltr'><strong>in</strong></span> <span class='ocrx_word' id='word_1_70' title='bbox 691 889 804 943; x_wconf 85' lang='lat' dir='ltr'><strong>suis</strong></span> <span class='ocrx_word' id='word_1_71' title='bbox 831 903 927 942; x_wconf 91' lang='lat' dir='ltr'><strong>sua</strong></span> <span class='ocrx_word' id='word_1_72' title='bbox 960 886 1220 955; x_wconf 73' lang='lat' dir='ltr'><strong>iniustitia</strong></span> <span class='ocrx_word' id='word_1_73' title='bbox 1261 887 1586 958; x_wconf 81' lang='lat' dir='ltr'><strong>graviorem.</strong></span> <span class='ocrx_word' id='word_1_74' title='bbox 1629 886 1972 958; x_wconf 84' lang='lat' dir='ltr'><strong>Quapropter</strong></span> 
     </span>
    </p>
   </div>
   <div class='ocr_carea' id='block_1_11' title="bbox 392 978 1974 1054">
    <p class='ocr_par' dir='ltr' id='par_1_11' title="bbox 392 978 1974 1054">
     <span class='ocr_line' id='line_1_11' title="bbox 392 978 1974 1054; baseline -0.003 -16"><span class='ocrx_word' id='word_1_75' title='bbox 392 985 435 1039; x_wconf 91' lang='lat' dir='ltr'><strong>si</strong></span> <span class='ocrx_word' id='word_1_76' title='bbox 470 992 724 1054; x_wconf 87' lang='lat' dir='ltr'><strong>parentes</strong></span> <span class='ocrx_word' id='word_1_77' title='bbox 769 980 950 1051; x_wconf 89' lang='lat' dir='ltr'><strong>injusti</strong></span> <span class='ocrx_word' id='word_1_78' title='bbox 1002 993 1104 1035; x_wconf 89' lang='lat' dir='ltr'><strong>nec</strong></span> <span class='ocrx_word' id='word_1_79' title='bbox 1141 993 1401 1045; x_wconf 87' lang='lat' dir='ltr'><strong>numero,</strong></span> <span class='ocrx_word' id='word_1_80' title='bbox 1454 994 1553 1034; x_wconf 91' lang='lat' dir='ltr'><strong>nec</strong></span> <span class='ocrx_word' id='word_1_81' title='bbox 1600 978 1974 1050; x_wconf 78' lang='lat' dir='ltr'><strong>magnitudine</strong></span> 
     </span>
    </p>
   </div>
   <div class='ocr_carea' id='block_1_12' title="bbox 394 1071 1970 1148">
    <p class='ocr_par' dir='ltr' id='par_1_12' title="bbox 394 1071 1970 1148">
     <span class='ocr_line' id='line_1_12' title="bbox 394 1071 1970 1148; baseline -0.004 -15"><span class='ocrx_word' id='word_1_82' title='bbox 394 1085 600 1148; x_wconf 85' lang='lat' dir='ltr'><strong>queant</strong></span> <span class='ocrx_word' id='word_1_83' title='bbox 624 1074 888 1145; x_wconf 88' lang='lat' dir='ltr'><strong>originale</strong></span> <span class='ocrx_word' id='word_1_84' title='bbox 931 1083 1214 1144; x_wconf 90' lang='lat' dir='ltr'><strong>peccatum</strong></span> <span class='ocrx_word' id='word_1_85' title='bbox 1247 1073 1360 1128; x_wconf 87' lang='lat' dir='ltr'><strong>suis</strong></span> <span class='ocrx_word' id='word_1_86' title='bbox 1395 1071 1690 1127; x_wconf 80' lang='lat' dir='ltr'><strong>infantibus</strong></span> <span class='ocrx_word' id='word_1_87' title='bbox 1717 1086 1816 1127; x_wconf 92' lang='lat' dir='ltr'><strong>suo</strong></span> <span class='ocrx_word' id='word_1_88' title='bbox 1845 1086 1970 1142; x_wconf 88' lang='lat' dir='ltr'><strong>pec-</strong></span> 
     </span>
    </p>
   </div>
   <div class='ocr_carea' id='block_1_13' title="bbox 393 1165 1977 1238">
    <p class='ocr_par' dir='ltr' id='par_1_13' title="bbox 393 1165 1977 1238">
     <span class='ocr_line' id='line_1_13' title="bbox 393 1165 1977 1238; baseline -0.004 -14"><span class='ocrx_word' id='word_1_89' title='bbox 393 1178 516 1224; x_wconf 89' lang='lat' dir='ltr'><strong>cato</strong></span> <span class='ocrx_word' id='word_1_90' title='bbox 555 1181 792 1238; x_wconf 86' lang='lat' dir='ltr'><strong>augere,</strong></span> <span class='ocrx_word' id='word_1_91' title='bbox 836 1166 1049 1221; x_wconf 89' lang='lat' dir='ltr'><strong>videtur</strong></span> <span class='ocrx_word' id='word_1_92' title='bbox 1078 1165 1210 1220; x_wconf 90' lang='lat' dir='ltr'><strong>mihi</strong></span> <span class='ocrx_word' id='word_1_93' title='bbox 1241 1174 1463 1236; x_wconf 90' lang='lat' dir='ltr'><strong>peccata</strong></span> <span class='ocrx_word' id='word_1_94' title='bbox 1501 1174 1820 1235; x_wconf 89' lang='lat' dir='ltr'><strong>parentum,</strong></span> <span class='ocrx_word' id='word_1_95' title='bbox 1853 1171 1977 1233; x_wconf 90' lang='lat' dir='ltr'><strong>post</strong></span> 
     </span>
    </p>
   </div>
   <div class='ocr_carea' id='block_1_14' title="bbox 390 1257 1975 1328">
    <p class='ocr_par' dir='ltr' id='par_1_14' title="bbox 390 1257 1975 1328">
     <span class='ocr_line' id='line_1_14' title="bbox 390 1257 1975 1328; baseline -0.003 -10"><span class='ocrx_word' id='word_1_96' title='bbox 390 1264 586 1328; x_wconf 83' lang='lat' dir='ltr'><strong>Adam,</strong></span> <span class='ocrx_word' id='word_1_97' title='bbox 631 1262 685 1316; x_wconf 90' lang='lat' dir='ltr'><strong>in</strong></span> <span class='ocrx_word' id='word_1_98' title='bbox 732 1258 999 1315; x_wconf 82' lang='lat' dir='ltr'><strong>infantum</strong></span> <span class='ocrx_word' id='word_1_99' title='bbox 1047 1259 1240 1313; x_wconf 90' lang='lat' dir='ltr'><strong>merita</strong></span> <span class='ocrx_word' id='word_1_100' title='bbox 1289 1257 1429 1312; x_wconf 90' lang='lat' dir='ltr'><strong>bona</strong></span> <span class='ocrx_word' id='word_1_101' title='bbox 1483 1267 1798 1327; x_wconf 87' lang='lat' dir='ltr'><strong>parentum,</strong></span> <span class='ocrx_word' id='word_1_102' title='bbox 1850 1257 1975 1313; x_wconf 89' lang='lat' dir='ltr'><strong>ﬁliis</strong></span> 
     </span>
    </p>
   </div>
   <div class='ocr_carea' id='block_1_15' title="bbox 394 1351 1976 1424">
    <p class='ocr_par' dir='ltr' id='par_1_15' title="bbox 394 1351 1976 1424">
     <span class='ocr_line' id='line_1_15' title="bbox 394 1351 1976 1424; baseline -0.004 -14"><span class='ocrx_word' id='word_1_103' title='bbox 394 1355 560 1410; x_wconf 88' lang='lat' dir='ltr'><strong>multa</strong></span> <span class='ocrx_word' id='word_1_104' title='bbox 591 1363 645 1411; x_wconf 90' lang='lat' dir='ltr'><strong>et</strong></span> <span class='ocrx_word' id='word_1_105' title='bbox 691 1361 886 1424; x_wconf 85' lang='lat' dir='ltr'><strong>magna</strong></span> <span class='ocrx_word' id='word_1_106' title='bbox 941 1351 1202 1408; x_wconf 88' lang='lat' dir='ltr'><strong>beneﬁcia</strong></span> <span class='ocrx_word' id='word_1_107' title='bbox 1247 1353 1491 1422; x_wconf 89' lang='lat' dir='ltr'><strong>corporis</strong></span> <span class='ocrx_word' id='word_1_108' title='bbox 1527 1360 1583 1406; x_wconf 89' lang='lat' dir='ltr'><strong>et</strong></span> <span class='ocrx_word' id='word_1_109' title='bbox 1629 1351 1823 1405; x_wconf 66' lang='lat' dir='ltr'><strong>anima:</strong></span> <span class='ocrx_word' id='word_1_110' title='bbox 1870 1351 1976 1404; x_wconf 55' lang='lat' dir='ltr'><strong>im‘</strong></span> 
     </span>
    </p>
   </div>
   <div class='ocr_carea' id='block_1_16' title="bbox 393 1442 1978 1518">
    <p class='ocr_par' dir='ltr' id='par_1_16' title="bbox 393 1442 1978 1518">
     <span class='ocr_line' id='line_1_16' title="bbox 393 1442 1978 1518; baseline -0.004 -15"><span class='ocrx_word' id='word_1_111' title='bbox 393 1447 588 1518; x_wconf 91' lang='lat' dir='ltr'><strong>pendi,</strong></span> <span class='ocrx_word' id='word_1_112' title='bbox 622 1456 676 1502; x_wconf 89' lang='lat' dir='ltr'><strong>et</strong></span> <span class='ocrx_word' id='word_1_113' title='bbox 701 1455 925 1517; x_wconf 88' lang='lat' dir='ltr'><strong>propter</strong></span> <span class='ocrx_word' id='word_1_114' title='bbox 948 1455 1168 1516; x_wconf 87' lang='lat' dir='ltr'><strong>peccata</strong></span> <span class='ocrx_word' id='word_1_115' title='bbox 1200 1452 1482 1513; x_wconf 87' lang='lat' dir='ltr'><strong>parentum</strong></span> <span class='ocrx_word' id='word_1_116' title='bbox 1512 1442 1652 1499; x_wconf 84' lang='lat' dir='ltr'><strong>filios</strong></span> <span class='ocrx_word' id='word_1_117' title='bbox 1677 1453 1731 1498; x_wconf 89' lang='lat' dir='ltr'><strong>et</strong></span> <span class='ocrx_word' id='word_1_118' title='bbox 1757 1451 1978 1512; x_wconf 88' lang='lat' dir='ltr'><strong>nepotes</strong></span> 
     </span>
    </p>
   </div>
   <div class='ocr_carea' id='block_1_17' title="bbox 394 1532 1979 1608">
    <p class='ocr_par' dir='ltr' id='par_1_17' title="bbox 394 1532 1979 1608">
     <span class='ocr_line' id='line_1_17' title="bbox 394 1532 1979 1608; baseline -0.004 -16"><span class='ocrx_word' id='word_1_119' title='bbox 394 1553 564 1608; x_wconf 84' lang='lat' dir='ltr'><strong>usque</strong></span> <span class='ocrx_word' id='word_1_120' title='bbox 595 1539 648 1593; x_wconf 93' lang='lat' dir='ltr'><strong>in</strong></span> <span class='ocrx_word' id='word_1_121' title='bbox 680 1538 894 1594; x_wconf 86' lang='lat' dir='ltr'><strong>tertiam</strong></span> <span class='ocrx_word' id='word_1_122' title='bbox 926 1547 980 1592; x_wconf 87' lang='lat' dir='ltr'><strong>et</strong></span> <span class='ocrx_word' id='word_1_123' title='bbox 1002 1544 1254 1608; x_wconf 84' lang='lat' dir='ltr'><strong>quartam</strong></span> <span class='ocrx_word' id='word_1_124' title='bbox 1295 1535 1702 1605; x_wconf 91' lang='lat' dir='ltr'><strong>generationem</strong></span> <span class='ocrx_word' id='word_1_125' title='bbox 1723 1576 1737 1599; x_wconf 94' lang='lat'><strong>,</strong></span> <span class='ocrx_word' id='word_1_126' title='bbox 1781 1543 1835 1588; x_wconf 91' lang='lat' dir='ltr'><strong>et</strong></span> <span class='ocrx_word' id='word_1_127' title='bbox 1867 1532 1979 1588; x_wconf 88' lang='lat' dir='ltr'><strong>for-</strong></span> 
     </span>
    </p>
   </div>
   <div class='ocr_carea' id='block_1_18' title="bbox 395 1623 1980 1695">
    <p class='ocr_par' dir='ltr' id='par_1_18' title="bbox 395 1623 1980 1695">
     <span class='ocr_line' id='line_1_18' title="bbox 395 1623 1980 1695; baseline -0.003 -13"><span class='ocrx_word' id='word_1_128' title='bbox 395 1629 535 1683; x_wconf 86' lang='lat' dir='ltr'><strong>sitan</strong></span> <span class='ocrx_word' id='word_1_129' title='bbox 562 1627 730 1695; x_wconf 89' lang='lat' dir='ltr'><strong>ultra,</strong></span> <span class='ocrx_word' id='word_1_130' title='bbox 761 1627 991 1683; x_wconf 87' lang='lat' dir='ltr'><strong>diversis</strong></span> <span class='ocrx_word' id='word_1_131' title='bbox 1031 1625 1465 1681; x_wconf 90' lang='lat' dir='ltr'><strong>tribulationibus</strong></span> <span class='ocrx_word' id='word_1_132' title='bbox 1501 1627 1554 1680; x_wconf 93' lang='lat' dir='ltr'><strong>in</strong></span> <span class='ocrx_word' id='word_1_133' title='bbox 1592 1625 1696 1680; x_wconf 92' lang='lat' dir='ltr'><strong>hac</strong></span> <span class='ocrx_word' id='word_1_134' title='bbox 1732 1625 1839 1679; x_wconf 85' lang='lat' dir='ltr'><strong>vita</strong></span> <span class='ocrx_word' id='word_1_135' title='bbox 1883 1623 1980 1678; x_wconf 88' lang='lat' dir='ltr'><strong>ﬁa-</strong></span> 
     </span>
    </p>
   </div>
   <div class='ocr_carea' id='block_1_19' title="bbox 2079 430 3659 503">
    <p class='ocr_par' dir='ltr' id='par_1_19' title="bbox 2079 430 3659 503">
     <span class='ocr_line' id='line_1_19' title="bbox 2079 430 3659 503; baseline 0.005 -18"><span class='ocrx_word' id='word_1_136' title='bbox 2079 431 2219 486; x_wconf 90' lang='lat' dir='ltr'><strong>ritur</strong></span> <span class='ocrx_word' id='word_1_137' title='bbox 2261 431 2353 464; x_wconf 83' lang='grc'><strong>³⁸⁰⁷</strong></span> <span class='ocrx_word' id='word_1_138' title='bbox 2391 431 2572 485; x_wconf 89' lang='lat' dir='ltr'><strong>anima</strong></span> <span class='ocrx_word' id='word_1_139' title='bbox 2613 430 2708 486; x_wconf 87' lang='lat' dir='ltr'><strong>ﬁlii</strong></span> <span class='ocrx_word' id='word_1_140' title='bbox 2736 439 2956 502; x_wconf 89' lang='lat' dir='ltr'><strong>peccato</strong></span> <span class='ocrx_word' id='word_1_141' title='bbox 2982 433 3184 503; x_wconf 88' lang='lat' dir='ltr'><strong>patris,</strong></span> <span class='ocrx_word' id='word_1_142' title='bbox 3235 434 3330 490; x_wconf 90' lang='lat' dir='ltr'><strong>sed</strong></span> <span class='ocrx_word' id='word_1_143' title='bbox 3375 450 3508 501; x_wconf 92' lang='lat' dir='ltr'><strong>suo;</strong></span> <span class='ocrx_word' id='word_1_144' title='bbox 3557 451 3659 493; x_wconf 90' lang='lat' dir='ltr'><strong>nec</strong></span> 
     </span>
    </p>
   </div>
   <div class='ocr_carea' id='block_1_20' title="bbox 2076 523 3657 596">
    <p class='ocr_par' dir='ltr' id='par_1_20' title="bbox 2076 523 3657 596">
     <span class='ocr_line' id='line_1_20' title="bbox 2076 523 3657 596; baseline 0.005 -19"><span class='ocrx_word' id='word_1_145' title='bbox 2076 533 2259 592; x_wconf 86' lang='lat' dir='ltr'><strong>portat</strong></span> <span class='ocrx_word' id='word_1_146' title='bbox 2306 524 2429 593; x_wconf 89' lang='lat' dir='ltr'><strong>quis</strong></span> <span class='ocrx_word' id='word_1_147' title='bbox 2476 523 2822 593; x_wconf 85' lang='lat' dir='ltr'><strong>iniquitatem</strong></span> <span class='ocrx_word' id='word_1_148' title='bbox 2873 525 3074 596; x_wconf 89' lang='lat' dir='ltr'><strong>patris,</strong></span> <span class='ocrx_word' id='word_1_149' title='bbox 3122 541 3243 582; x_wconf 87' lang='lat' dir='ltr'><strong>cum</strong></span> <span class='ocrx_word' id='word_1_150' title='bbox 3278 528 3328 582; x_wconf 92' lang='lat' dir='ltr'><strong>in</strong></span> <span class='ocrx_word' id='word_1_151' title='bbox 3361 543 3455 584; x_wconf 93' lang='lat' dir='ltr'><strong>sua</strong></span> <span class='ocrx_word' id='word_1_152' title='bbox 3496 531 3657 586; x_wconf 90' lang='lat' dir='ltr'><strong>relin-</strong></span> 
     </span>
    </p>
   </div>
   <div class='ocr_carea' id='block_1_21' title="bbox 2077 614 3659 686">
    <p class='ocr_par' dir='ltr' id='par_1_21' title="bbox 2077 614 3659 686">
     <span class='ocr_line' id='line_1_21' title="bbox 2077 614 3659 686; baseline 0.006 -19"><span class='ocrx_word' id='word_1_153' title='bbox 2077 614 2280 683; x_wconf 88' lang='lat' dir='ltr'><strong>quitur,</strong></span> <span class='ocrx_word' id='word_1_154' title='bbox 2314 615 2406 669; x_wconf 91' lang='lat' dir='ltr'><strong>sed</strong></span> <span class='ocrx_word' id='word_1_155' title='bbox 2435 628 2623 680; x_wconf 89' lang='lat' dir='ltr'><strong>suam;</strong></span> <span class='ocrx_word' id='word_1_156' title='bbox 2651 629 2751 671; x_wconf 90' lang='lat' dir='ltr'><strong>nec</strong></span> <span class='ocrx_word' id='word_1_157' title='bbox 2778 629 2916 670; x_wconf 91' lang='lat' dir='ltr'><strong>onus</strong></span> <span class='ocrx_word' id='word_1_158' title='bbox 2943 615 3200 681; x_wconf 91' lang='lat' dir='ltr'><strong>alienum,</strong></span> <span class='ocrx_word' id='word_1_159' title='bbox 3229 618 3322 672; x_wconf 90' lang='lat' dir='ltr'><strong>sed</strong></span> <span class='ocrx_word' id='word_1_160' title='bbox 3345 634 3533 686; x_wconf 89' lang='lat' dir='ltr'><strong>suum;</strong></span> <span class='ocrx_word' id='word_1_161' title='bbox 3557 637 3659 677; x_wconf 84' lang='lat' dir='ltr'><strong>nec</strong></span> 
     </span>
    </p>
   </div>
   <div class='ocr_carea' id='block_1_22' title="bbox 2079 703 3655 777">
    <p class='ocr_par' dir='ltr' id='par_1_22' title="bbox 2079 703 3655 777">
     <span class='ocr_line' id='line_1_22' title="bbox 2079 703 3655 777; baseline -0.001 -17"><span class='ocrx_word' id='word_1_162' title='bbox 2079 703 2272 772; x_wconf 78' lang='lat' dir='ltr'><strong>recipit</strong></span> <span class='ocrx_word' id='word_1_163' title='bbox 2293 712 2454 773; x_wconf 92' lang='lat' dir='ltr'><strong>prout</strong></span> <span class='ocrx_word' id='word_1_164' title='bbox 2476 712 2648 773; x_wconf 90' lang='lat' dir='ltr'><strong>pater,</strong></span> <span class='ocrx_word' id='word_1_165' title='bbox 2679 703 2771 759; x_wconf 91' lang='lat' dir='ltr'><strong>sed</strong></span> <span class='ocrx_word' id='word_1_166' title='bbox 2803 714 2961 774; x_wconf 89' lang='lat' dir='ltr'><strong>prout</strong></span> <span class='ocrx_word' id='word_1_167' title='bbox 2993 704 3109 774; x_wconf 91' lang='lat' dir='ltr'><strong>ipse</strong></span> <span class='ocrx_word' id='word_1_168' title='bbox 3135 706 3302 774; x_wconf 88' lang='lat' dir='ltr'><strong>gessit</strong></span> <span class='ocrx_word' id='word_1_169' title='bbox 3330 707 3383 760; x_wconf 92' lang='lat' dir='ltr'><strong>in</strong></span> <span class='ocrx_word' id='word_1_170' title='bbox 3407 722 3655 777; x_wconf 84' lang='lat' dir='ltr'><strong>corpore.</strong></span> 
     </span>
    </p>
   </div>
   <div class='ocr_carea' id='block_1_23' title="bbox 2079 794 3660 867">
    <p class='ocr_par' dir='ltr' id='par_1_23' title="bbox 2079 794 3660 867">
     <span class='ocr_line' id='line_1_23' title="bbox 2079 794 3660 867; baseline 0.002 -17"><span class='ocrx_word' id='word_1_171' title='bbox 2079 794 2186 850; x_wconf 87' lang='lat' dir='ltr'><strong>Sed</strong></span> <span class='ocrx_word' id='word_1_172' title='bbox 2233 795 2512 866; x_wconf 89' lang='lat' dir='ltr'><strong>quoniam,</strong></span> <span class='ocrx_word' id='word_1_173' title='bbox 2561 805 2784 866; x_wconf 86' lang='lat' dir='ltr'><strong>propter</strong></span> <span class='ocrx_word' id='word_1_174' title='bbox 2832 805 3053 866; x_wconf 88' lang='lat' dir='ltr'><strong>peccata</strong></span> <span class='ocrx_word' id='word_1_175' title='bbox 3104 807 3424 867; x_wconf 87' lang='lat' dir='ltr'><strong>parentum,</strong></span> <span class='ocrx_word' id='word_1_176' title='bbox 3477 813 3508 853; x_wconf 92' lang='lat' dir='ltr'><strong>a</strong></span> <span class='ocrx_word' id='word_1_177' title='bbox 3544 801 3660 855; x_wconf 93' lang='lat' dir='ltr'><strong>suis</strong></span> 
     </span>
    </p>
   </div>
   <div class='ocr_carea' id='block_1_24' title="bbox 2077 887 3656 962">
    <p class='ocr_par' dir='ltr' id='par_1_24' title="bbox 2077 887 3656 962">
     <span class='ocr_line' id='line_1_24' title="bbox 2077 887 3656 962; baseline 0.003 -20"><span class='ocrx_word' id='word_1_178' title='bbox 2077 887 2237 943; x_wconf 87' lang='lat' dir='ltr'><strong>malis</strong></span> <span class='ocrx_word' id='word_1_179' title='bbox 2267 903 2373 942; x_wconf 92' lang='lat' dir='ltr'><strong>non</strong></span> <span class='ocrx_word' id='word_1_180' title='bbox 2405 897 2491 942; x_wconf 89' lang='lat' dir='ltr'><strong>est</strong></span> <span class='ocrx_word' id='word_1_181' title='bbox 2520 887 2800 955; x_wconf 84' lang='lat' dir='ltr'><strong>liberatus,</strong></span> <span class='ocrx_word' id='word_1_182' title='bbox 2833 903 2896 942; x_wconf 91' lang='lat' dir='ltr'><strong>ea</strong></span> <span class='ocrx_word' id='word_1_183' title='bbox 2929 903 3049 957; x_wconf 69' lang='lat' dir='ltr'><strong>quae</strong></span> <span class='ocrx_word' id='word_1_184' title='bbox 3077 897 3260 960; x_wconf 88' lang='lat' dir='ltr'><strong>portat</strong></span> <span class='ocrx_word' id='word_1_185' title='bbox 3293 889 3499 946; x_wconf 90' lang='lat' dir='ltr'><strong>eisdem</strong></span> <span class='ocrx_word' id='word_1_186' title='bbox 3529 906 3656 962; x_wconf 88' lang='lat' dir='ltr'><strong>pec-</strong></span> 
     </span>
    </p>
   </div>
   <div class='ocr_carea' id='block_1_25' title="bbox 2078 979 2910 1051">
    <p class='ocr_par' dir='ltr' id='par_1_25' title="bbox 2078 979 2910 1051">
     <span class='ocr_line' id='line_1_25' title="bbox 2078 979 2910 1051; baseline -0.002 -15"><span class='ocrx_word' id='word_1_187' title='bbox 2078 980 2215 1036; x_wconf 90' lang='lat' dir='ltr'><strong>catis</strong></span> <span class='ocrx_word' id='word_1_188' title='bbox 2242 987 2527 1051; x_wconf 89' lang='lat' dir='ltr'><strong>parentum</strong></span> <span class='ocrx_word' id='word_1_189' title='bbox 2559 979 2910 1049; x_wconf 87' lang='lat' dir='ltr'><strong>imputantur.</strong></span> 
     </span>
    </p>
   </div>
   <div class='ocr_carea' id='block_1_26' title="bbox 2409 1089 3346 1163">
    <p class='ocr_par' dir='ltr' id='par_1_26' title="bbox 2409 1089 3346 1163">
     <span class='ocr_line' id='line_1_26' title="bbox 2409 1089 3346 1163; baseline 0 -16"><span class='ocrx_word' id='word_1_190' title='bbox 2409 1090 2640 1147; x_wconf 84' lang='lat' dir='ltr'><strong>CAPUT</strong></span> <span class='ocrx_word' id='word_1_191' title='bbox 2668 1089 2834 1145; x_wconf 72' lang='lat' dir='ltr'><strong>xxv:</strong></span> <span class='ocrx_word' id='word_1_192' title='bbox 2867 1089 2986 1162; x_wconf 90' lang='lat' dir='ltr'><strong>[al.,</strong></span> <span class='ocrx_word' id='word_1_193' title='bbox 3021 1090 3194 1163; x_wconf 77' lang='lat' dir='ltr'><strong>XXV]</strong></span> <span class='ocrx_word' id='word_1_194' title='bbox 3226 1091 3346 1147; x_wconf 72' lang='grc' dir='ltr'>οισι.</span> 
     </span>
    </p>
   </div>
   <div class='ocr_carea' id='block_1_27' title="bbox 2082 1181 3660 1256">
    <p class='ocr_par' dir='ltr' id='par_1_27' title="bbox 2082 1181 3660 1256">
     <span class='ocr_line' id='line_1_27' title="bbox 2082 1181 3660 1256; baseline 0.001 -19"><span class='ocrx_word' id='word_1_195' title='bbox 2082 1183 2353 1250; x_wconf 83' lang='lat' dir='ltr'><strong>Quomodo</strong></span> <span class='ocrx_word' id='word_1_196' title='bbox 2386 1193 2562 1238; x_wconf 79' lang='lat' dir='ltr'><strong>tamen</strong></span> <span class='ocrx_word' id='word_1_197' title='bbox 2608 1181 2783 1237; x_wconf 83' lang='lat' dir='ltr'><strong>nullus</strong></span> <span class='ocrx_word' id='word_1_198' title='bbox 2826 1193 2992 1251; x_wconf 82' lang='lat' dir='ltr'><strong>portet</strong></span> <span class='ocrx_word' id='word_1_199' title='bbox 3029 1195 3297 1254; x_wconf 84' lang='lat' dir='ltr'><strong>peccatum</strong></span> <span class='ocrx_word' id='word_1_200' title='bbox 3339 1186 3537 1256; x_wconf 87' lang='lat' dir='ltr'><strong>patris,</strong></span> <span class='ocrx_word' id='word_1_201' title='bbox 3568 1186 3660 1241; x_wconf 82' lang='lat' dir='ltr'><strong>sed</strong></span> 
     </span>
    </p>
   </div>
   <div class='ocr_carea' id='block_1_28' title="bbox 2774 1269 2950 1307">
    <p class='ocr_par' dir='ltr' id='par_1_28' title="bbox 2774 1269 2950 1307">
     <span class='ocr_line' id='line_1_28' title="bbox 2774 1269 2950 1307; baseline -0.006 0"><span class='ocrx_word' id='word_1_202' title='bbox 2774 1269 2950 1307; x_wconf 85' lang='lat' dir='ltr'><strong>suum.</strong></span> 
     </span>
    </p>
   </div>
   <div class='ocr_carea' id='block_1_29' title="bbox 2150 1362 3664 1440">
    <p class='ocr_par' dir='ltr' id='par_1_29' title="bbox 2150 1362 3664 1440">
     <span class='ocr_line' id='line_1_29' title="bbox 2150 1362 3664 1440; baseline 0.005 -23"><span class='ocrx_word' id='word_1_203' title='bbox 2150 1363 2220 1418; x_wconf 83' lang='lat' dir='ltr'><strong>At</strong></span> <span class='ocrx_word' id='word_1_204' title='bbox 2245 1363 2290 1420; x_wconf 91' lang='lat' dir='ltr'><strong>si</strong></span> <span class='ocrx_word' id='word_1_205' title='bbox 2326 1362 2581 1432; x_wconf 77' lang='lat' dir='ltr'><strong>obiicitur</strong></span> <span class='ocrx_word' id='word_1_206' title='bbox 2606 1363 2732 1433; x_wconf 82' lang='lat' dir='ltr'><strong>quia</strong></span> <span class='ocrx_word' id='word_1_207' title='bbox 2763 1377 2954 1418; x_wconf 90' lang='lat' dir='ltr'><strong>omnes</strong></span> <span class='ocrx_word' id='word_1_208' title='bbox 2985 1363 3076 1434; x_wconf 90' lang='lat' dir='ltr'><strong>qui</strong></span> <span class='ocrx_word' id='word_1_209' title='bbox 3113 1379 3220 1420; x_wconf 91' lang='lat' dir='ltr'><strong>non</strong></span> <span class='ocrx_word' id='word_1_210' title='bbox 3257 1369 3539 1423; x_wconf 89' lang='lat' dir='ltr'><strong>salvantur</strong></span> <span class='ocrx_word' id='word_1_211' title='bbox 3562 1383 3664 1440; x_wconf 88' lang='lat' dir='ltr'><strong>per</strong></span> 
     </span>
    </p>
   </div>
   <div class='ocr_carea' id='block_1_30' title="bbox 2081 1453 3661 1530">
    <p class='ocr_par' dir='ltr' id='par_1_30' title="bbox 2081 1453 3661 1530">
     <span class='ocr_line' id='line_1_30' title="bbox 2081 1453 3661 1530; baseline 0.004 -22"><span class='ocrx_word' id='word_1_212' title='bbox 2081 1453 2266 1521; x_wconf 87' lang='lat' dir='ltr'><strong>ﬁdem,</strong></span> <span class='ocrx_word' id='word_1_213' title='bbox 2293 1469 2413 1525; x_wconf 77' lang='lat' dir='ltr'><strong>quae</strong></span> <span class='ocrx_word' id='word_1_214' title='bbox 2441 1463 2524 1509; x_wconf 91' lang='lat' dir='ltr'><strong>est</strong></span> <span class='ocrx_word' id='word_1_215' title='bbox 2546 1454 2597 1508; x_wconf 92' lang='lat' dir='ltr'><strong>in</strong></span> <span class='ocrx_word' id='word_1_216' title='bbox 2622 1453 2898 1510; x_wconf 84' lang='lat' dir='ltr'><strong>Christum</strong></span> <span class='ocrx_word' id='word_1_217' title='bbox 2931 1455 3046 1523; x_wconf 86' lang='grc'>³³⁰⁹,</span> <span class='ocrx_word' id='word_1_218' title='bbox 3070 1467 3291 1528; x_wconf 90' lang='lat' dir='ltr'><strong>portant</strong></span> <span class='ocrx_word' id='word_1_219' title='bbox 3323 1459 3661 1530; x_wconf 87' lang='lat' dir='ltr'><strong>iniquitatem</strong></span> 
     </span>
    </p>
   </div>
   <div class='ocr_carea' id='block_1_31' title="bbox 2081 1546 3664 1619">
    <p class='ocr_par' dir='ltr' id='par_1_31' title="bbox 2081 1546 3664 1619">
     <span class='ocr_line' id='line_1_31' title="bbox 2081 1546 3664 1619; baseline 0.002 -17"><span class='ocrx_word' id='word_1_220' title='bbox 2081 1556 2136 1603; x_wconf 90' lang='lat' dir='ltr'><strong>et</strong></span> <span class='ocrx_word' id='word_1_221' title='bbox 2164 1562 2302 1602; x_wconf 91' lang='lat' dir='ltr'><strong>onus</strong></span> <span class='ocrx_word' id='word_1_222' title='bbox 2327 1546 2458 1601; x_wconf 71' lang='lat' dir='ltr'><strong>Adae</strong></span> <span class='ocrx_word' id='word_1_223' title='bbox 2478 1586 2492 1611; x_wconf 93' lang='lat'><strong>,</strong></span> <span class='ocrx_word' id='word_1_224' title='bbox 2521 1555 2582 1600; x_wconf 89' lang='lat' dir='ltr'><strong>ut</strong></span> <span class='ocrx_word' id='word_1_225' title='bbox 2613 1561 2712 1617; x_wconf 87' lang='lat' dir='ltr'><strong>per</strong></span> <span class='ocrx_word' id='word_1_226' title='bbox 2738 1546 2841 1602; x_wconf 88' lang='lat' dir='ltr'><strong>hoc</strong></span> <span class='ocrx_word' id='word_1_227' title='bbox 2868 1546 2998 1603; x_wconf 88' lang='lat' dir='ltr'><strong>velit</strong></span> <span class='ocrx_word' id='word_1_228' title='bbox 3017 1549 3247 1619; x_wconf 85' lang='lat' dir='ltr'><strong>probare</strong></span> <span class='ocrx_word' id='word_1_229' title='bbox 3278 1549 3542 1617; x_wconf 80' lang='lat' dir='ltr'><strong>infantes,</strong></span> <span class='ocrx_word' id='word_1_230' title='bbox 3569 1561 3664 1606; x_wconf 87' lang='lat' dir='ltr'><strong>aut</strong></span> 
     </span>
    </p>
   </div>
   <div class='ocr_carea' id='block_1_32' title="bbox 2082 1640 3663 1714">
    <p class='ocr_par' dir='ltr' id='par_1_32' title="bbox 2082 1640 3663 1714">
     <span class='ocr_line' id='line_1_32' title="bbox 2082 1640 3663 1714; baseline 0.006 -20"><span class='ocrx_word' id='word_1_231' title='bbox 2082 1640 2308 1695; x_wconf 88' lang='lat' dir='ltr'><strong>aliorum</strong></span> <span class='ocrx_word' id='word_1_232' title='bbox 2349 1655 2562 1709; x_wconf 89' lang='lat' dir='ltr'><strong>quoque</strong></span> <span class='ocrx_word' id='word_1_233' title='bbox 2600 1650 2884 1710; x_wconf 89' lang='lat' dir='ltr'><strong>parentum</strong></span> <span class='ocrx_word' id='word_1_234' title='bbox 2919 1643 3234 1714; x_wconf 87' lang='lat' dir='ltr'><strong>iniquitates</strong></span> <span class='ocrx_word' id='word_1_235' title='bbox 3287 1646 3537 1702; x_wconf 89' lang='lat' dir='ltr'><strong>similiter</strong></span> <span class='ocrx_word' id='word_1_236' title='bbox 3570 1650 3663 1703; x_wconf 89' lang='lat' dir='ltr'><strong>de-</strong></span> 
     </span>
    </p>
   </div>
   <div class='ocr_carea' id='block_1_33' title="bbox 394 1715 1979 1804">
    <p class='ocr_par' dir='ltr' id='par_1_33' title="bbox 394 1715 1977 1790">
     <span class='ocr_line' id='line_1_33' title="bbox 394 1715 1977 1790; baseline -0.003 -16"><span class='ocrx_word' id='word_1_237' title='bbox 394 1719 604 1790; x_wconf 88' lang='lat' dir='ltr'><strong>gellari,</strong></span> <span class='ocrx_word' id='word_1_238' title='bbox 637 1728 693 1774; x_wconf 89' lang='lat' dir='ltr'><strong>et</strong></span> <span class='ocrx_word' id='word_1_239' title='bbox 716 1733 778 1776; x_wconf 77' lang='lat' dir='ltr'><strong>ea</strong></span> <span class='ocrx_word' id='word_1_240' title='bbox 806 1719 1034 1790; x_wconf 85' lang='lat' dir='ltr'><strong>perdere</strong></span> <span class='ocrx_word' id='word_1_241' title='bbox 1061 1719 1201 1773; x_wconf 90' lang='lat' dir='ltr'><strong>bona</strong></span> <span class='ocrx_word' id='word_1_242' title='bbox 1227 1718 1392 1774; x_wconf 90' lang='lat' dir='ltr'><strong>etiam</strong></span> <span class='ocrx_word' id='word_1_243' title='bbox 1417 1718 1471 1772; x_wconf 93' lang='lat' dir='ltr'><strong>in</strong></span> <span class='ocrx_word' id='word_1_244' title='bbox 1499 1717 1700 1784; x_wconf 89' lang='lat' dir='ltr'><strong>anima,</strong></span> <span class='ocrx_word' id='word_1_245' title='bbox 1727 1732 1846 1787; x_wconf 75' lang='lat' dir='ltr'><strong>qua:</strong></span> <span class='ocrx_word' id='word_1_246' title='bbox 1869 1715 1977 1770; x_wconf 88' lang='lat' dir='ltr'><strong>for-</strong></span> 
     </span>
    </p>
   </div>
   <div class='ocr_carea' id='block_1_34' title="bbox 2084 1715 3662 1804">
    <p class='ocr_par' dir='ltr' id='par_1_34' title="bbox 2084 1731 3662 1804">
     <span class='ocr_line' id='line_1_34' title="bbox 2084 1731 3662 1804; baseline 0.005 -18"><span class='ocrx_word' id='word_1_247' title='bbox 2084 1731 2206 1787; x_wconf 85' lang='lat' dir='ltr'><strong>bere</strong></span> <span class='ocrx_word' id='word_1_248' title='bbox 2255 1742 2510 1803; x_wconf 82' lang='lat' dir='ltr'><strong>portare,</strong></span> <span class='ocrx_word' id='word_1_249' title='bbox 2559 1742 2654 1787; x_wconf 90' lang='lat' dir='ltr'><strong>aut</strong></span> <span class='ocrx_word' id='word_1_250' title='bbox 2715 1733 2860 1789; x_wconf 92' lang='lat' dir='ltr'><strong>illius</strong></span> <span class='ocrx_word' id='word_1_251' title='bbox 2913 1749 3018 1790; x_wconf 92' lang='lat' dir='ltr'><strong>non</strong></span> <span class='ocrx_word' id='word_1_252' title='bbox 3072 1738 3304 1804; x_wconf 89' lang='lat' dir='ltr'><strong>debere,</strong></span> <span class='ocrx_word' id='word_1_253' title='bbox 3356 1740 3662 1795; x_wconf 87' lang='lat' dir='ltr'><strong>consideret</strong></span> 
     </span>
    </p>
   </div>
   <div class='ocr_carea' id='block_1_35' title="bbox 397 1807 1977 1880">
    <p class='ocr_par' dir='ltr' id='par_1_35' title="bbox 397 1807 1977 1880">
     <span class='ocr_line' id='line_1_35' title="bbox 397 1807 1977 1880; baseline -0.002 -16"><span class='ocrx_word' id='word_1_254' title='bbox 397 1810 539 1864; x_wconf 89' lang='lat' dir='ltr'><strong>sitan</strong></span> <span class='ocrx_word' id='word_1_255' title='bbox 571 1823 668 1880; x_wconf 91' lang='lat' dir='ltr'><strong>per</strong></span> <span class='ocrx_word' id='word_1_256' title='bbox 699 1809 818 1864; x_wconf 90' lang='lat' dir='ltr'><strong>illos</strong></span> <span class='ocrx_word' id='word_1_257' title='bbox 849 1818 1333 1878; x_wconf 86' lang='lat' dir='ltr'><strong>consequerentur,</strong></span> <span class='ocrx_word' id='word_1_258' title='bbox 1366 1808 1410 1864; x_wconf 89' lang='lat' dir='ltr'><strong>si</strong></span> <span class='ocrx_word' id='word_1_259' title='bbox 1441 1807 1573 1877; x_wconf 87' lang='lat' dir='ltr'><strong>justi</strong></span> <span class='ocrx_word' id='word_1_260' title='bbox 1603 1816 1812 1872; x_wconf 91' lang='lat' dir='ltr'><strong>essent;</strong></span> <span class='ocrx_word' id='word_1_261' title='bbox 1843 1821 1977 1875; x_wconf 78' lang='lat' dir='ltr'><strong>quo-</strong></span> 
     </span>
    </p>
   </div>
   <div class='ocr_carea' id='block_1_36' title="bbox 397 1894 1975 1970">
    <p class='ocr_par' dir='ltr' id='par_1_36' title="bbox 397 1894 1975 1970">
     <span class='ocr_line' id='line_1_36' title="bbox 397 1894 1975 1970; baseline -0.002 -17"><span class='ocrx_word' id='word_1_262' title='bbox 397 1916 515 1954; x_wconf 91' lang='lat' dir='ltr'><strong>rum</strong></span> <span class='ocrx_word' id='word_1_263' title='bbox 564 1900 811 1969; x_wconf 82' lang='lat' dir='ltr'><strong>exempla</strong></span> <span class='ocrx_word' id='word_1_264' title='bbox 853 1901 1013 1956; x_wconf 89' lang='lat' dir='ltr'><strong>nimis</strong></span> <span class='ocrx_word' id='word_1_265' title='bbox 1047 1899 1266 1970; x_wconf 86' lang='lat' dir='ltr'><strong>longum</strong></span> <span class='ocrx_word' id='word_1_266' title='bbox 1317 1907 1401 1955; x_wconf 89' lang='lat' dir='ltr'><strong>est</strong></span> <span class='ocrx_word' id='word_1_267' title='bbox 1444 1899 1534 1953; x_wconf 85' lang='lat' dir='ltr'><strong>hic</strong></span> <span class='ocrx_word' id='word_1_268' title='bbox 1567 1899 1826 1953; x_wconf 88' lang='lat' dir='ltr'><strong>inserere.</strong></span> <span class='ocrx_word' id='word_1_269' title='bbox 1869 1894 1975 1951; x_wconf 88' lang='lat' dir='ltr'><strong>Sed</strong></span> 
     </span>
    </p>
   </div>
   <div class='ocr_carea' id='block_1_37' title="bbox 395 1990 1974 2067">
    <p class='ocr_par' dir='ltr' id='par_1_37' title="bbox 395 1990 1974 2067">
     <span class='ocr_line' id='line_1_37' title="bbox 395 1990 1974 2067; baseline -0.004 -17"><span class='ocrx_word' id='word_1_270' title='bbox 395 1996 516 2050; x_wconf 90' lang='lat' dir='ltr'><strong>dico</strong></span> <span class='ocrx_word' id='word_1_271' title='bbox 543 2003 825 2067; x_wconf 90' lang='lat' dir='ltr'><strong>peccatum</strong></span> <span class='ocrx_word' id='word_1_272' title='bbox 869 1995 1135 2066; x_wconf 86' lang='lat' dir='ltr'><strong>originale</strong></span> <span class='ocrx_word' id='word_1_273' title='bbox 1161 1995 1214 2048; x_wconf 92' lang='lat' dir='ltr'><strong>in</strong></span> <span class='ocrx_word' id='word_1_274' title='bbox 1239 1993 1494 2049; x_wconf 91' lang='lat' dir='ltr'><strong>omnibus</strong></span> <span class='ocrx_word' id='word_1_275' title='bbox 1525 1990 1819 2046; x_wconf 89' lang='lat' dir='ltr'><strong>infantibus</strong></span> <span class='ocrx_word' id='word_1_276' title='bbox 1843 2004 1974 2045; x_wconf 90' lang='lat' dir='ltr'><strong>con-</strong></span> 
     </span>
    </p>
   </div>
   <div class='ocr_carea' id='block_1_38' title="bbox 397 2085 1976 2159">
    <p class='ocr_par' dir='ltr' id='par_1_38' title="bbox 397 2085 1976 2159">
     <span class='ocr_line' id='line_1_38' title="bbox 397 2085 1976 2159; baseline -0.004 -16"><span class='ocrx_word' id='word_1_277' title='bbox 397 2088 569 2159; x_wconf 90' lang='lat' dir='ltr'><strong>ccptis</strong></span> <span class='ocrx_word' id='word_1_278' title='bbox 615 2087 944 2143; x_wconf 89' lang='lat' dir='ltr'><strong>naturaliter</strong></span> <span class='ocrx_word' id='word_1_279' title='bbox 1001 2085 1209 2156; x_wconf 58' lang='lat' dir='ltr'><strong>aequale</strong></span> <span class='ocrx_word' id='word_1_280' title='bbox 1259 2099 1381 2140; x_wconf 91' lang='lat' dir='ltr'><strong>esse</strong></span> <span class='ocrx_word' id='word_1_281' title='bbox 1431 2101 1447 2139; x_wconf 92' lang='lat'><strong>:</strong></span> <span class='ocrx_word' id='word_1_282' title='bbox 1500 2086 1644 2140; x_wconf 89' lang='lat' dir='ltr'><strong>sicut</strong></span> <span class='ocrx_word' id='word_1_283' title='bbox 1693 2092 1976 2153; x_wconf 90' lang='lat' dir='ltr'><strong>peccatum</strong></span> 
     </span>
    </p>
   </div>
   <div class='ocr_carea' id='block_1_39' title="bbox 396 2174 1978 2250">
    <p class='ocr_par' dir='ltr' id='par_1_39' title="bbox 396 2174 1978 2250">
     <span class='ocr_line' id='line_1_39' title="bbox 396 2174 1978 2250; baseline -0.002 -18"><span class='ocrx_word' id='word_1_284' title='bbox 396 2179 546 2244; x_wconf 70' lang='lat' dir='ltr'><strong>Adae,</strong></span> <span class='ocrx_word' id='word_1_285' title='bbox 569 2178 714 2250; x_wconf 91' lang='lat' dir='ltr'><strong>quod</strong></span> <span class='ocrx_word' id='word_1_286' title='bbox 736 2187 1003 2236; x_wconf 89' lang='lat' dir='ltr'><strong>estcausa</strong></span> <span class='ocrx_word' id='word_1_287' title='bbox 1026 2193 1124 2234; x_wconf 90' lang='lat' dir='ltr'><strong>cur</strong></span> <span class='ocrx_word' id='word_1_288' title='bbox 1148 2185 1444 2233; x_wconf 83' lang='lat' dir='ltr'><strong>nascantur</strong></span> <span class='ocrx_word' id='word_1_289' title='bbox 1468 2175 1522 2230; x_wconf 94' lang='lat' dir='ltr'><strong>in</strong></span> <span class='ocrx_word' id='word_1_290' title='bbox 1553 2175 1665 2241; x_wconf 88' lang='lat' dir='ltr'><strong>illo,</strong></span> <span class='ocrx_word' id='word_1_291' title='bbox 1694 2174 1762 2230; x_wconf 87' lang='lat' dir='ltr'><strong>ad</strong></span> <span class='ocrx_word' id='word_1_292' title='bbox 1789 2188 1978 2229; x_wconf 89' lang='lat' dir='ltr'><strong>omnes</strong></span> 
     </span>
    </p>
   </div>
   <div class='ocr_carea' id='block_1_40' title="bbox 395 2272 957 2343">
    <p class='ocr_par' dir='ltr' id='par_1_40' title="bbox 395 2272 957 2343">
     <span class='ocr_line' id='line_1_40' title="bbox 395 2272 957 2343; baseline -0.007 -13"><span class='ocrx_word' id='word_1_293' title='bbox 395 2273 630 2343; x_wconf 85' lang='lat' dir='ltr'><strong>pertinet</strong></span> <span class='ocrx_word' id='word_1_294' title='bbox 655 2272 957 2343; x_wconf 63' lang='lat' dir='ltr'><strong>aequaliter.</strong></span> 
     </span>
    </p>
   </div>
   <div class='ocr_carea' id='block_1_41' title="bbox 783 2361 1586 2437">
    <p class='ocr_par' dir='ltr' id='par_1_41' title="bbox 783 2361 1586 2437">
     <span class='ocr_line' id='line_1_41' title="bbox 783 2361 1586 2437; baseline -0.005 -16"><span class='ocrx_word' id='word_1_295' title='bbox 783 2363 1014 2422; x_wconf 83' lang='lat' dir='ltr'><strong>CAPUT</strong></span> <span class='ocrx_word' id='word_1_296' title='bbox 1041 2363 1186 2420; x_wconf 84' lang='lat' dir='ltr'><strong>xxv</strong></span> <span class='ocrx_word' id='word_1_297' title='bbox 1217 2362 1340 2437; x_wconf 84' lang='lat' dir='ltr'><strong>[al.,</strong></span> <span class='ocrx_word' id='word_1_298' title='bbox 1371 2361 1586 2434; x_wconf 81' lang='lat' dir='ltr'><strong>XXIV].</strong></span> 
     </span>
    </p>
   </div>
   <div class='ocr_carea' id='block_1_42' title="bbox 397 2476 1980 2620">
    <p class='ocr_par' dir='ltr' id='par_1_42' title="bbox 397 2476 1980 2620">
     <span class='ocr_line' id='line_1_42' title="bbox 397 2476 1980 2620; baseline -0.004 -83"><span class='ocrx_word' id='word_1_299' title='bbox 397 2481 670 2549; x_wconf 84' lang='lat' dir='ltr'><strong>Quomodo</strong></span> <span class='ocrx_word' id='word_1_300' title='bbox 713 2491 928 2554; x_wconf 86' lang='lat' dir='ltr'><strong>peccata</strong></span> <span class='ocrx_word' id='word_1_301' title='bbox 979 2482 1393 2620; x_wconf 37' lang='lat' dir='ltr'><strong>mhparentum</strong></span> <span class='ocrx_word' id='word_1_302' title='bbox 1439 2487 1656 2534; x_wconf 79' lang='lat' dir='ltr'><strong>noceant</strong></span> <span class='ocrx_word' id='word_1_303' title='bbox 1703 2476 1980 2533; x_wconf 73' lang='lat' dir='ltr'><strong>animabus</strong></span> 
     </span>
     <span class='ocr_line' id='line_1_43' title="bbox 1120 2569 1312 2605; baseline -0.005 -1"><span class='ocrx_word' id='word_1_304' title='bbox 1120 2569 1312 2605; x_wconf 78' lang='lat' dir='ltr'><strong>torum.</strong></span> 
     </span>
    </p>
   </div>
   <div class='ocr_carea' id='block_1_43' title="bbox 1120 2569 1312 2605">
    <p class='ocr_par' dir='ltr' id='par_1_43' title="bbox 1120 2569 1312 2605">
     <span class='ocr_line' id='line_1_44' title="bbox 1120 2569 1312 2605; baseline -0.005 -1"><span class='ocrx_word' id='word_1_305' title='bbox 1120 2569 1312 2605; x_wconf 79' lang='lat' dir='ltr'><strong>torum.</strong></span> 
     </span>
    </p>
   </div>
   <div class='ocr_carea' id='block_1_44' title="bbox 469 2637 1979 2713">
    <p class='ocr_par' dir='ltr' id='par_1_44' title="bbox 469 2637 1979 2713">
     <span class='ocr_line' id='line_1_45' title="bbox 469 2637 1979 2713; baseline -0.007 -12"><span class='ocrx_word' id='word_1_306' title='bbox 469 2645 527 2702; x_wconf 88' lang='lat' dir='ltr'><strong>Si</strong></span> <span class='ocrx_word' id='word_1_307' title='bbox 555 2653 738 2700; x_wconf 89' lang='lat' dir='ltr'><strong>autem</strong></span> <span class='ocrx_word' id='word_1_308' title='bbox 760 2651 983 2713; x_wconf 89' lang='lat' dir='ltr'><strong>peccata</strong></span> <span class='ocrx_word' id='word_1_309' title='bbox 1011 2650 1298 2712; x_wconf 89' lang='lat' dir='ltr'><strong>parentum</strong></span> <span class='ocrx_word' id='word_1_310' title='bbox 1324 2640 1616 2708; x_wconf 86' lang='lat' dir='ltr'><strong>aliquando</strong></span> <span class='ocrx_word' id='word_1_311' title='bbox 1643 2646 1838 2694; x_wconf 88' lang='lat' dir='ltr'><strong>nocent</strong></span> <span class='ocrx_word' id='word_1_312' title='bbox 1867 2637 1979 2692; x_wconf 85' lang='lat' dir='ltr'><strong>ani-</strong></span> 
     </span>
    </p>
   </div>
   <div class='ocr_carea' id='block_1_45' title="bbox 385 2731 1981 2802">
    <p class='ocr_par' dir='ltr' id='par_1_45' title="bbox 385 2731 1981 2802">
     <span class='ocr_line' id='line_1_46' title="bbox 385 2731 1981 2802; baseline -0.005 -12"><span class='ocrx_word' id='word_1_313' title='bbox 385 2736 588 2791; x_wconf 32' lang='lat' dir='ltr'><strong>‘mabus</strong></span> <span class='ocrx_word' id='word_1_314' title='bbox 622 2733 878 2798; x_wconf 88' lang='lat' dir='ltr'><strong>ﬁliorum,</strong></span> <span class='ocrx_word' id='word_1_315' title='bbox 909 2733 1012 2788; x_wconf 88' lang='lat' dir='ltr'><strong>hoc</strong></span> <span class='ocrx_word' id='word_1_316' title='bbox 1039 2731 1198 2788; x_wconf 92' lang='lat' dir='ltr'><strong>modo</strong></span> <span class='ocrx_word' id='word_1_317' title='bbox 1225 2731 1404 2802; x_wconf 90' lang='lat' dir='ltr'><strong>potius</strong></span> <span class='ocrx_word' id='word_1_318' title='bbox 1425 2731 1542 2786; x_wconf 88' lang='lat' dir='ltr'><strong>ﬁeri</strong></span> <span class='ocrx_word' id='word_1_319' title='bbox 1573 2731 1849 2796; x_wconf 81' lang='lat' dir='ltr'><strong>existimo,</strong></span> <span class='ocrx_word' id='word_1_320' title='bbox 1875 2743 1981 2783; x_wconf 88' lang='lat' dir='ltr'><strong>non</strong></span> 
     </span>
    </p>
   </div>
   <div class='ocr_carea' id='block_1_46' title="bbox 397 2807 1984 2898">
    <p class='ocr_par' dir='ltr' id='par_1_46' title="bbox 397 2807 1984 2898">
     <span class='ocr_line' id='line_1_47' title="bbox 397 2807 1984 2898; baseline -0.006 -14"><span class='ocrx_word' id='word_1_321' title='bbox 397 2828 546 2898; x_wconf 86' lang='lat' dir='ltr'><strong>quod</strong></span> <span class='ocrx_word' id='word_1_322' title='bbox 569 2841 637 2882; x_wconf 91' lang='lat' dir='ltr'><strong>ea</strong></span> <span class='ocrx_word' id='word_1_323' title='bbox 679 2825 786 2881; x_wconf 85' lang='lat' dir='ltr'><strong>illis</strong></span> <span class='ocrx_word' id='word_1_324' title='bbox 812 2824 954 2882; x_wconf 87' lang='lat' dir='ltr'><strong>Deus</strong></span> <span class='ocrx_word' id='word_1_325' title='bbox 985 2824 1246 2894; x_wconf 88' lang='lat' dir='ltr'><strong>imputet,</strong></span> <span class='ocrx_word' id='word_1_326' title='bbox 1291 2833 1385 2877; x_wconf 90' lang='lat' dir='ltr'><strong>aut</strong></span> <span class='ocrx_word' id='word_1_327' title='bbox 1414 2807 1556 2894; x_wconf 87' lang='lat' dir='ltr'><strong>quod</strong></span> <span class='ocrx_word' id='word_1_328' title='bbox 1597 2838 1688 2878; x_wconf 89' lang='lat' dir='ltr'><strong>eos</strong></span> <span class='ocrx_word' id='word_1_329' title='bbox 1718 2823 1770 2877; x_wconf 92' lang='lat' dir='ltr'><strong>in</strong></span> <span class='ocrx_word' id='word_1_330' title='bbox 1803 2821 1984 2890; x_wconf 89' lang='lat' dir='ltr'><strong>aliqua</strong></span> 
     </span>
    </p>
   </div>
   <div class='ocr_carea' id='block_1_47' title="bbox 399 2914 1986 2988">
    <p class='ocr_par' dir='ltr' id='par_1_47' title="bbox 399 2914 1986 2988">
     <span class='ocr_line' id='line_1_48' title="bbox 399 2914 1986 2988; baseline -0.004 -14"><span class='ocrx_word' id='word_1_331' title='bbox 399 2919 594 2975; x_wconf 88' lang='lat' dir='ltr'><strong>delicta</strong></span> <span class='ocrx_word' id='word_1_332' title='bbox 623 2925 848 2988; x_wconf 88' lang='lat' dir='ltr'><strong>propter</strong></span> <span class='ocrx_word' id='word_1_333' title='bbox 873 2925 1131 2987; x_wconf 89' lang='lat' dir='ltr'><strong>parentes</strong></span> <span class='ocrx_word' id='word_1_334' title='bbox 1175 2915 1419 2981; x_wconf 89' lang='lat' dir='ltr'><strong>inducat,</strong></span> <span class='ocrx_word' id='word_1_335' title='bbox 1446 2915 1538 2970; x_wconf 87' lang='lat' dir='ltr'><strong>sed</strong></span> <span class='ocrx_word' id='word_1_336' title='bbox 1563 2914 1815 2984; x_wconf 89' lang='lat' dir='ltr'><strong>quoniam</strong></span> <span class='ocrx_word' id='word_1_337' title='bbox 1845 2914 1986 2968; x_wconf 89' lang='lat' dir='ltr'><strong>sicut</strong></span> 
     </span>
    </p>
   </div>
   <div class='ocr_carea' id='block_1_48' title="bbox 391 3007 1984 3081">
    <p class='ocr_par' dir='ltr' id='par_1_48' title="bbox 391 3007 1984 3081">
     <span class='ocr_line' id='line_1_49' title="bbox 391 3007 1984 3081; baseline -0.004 -15"><span class='ocrx_word' id='word_1_338' title='bbox 391 3025 541 3081; x_wconf 70' lang='lat' dir='ltr'><strong>saepe</strong></span> <span class='ocrx_word' id='word_1_339' title='bbox 583 3009 679 3042; x_wconf 84' lang='grc'><strong>⁸³⁸⁸</strong></span> <span class='ocrx_word' id='word_1_340' title='bbox 717 3009 928 3065; x_wconf 90' lang='lat' dir='ltr'><strong>meritis</strong></span> <span class='ocrx_word' id='word_1_341' title='bbox 955 3018 1273 3079; x_wconf 87' lang='lat' dir='ltr'><strong>parentum,</strong></span> <span class='ocrx_word' id='word_1_342' title='bbox 1323 3008 1461 3062; x_wconf 89' lang='lat' dir='ltr'><strong>ﬁlios</strong></span> <span class='ocrx_word' id='word_1_343' title='bbox 1494 3007 1764 3078; x_wconf 89' lang='lat' dir='ltr'><strong>justorum</strong></span> <span class='ocrx_word' id='word_1_344' title='bbox 1795 3021 1824 3060; x_wconf 90' lang='lat' dir='ltr'><strong>a</strong></span> <span class='ocrx_word' id='word_1_345' title='bbox 1859 3019 1984 3074; x_wconf 90' lang='lat' dir='ltr'><strong>pec-</strong></span> 
     </span>
    </p>
   </div>
   <div class='ocr_carea' id='block_1_49' title="bbox 399 3067 2056 3168">
    <p class='ocr_par' dir='ltr' id='par_1_49' title="bbox 399 3067 2056 3168">
     <span class='ocr_line' id='line_1_50' title="bbox 399 3067 2056 3168; baseline -0.004 -11"><span class='ocrx_word' id='word_1_346' title='bbox 399 3101 536 3157; x_wconf 85' lang='lat' dir='ltr'><strong>catis</strong></span> <span class='ocrx_word' id='word_1_347' title='bbox 561 3100 722 3166; x_wconf 88' lang='lat' dir='ltr'><strong>eruit,</strong></span> <span class='ocrx_word' id='word_1_348' title='bbox 754 3100 828 3154; x_wconf 90' lang='lat' dir='ltr'><strong>ita</strong></span> <span class='ocrx_word' id='word_1_349' title='bbox 856 3099 996 3155; x_wconf 89' lang='lat' dir='ltr'><strong>ﬁlios</strong></span> <span class='ocrx_word' id='word_1_350' title='bbox 1016 3098 1288 3168; x_wconf 87' lang='lat' dir='ltr'><strong>justorum</strong></span> <span class='ocrx_word' id='word_1_351' title='bbox 1315 3112 1503 3153; x_wconf 87' lang='lat' dir='ltr'><strong>eorum</strong></span> <span class='ocrx_word' id='word_1_352' title='bbox 1535 3096 1766 3161; x_wconf 89' lang='lat' dir='ltr'><strong>meritis,</strong></span> <span class='ocrx_word' id='word_1_353' title='bbox 1793 3096 1844 3150; x_wconf 93' lang='lat' dir='ltr'><strong>in</strong></span> <span class='ocrx_word' id='word_1_354' title='bbox 1870 3095 1983 3150; x_wconf 89' lang='lat' dir='ltr'><strong>suis</strong></span> <span class='ocrx_word' id='word_1_355' title='bbox 2009 3067 2056 3132; x_wconf 72' lang='grc' dir='ltr'>ο</span> 
     </span>
    </p>
   </div>
   <div class='ocr_carea' id='block_1_50' title="bbox 399 3188 1986 3265">
    <p class='ocr_par' dir='ltr' id='par_1_50' title="bbox 399 3188 1986 3265">
     <span class='ocr_line' id='line_1_51' title="bbox 399 3188 1986 3265; baseline -0.004 -16"><span class='ocrx_word' id='word_1_356' title='bbox 399 3194 690 3265; x_wconf 89' lang='lat' dir='ltr'><strong>aliquando</strong></span> <span class='ocrx_word' id='word_1_357' title='bbox 726 3192 1074 3262; x_wconf 86' lang='lat' dir='ltr'><strong>derelinquit.</strong></span> <span class='ocrx_word' id='word_1_358' title='bbox 1129 3191 1398 3258; x_wconf 83' lang='lat' dir='ltr'><strong>Quoniam</strong></span> <span class='ocrx_word' id='word_1_359' title='bbox 1447 3191 1590 3246; x_wconf 90' lang='lat' dir='ltr'><strong>enim</strong></span> <span class='ocrx_word' id='word_1_360' title='bbox 1638 3203 1798 3245; x_wconf 93' lang='lat' dir='ltr'><strong>nemo</strong></span> <span class='ocrx_word' id='word_1_361' title='bbox 1849 3188 1986 3243; x_wconf 88' lang='lat' dir='ltr'><strong>liber</strong></span> 
     </span>
    </p>
   </div>
   <div class='ocr_carea' id='block_1_51' title="bbox 397 3283 1985 3357">
    <p class='ocr_par' dir='ltr' id='par_1_51' title="bbox 397 3283 1985 3357">
     <span class='ocr_line' id='line_1_52' title="bbox 397 3283 1985 3357; baseline -0.003 -15"><span class='ocrx_word' id='word_1_362' title='bbox 397 3296 484 3343; x_wconf 90' lang='lat' dir='ltr'><strong>est</strong></span> <span class='ocrx_word' id='word_1_363' title='bbox 511 3303 540 3342; x_wconf 91' lang='lat' dir='ltr'><strong>a</strong></span> <span class='ocrx_word' id='word_1_364' title='bbox 572 3295 818 3357; x_wconf 87' lang='lat' dir='ltr'><strong>peccato,</strong></span> <span class='ocrx_word' id='word_1_365' title='bbox 853 3287 957 3342; x_wconf 92' lang='lat' dir='ltr'><strong>nisi</strong></span> <span class='ocrx_word' id='word_1_366' title='bbox 993 3286 1102 3341; x_wconf 89' lang='lat' dir='ltr'><strong>Deo</strong></span> <span class='ocrx_word' id='word_1_367' title='bbox 1150 3285 1438 3349; x_wconf 89' lang='lat' dir='ltr'><strong>liberante,</strong></span> <span class='ocrx_word' id='word_1_368' title='bbox 1473 3299 1597 3341; x_wconf 92' lang='lat' dir='ltr'><strong>cum</strong></span> <span class='ocrx_word' id='word_1_369' title='bbox 1634 3299 1739 3340; x_wconf 90' lang='lat' dir='ltr'><strong>non</strong></span> <span class='ocrx_word' id='word_1_370' title='bbox 1769 3283 1985 3349; x_wconf 85' lang='lat' dir='ltr'><strong>liberat,</strong></span> 
     </span>
    </p>
   </div>
   <div class='ocr_carea' id='block_1_52' title="bbox 400 3376 1988 3443">
    <p class='ocr_par' dir='ltr' id='par_1_52' title="bbox 400 3376 1988 3443">
     <span class='ocr_line' id='line_1_53' title="bbox 400 3376 1988 3443; baseline -0.002 -9"><span class='ocrx_word' id='word_1_371' title='bbox 400 3379 599 3434; x_wconf 89' lang='lat' dir='ltr'><strong>dicitur</strong></span> <span class='ocrx_word' id='word_1_372' title='bbox 625 3379 881 3433; x_wconf 90' lang='lat' dir='ltr'><strong>inducere</strong></span> <span class='ocrx_word' id='word_1_373' title='bbox 898 3420 911 3443; x_wconf 93' lang='lat'><strong>,</strong></span> <span class='ocrx_word' id='word_1_374' title='bbox 937 3387 991 3434; x_wconf 92' lang='lat' dir='ltr'><strong>et</strong></span> <span class='ocrx_word' id='word_1_375' title='bbox 1016 3393 1139 3432; x_wconf 90' lang='lat' dir='ltr'><strong>cum</strong></span> <span class='ocrx_word' id='word_1_376' title='bbox 1171 3394 1274 3432; x_wconf 93' lang='lat' dir='ltr'><strong>non</strong></span> <span class='ocrx_word' id='word_1_377' title='bbox 1299 3377 1522 3441; x_wconf 91' lang='lat' dir='ltr'><strong>emollit,</strong></span> <span class='ocrx_word' id='word_1_378' title='bbox 1539 3378 1810 3432; x_wconf 90' lang='lat' dir='ltr'><strong>indurare.</strong></span> <span class='ocrx_word' id='word_1_379' title='bbox 1827 3376 1988 3431; x_wconf 81' lang='lat' dir='ltr'><strong>Nam-</strong></span> 
     </span>
    </p>
   </div>
   <div class='ocr_carea' id='block_1_53' title="bbox 399 3465 1988 3540">
    <p class='ocr_par' dir='ltr' id='par_1_53' title="bbox 399 3465 1988 3540">
     <span class='ocr_line' id='line_1_54' title="bbox 399 3465 1988 3540; baseline -0.001 -17"><span class='ocrx_word' id='word_1_380' title='bbox 399 3484 508 3540; x_wconf 84' lang='lat' dir='ltr'><strong>que</strong></span> <span class='ocrx_word' id='word_1_381' title='bbox 535 3469 670 3524; x_wconf 90' lang='lat' dir='ltr'><strong>satis</strong></span> <span class='ocrx_word' id='word_1_382' title='bbox 696 3468 916 3524; x_wconf 89' lang='lat' dir='ltr'><strong>videtur</strong></span> <span class='ocrx_word' id='word_1_383' title='bbox 952 3467 1357 3538; x_wconf 86' lang='lat' dir='ltr'><strong>susceptibilius</strong></span> <span class='ocrx_word' id='word_1_384' title='bbox 1386 3467 1502 3532; x_wconf 74' lang='grc'><strong>⁸⁸⁰⁵,</strong></span> <span class='ocrx_word' id='word_1_385' title='bbox 1535 3466 1675 3532; x_wconf 88' lang='lat' dir='ltr'><strong>quod</strong></span> <span class='ocrx_word' id='word_1_386' title='bbox 1703 3465 1844 3521; x_wconf 88' lang='lat' dir='ltr'><strong>Deus</strong></span> <span class='ocrx_word' id='word_1_387' title='bbox 1870 3467 1988 3522; x_wconf 85' lang='lat' dir='ltr'><strong>ani-</strong></span> 
     </span>
    </p>
   </div>
   <div class='ocr_carea' id='block_1_54' title="bbox 402 3558 1984 3630">
    <p class='ocr_par' dir='ltr' id='par_1_54' title="bbox 402 3558 1984 3630">
     <span class='ocr_line' id='line_1_55' title="bbox 402 3558 1984 3630; baseline -0.001 -15"><span class='ocrx_word' id='word_1_388' title='bbox 402 3575 546 3615; x_wconf 90' lang='lat' dir='ltr'><strong>mam</strong></span> <span class='ocrx_word' id='word_1_389' title='bbox 569 3559 663 3592; x_wconf 78' lang='lat'><strong>“°&#39;</strong></span> <span class='ocrx_word' id='word_1_390' title='bbox 679 3559 1058 3630; x_wconf 89' lang='lat' dir='ltr'><strong>peccatricem,</strong></span> <span class='ocrx_word' id='word_1_391' title='bbox 1082 3558 1166 3614; x_wconf 92' lang='lat' dir='ltr'><strong>cui</strong></span> <span class='ocrx_word' id='word_1_392' title='bbox 1197 3558 1331 3612; x_wconf 85' lang='lat' dir='ltr'><strong>nihil</strong></span> <span class='ocrx_word' id='word_1_393' title='bbox 1351 3567 1549 3628; x_wconf 82' lang='lat' dir='ltr'><strong>praeter</strong></span> <span class='ocrx_word' id='word_1_394' title='bbox 1563 3572 1778 3628; x_wconf 83' lang='lat' dir='ltr'><strong>poenam</strong></span> <span class='ocrx_word' id='word_1_395' title='bbox 1803 3558 1984 3625; x_wconf 89' lang='lat' dir='ltr'><strong>debet,</strong></span> 
     </span>
    </p>
   </div>
   <div class='ocr_carea' id='block_1_55' title="bbox 402 3651 1984 3725">
    <p class='ocr_par' dir='ltr' id='par_1_55' title="bbox 402 3651 1984 3725">
     <span class='ocr_line' id='line_1_56' title="bbox 402 3651 1984 3725; baseline 0 -16"><span class='ocrx_word' id='word_1_396' title='bbox 402 3663 624 3725; x_wconf 75' lang='lat' dir='ltr'><strong>propter</strong></span> <span class='ocrx_word' id='word_1_397' title='bbox 654 3661 940 3724; x_wconf 90' lang='lat' dir='ltr'><strong>parentum</strong></span> <span class='ocrx_word' id='word_1_398' title='bbox 970 3661 1194 3723; x_wconf 87' lang='lat' dir='ltr'><strong>peccata</strong></span> <span class='ocrx_word' id='word_1_399' title='bbox 1223 3652 1274 3706; x_wconf 94' lang='lat' dir='ltr'><strong>in</strong></span> <span class='ocrx_word' id='word_1_400' title='bbox 1311 3652 1428 3707; x_wconf 89' lang='lat' dir='ltr'><strong>suis</strong></span> <span class='ocrx_word' id='word_1_401' title='bbox 1457 3651 1695 3707; x_wconf 89' lang='lat' dir='ltr'><strong>dimittat</strong></span> <span class='ocrx_word' id='word_1_402' title='bbox 1720 3654 1984 3723; x_wconf 88' lang='lat' dir='ltr'><strong>peccatis,</strong></span> 
     </span>
    </p>
   </div>
   <div class='ocr_carea' id='block_1_56' title="bbox 402 3743 1987 3818">
    <p class='ocr_par' dir='ltr' id='par_1_56' title="bbox 402 3743 1987 3818">
     <span class='ocr_line' id='line_1_57' title="bbox 402 3743 1987 3818; baseline -0.001 -16"><span class='ocrx_word' id='word_1_403' title='bbox 402 3757 464 3802; x_wconf 90' lang='lat' dir='ltr'><strong>ut</strong></span> <span class='ocrx_word' id='word_1_404' title='bbox 516 3762 614 3818; x_wconf 91' lang='lat' dir='ltr'><strong>pro</strong></span> <span class='ocrx_word' id='word_1_405' title='bbox 664 3745 796 3817; x_wconf 88' lang='lat' dir='ltr'><strong>ipsis</strong></span> <span class='ocrx_word' id='word_1_406' title='bbox 847 3745 1135 3816; x_wconf 90' lang='lat' dir='ltr'><strong>puniatur,</strong></span> <span class='ocrx_word' id='word_1_407' title='bbox 1189 3759 1348 3815; x_wconf 90' lang='lat' dir='ltr'><strong>quam</strong></span> <span class='ocrx_word' id='word_1_408' title='bbox 1415 3743 1557 3814; x_wconf 90' lang='lat' dir='ltr'><strong>quod</strong></span> <span class='ocrx_word' id='word_1_409' title='bbox 1616 3759 1736 3799; x_wconf 86' lang='lat' dir='ltr'><strong>eam</strong></span> <span class='ocrx_word' id='word_1_410' title='bbox 1794 3745 1987 3800; x_wconf 89' lang='lat' dir='ltr'><strong>alienis</strong></span> 
     </span>
    </p>
   </div>
   <div class='ocr_carea' id='block_1_57' title="bbox 401 3837 1984 3909">
    <p class='ocr_par' dir='ltr' id='par_1_57' title="bbox 401 3837 1984 3909">
     <span class='ocr_line' id='line_1_58' title="bbox 401 3837 1984 3909; baseline -0.004 -12"><span class='ocrx_word' id='word_1_411' title='bbox 401 3849 625 3907; x_wconf 87' lang='lat' dir='ltr'><strong>oneret,</strong></span> <span class='ocrx_word' id='word_1_412' title='bbox 659 3847 720 3894; x_wconf 93' lang='lat' dir='ltr'><strong>ut</strong></span> <span class='ocrx_word' id='word_1_413' title='bbox 749 3854 848 3909; x_wconf 92' lang='lat' dir='ltr'><strong>pro</strong></span> <span class='ocrx_word' id='word_1_414' title='bbox 878 3838 958 3894; x_wconf 91' lang='lat' dir='ltr'><strong>eis</strong></span> <span class='ocrx_word' id='word_1_415' title='bbox 984 3845 1327 3908; x_wconf 84' lang='lat' dir='ltr'><strong>torqueatur.</strong></span> <span class='ocrx_word' id='word_1_416' title='bbox 1375 3837 1451 3892; x_wconf 88' lang='lat' dir='ltr'><strong>lta</strong></span> <span class='ocrx_word' id='word_1_417' title='bbox 1485 3837 1649 3908; x_wconf 88' lang='lat' dir='ltr'><strong>igitur</strong></span> <span class='ocrx_word' id='word_1_418' title='bbox 1675 3837 1792 3892; x_wconf 89' lang='lat' dir='ltr'><strong>sine</strong></span> <span class='ocrx_word' id='word_1_419' title='bbox 1822 3853 1984 3906; x_wconf 83' lang='lat' dir='ltr'><strong>repu-</strong></span> 
     </span>
    </p>
   </div>
   <div class='ocr_carea' id='block_1_58' title="bbox 407 3930 1982 4005">
    <p class='ocr_par' dir='ltr' id='par_1_58' title="bbox 407 3930 1982 4005">
     <span class='ocr_line' id='line_1_59' title="bbox 407 3930 1982 4005; baseline -0.002 -17"><span class='ocrx_word' id='word_1_420' title='bbox 407 3933 625 4005; x_wconf 87' lang='lat' dir='ltr'><strong>gnantia</strong></span> <span class='ocrx_word' id='word_1_421' title='bbox 657 3939 712 3988; x_wconf 91' lang='lat' dir='ltr'><strong>et</strong></span> <span class='ocrx_word' id='word_1_422' title='bbox 738 3931 1002 4002; x_wconf 88' lang='lat' dir='ltr'><strong>originale</strong></span> <span class='ocrx_word' id='word_1_423' title='bbox 1023 3939 1304 4001; x_wconf 87' lang='lat' dir='ltr'><strong>peccatum</strong></span> <span class='ocrx_word' id='word_1_424' title='bbox 1333 3938 1419 3986; x_wconf 89' lang='lat' dir='ltr'><strong>est</strong></span> <span class='ocrx_word' id='word_1_425' title='bbox 1440 3931 1586 3985; x_wconf 90' lang='lat' dir='ltr'><strong>idem</strong></span> <span class='ocrx_word' id='word_1_426' title='bbox 1617 3930 1668 3984; x_wconf 94' lang='lat' dir='ltr'><strong>in</strong></span> <span class='ocrx_word' id='word_1_427' title='bbox 1710 3930 1982 3997; x_wconf 90' lang='lat' dir='ltr'><strong>omnibus,</strong></span> 
     </span>
    </p>
   </div>
   <div class='ocr_carea' id='block_1_59' title="bbox 395 4019 1987 4091">
    <p class='ocr_par' dir='ltr' id='par_1_59' title="bbox 395 4019 1987 4091">
     <span class='ocr_line' id='line_1_60' title="bbox 395 4019 1987 4091; baseline -0.004 -11"><span class='ocrx_word' id='word_1_428' title='bbox 395 4035 461 4080; x_wconf 89' lang='lat' dir='ltr'><strong>-et</strong></span> <span class='ocrx_word' id='word_1_429' title='bbox 492 4024 636 4079; x_wconf 93' lang='lat' dir='ltr'><strong>ﬁlius</strong></span> <span class='ocrx_word' id='word_1_430' title='bbox 679 4037 786 4077; x_wconf 91' lang='lat' dir='ltr'><strong>non</strong></span> <span class='ocrx_word' id='word_1_431' title='bbox 818 4021 1058 4091; x_wconf 87' lang='lat' dir='ltr'><strong>portabit</strong></span> <span class='ocrx_word' id='word_1_432' title='bbox 1102 4021 1447 4090; x_wconf 86' lang='lat' dir='ltr'><strong>iniquitatem</strong></span> <span class='ocrx_word' id='word_1_433' title='bbox 1495 4019 1691 4088; x_wconf 87' lang='lat' dir='ltr'><strong>patris,</strong></span> <span class='ocrx_word' id='word_1_434' title='bbox 1725 4029 1779 4072; x_wconf 90' lang='lat' dir='ltr'><strong>et</strong></span> <span class='ocrx_word' id='word_1_435' title='bbox 1823 4035 1987 4074; x_wconf 82' lang='lat' dir='ltr'><strong>unus-</strong></span> 
     </span>
    </p>
   </div>
   <div class='ocr_carea' id='block_1_60' title="bbox 411 4109 1988 4186">
    <p class='ocr_par' dir='ltr' id='par_1_60' title="bbox 411 4109 1988 4186">
     <span class='ocr_line' id='line_1_61' title="bbox 411 4109 1988 4186; baseline -0.001 -19"><span class='ocrx_word' id='word_1_436' title='bbox 411 4117 636 4186; x_wconf 86' lang='lat' dir='ltr'><strong>quisque</strong></span> <span class='ocrx_word' id='word_1_437' title='bbox 665 4129 802 4170; x_wconf 89' lang='lat' dir='ltr'><strong>onus</strong></span> <span class='ocrx_word' id='word_1_438' title='bbox 828 4127 984 4167; x_wconf 91' lang='lat' dir='ltr'><strong>suum</strong></span> <span class='ocrx_word' id='word_1_439' title='bbox 1016 4112 1251 4180; x_wconf 86' lang='lat' dir='ltr'><strong>portabit</strong></span> <span class='ocrx_word' id='word_1_440' title='bbox 1280 4119 1334 4164; x_wconf 91' lang='lat' dir='ltr'><strong>et</strong></span> <span class='ocrx_word' id='word_1_441' title='bbox 1368 4109 1610 4178; x_wconf 86' lang='lat' dir='ltr'><strong>recipiet,</strong></span> <span class='ocrx_word' id='word_1_442' title='bbox 1636 4119 1792 4178; x_wconf 90' lang='lat' dir='ltr'><strong>prout</strong></span> <span class='ocrx_word' id='word_1_443' title='bbox 1819 4111 1988 4180; x_wconf 81' lang='lat' dir='ltr'><strong>gessit</strong></span> 
     </span>
    </p>
   </div>
   <div class='ocr_carea' id='block_1_61' title="bbox 409 4200 1987 4276">
    <p class='ocr_par' dir='ltr' id='par_1_61' title="bbox 409 4200 1987 4276">
     <span class='ocr_line' id='line_1_62' title="bbox 409 4200 1987 4276; baseline -0.001 -15"><span class='ocrx_word' id='word_1_444' title='bbox 409 4207 460 4260; x_wconf 94' lang='lat' dir='ltr'><strong>in</strong></span> <span class='ocrx_word' id='word_1_445' title='bbox 486 4219 715 4276; x_wconf 90' lang='lat' dir='ltr'><strong>corpore</strong></span> <span class='ocrx_word' id='word_1_446' title='bbox 749 4202 864 4258; x_wconf 87' lang='lat' dir='ltr'><strong>sive</strong></span> <span class='ocrx_word' id='word_1_447' title='bbox 889 4203 1112 4266; x_wconf 90' lang='lat' dir='ltr'><strong>bonum,</strong></span> <span class='ocrx_word' id='word_1_448' title='bbox 1143 4200 1257 4256; x_wconf 91' lang='lat' dir='ltr'><strong>sive</strong></span> <span class='ocrx_word' id='word_1_449' title='bbox 1289 4202 1485 4258; x_wconf 86' lang='lat' dir='ltr'><strong>malum</strong></span> <span class='ocrx_word' id='word_1_450' title='bbox 1509 4245 1523 4270; x_wconf 94' lang='lat'><strong>,</strong></span> <span class='ocrx_word' id='word_1_451' title='bbox 1555 4212 1609 4260; x_wconf 86' lang='lat' dir='ltr'><strong>et</strong></span> <span class='ocrx_word' id='word_1_452' title='bbox 1640 4200 1814 4260; x_wconf 90' lang='lat' dir='ltr'><strong>reddit</strong></span> <span class='ocrx_word' id='word_1_453' title='bbox 1841 4203 1987 4259; x_wconf 90' lang='lat' dir='ltr'><strong>Deus</strong></span> 
     </span>
    </p>
   </div>
   <div class='ocr_carea' id='block_1_62' title="bbox 393 4298 1986 4371">
    <p class='ocr_par' dir='ltr' id='par_1_62' title="bbox 393 4298 1986 4371">
     <span class='ocr_line' id='line_1_63' title="bbox 393 4298 1986 4371; baseline 0.003 -19"><span class='ocrx_word' id='word_1_454' title='bbox 393 4307 631 4371; x_wconf 79' lang='lat' dir='ltr'><strong>peccata</strong></span> <span class='ocrx_word' id='word_1_455' title='bbox 661 4306 945 4366; x_wconf 90' lang='lat' dir='ltr'><strong>parentum</strong></span> <span class='ocrx_word' id='word_1_456' title='bbox 979 4298 1102 4355; x_wconf 90' lang='lat' dir='ltr'><strong>ﬁliis</strong></span> <span class='ocrx_word' id='word_1_457' title='bbox 1133 4299 1186 4352; x_wconf 92' lang='lat' dir='ltr'><strong>in</strong></span> <span class='ocrx_word' id='word_1_458' title='bbox 1217 4299 1432 4352; x_wconf 91' lang='lat' dir='ltr'><strong>tertiam</strong></span> <span class='ocrx_word' id='word_1_459' title='bbox 1459 4308 1512 4353; x_wconf 89' lang='lat' dir='ltr'><strong>et</strong></span> <span class='ocrx_word' id='word_1_460' title='bbox 1544 4307 1788 4370; x_wconf 87' lang='lat' dir='ltr'><strong>quartam</strong></span> <span class='ocrx_word' id='word_1_461' title='bbox 1819 4315 1986 4370; x_wconf 82' lang='lat' dir='ltr'><strong>gene-</strong></span> 
     </span>
    </p>
   </div>
   <div class='ocr_carea' id='block_1_63' title="bbox 2079 1824 3661 1901">
    <p class='ocr_par' dir='ltr' id='par_1_63' title="bbox 2079 1824 3661 1901">
     <span class='ocr_line' id='line_1_64' title="bbox 2079 1824 3661 1901; baseline 0.005 -22"><span class='ocrx_word' id='word_1_462' title='bbox 2079 1824 2365 1896; x_wconf 87' lang='lat' dir='ltr'><strong>diligenter</strong></span> <span class='ocrx_word' id='word_1_463' title='bbox 2393 1825 2516 1894; x_wconf 88' lang='lat' dir='ltr'><strong>quia</strong></span> <span class='ocrx_word' id='word_1_464' title='bbox 2568 1840 2674 1880; x_wconf 92' lang='lat' dir='ltr'><strong>non</strong></span> <span class='ocrx_word' id='word_1_465' title='bbox 2727 1835 2947 1895; x_wconf 90' lang='lat' dir='ltr'><strong>portant</strong></span> <span class='ocrx_word' id='word_1_466' title='bbox 2991 1828 3225 1884; x_wconf 85' lang='lat' dir='ltr'><strong>infantes</strong></span> <span class='ocrx_word' id='word_1_467' title='bbox 3259 1841 3539 1901; x_wconf 87' lang='lat' dir='ltr'><strong>peccatum</strong></span> <span class='ocrx_word' id='word_1_468' title='bbox 3567 1833 3661 1865; x_wconf 80' lang='grc'>³³³⁸</span> 
     </span>
    </p>
   </div>
   <div class='ocr_carea' id='block_1_64' title="bbox 2018 1915 3659 1990">
    <p class='ocr_par' dir='ltr' id='par_1_64' title="bbox 2018 1915 3659 1990">
     <span class='ocr_line' id='line_1_65' title="bbox 2018 1915 3659 1990; baseline 0.006 -21"><span class='ocrx_word' id='word_1_469' title='bbox 2018 1978 2020 1980; x_wconf 18' lang='grc' dir='ltr'><strong><em>ν</em></strong></span> <span class='ocrx_word' id='word_1_470' title='bbox 2076 1915 2226 1983; x_wconf 77' lang='lat' dir='ltr'><strong>Adae,</strong></span> <span class='ocrx_word' id='word_1_471' title='bbox 2261 1917 2354 1972; x_wconf 90' lang='lat' dir='ltr'><strong>sed</strong></span> <span class='ocrx_word' id='word_1_472' title='bbox 2379 1933 2556 1972; x_wconf 91' lang='lat' dir='ltr'><strong>suum.</strong></span> <span class='ocrx_word' id='word_1_473' title='bbox 2580 1916 2712 1972; x_wconf 86' lang='lat' dir='ltr'><strong>Nam</strong></span> <span class='ocrx_word' id='word_1_474' title='bbox 2741 1917 2884 1972; x_wconf 90' lang='lat' dir='ltr'><strong>aliud</strong></span> <span class='ocrx_word' id='word_1_475' title='bbox 2906 1917 3308 1990; x_wconf 88' lang='lat' dir='ltr'><strong>fuitpcccatum</strong></span> <span class='ocrx_word' id='word_1_476' title='bbox 3334 1923 3482 1986; x_wconf 54' lang='lat' dir='ltr'><strong>Adae,</strong></span> <span class='ocrx_word' id='word_1_477' title='bbox 3513 1923 3659 1979; x_wconf 88' lang='lat' dir='ltr'><strong>aliud</strong></span> 
     </span>
    </p>
   </div>
   <div class='ocr_carea' id='block_1_65' title="bbox 2077 2009 3660 2081">
    <p class='ocr_par' dir='ltr' id='par_1_65' title="bbox 2077 2009 3660 2081">
     <span class='ocr_line' id='line_1_66' title="bbox 2077 2009 3660 2081; baseline 0.004 -17"><span class='ocrx_word' id='word_1_478' title='bbox 2077 2021 2160 2065; x_wconf 92' lang='lat' dir='ltr'><strong>est</strong></span> <span class='ocrx_word' id='word_1_479' title='bbox 2182 2020 2462 2080; x_wconf 88' lang='lat' dir='ltr'><strong>peccatum</strong></span> <span class='ocrx_word' id='word_1_480' title='bbox 2493 2009 2758 2065; x_wconf 92' lang='lat' dir='ltr'><strong>infantum</strong></span> <span class='ocrx_word' id='word_1_481' title='bbox 2786 2011 2875 2042; x_wconf 86' lang='grc'>³³¹¹</span> <span class='ocrx_word' id='word_1_482' title='bbox 2897 2029 2912 2074; x_wconf 87' lang='lat'><strong>;</strong></span> <span class='ocrx_word' id='word_1_483' title='bbox 2932 2012 3058 2081; x_wconf 88' lang='lat' dir='ltr'><strong>quia</strong></span> <span class='ocrx_word' id='word_1_484' title='bbox 3080 2012 3356 2078; x_wconf 76' lang='lat' dir='ltr'><strong>differunt,</strong></span> <span class='ocrx_word' id='word_1_485' title='bbox 3382 2015 3660 2071; x_wconf 87' lang='lat' dir='ltr'><strong>utdictunt</strong></span> 
     </span>
    </p>
   </div>
   <div class='ocr_carea' id='block_1_66' title="bbox 2079 2101 3660 2172">
    <p class='ocr_par' dir='ltr' id='par_1_66' title="bbox 2079 2101 3660 2172">
     <span class='ocr_line' id='line_1_67' title="bbox 2079 2101 3660 2172; baseline 0.004 -18"><span class='ocrx_word' id='word_1_486' title='bbox 2079 2112 2163 2157; x_wconf 90' lang='lat' dir='ltr'><strong>est</strong></span> <span class='ocrx_word' id='word_1_487' title='bbox 2191 2121 2205 2156; x_wconf 90' lang='lat'><strong>:</strong></span> <span class='ocrx_word' id='word_1_488' title='bbox 2248 2101 2379 2157; x_wconf 90' lang='lat' dir='ltr'><strong>illud</strong></span> <span class='ocrx_word' id='word_1_489' title='bbox 2406 2103 2548 2157; x_wconf 92' lang='lat' dir='ltr'><strong>enim</strong></span> <span class='ocrx_word' id='word_1_490' title='bbox 2583 2101 2682 2164; x_wconf 91' lang='lat' dir='ltr'><strong>fuit</strong></span> <span class='ocrx_word' id='word_1_491' title='bbox 2710 2118 2896 2172; x_wconf 87' lang='lat' dir='ltr'><strong>causa,</strong></span> <span class='ocrx_word' id='word_1_492' title='bbox 2923 2105 3065 2160; x_wconf 91' lang='lat' dir='ltr'><strong>istud</strong></span> <span class='ocrx_word' id='word_1_493' title='bbox 3091 2116 3172 2161; x_wconf 90' lang='lat' dir='ltr'><strong>est</strong></span> <span class='ocrx_word' id='word_1_494' title='bbox 3201 2105 3458 2172; x_wconf 83' lang='lat' dir='ltr'><strong>effectus;</strong></span> <span class='ocrx_word' id='word_1_495' title='bbox 3489 2108 3660 2163; x_wconf 81' lang='lat' dir='ltr'><strong>Adam</strong></span> 
     </span>
    </p>
   </div>
   <div class='ocr_carea' id='block_1_67' title="bbox 2079 2193 3663 2267">
    <p class='ocr_par' dir='ltr' id='par_1_67' title="bbox 2079 2193 3663 2267">
     <span class='ocr_line' id='line_1_68' title="bbox 2079 2193 3663 2267; baseline 0 -15"><span class='ocrx_word' id='word_1_496' title='bbox 2079 2195 2258 2252; x_wconf 89' lang='lat' dir='ltr'><strong>caruit</strong></span> <span class='ocrx_word' id='word_1_497' title='bbox 2283 2194 2466 2251; x_wconf 90' lang='lat' dir='ltr'><strong>debita</strong></span> <span class='ocrx_word' id='word_1_498' title='bbox 2491 2193 2726 2264; x_wconf 80' lang='lat' dir='ltr'><strong>juStitia,</strong></span> <span class='ocrx_word' id='word_1_499' title='bbox 2755 2211 2860 2251; x_wconf 92' lang='lat' dir='ltr'><strong>non</strong></span> <span class='ocrx_word' id='word_1_500' title='bbox 2895 2195 3018 2265; x_wconf 90' lang='lat' dir='ltr'><strong>quia</strong></span> <span class='ocrx_word' id='word_1_501' title='bbox 3050 2195 3218 2261; x_wconf 91' lang='lat' dir='ltr'><strong>alius,</strong></span> <span class='ocrx_word' id='word_1_502' title='bbox 3249 2196 3342 2252; x_wconf 89' lang='lat' dir='ltr'><strong>sed</strong></span> <span class='ocrx_word' id='word_1_503' title='bbox 3377 2197 3502 2266; x_wconf 88' lang='lat' dir='ltr'><strong>quia</strong></span> <span class='ocrx_word' id='word_1_504' title='bbox 3549 2198 3663 2267; x_wconf 85' lang='lat' dir='ltr'><strong>ipse</strong></span> 
     </span>
    </p>
   </div>
   <div class='ocr_carea' id='block_1_68' title="bbox 2081 2289 3662 2361">
    <p class='ocr_par' dir='ltr' id='par_1_68' title="bbox 2081 2289 3662 2361">
     <span class='ocr_line' id='line_1_69' title="bbox 2081 2289 3662 2361; baseline 0.001 -18"><span class='ocrx_word' id='word_1_505' title='bbox 2081 2291 2172 2322; x_wconf 74' lang='grc' dir='ltr'><strong>³³η</strong></span> <span class='ocrx_word' id='word_1_506' title='bbox 2203 2289 2461 2345; x_wconf 88' lang='lat' dir='ltr'><strong>deseruit.</strong></span> <span class='ocrx_word' id='word_1_507' title='bbox 2487 2289 2728 2344; x_wconf 84' lang='lat' dir='ltr'><strong>Infantes</strong></span> <span class='ocrx_word' id='word_1_508' title='bbox 2755 2300 2946 2345; x_wconf 90' lang='lat' dir='ltr'><strong>carent</strong></span> <span class='ocrx_word' id='word_1_509' title='bbox 2985 2304 3048 2344; x_wconf 89' lang='lat' dir='ltr'><strong>ea</strong></span> <span class='ocrx_word' id='word_1_510' title='bbox 3072 2329 3087 2354; x_wconf 91' lang='lat'><strong>,</strong></span> <span class='ocrx_word' id='word_1_511' title='bbox 3118 2305 3226 2345; x_wconf 92' lang='lat' dir='ltr'><strong>non</strong></span> <span class='ocrx_word' id='word_1_512' title='bbox 3249 2291 3502 2360; x_wconf 83' lang='lat' dir='ltr'><strong>quoniam</strong></span> <span class='ocrx_word' id='word_1_513' title='bbox 3537 2291 3662 2361; x_wconf 86' lang='lat' dir='ltr'><strong>ipsi,</strong></span> 
     </span>
    </p>
   </div>
   <div class='ocr_carea' id='block_1_69' title="bbox 2081 2378 3663 2451">
    <p class='ocr_par' dir='ltr' id='par_1_69' title="bbox 2081 2378 3663 2451">
     <span class='ocr_line' id='line_1_70' title="bbox 2081 2378 3663 2451; baseline -0.001 -15"><span class='ocrx_word' id='word_1_514' title='bbox 2081 2381 2174 2436; x_wconf 89' lang='lat' dir='ltr'><strong>sed</strong></span> <span class='ocrx_word' id='word_1_515' title='bbox 2201 2380 2455 2451; x_wconf 86' lang='lat' dir='ltr'><strong>quoniam</strong></span> <span class='ocrx_word' id='word_1_516' title='bbox 2481 2380 2619 2434; x_wconf 90' lang='lat' dir='ltr'><strong>alius</strong></span> <span class='ocrx_word' id='word_1_517' title='bbox 2647 2378 2740 2411; x_wconf 78' lang='lat'><strong>&quot;&quot;</strong></span> <span class='ocrx_word' id='word_1_518' title='bbox 2769 2379 3075 2450; x_wconf 90' lang='lat' dir='ltr'><strong>dereliquit.</strong></span> <span class='ocrx_word' id='word_1_519' title='bbox 3105 2378 3222 2435; x_wconf 78' lang='lat' dir='ltr'><strong>Non</strong></span> <span class='ocrx_word' id='word_1_520' title='bbox 3245 2389 3332 2435; x_wconf 88' lang='lat' dir='ltr'><strong>est</strong></span> <span class='ocrx_word' id='word_1_521' title='bbox 3360 2395 3492 2451; x_wconf 85' lang='lat' dir='ltr'><strong>ergo</strong></span> <span class='ocrx_word' id='word_1_522' title='bbox 3520 2380 3663 2436; x_wconf 91' lang='lat' dir='ltr'><strong>idem</strong></span> 
     </span>
    </p>
   </div>
   <div class='ocr_carea' id='block_1_70' title="bbox 2080 2470 3666 2544">
    <p class='ocr_par' dir='ltr' id='par_1_70' title="bbox 2080 2470 3666 2544">
     <span class='ocr_line' id='line_1_71' title="bbox 2080 2470 3666 2544; baseline -0.001 -16"><span class='ocrx_word' id='word_1_523' title='bbox 2080 2480 2362 2544; x_wconf 90' lang='lat' dir='ltr'><strong>peccatum</strong></span> <span class='ocrx_word' id='word_1_524' title='bbox 2392 2473 2522 2527; x_wconf 60' lang='lat' dir='ltr'><strong>Adae</strong></span> <span class='ocrx_word' id='word_1_525' title='bbox 2553 2481 2607 2526; x_wconf 91' lang='lat' dir='ltr'><strong>et</strong></span> <span class='ocrx_word' id='word_1_526' title='bbox 2633 2470 2925 2527; x_wconf 90' lang='lat' dir='ltr'><strong>infantum.</strong></span> <span class='ocrx_word' id='word_1_527' title='bbox 2960 2472 3025 2526; x_wconf 87' lang='lat' dir='ltr'><strong>Et</strong></span> <span class='ocrx_word' id='word_1_528' title='bbox 3061 2486 3183 2527; x_wconf 91' lang='lat' dir='ltr'><strong>cum</strong></span> <span class='ocrx_word' id='word_1_529' title='bbox 3215 2471 3347 2527; x_wconf 92' lang='lat' dir='ltr'><strong>dicit</strong></span> <span class='ocrx_word' id='word_1_530' title='bbox 3390 2472 3666 2543; x_wconf 89' lang='lat' dir='ltr'><strong>apostolus</strong></span> 
     </span>
    </p>
   </div>
   <div class='ocr_carea' id='block_1_71' title="bbox 2083 2563 3666 2635">
    <p class='ocr_par' dir='ltr' id='par_1_71' title="bbox 2083 2563 3666 2635">
     <span class='ocr_line' id='line_1_72' title="bbox 2083 2563 3666 2635; baseline -0.001 -16"><span class='ocrx_word' id='word_1_531' title='bbox 2083 2565 2227 2635; x_wconf 89' lang='lat' dir='ltr'><strong>quod</strong></span> <span class='ocrx_word' id='word_1_532' title='bbox 2281 2579 2444 2634; x_wconf 89' lang='lat' dir='ltr'><strong>supra</strong></span> <span class='ocrx_word' id='word_1_533' title='bbox 2496 2563 2651 2635; x_wconf 86' lang='lat' dir='ltr'><strong>posui</strong></span> <span class='ocrx_word' id='word_1_534' title='bbox 2687 2581 2699 2618; x_wconf 92' lang='lat'><strong>:</strong></span> <span class='ocrx_word' id='word_1_535' title='bbox 2746 2563 2886 2630; x_wconf 84' lang='lat' dir='ltr'><strong>Quia</strong></span> <span class='ocrx_word' id='word_1_536' title='bbox 2923 2580 3064 2619; x_wconf 88' lang='lat' dir='ltr'><strong>mors</strong></span> <span class='ocrx_word' id='word_1_537' title='bbox 3106 2564 3336 2635; x_wconf 84' lang='lat' dir='ltr'><strong>regnavit</strong></span> <span class='ocrx_word' id='word_1_538' title='bbox 3391 2564 3456 2618; x_wconf 83' lang='lat' dir='ltr'><strong>ab</strong></span> <span class='ocrx_word' id='word_1_539' title='bbox 3493 2564 3666 2618; x_wconf 82' lang='lat' dir='ltr'><strong>Adam</strong></span> 
     </span>
    </p>
   </div>
   <div class='ocr_carea' id='block_1_72' title="bbox 2082 2657 3666 2728">
    <p class='ocr_par' dir='ltr' id='par_1_72' title="bbox 2082 2657 3666 2728">
     <span class='ocr_line' id='line_1_73' title="bbox 2082 2657 3666 2728; baseline 0 -17"><span class='ocrx_word' id='word_1_540' title='bbox 2082 2674 2246 2728; x_wconf 85' lang='lat' dir='ltr'><strong>usque</strong></span> <span class='ocrx_word' id='word_1_541' title='bbox 2274 2657 2342 2710; x_wconf 89' lang='lat' dir='ltr'><strong>ad</strong></span> <span class='ocrx_word' id='word_1_542' title='bbox 2374 2657 2620 2727; x_wconf 79' lang='lat' dir='ltr'><strong>Moysen,</strong></span> <span class='ocrx_word' id='word_1_543' title='bbox 2663 2657 2822 2711; x_wconf 88' lang='lat' dir='ltr'><strong>etiam</strong></span> <span class='ocrx_word' id='word_1_544' title='bbox 2859 2659 2913 2712; x_wconf 89' lang='lat' dir='ltr'><strong>in</strong></span> <span class='ocrx_word' id='word_1_545' title='bbox 2943 2673 3030 2712; x_wconf 89' lang='lat' dir='ltr'><strong>eos</strong></span> <span class='ocrx_word' id='word_1_546' title='bbox 3056 2659 3146 2728; x_wconf 88' lang='lat' dir='ltr'><strong>qui</strong></span> <span class='ocrx_word' id='word_1_547' title='bbox 3185 2673 3287 2712; x_wconf 86' lang='lat' dir='ltr'><strong>non</strong></span> <span class='ocrx_word' id='word_1_548' title='bbox 3324 2668 3666 2722; x_wconf 85' lang='lat' dir='ltr'><strong>peccaverunt</strong></span> 
     </span>
    </p>
   </div>
   <div class='ocr_carea' id='block_1_73' title="bbox 2084 2746 3668 2820">
    <p class='ocr_par' dir='ltr' id='par_1_73' title="bbox 2084 2746 3668 2820">
     <span class='ocr_line' id='line_1_74' title="bbox 2084 2746 3668 2820; baseline -0.001 -18"><span class='ocrx_word' id='word_1_549' title='bbox 2084 2749 2139 2802; x_wconf 87' lang='lat' dir='ltr'><strong>in</strong></span> <span class='ocrx_word' id='word_1_550' title='bbox 2170 2747 2567 2802; x_wconf 77' lang='lat' dir='ltr'><strong>similitudinem</strong></span> <span class='ocrx_word' id='word_1_551' title='bbox 2593 2749 3048 2817; x_wconf 76' lang='lat' dir='ltr'><strong>prwvaricationis</strong></span> <span class='ocrx_word' id='word_1_552' title='bbox 3080 2749 3209 2803; x_wconf 78' lang='lat' dir='ltr'><strong>Ada:</strong></span> <span class='ocrx_word' id='word_1_553' title='bbox 3247 2747 3427 2820; x_wconf 80' lang='lat' dir='ltr'><strong>(Rom.</strong></span> <span class='ocrx_word' id='word_1_554' title='bbox 3463 2762 3516 2813; x_wconf 85' lang='lat' dir='ltr'><strong>v,</strong></span> <span class='ocrx_word' id='word_1_555' title='bbox 3553 2746 3668 2815; x_wconf 75' lang='grc' dir='ltr'><strong>Η),</strong></span> 
     </span>
    </p>
   </div>
   <div class='ocr_carea' id='block_1_74' title="bbox 2087 2835 3668 2908">
    <p class='ocr_par' dir='ltr' id='par_1_74' title="bbox 2087 2835 3668 2908">
     <span class='ocr_line' id='line_1_75' title="bbox 2087 2835 3668 2908; baseline -0.001 -15"><span class='ocrx_word' id='word_1_556' title='bbox 2087 2837 2227 2893; x_wconf 89' lang='lat' dir='ltr'><strong>sicut</strong></span> <span class='ocrx_word' id='word_1_557' title='bbox 2277 2836 2545 2908; x_wconf 88' lang='lat' dir='ltr'><strong>signiﬁcat</strong></span> <span class='ocrx_word' id='word_1_558' title='bbox 2593 2835 2880 2891; x_wconf 85' lang='lat' dir='ltr'><strong>infantium</strong></span> <span class='ocrx_word' id='word_1_559' title='bbox 2922 2837 3101 2891; x_wconf 88' lang='lat' dir='ltr'><strong>minus</strong></span> <span class='ocrx_word' id='word_1_560' title='bbox 3150 2853 3271 2892; x_wconf 89' lang='lat' dir='ltr'><strong>esse</strong></span> <span class='ocrx_word' id='word_1_561' title='bbox 3323 2852 3486 2908; x_wconf 88' lang='lat' dir='ltr'><strong>quam</strong></span> <span class='ocrx_word' id='word_1_562' title='bbox 3533 2837 3668 2892; x_wconf 73' lang='lat' dir='ltr'><strong>Atla:</strong></span> 
     </span>
    </p>
   </div>
   <div class='ocr_carea' id='block_1_75' title="bbox 2086 2925 3668 2998">
    <p class='ocr_par' dir='ltr' id='par_1_75' title="bbox 2086 2925 3668 2998">
     <span class='ocr_line' id='line_1_76' title="bbox 2086 2925 3668 2998; baseline -0.001 -16"><span class='ocrx_word' id='word_1_563' title='bbox 2086 2937 2370 2998; x_wconf 88' lang='lat' dir='ltr'><strong>peccatmn</strong></span> <span class='ocrx_word' id='word_1_564' title='bbox 2397 2946 2411 2981; x_wconf 90' lang='lat'><strong>:</strong></span> <span class='ocrx_word' id='word_1_565' title='bbox 2450 2927 2523 2980; x_wconf 91' lang='lat' dir='ltr'><strong>ita</strong></span> <span class='ocrx_word' id='word_1_566' title='bbox 2549 2935 2735 2997; x_wconf 89' lang='lat' dir='ltr'><strong>aperte</strong></span> <span class='ocrx_word' id='word_1_567' title='bbox 2763 2935 3031 2981; x_wconf 88' lang='lat' dir='ltr'><strong>monstrat</strong></span> <span class='ocrx_word' id='word_1_568' title='bbox 3069 2927 3162 2958; x_wconf 75' lang='lat'><strong>”“</strong></span> <span class='ocrx_word' id='word_1_569' title='bbox 3183 2926 3327 2983; x_wconf 88' lang='lat' dir='ltr'><strong>aliud</strong></span> <span class='ocrx_word' id='word_1_570' title='bbox 3357 2941 3496 2982; x_wconf 89' lang='lat' dir='ltr'><strong>esse.</strong></span> <span class='ocrx_word' id='word_1_571' title='bbox 3526 2925 3668 2994; x_wconf 87' lang='lat' dir='ltr'><strong>Qua-</strong></span> 
     </span>
    </p>
   </div>
   <div class='ocr_carea' id='block_1_76' title="bbox 2087 3017 3669 3090">
    <p class='ocr_par' dir='ltr' id='par_1_76' title="bbox 2087 3017 3669 3090">
     <span class='ocr_line' id='line_1_77' title="bbox 2087 3017 3669 3090; baseline -0.001 -18"><span class='ocrx_word' id='word_1_572' title='bbox 2087 3027 2309 3090; x_wconf 89' lang='lat' dir='ltr'><strong>propter</strong></span> <span class='ocrx_word' id='word_1_573' title='bbox 2337 3032 2459 3073; x_wconf 90' lang='lat' dir='ltr'><strong>cum</strong></span> <span class='ocrx_word' id='word_1_574' title='bbox 2486 3018 2774 3072; x_wconf 90' lang='lat' dir='ltr'><strong>damnatur</strong></span> <span class='ocrx_word' id='word_1_575' title='bbox 2805 3017 2982 3073; x_wconf 89' lang='lat' dir='ltr'><strong>infans</strong></span> <span class='ocrx_word' id='word_1_576' title='bbox 3010 3033 3108 3088; x_wconf 91' lang='lat' dir='ltr'><strong>pro</strong></span> <span class='ocrx_word' id='word_1_577' title='bbox 3143 3027 3365 3090; x_wconf 86' lang='lat' dir='ltr'><strong>peccato</strong></span> <span class='ocrx_word' id='word_1_578' title='bbox 3392 3018 3669 3089; x_wconf 85' lang='lat' dir='ltr'><strong>originali,</strong></span> 
     </span>
    </p>
   </div>
   <div class='ocr_carea' id='block_1_77' title="bbox 2088 3109 3668 3180">
    <p class='ocr_par' dir='ltr' id='par_1_77' title="bbox 2088 3109 3668 3180">
     <span class='ocr_line' id='line_1_78' title="bbox 2088 3109 3668 3180; baseline 0 -14"><span class='ocrx_word' id='word_1_579' title='bbox 2088 3111 2379 3166; x_wconf 86' lang='lat' dir='ltr'><strong>damnatur</strong></span> <span class='ocrx_word' id='word_1_580' title='bbox 2404 3109 2563 3180; x_wconf 76' lang='lat'><strong>106</strong></span> <span class='ocrx_word' id='word_1_581' title='bbox 2600 3124 2706 3164; x_wconf 91' lang='lat' dir='ltr'><strong>non</strong></span> <span class='ocrx_word' id='word_1_582' title='bbox 2745 3123 2843 3180; x_wconf 92' lang='lat' dir='ltr'><strong>pro</strong></span> <span class='ocrx_word' id='word_1_583' title='bbox 2874 3118 3097 3180; x_wconf 87' lang='lat' dir='ltr'><strong>peccato</strong></span> <span class='ocrx_word' id='word_1_584' title='bbox 3119 3109 3266 3174; x_wconf 68' lang='lat' dir='ltr'><strong>Adae,</strong></span> <span class='ocrx_word' id='word_1_585' title='bbox 3293 3111 3388 3165; x_wconf 87' lang='lat' dir='ltr'><strong>sed</strong></span> <span class='ocrx_word' id='word_1_586' title='bbox 3423 3125 3522 3180; x_wconf 91' lang='lat' dir='ltr'><strong>pro</strong></span> <span class='ocrx_word' id='word_1_587' title='bbox 3547 3123 3668 3166; x_wconf 90' lang='lat' dir='ltr'><strong>suo.</strong></span> 
     </span>
    </p>
   </div>
   <div class='ocr_carea' id='block_1_78' title="bbox 2086 3199 3667 3271">
    <p class='ocr_par' dir='ltr' id='par_1_78' title="bbox 2086 3199 3667 3271">
     <span class='ocr_line' id='line_1_79' title="bbox 2086 3199 3667 3271; baseline -0.001 -15"><span class='ocrx_word' id='word_1_588' title='bbox 2086 3201 2222 3256; x_wconf 84' lang='lat' dir='ltr'><strong>Nam</strong></span> <span class='ocrx_word' id='word_1_589' title='bbox 2254 3201 2298 3256; x_wconf 93' lang='lat' dir='ltr'><strong>si</strong></span> <span class='ocrx_word' id='word_1_590' title='bbox 2327 3201 2441 3271; x_wconf 91' lang='lat' dir='ltr'><strong>ipse</strong></span> <span class='ocrx_word' id='word_1_591' title='bbox 2469 3217 2572 3254; x_wconf 86' lang='lat' dir='ltr'><strong>nun</strong></span> <span class='ocrx_word' id='word_1_592' title='bbox 2600 3199 2825 3255; x_wconf 88' lang='lat' dir='ltr'><strong>haberet</strong></span> <span class='ocrx_word' id='word_1_593' title='bbox 2865 3214 3022 3255; x_wconf 91' lang='lat' dir='ltr'><strong>suum</strong></span> <span class='ocrx_word' id='word_1_594' title='bbox 3053 3211 3358 3270; x_wconf 86' lang='lat' dir='ltr'><strong>peccatum,</strong></span> <span class='ocrx_word' id='word_1_595' title='bbox 3385 3216 3490 3256; x_wconf 92' lang='lat' dir='ltr'><strong>non</strong></span> <span class='ocrx_word' id='word_1_596' title='bbox 3517 3201 3667 3256; x_wconf 87' lang='lat' dir='ltr'><strong>dam-</strong></span> 
     </span>
    </p>
   </div>
   <div class='ocr_carea' id='block_1_79' title="bbox 2088 3293 3669 3363">
    <p class='ocr_par' dir='ltr' id='par_1_79' title="bbox 2088 3293 3669 3363">
     <span class='ocr_line' id='line_1_80' title="bbox 2088 3293 3669 3363; baseline -0.003 -15"><span class='ocrx_word' id='word_1_597' title='bbox 2088 3304 2333 3349; x_wconf 90' lang='lat' dir='ltr'><strong>naretur.</strong></span> <span class='ocrx_word' id='word_1_598' title='bbox 2375 3293 2449 3346; x_wconf 89' lang='lat' dir='ltr'><strong>lta</strong></span> <span class='ocrx_word' id='word_1_599' title='bbox 2481 3306 2612 3361; x_wconf 87' lang='lat' dir='ltr'><strong>ergo</strong></span> <span class='ocrx_word' id='word_1_600' title='bbox 2655 3307 2759 3347; x_wconf 89' lang='lat' dir='ltr'><strong>non</strong></span> <span class='ocrx_word' id='word_1_601' title='bbox 2793 3303 2973 3362; x_wconf 92' lang='lat' dir='ltr'><strong>portat</strong></span> <span class='ocrx_word' id='word_1_602' title='bbox 3002 3293 3343 3363; x_wconf 90' lang='lat' dir='ltr'><strong>iniquitatem</strong></span> <span class='ocrx_word' id='word_1_603' title='bbox 3374 3294 3530 3358; x_wconf 63' lang='lat' dir='ltr'><strong>Adae,</strong></span> <span class='ocrx_word' id='word_1_604' title='bbox 3575 3295 3669 3348; x_wconf 81' lang='lat' dir='ltr'><strong>sed</strong></span> 
     </span>
    </p>
   </div>
   <div class='ocr_carea' id='block_1_80' title="bbox 2087 3383 3670 3455">
    <p class='ocr_par' dir='ltr' id='par_1_80' title="bbox 2087 3383 3670 3455">
     <span class='ocr_line' id='line_1_81' title="bbox 2087 3383 3670 3455; baseline -0.001 -16"><span class='ocrx_word' id='word_1_605' title='bbox 2087 3401 2262 3450; x_wconf 90' lang='lat' dir='ltr'><strong>suam,</strong></span> <span class='ocrx_word' id='word_1_606' title='bbox 2295 3384 2544 3454; x_wconf 90' lang='lat' dir='ltr'><strong>quamvis</strong></span> <span class='ocrx_word' id='word_1_607' title='bbox 2574 3384 2695 3438; x_wconf 91' lang='lat' dir='ltr'><strong>ideo</strong></span> <span class='ocrx_word' id='word_1_608' title='bbox 2727 3383 2938 3439; x_wconf 89' lang='lat' dir='ltr'><strong>dicatur</strong></span> <span class='ocrx_word' id='word_1_609' title='bbox 2970 3396 3219 3455; x_wconf 89' lang='lat' dir='ltr'><strong>portare,</strong></span> <span class='ocrx_word' id='word_1_610' title='bbox 3256 3385 3380 3455; x_wconf 89' lang='lat' dir='ltr'><strong>quia</strong></span> <span class='ocrx_word' id='word_1_611' title='bbox 3414 3384 3670 3455; x_wconf 89' lang='lat' dir='ltr'><strong>iniquitas</strong></span> 
     </span>
    </p>
   </div>
   <div class='ocr_carea' id='block_1_81' title="bbox 2089 3477 3668 3548">
    <p class='ocr_par' dir='ltr' id='par_1_81' title="bbox 2089 3477 3668 3548">
     <span class='ocr_line' id='line_1_82' title="bbox 2089 3477 3668 3548; baseline -0.002 -13"><span class='ocrx_word' id='word_1_612' title='bbox 2089 3478 2231 3535; x_wconf 90' lang='lat' dir='ltr'><strong>illius</strong></span> <span class='ocrx_word' id='word_1_613' title='bbox 2260 3477 2499 3548; x_wconf 87' lang='lat' dir='ltr'><strong>peccati,</strong></span> <span class='ocrx_word' id='word_1_614' title='bbox 2545 3477 2700 3532; x_wconf 91' lang='lat' dir='ltr'><strong>istius</strong></span> <span class='ocrx_word' id='word_1_615' title='bbox 2729 3492 2895 3533; x_wconf 89' lang='lat' dir='ltr'><strong>causa</strong></span> <span class='ocrx_word' id='word_1_616' title='bbox 2940 3477 3060 3533; x_wconf 89' lang='lat' dir='ltr'><strong>fuit.</strong></span> <span class='ocrx_word' id='word_1_617' title='bbox 3097 3477 3221 3534; x_wconf 57' lang='lat' dir='ltr'><strong>llaec</strong></span> <span class='ocrx_word' id='word_1_618' title='bbox 3264 3487 3443 3533; x_wconf 89' lang='lat' dir='ltr'><strong>autem</strong></span> <span class='ocrx_word' id='word_1_619' title='bbox 3474 3493 3668 3541; x_wconf 86' lang='lat' dir='ltr'><strong>causa,</strong></span> 
     </span>
    </p>
   </div>
   <div class='ocr_carea' id='block_1_82' title="bbox 2087 3568 3668 3642">
    <p class='ocr_par' dir='ltr' id='par_1_82' title="bbox 2087 3568 3668 3642">
     <span class='ocr_line' id='line_1_83' title="bbox 2087 3568 3668 3642; baseline -0.001 -18"><span class='ocrx_word' id='word_1_620' title='bbox 2087 3586 2208 3642; x_wconf 63' lang='lat' dir='ltr'><strong>qua:</strong></span> <span class='ocrx_word' id='word_1_621' title='bbox 2242 3569 2341 3624; x_wconf 88' lang='lat' dir='ltr'><strong>fttit</strong></span> <span class='ocrx_word' id='word_1_622' title='bbox 2371 3570 2424 3624; x_wconf 91' lang='lat' dir='ltr'><strong>in</strong></span> <span class='ocrx_word' id='word_1_623' title='bbox 2451 3569 2645 3634; x_wconf 88' lang='lat' dir='ltr'><strong>Adam,</strong></span> <span class='ocrx_word' id='word_1_624' title='bbox 2671 3577 2729 3622; x_wconf 94' lang='lat' dir='ltr'><strong>ut</strong></span> <span class='ocrx_word' id='word_1_625' title='bbox 2754 3568 2985 3625; x_wconf 87' lang='lat' dir='ltr'><strong>infantes</strong></span> <span class='ocrx_word' id='word_1_626' title='bbox 3015 3571 3065 3625; x_wconf 92' lang='lat' dir='ltr'><strong>in</strong></span> <span class='ocrx_word' id='word_1_627' title='bbox 3097 3581 3323 3640; x_wconf 89' lang='lat' dir='ltr'><strong>peccato</strong></span> <span class='ocrx_word' id='word_1_628' title='bbox 3351 3581 3668 3633; x_wconf 86' lang='lat' dir='ltr'><strong>nascantur,</strong></span> 
     </span>
    </p>
   </div>
   <div class='ocr_carea' id='block_1_83' title="bbox 2088 3661 3669 3732">
    <p class='ocr_par' dir='ltr' id='par_1_83' title="bbox 2088 3661 3669 3732">
     <span class='ocr_line' id='line_1_84' title="bbox 2088 3661 3669 3732; baseline 0.001 -16"><span class='ocrx_word' id='word_1_629' title='bbox 2088 3679 2195 3716; x_wconf 91' lang='lat' dir='ltr'><strong>non</strong></span> <span class='ocrx_word' id='word_1_630' title='bbox 2223 3661 2386 3717; x_wconf 89' lang='lat' dir='ltr'><strong>estin</strong></span> <span class='ocrx_word' id='word_1_631' title='bbox 2426 3661 2546 3715; x_wconf 89' lang='lat' dir='ltr'><strong>aliis</strong></span> <span class='ocrx_word' id='word_1_632' title='bbox 2577 3661 2894 3732; x_wconf 86' lang='lat' dir='ltr'><strong>parentibus</strong></span> <span class='ocrx_word' id='word_1_633' title='bbox 2920 3702 2934 3728; x_wconf 92' lang='lat'><strong>,</strong></span> <span class='ocrx_word' id='word_1_634' title='bbox 2986 3664 3113 3732; x_wconf 90' lang='lat' dir='ltr'><strong>quia</strong></span> <span class='ocrx_word' id='word_1_635' title='bbox 3159 3671 3276 3718; x_wconf 90' lang='lat' dir='ltr'><strong>non‘</strong></span> <span class='ocrx_word' id='word_1_636' title='bbox 3313 3665 3475 3719; x_wconf 86' lang='lat' dir='ltr'><strong>habet</strong></span> <span class='ocrx_word' id='word_1_637' title='bbox 3511 3664 3564 3718; x_wconf 93' lang='lat' dir='ltr'><strong>in</strong></span> <span class='ocrx_word' id='word_1_638' title='bbox 3590 3665 3669 3718; x_wconf 83' lang='lat' dir='ltr'><strong>eis</strong></span> 
     </span>
    </p>
   </div>
   <div class='ocr_carea' id='block_1_84' title="bbox 2087 3753 3668 3823">
    <p class='ocr_par' dir='ltr' id='par_1_84' title="bbox 2087 3753 3668 3823">
     <span class='ocr_line' id='line_1_85' title="bbox 2087 3753 3668 3823; baseline 0.001 -15"><span class='ocrx_word' id='word_1_639' title='bbox 2087 3753 2322 3809; x_wconf 88' lang='lat' dir='ltr'><strong>humana</strong></span> <span class='ocrx_word' id='word_1_640' title='bbox 2355 3760 2547 3807; x_wconf 90' lang='lat' dir='ltr'><strong>natura</strong></span> <span class='ocrx_word' id='word_1_641' title='bbox 2577 3762 2920 3823; x_wconf 91' lang='lat' dir='ltr'><strong>potestatem,</strong></span> <span class='ocrx_word' id='word_1_642' title='bbox 2957 3755 3412 3823; x_wconf 90' lang='lat' dir='ltr'><strong>quemadmodum</strong></span> <span class='ocrx_word' id='word_1_643' title='bbox 3449 3755 3584 3820; x_wconf 79' lang='lat' dir='ltr'><strong>dixi,</strong></span> <span class='ocrx_word' id='word_1_644' title='bbox 3612 3764 3668 3809; x_wconf 91' lang='lat' dir='ltr'><strong>ut</strong></span> 
     </span>
    </p>
   </div>
   <div class='ocr_carea' id='block_1_85' title="bbox 2090 3844 3669 3916">
    <p class='ocr_par' dir='ltr' id='par_1_85' title="bbox 2090 3844 3669 3916">
     <span class='ocr_line' id='line_1_86' title="bbox 2090 3844 3669 3916; baseline -0.001 -14"><span class='ocrx_word' id='word_1_645' title='bbox 2090 3846 2183 3902; x_wconf 91' lang='lat' dir='ltr'><strong>ﬁlii</strong></span> <span class='ocrx_word' id='word_1_646' title='bbox 2201 3844 2333 3915; x_wconf 90' lang='lat' dir='ltr'><strong>justi</strong></span> <span class='ocrx_word' id='word_1_647' title='bbox 2360 3854 2748 3915; x_wconf 84' lang='lat' dir='ltr'><strong>propagentur.</strong></span> <span class='ocrx_word' id='word_1_648' title='bbox 2773 3845 2954 3913; x_wconf 90' lang='lat' dir='ltr'><strong>Quare</strong></span> <span class='ocrx_word' id='word_1_649' title='bbox 2977 3861 3082 3900; x_wconf 91' lang='lat' dir='ltr'><strong>non</strong></span> <span class='ocrx_word' id='word_1_650' title='bbox 3111 3845 3185 3900; x_wconf 89' lang='lat' dir='ltr'><strong>ita</strong></span> <span class='ocrx_word' id='word_1_651' title='bbox 3220 3847 3464 3916; x_wconf 90' lang='lat' dir='ltr'><strong>sequitur</strong></span> <span class='ocrx_word' id='word_1_652' title='bbox 3491 3856 3549 3900; x_wconf 92' lang='lat' dir='ltr'><strong>ut</strong></span> <span class='ocrx_word' id='word_1_653' title='bbox 3574 3863 3669 3916; x_wconf 82' lang='lat' dir='ltr'><strong>pre</strong></span> 
     </span>
    </p>
   </div>
   <div class='ocr_carea' id='block_1_86' title="bbox 2087 3937 3671 4010">
    <p class='ocr_par' dir='ltr' id='par_1_86' title="bbox 2087 3937 3671 4010">
     <span class='ocr_line' id='line_1_87' title="bbox 2087 3937 3671 4010; baseline 0.001 -18"><span class='ocrx_word' id='word_1_654' title='bbox 2087 3949 2310 4008; x_wconf 82' lang='lat' dir='ltr'><strong>peccato</strong></span> <span class='ocrx_word' id='word_1_655' title='bbox 2337 3939 2549 3993; x_wconf 90' lang='lat' dir='ltr'><strong>illorum</strong></span> <span class='ocrx_word' id='word_1_656' title='bbox 2579 3939 2648 3994; x_wconf 92' lang='lat' dir='ltr'><strong>sit</strong></span> <span class='ocrx_word' id='word_1_657' title='bbox 2676 3939 2728 3993; x_wconf 91' lang='lat' dir='ltr'><strong>in</strong></span> <span class='ocrx_word' id='word_1_658' title='bbox 2753 3937 3051 3994; x_wconf 89' lang='lat' dir='ltr'><strong>infantibus</strong></span> <span class='ocrx_word' id='word_1_659' title='bbox 3077 3948 3386 4008; x_wconf 85' lang='lat' dir='ltr'><strong>peccatum,</strong></span> <span class='ocrx_word' id='word_1_660' title='bbox 3411 3939 3552 3994; x_wconf 90' lang='lat' dir='ltr'><strong>sicut</strong></span> <span class='ocrx_word' id='word_1_661' title='bbox 3573 3955 3671 4010; x_wconf 92' lang='lat' dir='ltr'><strong>pro</strong></span> 
     </span>
    </p>
   </div>
   <div class='ocr_carea' id='block_1_87' title="bbox 2088 4030 2485 4102">
    <p class='ocr_par' dir='ltr' id='par_1_87' title="bbox 2088 4030 2485 4102">
     <span class='ocr_line' id='line_1_88' title="bbox 2088 4030 2485 4102; baseline -0.01 -15"><span class='ocrx_word' id='word_1_662' title='bbox 2088 4041 2312 4102; x_wconf 87' lang='lat' dir='ltr'><strong>peccato</strong></span> <span class='ocrx_word' id='word_1_663' title='bbox 2337 4030 2485 4084; x_wconf 82' lang='lat' dir='ltr'><strong>Adae.</strong></span> 
     </span>
    </p>
   </div>
   <div class='ocr_carea' id='block_1_88' title="bbox 2393 4119 3358 4195">
    <p class='ocr_par' dir='ltr' id='par_1_88' title="bbox 2393 4119 3358 4195">
     <span class='ocr_line' id='line_1_89' title="bbox 2393 4119 3358 4195; baseline 0 -17"><span class='ocrx_word' id='word_1_664' title='bbox 2393 4121 2622 4178; x_wconf 87' lang='lat' dir='ltr'><strong>CAPUT</strong></span> <span class='ocrx_word' id='word_1_665' title='bbox 2652 4120 2987 4194; x_wconf 62' lang='lat' dir='ltr'><strong>10(anan</strong></span> <span class='ocrx_word' id='word_1_666' title='bbox 3019 4119 3214 4195; x_wconf 79' lang='lat' dir='ltr'><strong>xxvq</strong></span> <span class='ocrx_word' id='word_1_667' title='bbox 3244 4122 3358 4178; x_wconf 71' lang='grc' dir='ltr'>³³η.</span> 
     </span>
    </p>
   </div>
   <div class='ocr_carea' id='block_1_89' title="bbox 2161 4232 3603 4375">
    <p class='ocr_par' dir='ltr' id='par_1_89' title="bbox 2161 4232 3603 4375">
     <span class='ocr_line' id='line_1_90' title="bbox 2161 4232 3603 4375; baseline -0.001 -88"><span class='ocrx_word' id='word_1_668' title='bbox 2161 4233 2301 4302; x_wconf 83' lang='lat' dir='ltr'><strong>Quid</strong></span> <span class='ocrx_word' id='word_1_669' title='bbox 2329 4234 2395 4289; x_wconf 87' lang='lat' dir='ltr'><strong>sit</strong></span> <span class='ocrx_word' id='word_1_670' title='bbox 2423 4233 2678 4305; x_wconf 80' lang='lat' dir='ltr'><strong>originale</strong></span> <span class='ocrx_word' id='word_1_671' title='bbox 2703 4243 3022 4375; x_wconf 46' lang='lat' dir='ltr'><strong>pseiticgtquurzl}</strong></span> <span class='ocrx_word' id='word_1_672' title='bbox 3035 4244 3083 4289; x_wconf 88' lang='lat' dir='ltr'><strong>et</strong></span> <span class='ocrx_word' id='word_1_673' title='bbox 3116 4234 3256 4305; x_wconf 81' lang='lat' dir='ltr'><strong>quod</strong></span> <span class='ocrx_word' id='word_1_674' title='bbox 3286 4234 3342 4289; x_wconf 85' lang='lat' dir='ltr'><strong>in</strong></span> <span class='ocrx_word' id='word_1_675' title='bbox 3364 4232 3603 4288; x_wconf 83' lang='lat' dir='ltr'><strong>omnibus</strong></span> 
     </span>
    </p>
   </div>
   <div class='ocr_carea' id='block_1_90' title="bbox 398 4389 1979 4471">
    <p class='ocr_par' dir='ltr' id='par_1_90' title="bbox 398 4389 1979 4463">
     <span class='ocr_line' id='line_1_91' title="bbox 398 4389 1979 4463; baseline 0.003 -19"><span class='ocrx_word' id='word_1_676' title='bbox 398 4390 704 4455; x_wconf 80' lang='lat' dir='ltr'><strong>rationem,</strong></span> <span class='ocrx_word' id='word_1_677' title='bbox 753 4389 916 4446; x_wconf 91' lang='lat' dir='ltr'><strong>etiam</strong></span> <span class='ocrx_word' id='word_1_678' title='bbox 947 4389 992 4446; x_wconf 86' lang='lat' dir='ltr'><strong>si</strong></span> <span class='ocrx_word' id='word_1_679' title='bbox 1028 4391 1131 4446; x_wconf 87' lang='lat' dir='ltr'><strong>hoc</strong></span> <span class='ocrx_word' id='word_1_680' title='bbox 1159 4389 1230 4444; x_wconf 91' lang='lat' dir='ltr'><strong>sit</strong></span> <span class='ocrx_word' id='word_1_681' title='bbox 1275 4389 1328 4444; x_wconf 90' lang='lat' dir='ltr'><strong>in</strong></span> <span class='ocrx_word' id='word_1_682' title='bbox 1371 4389 1580 4455; x_wconf 87' lang='lat' dir='ltr'><strong>anima;</strong></span> <span class='ocrx_word' id='word_1_683' title='bbox 1623 4399 1679 4446; x_wconf 91' lang='lat' dir='ltr'><strong>et</strong></span> <span class='ocrx_word' id='word_1_684' title='bbox 1726 4392 1979 4463; x_wconf 88' lang='lat' dir='ltr'><strong>quidquid</strong></span> 
     </span>
    </p>
   </div>
   <div class='ocr_carea' id='block_1_91' title="bbox 2084 4389 3672 4471">
    <p class='ocr_par' dir='ltr' id='par_1_91' title="bbox 2159 4394 3672 4468">
     <span class='ocr_line' id='line_1_92' title="bbox 2159 4394 3672 4468; baseline -0.005 -13"><span class='ocrx_word' id='word_1_685' title='bbox 2159 4396 2434 4468; x_wconf 87' lang='lat' dir='ltr'><strong>Originale</strong></span> <span class='ocrx_word' id='word_1_686' title='bbox 2487 4396 2652 4466; x_wconf 85' lang='lat' dir='ltr'><strong>igitur</strong></span> <span class='ocrx_word' id='word_1_687' title='bbox 2693 4403 2976 4466; x_wconf 81' lang='lat' dir='ltr'><strong>peccatum</strong></span> <span class='ocrx_word' id='word_1_688' title='bbox 3027 4412 3133 4452; x_wconf 92' lang='lat' dir='ltr'><strong>non</strong></span> <span class='ocrx_word' id='word_1_689' title='bbox 3192 4395 3336 4450; x_wconf 89' lang='lat' dir='ltr'><strong>aliud</strong></span> <span class='ocrx_word' id='word_1_690' title='bbox 3399 4394 3672 4466; x_wconf 84' lang='lat' dir='ltr'><strong>intelligo,</strong></span> 
     </span>
    </p>
   </div>
   <div class='ocr_carea' id='block_1_92' title="bbox 408 4479 3671 4559">
    <p class='ocr_par' dir='ltr' id='par_1_92' title="bbox 408 4479 3671 4559">
     <span class='ocr_line' id='line_1_93' title="bbox 408 4479 3671 4559; baseline 0.001 -27"><span class='ocrx_word' id='word_1_691' title='bbox 408 4479 553 4536; x_wconf 83' lang='lat' dir='ltr'><strong>aliud</strong></span> <span class='ocrx_word' id='word_1_692' title='bbox 582 4479 799 4552; x_wconf 86' lang='lat' dir='ltr'><strong>legitur,</strong></span> <span class='ocrx_word' id='word_1_693' title='bbox 825 4481 969 4550; x_wconf 89' lang='lat' dir='ltr'><strong>quod</strong></span> <span class='ocrx_word' id='word_1_694' title='bbox 991 4480 1272 4536; x_wconf 88' lang='lat' dir='ltr'><strong>animabus</strong></span> <span class='ocrx_word' id='word_1_695' title='bbox 1294 4479 1524 4535; x_wconf 89' lang='lat' dir='ltr'><strong>ﬁliorum</strong></span> <span class='ocrx_word' id='word_1_696' title='bbox 1547 4491 1769 4550; x_wconf 88' lang='lat' dir='ltr'><strong>peccata</strong></span> <span class='ocrx_word' id='word_1_697' title='bbox 1794 4499 1988 4554; x_wconf 90' lang='lat' dir='ltr'><strong>parcn-</strong></span> <span class='ocrx_word' id='word_1_698' title='bbox 2095 4503 2257 4559; x_wconf 88' lang='lat' dir='ltr'><strong>quam</strong></span> <span class='ocrx_word' id='word_1_699' title='bbox 2301 4486 2444 4556; x_wconf 92' lang='lat' dir='ltr'><strong>quod</strong></span> <span class='ocrx_word' id='word_1_700' title='bbox 2486 4494 2570 4541; x_wconf 90' lang='lat' dir='ltr'><strong>est</strong></span> <span class='ocrx_word' id='word_1_701' title='bbox 2613 4485 2665 4538; x_wconf 92' lang='lat' dir='ltr'><strong>in</strong></span> <span class='ocrx_word' id='word_1_702' title='bbox 2699 4485 2935 4541; x_wconf 88' lang='lat' dir='ltr'><strong>infante.</strong></span> <span class='ocrx_word' id='word_1_703' title='bbox 2972 4501 3093 4540; x_wconf 80' lang='lat' dir='ltr'><strong>mox</strong></span> <span class='ocrx_word' id='word_1_704' title='bbox 3136 4495 3193 4539; x_wconf 93' lang='lat' dir='ltr'><strong>ut</strong></span> <span class='ocrx_word' id='word_1_705' title='bbox 3241 4486 3476 4540; x_wconf 91' lang='lat' dir='ltr'><strong>animam</strong></span> <span class='ocrx_word' id='word_1_706' title='bbox 3514 4485 3671 4540; x_wconf 89' lang='lat' dir='ltr'><strong>habet</strong></span> 
     </span>
    </p>
   </div>
   <div class='ocr_carea' id='block_1_93' title="bbox 1713 4594 2392 4658">
    <p class='ocr_par' dir='ltr' id='par_1_93' title="bbox 1713 4594 2392 4658">
     <span class='ocr_line' id='line_1_94' title="bbox 1713 4594 2392 4658; baseline 0.006 -9"><span class='ocrx_word' id='word_1_707' title='bbox 1713 4594 1945 4652; x_wconf 67' lang='lat' dir='ltr'><strong>VARIE</strong></span> <span class='ocrx_word' id='word_1_708' title='bbox 1989 4599 2392 4658; x_wconf 83' lang='lat' dir='ltr'><strong>LECTIONES.</strong></span> 
     </span>
    </p>
   </div>
   <div class='ocr_carea' id='block_1_94' title="bbox 481 4701 3672 4781">
    <p class='ocr_par' dir='ltr' id='par_1_94' title="bbox 481 4701 3672 4781">
     <span class='ocr_line' id='line_1_95' title="bbox 481 4701 3672 4781; baseline 0.002 -22"><span class='ocrx_word' id='word_1_709' title='bbox 481 4705 582 4781; x_wconf 56' lang='lat' dir='ltr'><strong>f‘°_°_</strong></span> <span class='ocrx_word' id='word_1_710' title='bbox 603 4705 774 4781; x_wconf 69' lang='lat' dir='ltr'><strong>Maius</strong></span> <span class='ocrx_word' id='word_1_711' title='bbox 796 4705 884 4781; x_wconf 83' lang='lat' dir='ltr'><strong>vel</strong></span> <span class='ocrx_word' id='word_1_712' title='bbox 913 4705 1092 4781; x_wconf 78' lang='lat' dir='ltr'><strong>minus</strong></span> <span class='ocrx_word' id='word_1_713' title='bbox 1107 4719 1232 4758; x_wconf 89' lang='lat' dir='ltr'><strong>mss.</strong></span> <span class='ocrx_word' id='word_1_714' title='bbox 1265 4701 1453 4781; x_wconf 79' lang='lat' dir='ltr'><strong>Cister.</strong></span> <span class='ocrx_word' id='word_1_715' title='bbox 1490 4704 1784 4781; x_wconf 75' lang='lat' dir='ltr'><strong>Vict._Tltu.</strong></span> <span class='ocrx_word' id='word_1_716' title='bbox 1810 4719 1858 4763; x_wconf 91' lang='lat' dir='ltr'><strong>et</strong></span> <span class='ocrx_word' id='word_1_717' title='bbox 1898 4711 2024 4766; x_wconf 82' lang='lat' dir='ltr'><strong>edit.</strong></span> <span class='ocrx_word' id='word_1_718' title='bbox 2057 4709 2210 4767; x_wconf 86' lang='lat' dir='ltr'><strong>Goth.</strong></span> <span class='ocrx_word' id='word_1_719' title='bbox 2243 4711 2415 4781; x_wconf 87' lang='lat' dir='ltr'><strong>magis</strong></span> <span class='ocrx_word' id='word_1_720' title='bbox 2441 4710 2527 4766; x_wconf 90' lang='lat' dir='ltr'><strong>vel</strong></span> <span class='ocrx_word' id='word_1_721' title='bbox 2558 4711 2735 4766; x_wconf 91' lang='lat' dir='ltr'><strong>minus</strong></span> <span class='ocrx_word' id='word_1_722' title='bbox 2759 4728 2882 4768; x_wconf 81' lang='lat' dir='ltr'><strong>mss.</strong></span> <span class='ocrx_word' id='word_1_723' title='bbox 2909 4710 3057 4768; x_wconf 83' lang='lat' dir='ltr'><strong>Gem.</strong></span> <span class='ocrx_word' id='word_1_724' title='bbox 3082 4711 3212 4766; x_wconf 88' lang='lat' dir='ltr'><strong>Bac.</strong></span> <span class='ocrx_word' id='word_1_725' title='bbox 3231 4710 3351 4778; x_wconf 92' lang='lat' dir='ltr'><strong>plus</strong></span> <span class='ocrx_word' id='word_1_726' title='bbox 3389 4710 3472 4766; x_wconf 91' lang='lat' dir='ltr'><strong>vel</strong></span> <span class='ocrx_word' id='word_1_727' title='bbox 3495 4711 3672 4767; x_wconf 78' lang='lat' dir='ltr'><strong>minus</strong></span> 
     </span>
    </p>
   </div>
   <div class='ocr_carea' id='block_1_95' title="bbox 409 4775 3672 4858">
    <p class='ocr_par' dir='ltr' id='par_1_95' title="bbox 409 4775 3672 4858">
     <span class='ocr_line' id='line_1_96' title="bbox 409 4775 3672 4858; baseline -0.001 -19"><span class='ocrx_word' id='word_1_728' title='bbox 542 4775 696 4858; x_wconf 49' lang='grc' dir='ltr'><strong>νειμ</strong></span> <span class='ocrx_word' id='word_1_729' title='bbox 745 4775 1115 4858; x_wconf 44' lang='lat' dir='ltr'><strong>quodndellget.</strong></span> <span class='ocrx_word' id='word_1_730' title='bbox 1141 4781 1235 4858; x_wconf 47' lang='lat' dir='ltr'><strong>alii.</strong></span> <span class='ocrx_word' id='word_1_731' title='bbox 1259 4775 1400 4858; x_wconf 75' lang='lat' dir='ltr'><strong>Quod</strong></span> <span class='ocrx_word' id='word_1_732' title='bbox 1432 4790 1538 4858; x_wconf 84' lang='lat' dir='ltr'><strong>non</strong></span> <span class='ocrx_word' id='word_1_733' title='bbox 1567 4777 1888 4858; x_wconf 36' lang='lat' dir='ltr'><strong>debetmss.</strong></span> <span class='ocrx_word' id='word_1_734' title='bbox 1904 4782 2056 4858; x_wconf 49' lang='lat' dir='ltr'><strong>felle</strong></span> <span class='ocrx_word' id='word_1_735' title='bbox 2094 4783 2234 4858; x_wconf 81' lang='lat' dir='ltr'><strong>quod</strong></span> <span class='ocrx_word' id='word_1_736' title='bbox 2259 4775 2455 4838; x_wconf 73' lang='lat' dir='ltr'><strong>debent</strong></span> <span class='ocrx_word' id='word_1_737' title='bbox 2479 4790 2570 4858; x_wconf 87' lang='lat' dir='ltr'><strong>aut</strong></span> <span class='ocrx_word' id='word_1_738' title='bbox 2608 4782 2752 4850; x_wconf 92' lang='lat' dir='ltr'><strong>quod</strong></span> <span class='ocrx_word' id='word_1_739' title='bbox 2781 4798 2887 4837; x_wconf 92' lang='lat' dir='ltr'><strong>non</strong></span> <span class='ocrx_word' id='word_1_740' title='bbox 2926 4784 3123 4858; x_wconf 83' lang='lat' dir='ltr'><strong>debent</strong></span> <span class='ocrx_word' id='word_1_741' title='bbox 3195 4775 3289 4858; x_wconf 61' lang='grc' dir='ltr'><strong>³ξ⁰⁸</strong></span> <span class='ocrx_word' id='word_1_742' title='bbox 3317 4782 3410 4858; x_wconf 67' lang='grc' dir='ltr'><strong>ἕξει</strong></span> <span class='ocrx_word' id='word_1_743' title='bbox 3453 4783 3507 4835; x_wconf 88' lang='lat' dir='ltr'><strong>in</strong></span> <span class='ocrx_word' id='word_1_744' title='bbox 3543 4798 3672 4835; x_wconf 88' lang='lat' dir='ltr'><strong>mss.</strong></span> 
     </span>
    </p>
   </div>
   <div class='ocr_carea' id='block_1_96' title="bbox 419 4842 3672 4928">
    <p class='ocr_par' dir='ltr' id='par_1_96' title="bbox 419 4842 3672 4928">
     <span class='ocr_line' id='line_1_97' title="bbox 419 4842 3672 4928; baseline 0.001 -26"><span class='ocrx_word' id='word_1_745' title='bbox 419 4847 556 4928; x_wconf 71' lang='lat' dir='ltr'><strong>_l_’_i_ct.</strong></span> <span class='ocrx_word' id='word_1_746' title='bbox 585 4846 724 4928; x_wconf 68' lang='lat' dir='ltr'><strong>Tha.</strong></span> <span class='ocrx_word' id='word_1_747' title='bbox 757 4842 970 4928; x_wconf 40' lang='lat' dir='ltr'><strong>etnedri‘t.</strong></span> <span class='ocrx_word' id='word_1_748' title='bbox 991 4842 1411 4928; x_wconf 33' lang='lat' dir='ltr'><strong>.GoothaPeccata</strong></span> <span class='ocrx_word' id='word_1_749' title='bbox 1437 4842 2176 4928; x_wconf 43' lang='lat' dir='ltr'><strong>etaumss.[ict.th10iiiodo</strong></span> <span class='ocrx_word' id='word_1_750' title='bbox 2219 4860 2449 4928; x_wconf 80' lang='lat' dir='ltr'><strong>noceant</strong></span> <span class='ocrx_word' id='word_1_751' title='bbox 2507 4842 2749 4921; x_wconf 68' lang='lat' dir='ltr'><strong>(peccata</strong></span> <span class='ocrx_word' id='word_1_752' title='bbox 2799 4853 3105 4928; x_wconf 76' lang='lat' dir='ltr'><strong>parentum)</strong></span> <span class='ocrx_word' id='word_1_753' title='bbox 3126 4853 3672 4928; x_wconf 54' lang='lat' dir='ltr'><strong>_animabusueorum</strong></span> 
     </span>
    </p>
   </div>
   <div class='ocr_carea' id='block_1_97' title="bbox 411 4915 3672 4994">
    <p class='ocr_par' dir='ltr' id='par_1_97' title="bbox 411 4915 3672 4994">
     <span class='ocr_line' id='line_1_98' title="bbox 411 4915 3672 4994; baseline 0 -22"><span class='ocrx_word' id='word_1_754' title='bbox 411 4918 693 4994; x_wconf 64' lang='lat' dir='ltr'><strong>(ﬁliorum)</strong></span> <span class='ocrx_word' id='word_1_755' title='bbox 767 4917 862 4994; x_wconf 59' lang='lat' dir='ltr'><strong>mf</strong></span> <span class='ocrx_word' id='word_1_756' title='bbox 902 4915 1008 4972; x_wconf 87' lang='lat' dir='ltr'><strong>Sed</strong></span> <span class='ocrx_word' id='word_1_757' title='bbox 1035 4917 1174 4994; x_wconf 79' lang='lat' dir='ltr'><strong>sicut</strong></span> <span class='ocrx_word' id='word_1_758' title='bbox 1202 4930 1344 4994; x_wconf 68' lang='lat' dir='ltr'><strong>stupe</strong></span> <span class='ocrx_word' id='word_1_759' title='bbox 1372 4933 1498 4971; x_wconf 90' lang='lat' dir='ltr'><strong>mss.</strong></span> <span class='ocrx_word' id='word_1_760' title='bbox 1531 4915 1671 4994; x_wconf 70' lang='lat' dir='ltr'><strong>Vict.</strong></span> <span class='ocrx_word' id='word_1_761' title='bbox 1698 4919 1824 4994; x_wconf 62' lang='lat' dir='ltr'><strong>per.</strong></span> <span class='ocrx_word' id='word_1_762' title='bbox 1850 4915 2115 4994; x_wconf 41' lang='lat' dir='ltr'><strong>censet</strong></span> <span class='ocrx_word' id='word_1_763' title='bbox 2163 4923 2416 4994; x_wconf 81' lang='lat' dir='ltr'><strong>quoniam</strong></span> <span class='ocrx_word' id='word_1_764' title='bbox 2443 4915 2584 4994; x_wconf 50' lang='lat' dir='ltr'><strong>saepe</strong></span> <span class='ocrx_word' id='word_1_765' title='bbox 2632 4939 2759 4976; x_wconf 85' lang='lat' dir='ltr'><strong>mss.</strong></span> <span class='ocrx_word' id='word_1_766' title='bbox 2799 4915 2953 4994; x_wconf 39' lang='lat' dir='ltr'><strong>:Vict.</strong></span> <span class='ocrx_word' id='word_1_767' title='bbox 3006 4915 3097 4994; x_wconf 55' lang='lat' dir='ltr'><strong>l9&#39;</strong></span> <span class='ocrx_word' id='word_1_768' title='bbox 3124 4922 3287 4994; x_wconf 29' lang='lat' dir='ltr'><strong>Tim.‘</strong></span> <span class='ocrx_word' id='word_1_769' title='bbox 3313 4923 3373 4977; x_wconf 91' lang='lat' dir='ltr'><strong>S.</strong></span> <span class='ocrx_word' id='word_1_770' title='bbox 3394 4991 3405 4994; x_wconf 29' lang='grc' dir='ltr'><strong>Α</strong></span> <span class='ocrx_word' id='word_1_771' title='bbox 3425 4920 3587 4994; x_wconf 76' lang='lat' dir='ltr'><strong>Mich.</strong></span> <span class='ocrx_word' id='word_1_772' title='bbox 3625 4933 3672 4973; x_wconf 84' lang='lat' dir='ltr'><strong>et</strong></span> 
     </span>
    </p>
   </div>
   <div class='ocr_carea' id='block_1_98' title="bbox 411 4985 3670 5061">
    <p class='ocr_par' dir='ltr' id='par_1_98' title="bbox 411 4985 3670 5061">
     <span class='ocr_line' id='line_1_99' title="bbox 411 4985 3670 5061; baseline -0.001 -16"><span class='ocrx_word' id='word_1_773' title='bbox 411 4985 538 5046; x_wconf 76' lang='lat' dir='ltr'><strong>edit.</strong></span> <span class='ocrx_word' id='word_1_774' title='bbox 565 4987 722 5061; x_wconf 73' lang='lat' dir='ltr'><strong>60th.</strong></span> <span class='ocrx_word' id='word_1_775' title='bbox 759 4988 862 5061; x_wconf 87' lang='lat' dir='ltr'><strong>_sed</strong></span> <span class='ocrx_word' id='word_1_776' title='bbox 896 4987 1153 5061; x_wconf 87' lang='lat' dir='ltr'><strong>quoniam</strong></span> <span class='ocrx_word' id='word_1_777' title='bbox 1184 4985 1325 5061; x_wconf 65' lang='lat' dir='ltr'><strong>sicut</strong></span> <span class='ocrx_word' id='word_1_778' title='bbox 1348 5003 1504 5061; x_wconf 71' lang='lat' dir='ltr'><strong>saepe</strong></span> <span class='ocrx_word' id='word_1_779' title='bbox 1575 4989 1671 5061; x_wconf 48' lang='lat'><strong>&#39;3“</strong></span> <span class='ocrx_word' id='word_1_780' title='bbox 1694 4990 2143 5061; x_wconf 86' lang='lat' dir='ltr'><strong>Susceptibilibus</strong></span> <span class='ocrx_word' id='word_1_781' title='bbox 2163 4985 2261 5047; x_wconf 77' lang='lat' dir='ltr'><strong>ms.</strong></span> <span class='ocrx_word' id='word_1_782' title='bbox 2315 4991 2444 5046; x_wconf 87' lang='lat' dir='ltr'><strong>Vict.</strong></span> <span class='ocrx_word' id='word_1_783' title='bbox 2472 4985 2538 5047; x_wconf 77' lang='grc'><strong>19</strong></span> <span class='ocrx_word' id='word_1_784' title='bbox 2583 4992 2923 5061; x_wconf 89' lang='lat' dir='ltr'><strong>susceptibus</strong></span> <span class='ocrx_word' id='word_1_785' title='bbox 2953 4993 3067 5048; x_wconf 89' lang='lat' dir='ltr'><strong>suis</strong></span> <span class='ocrx_word' id='word_1_786' title='bbox 3137 4993 3232 5023; x_wconf 78' lang='grc'>³³⁰⁸</span> <span class='ocrx_word' id='word_1_787' title='bbox 3255 4991 3406 5059; x_wconf 93' lang='lat' dir='ltr'><strong>Quod</strong></span> <span class='ocrx_word' id='word_1_788' title='bbox 3435 4993 3670 5061; x_wconf 86' lang='lat' dir='ltr'><strong>animam</strong></span> 
     </span>
    </p>
   </div>
   <div class='ocr_carea' id='block_1_99' title="bbox 410 5056 3668 5138">
    <p class='ocr_par' dir='ltr' id='par_1_99' title="bbox 410 5056 3668 5138">
     <span class='ocr_line' id='line_1_100' title="bbox 410 5056 3668 5138; baseline -0.001 -24"><span class='ocrx_word' id='word_1_789' title='bbox 410 5077 538 5115; x_wconf 86' lang='lat' dir='ltr'><strong>mss.</strong></span> <span class='ocrx_word' id='word_1_790' title='bbox 577 5059 720 5130; x_wconf 92' lang='lat' dir='ltr'><strong>quod</strong></span> <span class='ocrx_word' id='word_1_791' title='bbox 757 5056 1157 5114; x_wconf 49' lang='lat' dir='ltr'><strong>Deus—animam</strong></span> <span class='ocrx_word' id='word_1_792' title='bbox 1232 5056 2176 5138; x_wconf 42' lang='lat' dir='ltr'><strong>f‘°‘.lnmputari__peccata&#39;parentum</strong></span> <span class='ocrx_word' id='word_1_793' title='bbox 2211 5063 2518 5138; x_wconf 75' lang='lat' dir='ltr'><strong>signiﬁcare</strong></span> <span class='ocrx_word' id='word_1_794' title='bbox 2555 5079 2680 5116; x_wconf 84' lang='lat' dir='ltr'><strong>mss.</strong></span> <span class='ocrx_word' id='word_1_795' title='bbox 2694 5056 3211 5138; x_wconf 69' lang='lat' dir='ltr'><strong>_Cister._}’ict._Bee.</strong></span> <span class='ocrx_word' id='word_1_796' title='bbox 3243 5056 3391 5138; x_wconf 49' lang='lat' dir='ltr'><strong>(fern.</strong></span> <span class='ocrx_word' id='word_1_797' title='bbox 3423 5060 3482 5116; x_wconf 89' lang='lat' dir='ltr'><strong>S.</strong></span> <span class='ocrx_word' id='word_1_798' title='bbox 3506 5060 3668 5138; x_wconf 39' lang='lat' dir='ltr'><strong>Michlrt</strong></span> 
     </span>
    </p>
   </div>
   <div class='ocr_carea' id='block_1_100' title="bbox 411 5128 3672 5233">
    <p class='ocr_par' dir='ltr' id='par_1_100' title="bbox 411 5128 3672 5233">
     <span class='ocr_line' id='line_1_101' title="bbox 411 5128 3672 5233; baseline -0.001 -48"><span class='ocrx_word' id='word_1_799' title='bbox 411 5128 634 5233; x_wconf 63' lang='lat' dir='ltr'><strong>peccata</strong></span> <span class='ocrx_word' id='word_1_800' title='bbox 660 5139 944 5213; x_wconf 82' lang='lat' dir='ltr'><strong>parentum</strong></span> <span class='ocrx_word' id='word_1_801' title='bbox 977 5141 1173 5209; x_wconf 78' lang='lat' dir='ltr'><strong>nocere</strong></span> <span class='ocrx_word' id='word_1_802' title='bbox 1201 5128 1512 5233; x_wconf 52' lang='lat' dir='ltr'><strong>signiﬁcare</strong></span> <span class='ocrx_word' id='word_1_803' title='bbox 1585 5129 1677 5162; x_wconf 76' lang='grc'>³³⁸⁷</span> <span class='ocrx_word' id='word_1_804' title='bbox 1706 5128 1913 5200; x_wconf 79' lang='lat' dir='ltr'><strong>Quippe</strong></span> <span class='ocrx_word' id='word_1_805' title='bbox 1944 5149 2049 5188; x_wconf 88' lang='lat' dir='ltr'><strong>non</strong></span> <span class='ocrx_word' id='word_1_806' title='bbox 2090 5128 2317 5188; x_wconf 77' lang='lat' dir='ltr'><strong>moritur</strong></span> <span class='ocrx_word' id='word_1_807' title='bbox 2337 5143 2433 5185; x_wconf 86' lang='lat' dir='ltr'><strong>etc.</strong></span> <span class='ocrx_word' id='word_1_808' title='bbox 2470 5132 2524 5186; x_wconf 85' lang='lat' dir='ltr'><strong>in</strong></span> <span class='ocrx_word' id='word_1_809' title='bbox 2557 5149 2654 5186; x_wconf 86' lang='lat' dir='ltr'><strong>ms.</strong></span> <span class='ocrx_word' id='word_1_810' title='bbox 2692 5132 2830 5186; x_wconf 85' lang='lat' dir='ltr'><strong>Thu.</strong></span> <span class='ocrx_word' id='word_1_811' title='bbox 2881 5133 2977 5188; x_wconf 80' lang='grc'><strong>591</strong></span> <span class='ocrx_word' id='word_1_812' title='bbox 3034 5134 3116 5187; x_wconf 79' lang='lat' dir='ltr'><strong>hic</strong></span> <span class='ocrx_word' id='word_1_813' title='bbox 3168 5134 3350 5203; x_wconf 84' lang='lat' dir='ltr'><strong>incipit</strong></span> <span class='ocrx_word' id='word_1_814' title='bbox 3403 5140 3556 5199; x_wconf 83' lang='lat' dir='ltr'><strong>caput</strong></span> <span class='ocrx_word' id='word_1_815' title='bbox 3600 5131 3672 5183; x_wconf 73' lang='lat'><strong>26</strong></span> 
     </span>
     <span class='ocr_line' id='line_1_102' title="bbox 437 5196 3669 5233; baseline 0 0"><span class='ocrx_word' id='word_1_816' title='bbox 437 5201 507 5233; x_wconf 82' lang='lat' dir='ltr'><strong>sos</strong></span> <span class='ocrx_word' id='word_1_817' title='bbox 542 5200 630 5233; x_wconf 69' lang='lat' dir='ltr'><strong>Fu</strong></span> <span class='ocrx_word' id='word_1_818' title='bbox 654 5217 708 5233; x_wconf 87' lang='grc'><strong>...</strong></span> <span class='ocrx_word' id='word_1_819' title='bbox 751 5217 859 5233; x_wconf 76' lang='grc' dir='ltr'><strong>...η</strong></span> <span class='ocrx_word' id='word_1_820' title='bbox 944 5196 1054 5233; x_wconf 71' lang='lat' dir='ltr'><strong>Vm</strong></span> <span class='ocrx_word' id='word_1_821' title='bbox 1131 5207 1177 5233; x_wconf 71' lang='grc' dir='ltr'>,ι</span> <span class='ocrx_word' id='word_1_822' title='bbox 1284 5199 1350 5233; x_wconf 81' lang='lat' dir='ltr'><strong>Im</strong></span> <span class='ocrx_word' id='word_1_823' title='bbox 1411 5198 1513 5233; x_wconf 58' lang='lat' dir='ltr'><strong>rem</strong></span> <span class='ocrx_word' id='word_1_824' title='bbox 1559 5208 1604 5233; x_wconf 70' lang='grc' dir='ltr'><strong>ρο</strong></span> <span class='ocrx_word' id='word_1_825' title='bbox 1640 5201 1744 5233; x_wconf 63' lang='grc' dir='ltr'><em>,πίει</em></span> <span class='ocrx_word' id='word_1_826' title='bbox 1798 5202 1931 5233; x_wconf 68' lang='grc' dir='ltr'><strong>νησι-</strong></span> <span class='ocrx_word' id='word_1_827' title='bbox 1989 5214 2140 5233; x_wconf 57' lang='lat' dir='ltr'><strong>mm...</strong></span> <span class='ocrx_word' id='word_1_828' title='bbox 2171 5203 2239 5233; x_wconf 75' lang='lat' dir='ltr'><strong>cu:</strong></span> <span class='ocrx_word' id='word_1_829' title='bbox 2263 5203 2352 5233; x_wconf 78' lang='lat' dir='ltr'><strong>...t.</strong></span> <span class='ocrx_word' id='word_1_830' title='bbox 2387 5203 2479 5233; x_wconf 68' lang='lat' dir='ltr'><strong>tm.</strong></span> <span class='ocrx_word' id='word_1_831' title='bbox 2509 5201 2659 5233; x_wconf 66' lang='grc' dir='ltr'><strong>,ειηιη</strong></span> <span class='ocrx_word' id='word_1_832' title='bbox 2689 5217 2702 5231; x_wconf 90' lang='grc'><strong>.</strong></span> <span class='ocrx_word' id='word_1_833' title='bbox 2731 5202 3011 5233; x_wconf 63' lang='grc' dir='ltr'><strong>Ληηωηλη</strong></span> <span class='ocrx_word' id='word_1_834' title='bbox 3057 5214 3233 5233; x_wconf 69' lang='grc' dir='ltr'><strong>ιηηιη..</strong></span> <span class='ocrx_word' id='word_1_835' title='bbox 3286 5201 3458 5233; x_wconf 68' lang='grc' dir='ltr'><strong>...ιιιηο</strong></span> <span class='ocrx_word' id='word_1_836' title='bbox 3492 5209 3669 5233; x_wconf 69' lang='lat' dir='ltr'><strong>nni-In!</strong></span> 
     </span>
    </p>
   </div>
   <div class='ocr_carea' id='block_1_101' title="bbox 437 5196 3672 5272">
    <p class='ocr_par' dir='ltr' id='par_1_101' title="bbox 437 5196 3672 5272">
     <span class='ocr_line' id='line_1_103' title="bbox 437 5196 3672 5272; baseline 0.006 -39"><span class='ocrx_word' id='word_1_837' title='bbox 437 5201 507 5234; x_wconf 83' lang='lat' dir='ltr'><strong>sos</strong></span> <span class='ocrx_word' id='word_1_838' title='bbox 538 5200 631 5256; x_wconf 64' lang='grc' dir='ltr'><strong>Εει</strong></span> <span class='ocrx_word' id='word_1_839' title='bbox 654 5196 711 5256; x_wconf 70' lang='grc' dir='ltr'><strong>ῐη</strong></span> <span class='ocrx_word' id='word_1_840' title='bbox 751 5217 879 5272; x_wconf 13' lang='lat' dir='ltr'><strong>mar.</strong></span> <span class='ocrx_word' id='word_1_841' title='bbox 944 5196 1076 5272; x_wconf 77' lang='lat' dir='ltr'><strong>Vict.</strong></span> <span class='ocrx_word' id='word_1_842' title='bbox 1130 5207 1177 5252; x_wconf 89' lang='lat' dir='ltr'><strong>et</strong></span> <span class='ocrx_word' id='word_1_843' title='bbox 1237 5196 1537 5272; x_wconf 45' lang='lat'><strong>“15.546,</strong></span> <span class='ocrx_word' id='word_1_844' title='bbox 1557 5208 1604 5254; x_wconf 90' lang='lat' dir='ltr'><strong>et</strong></span> <span class='ocrx_word' id='word_1_845' title='bbox 1638 5196 1764 5256; x_wconf 70' lang='lat' dir='ltr'><strong>edit.</strong></span> <span class='ocrx_word' id='word_1_846' title='bbox 1798 5196 1954 5256; x_wconf 80' lang='lat' dir='ltr'><strong>Goth.</strong></span> <span class='ocrx_word' id='word_1_847' title='bbox 1986 5214 2140 5272; x_wconf 84' lang='lat' dir='ltr'><strong>caput</strong></span> <span class='ocrx_word' id='word_1_848' title='bbox 2171 5203 2240 5258; x_wconf 74' lang='grc'>26</span> <span class='ocrx_word' id='word_1_849' title='bbox 2259 5203 2352 5256; x_wconf 81' lang='lat' dir='ltr'><strong>sub</strong></span> <span class='ocrx_word' id='word_1_850' title='bbox 2383 5203 2491 5272; x_wconf 63' lang='lat' dir='ltr'><strong>hoc</strong></span> <span class='ocrx_word' id='word_1_851' title='bbox 2507 5201 2659 5255; x_wconf 83' lang='lat' dir='ltr'><strong>titulo</strong></span> <span class='ocrx_word' id='word_1_852' title='bbox 2689 5217 2702 5255; x_wconf 90' lang='lat'><strong>:</strong></span> <span class='ocrx_word' id='word_1_853' title='bbox 2731 5202 3012 5272; x_wconf 88' lang='lat' dir='ltr'><strong>Quomodo</strong></span> <span class='ocrx_word' id='word_1_854' title='bbox 3057 5214 3234 5256; x_wconf 86' lang='lat' dir='ltr'><strong>tamen</strong></span> <span class='ocrx_word' id='word_1_855' title='bbox 3276 5196 3474 5272; x_wconf 81' lang='lat' dir='ltr'><strong>nullus</strong></span> <span class='ocrx_word' id='word_1_856' title='bbox 3492 5209 3672 5272; x_wconf 74' lang='lat' dir='ltr'><strong>portat</strong></span> 
     </span>
    </p>
   </div>
   <div class='ocr_carea' id='block_1_102' title="bbox 482 5267 3671 5342">
    <p class='ocr_par' dir='ltr' id='par_1_102' title="bbox 482 5267 3671 5342">
     <span class='ocr_line' id='line_1_104' title="bbox 482 5267 3671 5342; baseline -0.001 -15"><span class='ocrx_word' id='word_1_857' title='bbox 482 5280 696 5342; x_wconf 83' lang='lat' dir='ltr'><strong>ccatum</strong></span> <span class='ocrx_word' id='word_1_858' title='bbox 730 5271 921 5340; x_wconf 89' lang='lat' dir='ltr'><strong>patris,</strong></span> <span class='ocrx_word' id='word_1_859' title='bbox 954 5269 1048 5323; x_wconf 88' lang='lat' dir='ltr'><strong>sed</strong></span> <span class='ocrx_word' id='word_1_860' title='bbox 1086 5284 1244 5324; x_wconf 88' lang='lat' dir='ltr'><strong>suum</strong></span> <span class='ocrx_word' id='word_1_861' title='bbox 1321 5267 1414 5300; x_wconf 75' lang='grc'>³³⁰⁹</span> <span class='ocrx_word' id='word_1_862' title='bbox 1439 5269 1570 5335; x_wconf 67' lang='lat' dir='ltr'><strong>Quae</strong></span> <span class='ocrx_word' id='word_1_863' title='bbox 1611 5280 1695 5326; x_wconf 81' lang='lat' dir='ltr'><strong>est</strong></span> <span class='ocrx_word' id='word_1_864' title='bbox 1743 5272 1794 5342; x_wconf 78' lang='lat' dir='ltr'><strong>in</strong></span> <span class='ocrx_word' id='word_1_865' title='bbox 1829 5267 2058 5327; x_wconf 81' lang='lat' dir='ltr'><strong>Christo</strong></span> <span class='ocrx_word' id='word_1_866' title='bbox 2099 5290 2224 5327; x_wconf 85' lang='lat' dir='ltr'><strong>mss.</strong></span> <span class='ocrx_word' id='word_1_867' title='bbox 2272 5272 2406 5342; x_wconf 84' lang='lat' dir='ltr'><strong>Vict.</strong></span> <span class='ocrx_word' id='word_1_868' title='bbox 2451 5269 2596 5324; x_wconf 84' lang='lat' dir='ltr'><strong>Gem.</strong></span> <span class='ocrx_word' id='word_1_869' title='bbox 2639 5267 2975 5332; x_wconf 71' lang='lat' dir='ltr'><strong>Bec,.(.&#39;ister.</strong></span> <span class='ocrx_word' id='word_1_870' title='bbox 3011 5288 3130 5342; x_wconf 70' lang='lat' dir='ltr'><strong>qua:</strong></span> <span class='ocrx_word' id='word_1_871' title='bbox 3167 5283 3249 5326; x_wconf 90' lang='lat' dir='ltr'><strong>est</strong></span> <span class='ocrx_word' id='word_1_872' title='bbox 3287 5272 3339 5327; x_wconf 95' lang='lat' dir='ltr'><strong>in</strong></span> <span class='ocrx_word' id='word_1_873' title='bbox 3373 5267 3671 5326; x_wconf 86' lang='lat' dir='ltr'><strong>Christiani</strong></span> 
     </span>
    </p>
   </div>
   <div class='ocr_carea' id='block_1_103' title="bbox 439 5340 3669 5412">
    <p class='ocr_par' dir='ltr' id='par_1_103' title="bbox 439 5340 3669 5412">
     <span class='ocr_line' id='line_1_105' title="bbox 439 5340 3669 5412; baseline -0.002 -15"><span class='ocrx_word' id='word_1_874' title='bbox 439 5341 675 5412; x_wconf 16' lang='lat' dir='ltr'><strong>“°,Non</strong></span> <span class='ocrx_word' id='word_1_875' title='bbox 718 5350 940 5412; x_wconf 89' lang='lat' dir='ltr'><strong>portant</strong></span> <span class='ocrx_word' id='word_1_876' title='bbox 975 5351 1256 5412; x_wconf 81' lang='lat' dir='ltr'><strong>peccatum</strong></span> <span class='ocrx_word' id='word_1_877' title='bbox 1297 5350 1516 5412; x_wconf 24' lang='lat' dir='ltr'><strong>mss._‘et</strong></span> <span class='ocrx_word' id='word_1_878' title='bbox 1557 5342 1684 5412; x_wconf 77' lang='lat' dir='ltr'><strong>edit.</strong></span> <span class='ocrx_word' id='word_1_879' title='bbox 1729 5340 1883 5396; x_wconf 75' lang='lat' dir='ltr'><strong>Galli.</strong></span> <span class='ocrx_word' id='word_1_880' title='bbox 1916 5359 2022 5397; x_wconf 88' lang='lat' dir='ltr'><strong>non</strong></span> <span class='ocrx_word' id='word_1_881' title='bbox 2062 5354 2281 5412; x_wconf 90' lang='lat' dir='ltr'><strong>portant</strong></span> <span class='ocrx_word' id='word_1_882' title='bbox 2321 5341 2554 5396; x_wconf 86' lang='lat' dir='ltr'><strong>infantes</strong></span> <span class='ocrx_word' id='word_1_883' title='bbox 2583 5353 2862 5412; x_wconf 87' lang='lat' dir='ltr'><strong>peccatum</strong></span> <span class='ocrx_word' id='word_1_884' title='bbox 2939 5340 3041 5375; x_wconf 63' lang='grc' dir='ltr'><strong>³³η</strong></span> <span class='ocrx_word' id='word_1_885' title='bbox 3063 5343 3223 5398; x_wconf 87' lang='lat' dir='ltr'><strong>Aliud</strong></span> <span class='ocrx_word' id='word_1_886' title='bbox 3255 5341 3517 5396; x_wconf 89' lang='lat' dir='ltr'><strong>infantum</strong></span> <span class='ocrx_word' id='word_1_887' title='bbox 3543 5356 3669 5412; x_wconf 83' lang='lat' dir='ltr'><strong>mss.</strong></span> 
     </span>
    </p>
   </div>
   <div class='ocr_carea' id='block_1_104' title="bbox 413 5408 3666 5483">
    <p class='ocr_par' dir='ltr' id='par_1_104' title="bbox 413 5408 3666 5483">
     <span class='ocr_line' id='line_1_106' title="bbox 413 5408 3666 5483; baseline -0 -18"><span class='ocrx_word' id='word_1_888' title='bbox 413 5420 478 5483; x_wconf 68' lang='lat' dir='ltr'><strong>et_</strong></span> <span class='ocrx_word' id='word_1_889' title='bbox 493 5411 637 5483; x_wconf 84' lang='lat' dir='ltr'><strong>aliud</strong></span> <span class='ocrx_word' id='word_1_890' title='bbox 666 5408 751 5468; x_wconf 76' lang='lat' dir='ltr'><strong>est</strong></span> <span class='ocrx_word' id='word_1_891' title='bbox 779 5408 1058 5482; x_wconf 87' lang='lat' dir='ltr'><strong>peccatum</strong></span> <span class='ocrx_word' id='word_1_892' title='bbox 1093 5410 1391 5483; x_wconf 88' lang='lat' dir='ltr'><strong>infantu_m_</strong></span> <span class='ocrx_word' id='word_1_893' title='bbox 1430 5408 1538 5483; x_wconf 76' lang='lat'><strong>&quot;&quot;_</strong></span> <span class='ocrx_word' id='word_1_894' title='bbox 1556 5411 1672 5466; x_wconf 89' lang='lat' dir='ltr'><strong>Non</strong></span> <span class='ocrx_word' id='word_1_895' title='bbox 1698 5427 1860 5482; x_wconf 91' lang='lat' dir='ltr'><strong>quam</strong></span> <span class='ocrx_word' id='word_1_896' title='bbox 1891 5408 2169 5477; x_wconf 49' lang='lat' dir='ltr'><strong>aliusfsed</strong></span> <span class='ocrx_word' id='word_1_897' title='bbox 2201 5428 2364 5483; x_wconf 89' lang='lat' dir='ltr'><strong>quam</strong></span> <span class='ocrx_word' id='word_1_898' title='bbox 2399 5413 2515 5481; x_wconf 89' lang='lat' dir='ltr'><strong>ipse</strong></span> <span class='ocrx_word' id='word_1_899' title='bbox 2544 5408 2666 5465; x_wconf 67' lang='lat' dir='ltr'><strong>mss.</strong></span> <span class='ocrx_word' id='word_1_900' title='bbox 2702 5429 2806 5465; x_wconf 91' lang='lat' dir='ltr'><strong>non</strong></span> <span class='ocrx_word' id='word_1_901' title='bbox 2831 5414 2956 5482; x_wconf 88' lang='lat' dir='ltr'><strong>quia</strong></span> <span class='ocrx_word' id='word_1_902' title='bbox 3009 5412 3166 5476; x_wconf 90' lang='lat' dir='ltr'><strong>alius,</strong></span> <span class='ocrx_word' id='word_1_903' title='bbox 3217 5414 3311 5467; x_wconf 90' lang='lat' dir='ltr'><strong>sed</strong></span> <span class='ocrx_word' id='word_1_904' title='bbox 3358 5411 3482 5483; x_wconf 83' lang='lat' dir='ltr'><strong>quia</strong></span> <span class='ocrx_word' id='word_1_905' title='bbox 3550 5409 3666 5479; x_wconf 89' lang='lat' dir='ltr'><strong>ipse</strong></span> 
     </span>
    </p>
   </div>
   <div class='ocr_carea' id='block_1_105' title="bbox 414 5480 3669 5552">
    <p class='ocr_par' dir='ltr' id='par_1_105' title="bbox 414 5480 3669 5552">
     <span class='ocr_line' id='line_1_107' title="bbox 414 5480 3669 5552; baseline -0.002 -14"><span class='ocrx_word' id='word_1_906' title='bbox 414 5480 509 5552; x_wconf 50' lang='lat' dir='ltr'><strong>&#39;j?’</strong></span> <span class='ocrx_word' id='word_1_907' title='bbox 563 5480 886 5547; x_wconf 52' lang='lat' dir='ltr'><strong>Carent&#39;ea,</strong></span> <span class='ocrx_word' id='word_1_908' title='bbox 926 5496 1032 5537; x_wconf 90' lang='lat' dir='ltr'><strong>non</strong></span> <span class='ocrx_word' id='word_1_909' title='bbox 1078 5496 1238 5552; x_wconf 87' lang='lat' dir='ltr'><strong>quam</strong></span> <span class='ocrx_word' id='word_1_910' title='bbox 1292 5480 1416 5552; x_wconf 84' lang='lat' dir='ltr'><strong>ipsi,</strong></span> <span class='ocrx_word' id='word_1_911' title='bbox 1449 5481 1542 5534; x_wconf 89' lang='lat' dir='ltr'><strong>sed</strong></span> <span class='ocrx_word' id='word_1_912' title='bbox 1570 5480 1730 5551; x_wconf 84' lang='lat' dir='ltr'><strong>quam</strong></span> <span class='ocrx_word' id='word_1_913' title='bbox 1781 5483 1921 5538; x_wconf 87' lang='lat' dir='ltr'><strong>alius</strong></span> <span class='ocrx_word' id='word_1_914' title='bbox 1945 5500 2068 5538; x_wconf 89' lang='lat' dir='ltr'><strong>mss.</strong></span> <span class='ocrx_word' id='word_1_915' title='bbox 2092 5480 2300 5548; x_wconf 83' lang='lat' dir='ltr'><strong>carent,</strong></span> <span class='ocrx_word' id='word_1_916' title='bbox 2351 5480 2454 5536; x_wconf 88' lang='lat' dir='ltr'><strong>non</strong></span> <span class='ocrx_word' id='word_1_917' title='bbox 2490 5483 2745 5551; x_wconf 87' lang='lat' dir='ltr'><strong>quoniam</strong></span> <span class='ocrx_word' id='word_1_918' title='bbox 2776 5480 2873 5552; x_wconf 84' lang='lat' dir='ltr'><strong>ipsi</strong></span> <span class='ocrx_word' id='word_1_919' title='bbox 2921 5483 3016 5538; x_wconf 90' lang='lat' dir='ltr'><strong>sed</strong></span> <span class='ocrx_word' id='word_1_920' title='bbox 3063 5483 3319 5552; x_wconf 87' lang='lat' dir='ltr'><strong>quoniam</strong></span> <span class='ocrx_word' id='word_1_921' title='bbox 3367 5481 3504 5534; x_wconf 84' lang='lat' dir='ltr'><strong>alius</strong></span> <span class='ocrx_word' id='word_1_922' title='bbox 3567 5495 3669 5532; x_wconf 91' lang='lat' dir='ltr'><strong>ms.</strong></span> 
     </span>
    </p>
   </div>
   <div class='ocr_carea' id='block_1_106' title="bbox 413 5548 3672 5625">
    <p class='ocr_par' dir='ltr' id='par_1_106' title="bbox 413 5548 3672 5625">
     <span class='ocr_line' id='line_1_108' title="bbox 413 5548 3672 5625; baseline -0.001 -21"><span class='ocrx_word' id='word_1_923' title='bbox 413 5548 604 5606; x_wconf 87' lang='lat' dir='ltr'><strong>Cister.</strong></span> <span class='ocrx_word' id='word_1_924' title='bbox 628 5563 844 5625; x_wconf 67' lang='lat' dir='ltr'><strong>carent,</strong></span> <span class='ocrx_word' id='word_1_925' title='bbox 871 5567 982 5625; x_wconf 86' lang='lat' dir='ltr'><strong>non</strong></span> <span class='ocrx_word' id='word_1_926' title='bbox 1013 5548 1174 5625; x_wconf 68' lang='lat' dir='ltr'><strong>quam</strong></span> <span class='ocrx_word' id='word_1_927' title='bbox 1209 5548 1337 5625; x_wconf 85' lang='lat' dir='ltr'><strong>ips_i._</strong></span> <span class='ocrx_word' id='word_1_928' title='bbox 1355 5553 1446 5604; x_wconf 91' lang='lat' dir='ltr'><strong>sed</strong></span> <span class='ocrx_word' id='word_1_929' title='bbox 1475 5548 1680 5625; x_wconf 55' lang='lat' dir='ltr'><strong>quain&quot;</strong></span> <span class='ocrx_word' id='word_1_930' title='bbox 1734 5553 1882 5625; x_wconf 89' lang='lat' dir='ltr'><strong>_alius</strong></span> <span class='ocrx_word' id='word_1_931' title='bbox 1956 5553 2052 5586; x_wconf 73' lang='lat'><strong>”“</strong></span> <span class='ocrx_word' id='word_1_932' title='bbox 2078 5554 2277 5625; x_wconf 80' lang='lat' dir='ltr'><strong>Aperte</strong></span> <span class='ocrx_word' id='word_1_933' title='bbox 2307 5548 2639 5625; x_wconf 72' lang='lat' dir='ltr'><strong>monstratur</strong></span> <span class='ocrx_word' id='word_1_934' title='bbox 2664 5548 2805 5625; x_wconf 34' lang='lat' dir='ltr'><strong>mss;</strong></span> <span class='ocrx_word' id='word_1_935' title='bbox 2826 5562 2892 5625; x_wconf 90' lang='lat' dir='ltr'><strong>et_</strong></span> <span class='ocrx_word' id='word_1_936' title='bbox 2938 5548 3259 5625; x_wconf 22' lang='lat' dir='ltr'><strong>edin-&#39;Goth.</strong></span> <span class='ocrx_word' id='word_1_937' title='bbox 3285 5561 3490 5625; x_wconf 33' lang='lat' dir='ltr'><strong>‘aperte</strong></span> <span class='ocrx_word' id='word_1_938' title='bbox 3516 5564 3672 5604; x_wconf 92' lang='lat' dir='ltr'><strong>mon-</strong></span> 
     </span>
    </p>
   </div>
   <div class='ocr_carea' id='block_1_107' title="bbox 415 5618 3671 5695">
    <p class='ocr_par' dir='ltr' id='par_1_107' title="bbox 415 5618 3671 5695">
     <span class='ocr_line' id='line_1_109' title="bbox 415 5618 3671 5695; baseline -0.001 -19"><span class='ocrx_word' id='word_1_939' title='bbox 415 5621 722 5695; x_wconf 45' lang='lat' dir='ltr'><strong>strat&#39;_.&quot;&quot;&#39;</strong></span> <span class='ocrx_word' id='word_1_940' title='bbox 749 5621 838 5695; x_wconf 68' lang='lat' dir='ltr'><strong>Est</strong></span> <span class='ocrx_word' id='word_1_941' title='bbox 863 5623 916 5676; x_wconf 88' lang='lat' dir='ltr'><strong>in</strong></span> <span class='ocrx_word' id='word_1_942' title='bbox 939 5618 1063 5695; x_wconf 80' lang='lat' dir='ltr'><strong>mss.</strong></span> <span class='ocrx_word' id='word_1_943' title='bbox 1108 5618 1242 5695; x_wconf 70' lang='lat' dir='ltr'><strong>Vict.</strong></span> <span class='ocrx_word' id='word_1_944' title='bbox 1276 5618 1410 5674; x_wconf 82' lang='lat' dir='ltr'><strong>Thu.</strong></span> <span class='ocrx_word' id='word_1_945' title='bbox 1445 5630 1494 5676; x_wconf 88' lang='lat' dir='ltr'><strong>et</strong></span> <span class='ocrx_word' id='word_1_946' title='bbox 1541 5624 1668 5678; x_wconf 83' lang='lat' dir='ltr'><strong>edit.</strong></span> <span class='ocrx_word' id='word_1_947' title='bbox 1721 5621 1876 5677; x_wconf 80' lang='lat' dir='ltr'><strong>Coth.</strong></span> <span class='ocrx_word' id='word_1_948' title='bbox 1909 5635 2062 5695; x_wconf 81' lang='lat' dir='ltr'><strong>caput</strong></span> <span class='ocrx_word' id='word_1_949' title='bbox 2093 5618 2295 5695; x_wconf 75' lang='lat' dir='ltr'><strong>27_sub</strong></span> <span class='ocrx_word' id='word_1_950' title='bbox 2321 5622 2622 5678; x_wconf 82' lang='lat' dir='ltr'><strong>Itoctitulo:</strong></span> <span class='ocrx_word' id='word_1_951' title='bbox 2654 5621 2808 5689; x_wconf 87' lang='lat' dir='ltr'><strong>Quod</strong></span> <span class='ocrx_word' id='word_1_952' title='bbox 2849 5622 2895 5680; x_wconf 82' lang='lat' dir='ltr'><strong>si</strong></span> <span class='ocrx_word' id='word_1_953' title='bbox 2945 5622 3206 5695; x_wconf 80' lang='lat' dir='ltr'><strong>originale</strong></span> <span class='ocrx_word' id='word_1_954' title='bbox 3252 5618 3566 5693; x_wconf 72' lang='lat' dir='ltr'><strong>peccatum;</strong></span> <span class='ocrx_word' id='word_1_955' title='bbox 3617 5627 3671 5674; x_wconf 87' lang='lat' dir='ltr'><strong>et</strong></span> 
     </span>
    </p>
   </div>
   <div class='ocr_carea' id='block_1_108' title="bbox 412 5689 2198 5762">
    <p class='ocr_par' dir='ltr' id='par_1_108' title="bbox 412 5689 2198 5762">
     <span class='ocr_line' id='line_1_110' title="bbox 412 5689 2198 5762; baseline 0.007 -19"><span class='ocrx_word' id='word_1_956' title='bbox 412 5690 559 5754; x_wconf 74' lang='lat' dir='ltr'><strong>quod</strong></span> <span class='ocrx_word' id='word_1_957' title='bbox 583 5691 638 5744; x_wconf 93' lang='lat' dir='ltr'><strong>in</strong></span> <span class='ocrx_word' id='word_1_958' title='bbox 660 5691 908 5746; x_wconf 85' lang='lat' dir='ltr'><strong>omnibus</strong></span> <span class='ocrx_word' id='word_1_959' title='bbox 925 5691 993 5746; x_wconf 90' lang='lat' dir='ltr'><strong>sit</strong></span> <span class='ocrx_word' id='word_1_960' title='bbox 1016 5692 1218 5762; x_wconf 86' lang='lat' dir='ltr'><strong>aequale</strong></span> <span class='ocrx_word' id='word_1_961' title='bbox 1971 5689 1982 5695; x_wconf 62' lang='grc'>⁷</span> <span class='ocrx_word' id='word_1_962' title='bbox 2181 5689 2198 5698; x_wconf 75' lang='grc'><strong>’</strong></span> 
     </span>
    </p>
   </div>
  </div>
