3940 6046
271 313 376 368 4ϋὸ

1197 315 1328 371 LIB.
1375 313 1462 370 DE
1499 313 1869 372 CONCEPTU
1917 315 2284 383 VIRGINALI,
2326 317 2473 374 ETC.
3395 321 3496 375 466

275 445 384 486 non
403 428 546 504 valet
572 429 676 504 hoc
703 444 944 504 zeugma,
971 429 1024 485 id
1061 439 1140 484 est
1173 432 1446 504 repetitio,
1473 446 1504 504 a_
1540 427 1831 504 superiori;
1863 428 1908 483 Α
1935 430 2174 504 monium
2206 413 2746 504 introductammltis
2779 447 2830 485 Ill
2850 431 2998 504 locis
3037 431 3400 504 cognovimus.
3431 433 3500 487 At

275 515 378 556 nec
403 499 890 570 ipseAugustinus
933 515 1052 554 eam
1077 500 1451 570 repetitionem
1483 499 1626 554 fecit)
1661 500 1835 570 Quare

277 585 382 624 non
432 569 676 638 cogimur
721 571 1032 624 consentire
1077 569 1196 624 eain
1237 569 1578 636 facientibus,
1617 571 1710 624 sed
1759 569 1836 623 sic

275 639 508 693 dicimus
539 657 551 691 :
581 638 866 707 cujuslibet
911 639 1148 694 hominis
1189 639 1390 693 malitia
1433 649 1518 694 est
1555 639 1834 702 naturalis,

275 778 552 847 ledictum,
589 778 712 843 quia
758 779 808 831 in
839 794 903 834 eo
943 793 1046 832 non
1081 787 1162 832 est
1191 787 1487 847 peccatum.
1521 778 1615 832 Vel
1647 793 1835 846 possu-

275 863 398 901 mus
424 845 702 916 figurative
731 849 912 902 dicere
939 851 1110 916 ipsum
1135 845 1314 902 semen
1359 845 1698 903 maledictum
1719 862 1838 901 esse

275 932 376 986 pro
401 918 660 986 eotquod
689 932 754 972 ex
784 932 848 970 eo
875 929 1032 970 erunt
1058 919 1146 986 qui
1181 917 1446 971 maledicti
1475 927 1660 979 erunt;
1683 917 1836 986 juxta

275 985 404 1040 illud
435 1002 450 1040 :
481 984 759 1039 Maledicta
781 997 919 1040 terra
951 987 1002 1039 in
1035 984 1272 1054 operibus
1301 987 1403 1040 tuis
1431 985 1583 1056 (Gen.
1619 984 1698 1050 m,
1725 985 1835 1056 l7),

277 1056 331 1109 id
361 1065 442 1110 est
471 1068 634 1123 Opera
676 1065 762 1109 tua
791 1057 842 1109 in
872 1064 1034 1110 terra.
1063 1056 1176 1110 Non
1215 1057 1358 1109 enim
1391 1065 1531 1108 terra
1557 1056 1836 1109 maledicta

273 1133 380 1188 est,
410 1140 531 1180 cum
557 1125 668 1193 ipsa
701 1123 828 1179 alibi
855 1127 1065 1178 dicatur
1091 1133 1296 1186 sancta,
1343 1124 1470 1179 licet
1494 1141 1610 1179 eam
1651 1139 1837 1192 pecca-

277 1202 422 1248 tores
447 1203 771 1263 operentur;
817 1207 892 1258 ut,
935 1195 1077 1248 locus
1115 1196 1168 1247 in
1189 1211 1289 1262 quo
1332 1205 1438 1248 stas
1481 1205 1618 1246 terra
1657 1205 1837 1248 sancta

273 1263 567 1334 est(l€a:od.
617 1265 810 1334 111,75),
851 1265 1085 1333 alioquin
1120 1267 1316 1334 eadem
1357 1272 1411 1316 et
1455 1263 1756 1334 maledicta.
1784 1271 1838 1334 et

274 1331 462 1388 saneta
492 1342 657 1388 esset.
691 1331 781 1388 Sic
805 1331 991 1388 semen'
1020 1333 1376 1394 maledictum,
1405 1334 1527 1401 quia
1565 1331 1834 1388 maledicti

272 1403 364 1472 qui
396 1418 462 1458 ex
490 1404 712 1460 semine.
740 1401 898 1460 Juxta
927 1419 1086 1470 quem
1111 1403 1325 1458 modum
1347 1402 1632 1457 Anselmus
1655 1412 1837 1458 noster

270 1474 477 1542 Optime
521 1483 578 1528 et
609 1488 736 1528 vere
765 1473 985 1542 exponit
1041 1473 1182 1527 illam
1225 1475 1598 1528 auctoritatem
1637 1472 1736 1526 Job
1772 1478 1838 1526 de

273 1543 554 1598 immundo
582 1543 809 1610 semine,
847 1545 986 1612 quod
1018 1551 1194 1598 tamen
1220 1543 1272 1596 in
1305 1557 1362 1597 se
1399 1557 1572 1610 neque
1603 1543 1835 1596 immun-

269 1613 398 1667 dum
427 1621 528 1676 est,
565 1627 738 1682 neque
790 1613 1152 1668 maledictum.
1183 1612 1316 1676 lmo,
1349 1614 1615 1681 inquiunt.
1652 1613 1716 1666 de
1747 1625 1836 1666 se-

269 1683 438 1748 mine,
465 1681 604 1751 quod
637 1681 722 1740 est
752 1683 972 1738 materia
1007 1683 1187 1736 carnis
1221 1682 1486 1746 humanae,
1517 1682 1725 1736 videtur
1755 1683 1838 1734 di-

1939 500 2092 572 nobis
2119 509 2422 572 promptum
2449 511 2539 572 est
2557 501 2862 572 Hieronymi
2899 503 3066 556 nostri
3095 500 3417 558 sanctissimi
3445 511 3500 555 et

1938 569 2230 624 doctissimi
2273 571 2637 630 testimoaium
2669 569 2810 625 ferre
2841 572 2892 624 in
2921 573 3248 626 contrarimn
3274 573 3500 626 dicentis

1887 689 1900 708 ,
1937 636 1992 691 in
2021 653 2268 692 sermone
2298 640 2364 694 de
2390 641 2768 708 Assumptione
2793 638 3030 707 ejusdem
3057 643 3295 695 Dominze
3320 651 3373 694 et
3398 641 3500 694 lte-

275 719 332 763 et
361 709 474 776 ipse
500 716 588 763 est
619 723 802 762 semen
833 709 1202 774 maledictum;
1236 724 1339 762 non
1369 707 1484 776 ejus
1511 723 1693 763 semen
1723 723 1836 761 ma-
1881 707 1897 732 ⁵

1937 708 2074 776 gina:
2093 717 2291 780 nostrar-
2321 726 2334 761 :
2363 709 2544 780 Beata,
2571 709 2764 780 inquit,
2791 720 2846 780 et
2869 711 3100 780 gloriosa
3131 710 3287 780 Virgo
3310 710 3495 772 Maria,

1937 777 2182 848 quamvis
2229 779 2354 831 dum
2397 777 2832 847 incomparabilis
2874 777 3022 834 esset
3073 777 3338 834 universis
3381 795 3498 848 qua:

1937 847 2037 900 sub
2068 847 2212 918 ocoelo
2250 855 2394 918 sunt,
2439 849 2750 918 virginibus,
2783 857 2841 902 ut
2871 849 3125 904 decenter
3149 859 3328 916 posset
3359 847 3408 902 in
3439 863 3499 902 se

1936 917 2208 984 suscipere
2259 917 2560 972 Divinitatis
2609 918 3013 984 admistionem,
3073 919 3218 974 salva
3273 929 3502 986 utraque

1937 994 2192 1058 natura,_
2219 995 2394 1058 trameu
2446 1002 2566 1040 cuin
2609 989 2779 1058 gratia
2813 988 3076 1058 repletur,
3125 1003 3248 1058 cum
3297 988 3500 1058 Spiritu

1938 1063 2127 1125 sancto
2152 1055 2510 1122 perfunditur,
2537 1055 2657 1110 cum
2682 1055 3100 1125 Spiritu—sancto
3125 1055 3495 1124 obumbratur,

1938 1122 1999 1196 ﬁt
2027 1125 2316 1196 pretiosior
2347 1125 2574 1188 meritis,
2603 1122 2762 1196 celsis
2792 1127 3070 1180 sublimior
3107 1127 3354 1196 fastigiis,
3385 1122 3499 1196 pulé

1938 1193 2120 1266 chrior
2149 1195 2452 1266 sanctitate,
2483 1195 2764 1266 gloriosior
2789 1211 3007 1266 suorum
3041 1193 3325 1252 meritis'et
3362 1193 3500 1264 prie-

1937 1263 2195 1335 rogalivis
2253 1263 2586 1335 meritorum,
2633 1265 2707 1320 ita
2758 1275 2817 1319 ut
2845 1265 3020 1335 nullis
3062 1267 3172 1335 jam
3209 1263 3394 1320 usibus
3432 1268 3500 1321 sit

1939 1331 2265 1404 ipsa_eadcm
2297 1334 2667 1401 mancipanda,
2698 1336 2799 1389 nisi
2824 1334 3038 1390 divinis.
3062 1331 3216 1404 Rogo
3239 1344 3310 1402 te,
3341 1335 3502 1390 Joan-

1937 1415 2034 1454 nes
2061 1401 2410 1474 Damascene,
2441 1403 2524 1458 vel
2554 1406 2856 1474 quicunque
2890 1419 2952 1460 se
2987 1407 3042 1458 in
3087 1401 3176 1474 tali
3209 1401 3498 1467 sententia,

1931 1470 2077 1538 quod
2101 1481 2254 1539 putes
2287 1470 2405 1542 [al.,
2438 1475 2490 1528 in
2519 1470 2784 1546 sententia
2827 1475 2914 1544 qui
2947 1473 3133 1546 putas],
3153 1475 3363 1546 beatam
3406 1477 3501 1530 Dei

1937 1551 2164 1612 matrem
2196 1551 2328 1612 Apost
2379 1543 2838 1598 annuntiationem
2887 1545 3060 1598 sancti
3107 1543 3320 1612 Angeli,
3373 1554 3502 1599 tunc

1935 1610 2166 1678 primum
2192 1610 2244 1664 in
2267 1614 2680 1682 superventione
2703 1613 2933 1682 Spiritus
2956 1613 3127 1668 sancti
3149 1610 3394 1669 amisisse
3417 1614 3498 1668 vel

1937 1689 2236 1753 peccatum,
2277 1681 2358 1753 vel
2401 1681 2640 1736 fomitem
2679 1681 2905 1752 peccati.
2955 1683 3126 1753 Rogo,
3171 1683 3410 1752 inquam,
3450 1691 3502 1738 te

267 1767 396 1806 cere
413 1749 760 1829 Augustinus,
787 1754 912 1829 dum
940 1753 1020 1807 sic
1047 1752 1271 1829 incipit;
1305 1751 1442 1829 Nam
1477 1754 1531 1829 _si
1561 1767 1730 1829 senieu
1757 1753 1834 1829 ip-
1865 1756 1910 1816 Β
1937 1763 2034 1829 per
2059 1749 2302 1829 eamdem
2333 1751 2544 1829 beatam
2585 1749 2834 1829 anréaw,
2865 1749 3084 1829 desiste,
3123 1749 3499 1829 nolitemulari

265 1821 614 1902 sumaullum
629 1820 787 1902 liabet
809 1823 986 1902 vitium
1010 1836 1027 1874 :
1053 1822 1118 1877 ad
1147 1822 1271 1902 quid
1291 1823 1442 1902 enim
1471 1822 1835 1902 fieretrclatio

269 1891 581 1962 pet-ipsum.
629 1889 908 1962 Nonenim
932 1889 1202 1962 prmtessit
1227 1891 1343 1962 [ul.,
1375 1893 1636 1962 processit
1659 1905 1840 1945 sermo

269 1959 360 2031 de]
397 1959 576 2016 Sermo
599 1961 700 2014 nisi
726 1961 790 2016 de
817 1959 1055 2017 semine?
1081 1962 1184 2016 Sed
1216 1959 1353 2029 saepe
1380 1961 1434 2014 ﬁt
1463 1977 1556 2030 per
1585 1963 1684 2015 hoc
1715 1975 1836 2029 pro-

271 2046 466 2084 nomen
497 2047 599 2085 non
627 2031 834 2094 relatio,
865 2033 956 2087 sed
984 2032 1326 2100 proprietatis
1353 2031 1595 2100 qua-adem
1621 2045 1839 2099 expres-

269 2101 352 2154 sio
381 2101 497 2170 ejus
525 2102 622 2167 rei,
653 2116 771 2170 quae
807 2103 858 2157 in
883 2117 1042 2154 causa
1073 2101 1196 2156 dicti
1230 2101 1346 2154 est?
1385 2109 1441 2153 ut
1471 2101 1634 2154 etiam
1657 2100 1833 2154 Palla-

269 2171 389 2224 dius
416 2171 479 2224 de
504 2171 852 2226 rusticatione
874 2170 1058 2240 incipit
1087 2187 1100 2224 :
1131 2171 1260 2224 Pars
1286 2171 1456 2239 prima
1493 2179 1574 2224 est
1599 2171 1837 2239 pruden-

271 2243 386 2310 tiai,
405 2239 594 2310 ipsam,
617 2242 700 2296 cui
729 2239 1092 2310 prtecepturus
1113 2251 1214 2304 est,
1235 2241 1502 2310 aestimare
1527 2254 1832 2309 personam.

269 2307 438 2380 Nulla
467 2311 632 2380 igitur
667 2307 762 2379 per
794 2307 960 2379 ipsam
1009 2310 1066 2364 ﬁt
1094 2310 1305 2380 relatio,
1354 2309 1467 2380 sed,
1491 2307 1835 2380 proprietatis

269 2377 390 2445 ejus
414 2377 532 2448 qua:
561 2381 614 2433 in
641 2377 870 2450 persona
893 2389 976 2434 cst
1002 2379 1305 2450 expressio;
1342 2394 1404 2434 ac
1427 2379 1469 2433 si
1492 2377 1640 2450 dicat
1665 2381 1833 2448 ipsam

270 2463 577 2514 personam,
613 2449 666 2502 id
696 2459 780 2506 est
796 2449 1082 2512 virtutem,
1101 2450 1182 2504 vel
1205 2449 1510 2515 scientiam,
1545 2449 1626 2503 vel
1656 2450 1834 2518 digni-

271 2526 468 2590 tatem,
485 2518 568 2572 vel
595 2527 787 2590 artem,
821 2521 903 2574 vel
931 2519 1314 2590 professionem
1338 2535 1600 2588 personae,
1625 2519 1710 2574 vel
1732 2519 1836 2574 tale
1870 2529 1884 2544 '

267 2587 400 2659 quid
425 2589 556 2658 ejus.
586 2588 674 2644 Sic
695 2599 749 2642 et
769 2590 857 2644 hic
880 2587 1161 2659 accipitur,
1183 2587 1371 2659 ipsum,
1399 2605 1518 2643 cum
1542 2591 1606 2644 de
1629 2591 1836 2645 semine

271 2656 466 2728 agitur,
495 2659 811 2727 quasidicat
841 2677 855 2712 :
887 2656 1059 2728 Ipsum
1084 2656 1286 2720 semen,
1317 2659 1368 2714 id
1397 2667 1481 2714 est
1511 2659 1648 2714 ratio
1676 2660 1837 2714 semi-

273 2727 360 2782 nis
389 2741 450 2781 ea
481 2736 562 2782 est
585 2737 642 2783 ut
669 2745 776 2782 non
813 2727 928 2784 sine
955 2729 1084 2784 vitio
1113 2731 1202 2784 sit.
1235 2728 1367 2783 Nam
1411 2729 1454 2782 si
1484 2744 1588 2783 non
1616 2730 1667 2783 in
1709 2730 1836 2785 vitio

268 2807 378 2858 est,
403 2798 446 2852 si
479 2797 680 2852 nullum
715 2801 876 2853 habet
907 2800 1116 2864 vitium,
1145 2799 1272 2868 quid
1297 2809 1380 2853 est
1409 2799 1548 2866 quod
1576 2801 1835 2868 scriptum

269 2867 518 2940 estietc.
539 2868 744 2940 Adhuc
773 2869 891 2940 [al.,
920 2869 1000 2940 Ad
1041 2867 1175 2940 hoc]
1203 2869 1587 2940 respondemus
1619 2887 1631 2922 :
1673 2867 1838 2935 Quid-

270 2937 400 3005 quid
427 2937 498 2991 sit
521 2937 585 2991 de
610 2937 892 3005 relatione,
924 2939 1007 2992 vel
1033 2939 1098 2992 de
1123 2937 1467 3008 proprietatis
1486 2941 1837 3008 expressione

271 3022 368 3078 per
381 3008 480 3060 hoc
503 3023 816 3080 pronomen,
839 3011 1028 3078 ipsum,
1055 3009 1102 3062 in
1126 3011 1327 3064 semine
1351 3009 1548 3062 nullum
1575 3025 1693 3080 esse
1716 3025 1837 3080 pec-

270 3087 454 3148 catum
483 3077 670 3148 probat
693 3077 1039 3146 Augustinus,
1073 3080 1230 3132 aliam
1260 3080 1603 3148 quaestionem
1637 3077 1836 3134 faciens
1865 3091 1905 3148 ρ

273 3147 492 3200 Hieron.
521 3147 586 3200 de
611 3148 819 3214 origine
845 3154 1035 3217 anima;
1056 3149 1252 3203 dicenti
1278 3147 1415 3218 quod
1438 3149 1673 3217 quotidie
1696 3150 1836 3204 Deus

270 3224 426 3288 creat
454 3231 622 3288 novas
649 3218 875 3272 animas.
901 3218 1052 3284 Quod
1073 3219 1400 3287 Augustinus
1425 3220 1710 3288 recipiens,
1737 3234 1838 3274 nec

273 3285 616 3358 improb:_ins,
634 3303 877 3355 quierens
902 3297 1076 3342 autem
1099 3285 1222 3356 quid
1249 3285 1836 3358 l-lieronyn'iitsrespon-

271 3357 398 3428 deat
427 3354 672 3428 objectis,
706 3359 1050 3428 quaistionem
1087 3354 1242 3412 talem
1276 3359 1402 3413 iacit
1431 3354 1478 3412 ci
1518 3359 1568 3411 in
1608 3354 1835 3428 epistola

269 3425 340 3477 de
370 3425 578 3494 origine
622 3425 832 3480 animm.
881 3426 936 3482 Si
968 3429 1141 3481 anima
1177 3429 1330 3494 hujus
1371 3428 1612 3482 infantuli
1643 3425 1834 3485 recens

273 3495 384 3567 uati
415 3493 737 3551 infundendo
757 3507 937 3551 creata
960 3508 1062 3562 est,
1078 3507 1132 3550 et
1152 3493 1385 3552 creando
1408 3499 1600 3566 infusa,
1624 3500 1836 3567 quando

271 3564 358 3616 vel
395 3568 662 3633 quomodo
700 3569 939 3636 peccavit
986 3569 1038 3622 in
1071 3569 1274 3622 Adam?
1301 3567 1424 3622 liceo
1450 3564 1674 3636 qumStio
1701 3585 1838 3623 nun-

273 3649 435 3707 quam
467 3647 646 3707 posset
680 3651 798 3690 esse
825 3637 989 3702 illius,
1022 3637 1110 3706 qui
1139 3639 1342 3692 diceret
1379 3639 1432 3692 in
1463 3639 1689 3700 semine,
1730 3654 1836 3707 quo

272 3704 800 3778 eopcipi_tur_homo,
844 3721 960 3761 esse
990 3704 1266 3778 peccatum
1307 3707 1585 3778 originale.
1629 3704 1837 3762 Dice-ret

271 3773 422 3848 enim
447 3774 502 3848 ei
535 3791 548 3826 :
579 3775 717 3848 Quid
750 3778 943 3848 quaeris
973 3773 1075 3832 hoc
1115 3774 1233 3846 [al.,
1265 3773 1579 3848 hic],"quod
1625 3787 1678 3832 tu
1723 3779 1836 3847 ipse

273 3842 642 3914 indubitanter
667 3842 872 3911 fateris,
917 3848 974 3898 in.
999 3842 1203 3902 semine
1239 3842 1516 3914 peccaturi)
1544 3857 1598 3900 et
1627 3842 1834 3913 vitium,

271 3913 417 3986 quod
445 3913 708 3981 trajicitur
728 3915 793 3969 de
823 3917 994 3986 primo
1019 3913 1308 3972 hominein
1345 3931 1534 3970 omnes
1559 3919 1836 3986 posteros?

275 3983 476 4056 frustra
501 3989 698 4051 quzeris
721 3983 988 4053 quomodo
1018 3987 1276 4056 peccavit,
1305 3987 1394 4056 qui
1418 3983 1751 4041 semiholiler
1771 3990 1837 4042 de

273 4053 448 4127 Aditur
476 4056 739 4127 processit
774 4073 784 4108 :
822 4053 1218 4111 semen—autem
1249 4053 1459 4127 cuipam
1504 4072 1686 4110 secum
1724 4066 1834 4111 tra-

276 4123 375 4208 hit.
408 4121 541 4187 Hoc,
575 4125 814 4208 inquam,
845 4127 1118 4208 diceretur.
1139 4127 1209 4180 ei.
1232 4121 1428 4192 Qua—re,
1451 4127 1494 4180 si
1525 4127 1636 4182 haec
1657 4127 1837 4208 Augu-

273 4191 458 4267 stinus
474 4191 718 4267 sentiret,
745 4210 1018 4267 nunquam
1059 4191 1421 4267 Hieronymus
1438 4211 1556 4249 eam
1579 4191 1836 4266 qtttcstio-

276 4275 400 4315 nem
433 4259 661 4328 faceret;
696 4266 820 4320 huic
848 4259 1024 4319 autem
1061 4259 1342 4334 quaestioni
1376 4267 1507 4320 nihil
1538 4259 1619 4322 esi
1650 4283 1679 4318 a
1709 4267 1837 4322 llic-

277 4346 394 4406 r_on.
429 4346 776 4406 responsum;
820 4350 1078 4406 neceam
1125 4337 1240 4404 ipse
1269 4337 1494 4406 August.
1535 4337 1712 4402 solvit,
1745 4337 1836 4405 qui

274 4469 356 4522 lit.
390 4469 616 4546 Videant
649 4473 765 4544 [al.,
797 4474 939 4546 _Vide
975 4473 1174 4546 autem]
1209 4476 1445 4530 moderni
1485 4469 1840 4544 praeceptores

273 4541 551 4614 quomodo,
573 4541 704 4614 eam
733 4544 959 4598 solvant.
992 4545 1045 4597 In
1077 4541 1278 4598 tantum
1319 4560 1414 4614 per
1453 4541 1625 4613 ipsum
1656 4541 1837 4614 Augu-

274 4610 476 4664 stinum
506 4613 852 4681 obtinuimus,
891 4615 943 4667 in
973 4616 1292 4668 auctoritate
1319 4610 1444 4682 'ejus
1475 4610 1836 4683 supraposi'ta,

273 4693 380 4753 non
423 4695 548 4753 eum
590 4683 914 4753 intellexisse
939 4685 1024 4753 de
1059 4683 1284 4747 semine,
1315 4686 1454 4753 quod
1499 4699 1709 4752 sperma
1736 4694 1838 4750 est,

276 4749 378 4800 huc
409 4751 552 4823 quod
573 4749 706 4823 dixit
732 4753 783 4823 in
815 4752 1022 4823 semine
1048 4768 1166 4808 esse
1189 4749 1398 4807 vitium.
1441 4749 1578 4807 Raia
1603 4763 1684 4808 cst
1711 4749 1840 4823 ergo

275 4822 546 4894 sententia
571 4821 728 4894 108
757 4822 1028 4894 Ambrosii
1058 4831 1112 4876 et
1143 4825 1308 4894 nostri
1335 4824 1590 4894 Ansclmi,
1624 4821 1840 4892 gener—a-

273 4887 507 4963 literque
536 4887 657 4958 [τίῗᾷ
685 4887 1010 4963 generaliter
1039 4891 1186 4963 quae]
1205 4893 1542 4962 intelligenda
1573 4887 1656 4947 esi
1697 4895 1840 4962 quod

277 4958 362 5031 in“
387 4973 443 5011 re
495 4961 732 5014 sensibili
783 4977 882 5015 nec
911 4958 1082 5030 gratia
1112 4958 1201 5024 sii,
1235 4978 1334 5016 nec
1376 4958 1548 5031 Eulpa.
1590 4958 1840 5018 Attaineu

275 5027 454 5098 adhuc
483 5038 759 5098 opponunt
794 5031 860 5084 de
894 5027 1212 5086 auctoritate
1245 5027 1478 5086 Joannis
1500 5033 1836 5096 Damasceni,

274 5097 367 5170 qui
422 5097 551 5170 dicit
613 5101 783 5170 quod
803 5110 922 5168 post
973 5109 1287 5170 conceptum
1346 5103 1460 5156 sive
1515 5117 1839 5156 consensum

275 5165 449 5220 beata:
483 5165 716 5238 Virginis
753 5165 986 5237 Spiritus
1017 5165 1233 5224 sane-tus
1261 5173 1639 5239 superveniens
1681 5186 1842 5225 omne

273 5241 654 5314 peccatumin
669 5253 730 5292 ea
761 5252 1082 5314 purgaverit,
1117 5251 1170 5294 et
1199 5256 1412 5314 omnem
1445 5241 1683 5314 fon‘ntetn
1713 5257 1841 5309 pec-

275 5305 408 5359 rati.
452 5305 518 5359 Et
567 5307 710 5372 inde,
758 5305 942 5372 credo,
983 5310 1169 5363 volunt
1201 5310 1398 5364 habere
1441 5305 1837 5375 auctoritaiem,

273 5376 420 5441 quod
446 5385 659 5444 Oportet
685 5377 1020 5450 aliquatenus
1041 5393 1224 5450 semen
1253 5379 1378 5433 illud
1405 5379 1682 5450 virginale,
1715 5380 1841 5434 licet

273 5459 384 5496 non
421 5455 566 5498 esset
607 5461 671 5499 ex
723 5447 823 5500 viri
868 5449 1261 5512 commistione,
1304 5447 1840 5504 tamen'mundatum

273 5525 447 5586 essea
475 5516 679 5586 peccati
709 5515 915 5578 fomite,
941 5517 1368 5586 Spiritusrsancti
1399 5521 1731 5583 Operationc.
1759 5519 1838 5572 Ad

278 5581 382 5636 hoc
431 5581 813 5651 respondemus
861 5581 996 5640 nihii
1036 5602 1134 5642 nos
1171 5585 1358 5640 Joanni
1406 5581 1738 5640 Damasccno
1787 5589 1840 5640 in

275 5651 472 5726 dictis_
497 5654 619 5726 suis
647 5653 1031 5726 pra-judicare,
1077 5665 1260 5726 utpote
1298 5659 1440 5724 quod
1475 5658 1590 5726 ejus
1639 5657 1838 5724 scripta

279 5719 422 5776 nulla
457 5719 771 5792 legerimus,
808 5725 909 5780 nisi
938 5719 1200 5795 quatenus
1234 5719 1332 5792 ea;
1352 5726 1418 5781 ab
1447 5719 1566 5781 aliis
1597 5727 1648 5780 in
1684 5719 1834 5782 testi-

1936 1819 1992 1872 in
2037 1819 2474 1888 malignantibus,
2521 1836 2674 1876 cessa
2715 1823 3138 1878 sincerissimum
3183 1838 3280 1878 vas
3323 1823 3504 1878 incru-

1936 1897 2102 1974 stare,
2132 1888 2278 1946 solve
2306 1890 2664 1946 calceamenta
2704 1894 2895 1974 pedum
2921 1901 3154 1974 tuortnn,
3183 1908 3302 1974 quae
3327 1893 3498 1974 impe-

1936 1958 2090 2031 diunt
2123 1973 2468 2031 progressum
2509 1971 2669 2016 rectae
2704 1958 3018 2016 intentionis
3057 1971 3176 2017 ture.
3202 1958 3498 2031 Siquidem

1937 2027 2108 2100 zelum
2137 2027 2247 2100 Dei‘
2270 2030 2439 2100 habes
2471 2031 2523 2084 in
2552 2032 2652 2086 hac
2676 2043 2848 2100 parte,
2879 2034 2972 2087 sed
3007 2032 3148 2086 forte
3175 2047 3280 2086 non
3303 2027 3498 2086 secun-

1937 2099 2061 2170 dum
2090 2098 2393 2170 scientiam.
2427 2098 2844 2155 Forsitadenim
2877 2111 3034 2170 putas
3070 2102 3122 2155 in
3161 2102 3261 2157 hoc
3289 2117 3497 2165 errore,

1937 2166 2048 2221 Deo
2088 2176 2138 2222 te
2165 2169 2478 2241 obsequium
2508 2170 2766 2224 exhibere
2810 2189 2822 2224 :
2873 2166 3016 2241 quod
3043 2172 3086 2226 si
3119 2171 3351 2226 nolueris
3383 2185 3502 2226 ces-

1938 2251 2076 2309 sare,
2107 2238 2240 2292 scito
2266 2240 2408 2308 quod
2437 2249 2580 2293 terra
2609 2241 2721 2294 haec
2755 2238 2915 2309 quam
2947 2241 3124 2295 calcas
3153 2241 3375 2295 devorat
3405 2241 3501 2309 ha-

1935 2306 2196 2362 bitatores
2221 2306 2368 2372 suos,
2403 2309 2662 2364 ultionem
2689 2306 2895 2364 faciens
2919 2311 2973 2364 in
2993 2325 3181 2365 omnes
3203 2310 3340 2366 ﬁlios
3368 2308 3500 2364 ditii-

1936 2377 2150 2431 dentire.
2211 2377 2404 2448 Adhuc
2452 2380 2574 2433 audi
2627 2379 2756 2448 quid
2807 2380 2953 2436 dicat
3005 2380 3130 2436 inde
3195 2388 3499 2436 nostrorum

1939 2454 2238 2524 terripouum
2269 2447 2706 2524 Spiritussancti
2743 2464 3002 2524 organum
3048 2449 3239 2506 beatus
3269 2450 3501 2505 Bernar-

1937 2515 2036 2570 dus
2056 2515 2233 2587 abbas
2263 2515 2690 2574 Ciarevallensis.
2743 2515 3222 2587 Spit-itus‘sanctus
3264 2535 3502 2587 superre-

1937 2587 2042 2660 uiet
2080 2586 2132 2660 i1:
2157 2596 2224 2650 te,
2258 2596 2306 2660 et
2343 2589 2506 2660 virtus
2531 2586 2792 2641 ditissimi
2816 2589 3140 2660 obumbrabit
3168 2590 3258 2642 tibi
3281 2586 3430 2660 (Luc.
3462 2605 3499 2650 ι,

1937 2655 2058 2736 55).¹
2088 2653 2348 2736 Superius
2391 2657 2532 2736 dicta
2569 2665 2654 2736 est
2689 2659 2862 2728 gratia
2894 2659 3066 2725 plena,
3111 2668 3166 2712 et
3197 2653 3338 2736 nunc
3366 2673 3500 2728 quo-

1938 2725 2332 2798 modo_dicitur
2381 2743 2396 2780 :
2436 2725 2662 2798 Spiritus
2679 2725 2916 2798 isanclus
2955 2729 3274 2798 superveniet
3310 2725 3453 2782 in'te
3483 2743 3502 2780 :

1937 2803 2042 2868 etc.
2079 2792 2328 2868 Nunquid
2367 2792 2540 2864 potuit
2581 2796 2773 2866 repleri
2814 2792 3028 2868 gratia,"
3053 2808 3108 2853 et
3149 2797 3374 2852 necdum
3411 2799 3505 2850 ha-

1937 2863 2371 2937 bere‘Spiritum'
2397 2863 2670 2937 sanctum,
2696 2863 2967 2937 cum'ipse
2994 2863 3073 2922 isit
3112 2867 3265 2922 dator
3304 2868 3504 2936 gratia-

1937 2934 2092 3006 rum?
2144 2937 2200 2989 Si
2247 2944 2424 2991 autem
2449 2937 2560 3006 jam
2603 2936 2834 3006 Spiritus
2873 2934 2989 2991 erat
3019 2939 3070 2991 in
3102 2953 3197 3000 ea,
3237 2934 3504 3006 quomodo

1938 3005 2152 3077 adhuc,
2176 3015 2427 3077 tanquam
2455 3005 2559 3061 non
2581 3005 2750 3071 venit,
2777 3017 3196 3077 superventurus
3222 3005 3504 3076 repromit-

1943 3075 2217 3146 titttriAu
2244 3075 2382 3146 forte
2411 3077 2529 3130 ideo
2552 3093 2657 3132 non
2687 3077 2818 3132 dicit
2844 3075 3172 3146 ’simpliciter
3205 3094 3217 3129 :
3257 3075 3425 3146 vertier
3451 3077 3504 3128 in

1939 3153 2004 3217 te,
2029 3145 2132 3198 "sed
2157 3145 2301 3200 addit
2325 3149 2640 3214 superveniet
2667 3161 2685 3198 :
2715 3147 2841 3217 quia
2879 3158 2930 3202 et
2961 3143 3113 3216 prius
3151 3146 3365 3214 quidem
3404 3143 3504 3217 fuit

1938 3216 1992 3267 in
2021 3229 2084 3268 ea
2109 3229 2206 3283 per
2235 3216 2456 3286 multam
2491 3215 2747 3284 gratiam,
2786 3217 2880 3273 sed
2907 3215 3253 3286 supervenire
3283 3215 3500 3268 nuntia-

1942 3293 2060 3349 tur,
2119 3295 2338 3357 propter
2395 3285 2800 3357 abundantioris
2853 3285 3037 3357 gratia:
3093 3286 3500 3357 plenitudinem,

1937 3353 2404 3425 quamfcll'usurus
2433 3365 2515 3410 est
2543 3371 2702 3425 super
2734 3353 2910 3410 illam?
2939 3357 3008 3411 At
3041 3353 3172 3410 vero-
3194 3371 3315 3410 cum
3347 3355 3502 3424 plena

1939 3426 2027 3496 sit,
2062 3424 2189 3496 illud
2223 3425 2449 3496 aniplius
2467 3424 2744 3496 quomodo
2767 3441 2956 3496 capere
2981 3427 3209 3496 poterit?
3235 3426 3289 3479 Si
3309 3433 3500 3496 autem

1938 3495 2138 3578 aliquid
2168 3492 2294 3578 [aLz
2315 3492 2628 3578 aliudjplus
2657 3492 3069 3578 caperelpotest,
3091 3495 3356 3578 quonide
3379 3504 3504 3575 ante

1939 3564 2064 3639 [al.,_
2091 3564 2490 3639 autem]_plena
2511 3564 2690 3622 tuisse
2719 3564 3064 3639 intelligenda
3093 3564 3208 3621 est?
3235 3565 3316 3618 An
3359 3565 3508 3635 prior

1938 3635 2152 3704 quidem
2185 3635 2357 3704 gratia
2385 3635 2504 3704 ejus
2535 3645 2742 3692 tantum
2773 3635 3072 3707 repleverat
3112 3645 3375 3700 mentem;
3416 3651 3504 3690 sc-

1937 3719 2109 3776 quens
2155 3720 2282 3776 vero
2310 3713 2382 3776 et
2407 3715 2648 3776 ventura,
2676 3707 2996 3775 perfundere
3037 3707 3210 3771 debet,
3243 3715 3506 3776 quatenus

1938 3773 2142 3845 scilicet
2177 3775 2452 3844 plenitudo
2479 3773 2804 3842 Divinilatis,
2836 3793 2953 3845 quae
2985 3785 3107 3831 ante
3137 3779 3190 3830 in
3229 3773 3335 3842 illa,
3367 3775 3505 3830 sicut

1938 3855 1993 3916 et
2021 3843 2072 3897 in
2106 3845 2650 3916 multis‘sanctorum,
2674 3843 3022 3916 spiritualiter
3049 3847 3286 3910 habitat;
3316 3845 3503 3910 etiam,

1938 3915 2078 3970 sicut
2111 3914 2166 3986 _in
2199 3914 2353 3986 nullo,
2381 3914 3095 3986 sanctorum,corporaliter
3120 3917 3176 3969 in
3209 3917 3322 3986 ipsa
3349 3915 3506 3986 habi-

1941 3993 2060 4055 tare,
2103 3983 2360 4055 incipiat?
2389 3985 2524 4051 Quid
2552 3994 2656 4048 est,
2685 3983 2855 4039 virtus
2887 3985 3142 4055 Altissimi
3183 3983 3504 4055 oliumbrubit

1939 4055 2028 4107 tibi
2045 4052 2190 4126 ἶριιί
2213 4052 2390 4123 potest
2420 4070 2632 4125 capere,
2665 4056 2842 4124 capiat
2871 4073 2882 4110 :
2909 4064 2963 4110 et
2991 4054 3129 4110 forte
3153 4063 3373 4126 propter
3402 4053 3505 4108 hoc

1937 4123 2172 4196 maxime
2209 4126 2412 4180 dictum
2440 4123 2530 4192 sit,
2560 4123 2883 4180 obumtirabit
2906 4126 2996 4180 tibi
3025 4143 3042 4182 :
3079 4123 3204 4196 quia
3234 4139 3320 4180 res
3348 4127 3506 4196 nimi-

1938 4208 2058 4249 rum
2083 4194 2136 4266 in
2161 4206 2664 4266 sacramentoerat,
2692 4205 2746 4251 et
2770 4197 2914 4266 quod
2934 4196 3044 4266 sola
3069 4194 3163 4265 per
3186 4211 3246 4252 se
3264 4195 3506 4266 r'l‘rinitas

1940 4266 1993 4319 in
2018 4263 2126 4338 sola
2161 4261 2277 4338 [μιν
2309 4265 2360 4319 in
2389 4265 2545 4338 solo],
2574 4275 2628 4320 et
2651 4261 2916 4338 cum-sola
2947 4261 3168 4338 Virgine
3191 4265 3358 4319 voluit
3379 4279 3508 4334 cpe-

1901 4367 1906 4372 -
1941 4334 2070 4402 rari,
2099 4335 2199 4388 soli
2225 4337 2407 4390 datum
2437 4334 2522 4391 esi
2550 4351 2726 4400 nosse,
2763 4337 2848 4390 cui
2887 4337 2984 4392 soli
3018 4334 3200 4391 datum
3235 4345 3318 4389 cst
3345 4349 3506 4402 expe-

273 4401 342 4480 rte
369 4401 576 4480 origine
602 4405 1032 4480 auiiua:__l_1ullain
1069 4401 1272 4480 certam
1299 4401 1622 4480 sententiam
1654 4401 1837 4474 protu-
1871 4425 1914 4480 Ι)

1941 4405 2057 4459 riri.
2084 4405 2208 4460 Haec
2237 4421 2334 4461 nos
2361 4408 2580 4475 quidem
2617 4406 2856 4462 breviter
2897 4407 3289 4460 introduximus
3317 4415 3504 4475 contra

1941 4476 2044 4546 hoc
2076 4475 2220 4546 quod
2247 4474 2524 4546 opponunt
2563 4476 2630 4531 de
2670 4475 2873 4530 Joanne
2915 4477 3244 4530 Damasceno
3289 4474 3374 4529 cui
3410 4489 3507 4546 nos

1941 4545 2068 4600 dare
2109 4543 2610 4616 determinationem
2657 4554 3140 4616 prmsumptuosum
3177 4551 3340 4616 esset,
3379 4543 3505 4616 quia

1941 4629 2047 4683 quo
2068 4628 2227 4668 sensu
2258 4614 2454 4669 dixerit
2489 4613 2700 4684 penitus
2731 4613 3058 4684 ignoramus.
3083 4615 3152 4668 At
3190 4615 3234 4668 si
3264 4615 3348 4666 ille
3379 4613 3504 4666 llie-

1941 4698 2168 4754 ronymo
2191 4685 2479 4754 etnostris
2509 4687 2782 4739 contraria
2825 4687 2913 4740 hic
2951 4685 3113 4750 dixit;
3151 4685 3278 4738 libet
3315 4685 3366 4736 in
3405 4686 3507 4738 hoc

1941 4753 2127 4824 eodem
2161 4753 2338 4824 potius
2377 4755 2653 4808 adharrere
2695 4770 2798 4807 non
2844 4757 2915 4822 ei,
2965 4757 3062 4810 sed
3097 4754 3422 4824 Hieronymo
3451 4767 3506 4806 et

1942 4823 2160 4892 nostris.
2191 4823 2490 4892 Opponitur
2529 4825 2705 4879 adhuc
2740 4825 2992 4880 Anselmo
3021 4833 3228 4888 nostro,
3268 4823 3409 4892 quod
3451 4825 3504 4877 in

1939 4894 2044 4948 hoc
2069 4883 2205 4945 libro
2237 4883 2452 4962 dixerit,
2487 4894 2626 4962 quod
2659 4893 2798 4946 nulla
2831 4896 3048 4958 veritas,
3085 4883 3261 4946 nullus
3286 4883 3505 4946 intelle-

1940 4973 2059 5018 ctus
2089 4961 2352 5034 permittit
2392 4967 2456 5016 ad
2501 4961 2769 5017 hominem
2799 4964 2864 5017 de
2904 4966 3014 5019 sola
3057 4963 3276 5034 Virgine
3306 4975 3506 5034 ceuce-

1939 5043 2115 5102 ptum,
2145 5042 2198 5086 et
2226 5033 2291 5086 de
2338 5041 2554 5102 peccata
2603 5047 2778 5086 massa
2807 5035 3120 5102 peccatrieis
3153 5030 3355 5102 aliquid
3382 5030 3500 5102 [ηιμ

1941 5099 2106 5174 aliud]
2139 5099 2375 5174 potuisse
2403 5101 2484 5155 vel
2507 5102 2752 5174 debuisse
2775 5099 3030 5158 accedere
3056 5101 3176 5174 [atq
3210 5099 3501 5170 accidere],

1941 5172 2150 5226 etiamsi
2191 5187 2297 5226 non
2343 5181 2490 5226 esset
2523 5173 2662 5226 Deus
2683 5211 2695 5232 .
2723 5175 2967 5240 quamvis
3006 5172 3075 5226 de
3103 5173 3189 5225 illa
3221 5183 3394 5240 massa
3423 5185 3505 5222 es-

1944 5251 2026 5297 set
2053 5250 2377 5310 assumptus.
2407 5241 2600 5294 Dicunt
2628 5238 2769 5294 enim
2805 5241 3074 5296 Christum
3107 5257 3210 5294 non
3245 5238 3501 5310 potuisse,

1943 5326 2044 5367 nec
2074 5309 2308 5364 voluisse
2351 5325 2600 5379 peccare,
2642 5327 2746 5364 non
2788 5312 2910 5380 quia
2942 5313 3074 5364 filius
3114 5309 3365 5380 Virginis,
3408 5310 3503 5362 sed

1943 5382 2066 5450 quia
2093 5381 2232 5434 Deus
2268 5381 2384 5434 fuit.
2420 5381 2685 5450 Christus,
2721 5379 2888 5450 aiunt,
2921 5397 3017 5434 nec
3043 5379 3228 5450 voluit,
3255 5391 3352 5430 nec
3381 5392 3500 5450 pec-

1945 5449 2070 5505 care
2111 5459 2282 5517 potmt
2311 5469 2324 5503 :
2355 5465 2482 5519 ergo
2516 5449 2652 5503 Deus
2687 5449 2805 5504 fuit.
2836 5451 2975 5516 Quid
3015 5465 3144 5518 ergo
3172 5449 3408 5519 dicemus
3436 5449 3502 5500 de

1945 5519 2146 5575 sanctis
2173 5521 2392 5588 angelis,
2423 5517 2512 5589 Qui
2543 5535 2606 5573 ex
2635 5522 2804 5588 gratia
2830 5517 3253 5589 conﬁrmationis
3283 5531 3386 5568 non
3411 5533 3504 5570 vo-

1944 5590 2082 5653 lunt,
2115 5603 2212 5642 nec
2245 5588 2468 5657 possunt
2509 5589 2769 5658 peccare?
2801 5589 2890 5642 Vel
2929 5588 2972 5643 si
3001 5589 3192 5652 Adam,
3217 5595 3504 5658 antequam

1948 5667 2240 5728 peccasset,
2286 5660 2491 5726 aliquos
2511 5657 2616 5726 qui
2649 5667 2771 5729 ante
2802 5659 2972 5726 ipsum
3003 5660 3056 5712 in
3082 5658 3286 5729 iustitia
3311 5657 3504 5729 contir-

1963 5737 2240 5784 marcntur
2282 5729 2584 5798 genuisset;
2618 5729 2682 5782 de
2713 5728 2816 5783 illis
2848 5729 2973 5799 quid
3001 5726 3277 5786 «licentius?
3314 5726 3508 5798 Utique
