  <div class='ocr_page' id='page_1' title='image "/cluster/home/n/w/nwhite01/storage/ocr_20150623/158/hvd.32044054760160/239.png"; bbox 0 0 3936 6048; ppageno 0'>
   <div class='ocr_carea' id='block_1_1' title="bbox 433 282 540 337">
    <p class='ocr_par' dir='ltr' id='par_1_1' title="bbox 433 282 540 337">
     <span class='ocr_line' id='line_1_1' title="bbox 433 282 540 337; baseline -0.037 -1"><span class='ocrx_word' id='word_1_1' title='bbox 433 282 540 337; x_wconf 65' lang='grc' dir='ltr'><strong>ὁϐτ</strong></span> 
     </span>
    </p>
   </div>
   <div class='ocr_carea' id='block_1_2' title="bbox 933 283 3120 344">
    <p class='ocr_par' dir='ltr' id='par_1_2' title="bbox 933 283 3120 344">
     <span class='ocr_line' id='line_1_2' title="bbox 933 283 3120 344; baseline 0.001 -6"><span class='ocrx_word' id='word_1_2' title='bbox 933 283 993 338; x_wconf 77' lang='grc'><strong>8.</strong></span> <span class='ocrx_word' id='word_1_3' title='bbox 1028 283 1325 340; x_wconf 79' lang='lat' dir='ltr'><strong>ANSELMI</strong></span> <span class='ocrx_word' id='word_1_4' title='bbox 1367 285 1717 342; x_wconf 75' lang='lat' dir='ltr'><strong>CANTUAR.</strong></span> <span class='ocrx_word' id='word_1_5' title='bbox 1759 286 2083 344; x_wconf 78' lang='lat' dir='ltr'><strong>ARCHIEP.</strong></span> <span class='ocrx_word' id='word_1_6' title='bbox 2121 286 2274 344; x_wconf 85' lang='lat' dir='ltr'><strong>OPP.</strong></span> <span class='ocrx_word' id='word_1_7' title='bbox 2315 285 2495 342; x_wconf 79' lang='lat' dir='ltr'><strong>PARS</strong></span> <span class='ocrx_word' id='word_1_8' title='bbox 2530 285 2570 341; x_wconf 86' lang='lat' dir='ltr'><strong>I.</strong></span> <span class='ocrx_word' id='word_1_9' title='bbox 2595 317 2666 328; x_wconf 92' lang='lat'><strong><em>—</em></strong></span> <span class='ocrx_word' id='word_1_10' title='bbox 2705 285 3120 344; x_wconf 75' lang='lat' dir='ltr'><strong>DOGMATICA.</strong></span> 
     </span>
    </p>
   </div>
   <div class='ocr_carea' id='block_1_3' title="bbox 3585 289 3693 344">
    <p class='ocr_par' dir='ltr' id='par_1_3' title="bbox 3585 289 3693 344">
     <span class='ocr_line' id='line_1_3' title="bbox 3585 289 3693 344; baseline 0.019 -1"><span class='ocrx_word' id='word_1_11' title='bbox 3585 289 3693 344; x_wconf 62' lang='lat'><strong>$68</strong></span> 
     </span>
    </p>
   </div>
   <div class='ocr_carea' id='block_1_4' title="bbox 431 398 3694 476">
    <p class='ocr_par' dir='ltr' id='par_1_4' title="bbox 431 398 3694 476">
     <span class='ocr_line' id='line_1_4' title="bbox 431 398 3694 476; baseline 0.002 -22"><span class='ocrx_word' id='word_1_12' title='bbox 507 398 604 466; x_wconf 84' lang='lat' dir='ltr'><strong>illi,</strong></span> <span class='ocrx_word' id='word_1_13' title='bbox 630 413 880 476; x_wconf 80' lang='lat' dir='ltr'><strong>cum__nec</strong></span> <span class='ocrx_word' id='word_1_14' title='bbox 903 400 1103 476; x_wconf 74' lang='lat' dir='ltr'><strong>vellent</strong></span> <span class='ocrx_word' id='word_1_15' title='bbox 1125 409 1856 476; x_wconf 73' lang='lat' dir='ltr'><strong>nec_possent_pecc_are_,non</strong></span> <span class='ocrx_word' id='word_1_16' title='bbox 1884 401 2005 476; x_wconf 86' lang='lat' dir='ltr'><strong>ideo</strong></span> <span class='ocrx_word' id='word_1_17' title='bbox 2034 414 2080 472; x_wconf 69' lang='grc' dir='ltr'><strong>Α</strong></span> <span class='ocrx_word' id='word_1_18' title='bbox 2104 417 2268 476; x_wconf 80' lang='lat' dir='ltr'><strong>posse</strong></span> <span class='ocrx_word' id='word_1_19' title='bbox 2295 417 2399 459; x_wconf 92' lang='lat' dir='ltr'><strong>non</strong></span> <span class='ocrx_word' id='word_1_20' title='bbox 2423 417 2650 476; x_wconf 82' lang='lat' dir='ltr'><strong>peccare</strong></span> <span class='ocrx_word' id='word_1_21' title='bbox 2673 404 2903 468; x_wconf 90' lang='lat' dir='ltr'><strong>valebit;</strong></span> <span class='ocrx_word' id='word_1_22' title='bbox 2934 404 3106 459; x_wconf 88' lang='lat' dir='ltr'><strong>donec</strong></span> <span class='ocrx_word' id='word_1_23' title='bbox 3132 406 3180 458; x_wconf 90' lang='lat' dir='ltr'><strong>el</strong></span> <span class='ocrx_word' id='word_1_24' title='bbox 3204 404 3536 460; x_wconf 85' lang='lat' dir='ltr'><strong>confirmans</strong></span> <span class='ocrx_word' id='word_1_25' title='bbox 3565 420 3694 474; x_wconf 84' lang='lat' dir='ltr'><strong>gra-</strong></span> 
     </span>
    </p>
   </div>
   <div class='ocr_carea' id='block_1_5' title="bbox 435 469 2004 544">
    <p class='ocr_par' dir='ltr' id='par_1_5' title="bbox 435 469 2004 544">
     <span class='ocr_line' id='line_1_5' title="bbox 435 469 2004 544; baseline 0.006 -26"><span class='ocrx_word' id='word_1_26' title='bbox 435 472 574 544; x_wconf 68' lang='lat' dir='ltr'><strong>tieus</strong></span> <span class='ocrx_word' id='word_1_27' title='bbox 605 469 686 524; x_wconf 86' lang='lat' dir='ltr'><strong>vel</strong></span> <span class='ocrx_word' id='word_1_28' title='bbox 715 469 787 524; x_wconf 91' lang='lat' dir='ltr'><strong>dii</strong></span> <span class='ocrx_word' id='word_1_29' title='bbox 816 480 1000 524; x_wconf 91' lang='lat' dir='ltr'><strong>essent</strong></span> <span class='ocrx_word' id='word_1_30' title='bbox 1020 485 1035 544; x_wconf 67' lang='grc' dir='ltr'>ξ</span> <span class='ocrx_word' id='word_1_31' title='bbox 1059 471 1138 526; x_wconf 91' lang='lat' dir='ltr'><strong>sic</strong></span> <span class='ocrx_word' id='word_1_32' title='bbox 1167 469 1286 539; x_wconf 65' lang='lat' dir='ltr'><strong>{al},</strong></span> <span class='ocrx_word' id='word_1_33' title='bbox 1320 469 1497 544; x_wconf 59' lang='lat' dir='ltr'><strong>sicut}</strong></span> <span class='ocrx_word' id='word_1_34' title='bbox 1517 482 1570 527; x_wconf 88' lang='lat' dir='ltr'><strong>et</strong></span> <span class='ocrx_word' id='word_1_35' title='bbox 1590 473 1656 544; x_wconf 87' lang='lat' dir='ltr'><strong>in</strong></span> <span class='ocrx_word' id='word_1_36' title='bbox 1683 473 1898 529; x_wconf 89' lang='lat' dir='ltr'><strong>Christo</strong></span> <span class='ocrx_word' id='word_1_37' title='bbox 1926 475 2004 528; x_wconf 85' lang='lat' dir='ltr'><strong>vi-</strong></span> 
     </span>
    </p>
   </div>
   <div class='ocr_carea' id='block_1_6' title="bbox 430 541 2000 611">
    <p class='ocr_par' dir='ltr' id='par_1_6' title="bbox 430 541 2000 611">
     <span class='ocr_line' id='line_1_6' title="bbox 430 541 2000 611; baseline 0.003 -19"><span class='ocrx_word' id='word_1_38' title='bbox 430 541 864 611; x_wconf 82' lang='lat' dir='ltr'><strong>dendumutrum</strong></span> <span class='ocrx_word' id='word_1_39' title='bbox 894 541 1036 611; x_wconf 83' lang='lat' dir='ltr'><strong>quod</strong></span> <span class='ocrx_word' id='word_1_40' title='bbox 1063 555 1288 611; x_wconf 81' lang='lat' dir='ltr'><strong>peccare</strong></span> <span class='ocrx_word' id='word_1_41' title='bbox 1310 555 1414 611; x_wconf 87' lang='lat' dir='ltr'><strong>non</strong></span> <span class='ocrx_word' id='word_1_42' title='bbox 1453 541 1646 610; x_wconf 80' lang='lat' dir='ltr'><strong>potuit,</strong></span> <span class='ocrx_word' id='word_1_43' title='bbox 1679 559 1780 598; x_wconf 91' lang='lat' dir='ltr'><strong>nec</strong></span> <span class='ocrx_word' id='word_1_44' title='bbox 1809 544 2000 611; x_wconf 88' lang='lat' dir='ltr'><strong>voluit,</strong></span> 
     </span>
    </p>
   </div>
   <div class='ocr_carea' id='block_1_7' title="bbox 429 609 2000 677">
    <p class='ocr_par' dir='ltr' id='par_1_7' title="bbox 429 609 2000 677">
     <span class='ocr_line' id='line_1_7' title="bbox 429 609 2000 677; baseline 0.003 -13"><span class='ocrx_word' id='word_1_45' title='bbox 429 609 540 664; x_wconf 69' lang='lat' dir='ltr'><strong>sola</strong></span> <span class='ocrx_word' id='word_1_46' title='bbox 574 609 833 663; x_wconf 82' lang='lat' dir='ltr'><strong>Divinitas</strong></span> <span class='ocrx_word' id='word_1_47' title='bbox 861 609 974 677; x_wconf 85' lang='lat' dir='ltr'><strong>ejus</strong></span> <span class='ocrx_word' id='word_1_48' title='bbox 1002 609 1203 664; x_wconf 82' lang='lat' dir='ltr'><strong>hemini</strong></span> <span class='ocrx_word' id='word_1_49' title='bbox 1230 610 1374 663; x_wconf 89' lang='lat' dir='ltr'><strong>unita</strong></span> <span class='ocrx_word' id='word_1_50' title='bbox 1402 609 1639 666; x_wconf 86' lang='lat' dir='ltr'><strong>incausa</strong></span> <span class='ocrx_word' id='word_1_51' title='bbox 1661 611 1844 668; x_wconf 87' lang='lat' dir='ltr'><strong>fuerit.</strong></span> <span class='ocrx_word' id='word_1_52' title='bbox 1864 609 2000 668; x_wconf 82' lang='lat' dir='ltr'><strong>Nam</strong></span> 
     </span>
    </p>
   </div>
   <div class='ocr_carea' id='block_1_8' title="bbox 429 679 2000 754">
    <p class='ocr_par' dir='ltr' id='par_1_8' title="bbox 429 679 2000 754">
     <span class='ocr_line' id='line_1_8' title="bbox 429 679 2000 754; baseline 0.006 -25"><span class='ocrx_word' id='word_1_53' title='bbox 429 679 569 746; x_wconf 88' lang='lat' dir='ltr'><strong>quod</strong></span> <span class='ocrx_word' id='word_1_54' title='bbox 597 679 712 754; x_wconf 80' lang='lat' dir='ltr'><strong>ipsa</strong></span> <span class='ocrx_word' id='word_1_55' title='bbox 741 679 1029 754; x_wconf 83' lang='lat' dir='ltr'><strong>plurimum</strong></span> <span class='ocrx_word' id='word_1_56' title='bbox 1059 689 1114 734; x_wconf 89' lang='lat' dir='ltr'><strong>et</strong></span> <span class='ocrx_word' id='word_1_57' title='bbox 1139 680 1666 754; x_wconf 68' lang='lat' dir='ltr'><strong>tnaxitueadjuverit</strong></span> <span class='ocrx_word' id='word_1_58' title='bbox 1699 683 1818 754; x_wconf 77' lang='lat' dir='ltr'><strong>[al.,</strong></span> <span class='ocrx_word' id='word_1_59' title='bbox 1850 686 2000 738; x_wconf 83' lang='lat' dir='ltr'><strong>adin-</strong></span> 
     </span>
    </p>
   </div>
   <div class='ocr_carea' id='block_1_9' title="bbox 427 747 1999 829">
    <p class='ocr_par' dir='ltr' id='par_1_9' title="bbox 427 747 1999 829">
     <span class='ocr_line' id='line_1_9' title="bbox 427 747 1999 829; baseline 0.008 -31"><span class='ocrx_word' id='word_1_60' title='bbox 427 747 680 829; x_wconf 73' lang='lat' dir='ltr'><strong>venerit],</strong></span> <span class='ocrx_word' id='word_1_61' title='bbox 708 749 852 802; x_wconf 81' lang='lat' dir='ltr'><strong>omni</strong></span> <span class='ocrx_word' id='word_1_62' title='bbox 897 759 1108 829; x_wconf 73' lang='lat' dir='ltr'><strong>constat</strong></span> <span class='ocrx_word' id='word_1_63' title='bbox 1155 749 1318 803; x_wconf 82' lang='lat' dir='ltr'><strong>ﬁdeli.</strong></span> <span class='ocrx_word' id='word_1_64' title='bbox 1357 747 1478 829; x_wconf 72' lang='lat' dir='ltr'><strong>sed</strong></span> <span class='ocrx_word' id='word_1_65' title='bbox 1497 753 1639 806; x_wconf 81' lang='lat' dir='ltr'><strong>aliud</strong></span> <span class='ocrx_word' id='word_1_66' title='bbox 1667 747 1752 808; x_wconf 73' lang='lat' dir='ltr'><strong>est</strong></span> <span class='ocrx_word' id='word_1_67' title='bbox 1779 770 1999 829; x_wconf 77' lang='lat' dir='ltr'><strong>causam</strong></span> 
     </span>
    </p>
   </div>
   <div class='ocr_carea' id='block_1_10' title="bbox 425 818 1994 891">
    <p class='ocr_par' dir='ltr' id='par_1_10' title="bbox 425 818 1994 891">
     <span class='ocr_line' id='line_1_10' title="bbox 425 818 1994 891; baseline 0.004 -21"><span class='ocrx_word' id='word_1_68' title='bbox 425 818 741 891; x_wconf 65' lang='lat' dir='ltr'><strong>simpliciter</strong></span> <span class='ocrx_word' id='word_1_69' title='bbox 756 835 904 884; x_wconf 89' lang='lat' dir='ltr'><strong>esse;</strong></span> <span class='ocrx_word' id='word_1_70' title='bbox 925 821 1078 891; x_wconf 89' lang='lat' dir='ltr'><strong>aliud</strong></span> <span class='ocrx_word' id='word_1_71' title='bbox 1093 835 1253 874; x_wconf 88' lang='lat' dir='ltr'><strong>causa</strong></span> <span class='ocrx_word' id='word_1_72' title='bbox 1271 822 1703 891; x_wconf 84' lang='lat' dir='ltr'><strong>supplementum</strong></span> <span class='ocrx_word' id='word_1_73' title='bbox 1727 823 1994 879; x_wconf 88' lang='lat' dir='ltr'><strong>conferre.</strong></span> 
     </span>
    </p>
   </div>
   <div class='ocr_carea' id='block_1_11' title="bbox 426 887 1998 962">
    <p class='ocr_par' dir='ltr' id='par_1_11' title="bbox 426 887 1998 962">
     <span class='ocr_line' id='line_1_11' title="bbox 426 887 1998 962; baseline 0.005 -22"><span class='ocrx_word' id='word_1_74' title='bbox 426 887 621 962; x_wconf 81' lang='lat' dir='ltr'><strong>Dicunt</strong></span> <span class='ocrx_word' id='word_1_75' title='bbox 651 887 769 959; x_wconf 87' lang='lat' dir='ltr'><strong>[al.,</strong></span> <span class='ocrx_word' id='word_1_76' title='bbox 815 890 1021 962; x_wconf 81' lang='lat' dir='ltr'><strong>dicent]</strong></span> <span class='ocrx_word' id='word_1_77' title='bbox 1059 890 1198 944; x_wconf 87' lang='lat' dir='ltr'><strong>forte</strong></span> <span class='ocrx_word' id='word_1_78' title='bbox 1222 887 1518 962; x_wconf 10' lang='lat' dir='ltr'><strong>iquia&#39;post</strong></span> <span class='ocrx_word' id='word_1_79' title='bbox 1562 904 1843 962; x_wconf 85' lang='lat' dir='ltr'><strong>peccatum</strong></span> <span class='ocrx_word' id='word_1_80' title='bbox 1870 897 1998 948; x_wconf 63' lang='lat' dir='ltr'><strong>Adae</strong></span> 
     </span>
    </p>
   </div>
   <div class='ocr_carea' id='block_1_12' title="bbox 425 957 1996 1034">
    <p class='ocr_par' dir='ltr' id='par_1_12' title="bbox 425 957 1996 1034">
     <span class='ocr_line' id='line_1_12' title="bbox 425 957 1996 1034; baseline 0.006 -25"><span class='ocrx_word' id='word_1_81' title='bbox 425 957 566 1010; x_wconf 89' lang='lat' dir='ltr'><strong>nulla</strong></span> <span class='ocrx_word' id='word_1_82' title='bbox 589 957 716 1012; x_wconf 74' lang='lat' dir='ltr'><strong>caro</strong></span> <span class='ocrx_word' id='word_1_83' title='bbox 735 961 974 1034; x_wconf 78' lang='lat' dir='ltr'><strong>mortalis</strong></span> <span class='ocrx_word' id='word_1_84' title='bbox 1002 957 1109 1034; x_wconf 71' lang='lat' dir='ltr'><strong>non</strong></span> <span class='ocrx_word' id='word_1_85' title='bbox 1139 961 1290 1034; x_wconf 82' lang='lat' dir='ltr'><strong>unita</strong></span> <span class='ocrx_word' id='word_1_86' title='bbox 1320 957 1514 1017; x_wconf 83' lang='lat' dir='ltr'><strong>Deitati</strong></span> <span class='ocrx_word' id='word_1_87' title='bbox 1539 957 1743 1034; x_wconf 75' lang='lat' dir='ltr'><strong>absque</strong></span> <span class='ocrx_word' id='word_1_88' title='bbox 1772 976 1996 1033; x_wconf 87' lang='lat' dir='ltr'><strong>peccato</strong></span> 
     </span>
    </p>
   </div>
   <div class='ocr_carea' id='block_1_13' title="bbox 421 1029 1996 1104">
    <p class='ocr_par' dir='ltr' id='par_1_13' title="bbox 421 1029 1996 1104">
     <span class='ocr_line' id='line_1_13' title="bbox 421 1029 1996 1104; baseline 0.006 -26"><span class='ocrx_word' id='word_1_89' title='bbox 421 1041 543 1104; x_wconf 79' lang='lat' dir='ltr'><strong>esse</strong></span> <span class='ocrx_word' id='word_1_90' title='bbox 583 1029 884 1104; x_wconf 60' lang='lat' dir='ltr'><strong>praevaluit,</strong></span> <span class='ocrx_word' id='word_1_91' title='bbox 945 1030 1024 1084; x_wconf 92' lang='lat' dir='ltr'><strong>vel</strong></span> <span class='ocrx_word' id='word_1_92' title='bbox 1073 1033 1364 1104; x_wconf 66' lang='lat' dir='ltr'><strong>praevalere</strong></span> <span class='ocrx_word' id='word_1_93' title='bbox 1410 1035 1581 1102; x_wconf 90' lang='lat' dir='ltr'><strong>potuit</strong></span> <span class='ocrx_word' id='word_1_94' title='bbox 1608 1074 1622 1096; x_wconf 88' lang='lat'><strong>,</strong></span> <span class='ocrx_word' id='word_1_95' title='bbox 1654 1029 1996 1104; x_wconf 50' lang='lat' dir='ltr'><strong>&#39;quo&#39;cunque</strong></span> 
     </span>
    </p>
   </div>
   <div class='ocr_carea' id='block_1_14' title="bbox 423 1098 1994 1174">
    <p class='ocr_par' dir='ltr' id='par_1_14' title="bbox 423 1098 1994 1174">
     <span class='ocr_line' id='line_1_14' title="bbox 423 1098 1994 1174; baseline 0.006 -24"><span class='ocrx_word' id='word_1_96' title='bbox 423 1098 580 1152; x_wconf 88' lang='lat' dir='ltr'><strong>modo</strong></span> <span class='ocrx_word' id='word_1_97' title='bbox 605 1100 747 1174; x_wconf 82' lang='lat' dir='ltr'><strong>Deus</strong></span> <span class='ocrx_word' id='word_1_98' title='bbox 778 1098 1140 1174; x_wconf 82' lang='lat' dir='ltr'><strong>aliquem,_vel</strong></span> <span class='ocrx_word' id='word_1_99' title='bbox 1167 1098 1629 1174; x_wconf 56' lang='lat' dir='ltr'><strong>aliquam&#39;absqne</strong></span> <span class='ocrx_word' id='word_1_100' title='bbox 1656 1098 1862 1159; x_wconf 76' lang='lat' dir='ltr'><strong>semine</strong></span> <span class='ocrx_word' id='word_1_101' title='bbox 1890 1098 1994 1160; x_wconf 75' lang='lat' dir='ltr'><strong>viri</strong></span> 
     </span>
    </p>
   </div>
   <div class='ocr_carea' id='block_1_15' title="bbox 420 1172 1994 1232">
    <p class='ocr_par' dir='ltr' id='par_1_15' title="bbox 420 1172 1994 1232">
     <span class='ocr_line' id='line_1_15' title="bbox 420 1172 1994 1232; baseline 0.004 -11"><span class='ocrx_word' id='word_1_102' title='bbox 420 1178 679 1232; x_wconf 89' lang='lat' dir='ltr'><strong>creasset,</strong></span> <span class='ocrx_word' id='word_1_103' title='bbox 703 1172 993 1224; x_wconf 82' lang='lat' dir='ltr'><strong>dummodo</strong></span> <span class='ocrx_word' id='word_1_104' title='bbox 1021 1172 1086 1224; x_wconf 89' lang='lat' dir='ltr'><strong>de</strong></span> <span class='ocrx_word' id='word_1_105' title='bbox 1108 1172 1276 1226; x_wconf 80' lang='lat' dir='ltr'><strong>Adam</strong></span> <span class='ocrx_word' id='word_1_106' title='bbox 1303 1184 1466 1228; x_wconf 88' lang='lat' dir='ltr'><strong>esset.</strong></span> <span class='ocrx_word' id='word_1_107' title='bbox 1497 1172 1602 1229; x_wconf 66' lang='lat' dir='ltr'><strong>seu</strong></span> <span class='ocrx_word' id='word_1_108' title='bbox 1631 1191 1754 1228; x_wconf 90' lang='lat' dir='ltr'><strong>cum</strong></span> <span class='ocrx_word' id='word_1_109' title='bbox 1785 1177 1886 1230; x_wconf 91' lang='lat' dir='ltr'><strong>hoc</strong></span> <span class='ocrx_word' id='word_1_110' title='bbox 1916 1176 1994 1229; x_wconf 83' lang='lat' dir='ltr'><strong>di-</strong></span> 
     </span>
    </p>
   </div>
   <div class='ocr_carea' id='block_1_16' title="bbox 419 1242 1988 1312">
    <p class='ocr_par' dir='ltr' id='par_1_16' title="bbox 419 1242 1988 1312">
     <span class='ocr_line' id='line_1_16' title="bbox 419 1242 1988 1312; baseline 0.006 -22"><span class='ocrx_word' id='word_1_111' title='bbox 419 1247 571 1312; x_wconf 83' lang='lat' dir='ltr'><strong>cunt,</strong></span> <span class='ocrx_word' id='word_1_112' title='bbox 603 1256 823 1312; x_wconf 80' lang='lat' dir='ltr'><strong>causam</strong></span> <span class='ocrx_word' id='word_1_113' title='bbox 862 1242 1086 1310; x_wconf 80' lang='lat' dir='ltr'><strong>peccati.</strong></span> <span class='ocrx_word' id='word_1_114' title='bbox 1117 1251 1173 1312; x_wconf 86' lang='lat' dir='ltr'><strong>ut</strong></span> <span class='ocrx_word' id='word_1_115' title='bbox 1203 1259 1388 1312; x_wconf 80' lang='lat' dir='ltr'><strong>supra,</strong></span> <span class='ocrx_word' id='word_1_116' title='bbox 1422 1245 1472 1298; x_wconf 91' lang='lat' dir='ltr'><strong>in</strong></span> <span class='ocrx_word' id='word_1_117' title='bbox 1506 1246 1709 1299; x_wconf 90' lang='lat' dir='ltr'><strong>semine</strong></span> <span class='ocrx_word' id='word_1_118' title='bbox 1738 1255 1944 1312; x_wconf 91' lang='lat' dir='ltr'><strong>ponunt</strong></span> <span class='ocrx_word' id='word_1_119' title='bbox 1975 1263 1988 1298; x_wconf 90' lang='lat'><strong>:</strong></span> 
     </span>
    </p>
   </div>
   <div class='ocr_carea' id='block_1_17' title="bbox 419 1310 1989 1380">
    <p class='ocr_par' dir='ltr' id='par_1_17' title="bbox 419 1310 1989 1380">
     <span class='ocr_line' id='line_1_17' title="bbox 419 1310 1989 1380; baseline 0.006 -20"><span class='ocrx_word' id='word_1_120' title='bbox 419 1311 562 1380; x_wconf 81' lang='lat' dir='ltr'><strong>quod</strong></span> <span class='ocrx_word' id='word_1_121' title='bbox 592 1310 776 1380; x_wconf 85' lang='lat' dir='ltr'><strong>utique</strong></span> <span class='ocrx_word' id='word_1_122' title='bbox 801 1311 940 1365; x_wconf 85' lang='lat' dir='ltr'><strong>Deus</strong></span> <span class='ocrx_word' id='word_1_123' title='bbox 966 1312 1105 1365; x_wconf 82' lang='lat' dir='ltr'><strong>sicut</strong></span> <span class='ocrx_word' id='word_1_124' title='bbox 1127 1310 1400 1368; x_wconf 43' lang='lat' dir='ltr'><strong>facit—esse</strong></span> <span class='ocrx_word' id='word_1_125' title='bbox 1428 1331 1495 1367; x_wconf 68' lang='lat' dir='ltr'><strong>ex</strong></span> <span class='ocrx_word' id='word_1_126' title='bbox 1526 1332 1671 1370; x_wconf 86' lang='lat' dir='ltr'><strong>mare</strong></span> <span class='ocrx_word' id='word_1_127' title='bbox 1694 1310 1754 1368; x_wconf 75' lang='lat' dir='ltr'><strong>et</strong></span> <span class='ocrx_word' id='word_1_128' title='bbox 1771 1316 1989 1380; x_wconf 78' lang='lat' dir='ltr'><strong>femina,</strong></span> 
     </span>
    </p>
   </div>
   <div class='ocr_carea' id='block_1_18' title="bbox 417 1377 1992 1457">
    <p class='ocr_par' dir='ltr' id='par_1_18' title="bbox 417 1377 1992 1457">
     <span class='ocr_line' id='line_1_18' title="bbox 417 1377 1992 1457; baseline 0.005 -26"><span class='ocrx_word' id='word_1_129' title='bbox 417 1380 497 1432; x_wconf 88' lang='lat' dir='ltr'><strong>sic</strong></span> <span class='ocrx_word' id='word_1_130' title='bbox 527 1377 707 1435; x_wconf 82' lang='lat' dir='ltr'><strong>facere</strong></span> <span class='ocrx_word' id='word_1_131' title='bbox 733 1390 907 1457; x_wconf 75' lang='lat' dir='ltr'><strong>potest</strong></span> <span class='ocrx_word' id='word_1_132' title='bbox 935 1395 1000 1435; x_wconf 82' lang='lat' dir='ltr'><strong>ex</strong></span> <span class='ocrx_word' id='word_1_133' title='bbox 1033 1381 1229 1435; x_wconf 78' lang='lat' dir='ltr'><strong>femina</strong></span> <span class='ocrx_word' id='word_1_134' title='bbox 1268 1385 1416 1457; x_wconf 55' lang='lat' dir='ltr'><strong>sola.</strong></span> <span class='ocrx_word' id='word_1_135' title='bbox 1445 1386 1545 1452; x_wconf 91' lang='lat' dir='ltr'><strong>Ipsi</strong></span> <span class='ocrx_word' id='word_1_136' title='bbox 1585 1386 1746 1457; x_wconf 82' lang='lat' dir='ltr'><strong>igitur</strong></span> <span class='ocrx_word' id='word_1_137' title='bbox 1782 1377 1992 1439; x_wconf 85' lang='lat' dir='ltr'><strong>solvant.</strong></span> 
     </span>
    </p>
   </div>
   <div class='ocr_carea' id='block_1_19' title="bbox 417 1451 1987 1520">
    <p class='ocr_par' dir='ltr' id='par_1_19' title="bbox 417 1451 1987 1520">
     <span class='ocr_line' id='line_1_19' title="bbox 417 1451 1987 1520; baseline 0.006 -20"><span class='ocrx_word' id='word_1_138' title='bbox 417 1463 544 1520; x_wconf 69' lang='lat' dir='ltr'><strong>qute</strong></span> <span class='ocrx_word' id='word_1_139' title='bbox 567 1465 728 1520; x_wconf 82' lang='lat' dir='ltr'><strong>supra</strong></span> <span class='ocrx_word' id='word_1_140' title='bbox 760 1451 1012 1513; x_wconf 80' lang='lat' dir='ltr'><strong>diximus,</strong></span> <span class='ocrx_word' id='word_1_141' title='bbox 1038 1462 1092 1506; x_wconf 93' lang='lat' dir='ltr'><strong>et</strong></span> <span class='ocrx_word' id='word_1_142' title='bbox 1117 1468 1181 1505; x_wconf 76' lang='lat' dir='ltr'><strong>ex</strong></span> <span class='ocrx_word' id='word_1_143' title='bbox 1211 1451 1536 1508; x_wconf 73' lang='lat' dir='ltr'><strong>auctoritate</strong></span> <span class='ocrx_word' id='word_1_144' title='bbox 1563 1451 1627 1510; x_wconf 70' lang='lat' dir='ltr'><strong>et</strong></span> <span class='ocrx_word' id='word_1_145' title='bbox 1646 1472 1712 1510; x_wconf 76' lang='lat' dir='ltr'><strong>ex</strong></span> <span class='ocrx_word' id='word_1_146' title='bbox 1743 1457 1948 1510; x_wconf 80' lang='lat' dir='ltr'><strong>ratione</strong></span> <span class='ocrx_word' id='word_1_147' title='bbox 1974 1473 1987 1510; x_wconf 91' lang='lat'>:</span> 
     </span>
    </p>
   </div>
   <div class='ocr_carea' id='block_1_20' title="bbox 416 1519 1991 1598">
    <p class='ocr_par' dir='ltr' id='par_1_20' title="bbox 416 1519 1991 1598">
     <span class='ocr_line' id='line_1_20' title="bbox 416 1519 1991 1598; baseline 0.006 -27"><span class='ocrx_word' id='word_1_148' title='bbox 416 1519 722 1598; x_wconf 13' lang='lat' dir='ltr'><strong>etrlibenter</strong></span> <span class='ocrx_word' id='word_1_149' title='bbox 743 1521 1046 1598; x_wconf 78' lang='lat' dir='ltr'><strong>audiemus.</strong></span> <span class='ocrx_word' id='word_1_150' title='bbox 1071 1523 1222 1588; x_wconf 84' lang='lat' dir='ltr'><strong>Quod</strong></span> <span class='ocrx_word' id='word_1_151' title='bbox 1251 1525 1293 1598; x_wconf 79' lang='lat' dir='ltr'><strong>si</strong></span> <span class='ocrx_word' id='word_1_152' title='bbox 1317 1540 1422 1598; x_wconf 80' lang='lat' dir='ltr'><strong>non</strong></span> <span class='ocrx_word' id='word_1_153' title='bbox 1450 1527 1745 1598; x_wconf 87' lang='lat' dir='ltr'><strong>potuerint,</strong></span> <span class='ocrx_word' id='word_1_154' title='bbox 1774 1536 1991 1598; x_wconf 85' lang='lat' dir='ltr'><strong>consta-</strong></span> 
     </span>
    </p>
   </div>
   <div class='ocr_carea' id='block_1_21' title="bbox 416 1589 1990 1652">
    <p class='ocr_par' dir='ltr' id='par_1_21' title="bbox 416 1589 1990 1652">
     <span class='ocr_line' id='line_1_21' title="bbox 416 1589 1990 1652; baseline 0.006 -10"><span class='ocrx_word' id='word_1_155' title='bbox 416 1589 498 1642; x_wconf 90' lang='lat' dir='ltr'><strong>bit</strong></span> <span class='ocrx_word' id='word_1_156' title='bbox 545 1589 700 1645; x_wconf 87' lang='lat' dir='ltr'><strong>nobis</strong></span> <span class='ocrx_word' id='word_1_157' title='bbox 746 1592 886 1645; x_wconf 83' lang='lat' dir='ltr'><strong>sicut</strong></span> <span class='ocrx_word' id='word_1_158' title='bbox 911 1601 1128 1646; x_wconf 86' lang='lat' dir='ltr'><strong>constat</strong></span> <span class='ocrx_word' id='word_1_159' title='bbox 1156 1609 1220 1648; x_wconf 83' lang='lat' dir='ltr'><strong>ex</strong></span> <span class='ocrx_word' id='word_1_160' title='bbox 1258 1589 1497 1652; x_wconf 78' lang='lat' dir='ltr'><strong>Anschni</strong></span> <span class='ocrx_word' id='word_1_161' title='bbox 1531 1589 1742 1651; x_wconf 83' lang='lat' dir='ltr'><strong>ratione</strong></span> <span class='ocrx_word' id='word_1_162' title='bbox 1770 1597 1990 1651; x_wconf 82' lang='lat' dir='ltr'><strong>irrefra-</strong></span> 
     </span>
    </p>
   </div>
   <div class='ocr_carea' id='block_1_22' title="bbox 417 1657 1988 1735">
    <p class='ocr_par' dir='ltr' id='par_1_22' title="bbox 417 1657 1988 1735">
     <span class='ocr_line' id='line_1_22' title="bbox 417 1657 1988 1735; baseline 0.008 -26"><span class='ocrx_word' id='word_1_163' title='bbox 417 1657 599 1725; x_wconf 72' lang='lat' dir='ltr'><strong>gabili,</strong></span> <span class='ocrx_word' id='word_1_164' title='bbox 647 1661 954 1735; x_wconf 78' lang='lat' dir='ltr'><strong>quicunque</strong></span> <span class='ocrx_word' id='word_1_165' title='bbox 994 1663 1228 1734; x_wconf 89' lang='lat' dir='ltr'><strong>gignitur</strong></span> <span class='ocrx_word' id='word_1_166' title='bbox 1272 1665 1378 1720; x_wconf 89' lang='lat' dir='ltr'><strong>alio</strong></span> <span class='ocrx_word' id='word_1_167' title='bbox 1424 1665 1581 1721; x_wconf 87' lang='lat' dir='ltr'><strong>modo</strong></span> <span class='ocrx_word' id='word_1_168' title='bbox 1615 1682 1775 1735; x_wconf 91' lang='lat' dir='ltr'><strong>quam</strong></span> <span class='ocrx_word' id='word_1_169' title='bbox 1818 1667 1988 1721; x_wconf 82' lang='lat' dir='ltr'><strong>Adam</strong></span> 
     </span>
    </p>
   </div>
   <div class='ocr_carea' id='block_1_23' title="bbox 416 1731 1986 1806">
    <p class='ocr_par' dir='ltr' id='par_1_23' title="bbox 416 1731 1986 1806">
     <span class='ocr_line' id='line_1_23' title="bbox 416 1731 1986 1806; baseline 0.007 -25"><span class='ocrx_word' id='word_1_170' title='bbox 416 1731 714 1806; x_wconf 76' lang='lat' dir='ltr'><strong>generavit,</strong></span> <span class='ocrx_word' id='word_1_171' title='bbox 761 1732 902 1806; x_wconf 86' lang='lat' dir='ltr'><strong>quod</strong></span> <span class='ocrx_word' id='word_1_172' title='bbox 946 1731 1371 1790; x_wconf 52' lang='lat' dir='ltr'><strong>nen&#39;teneantur</strong></span> <span class='ocrx_word' id='word_1_173' title='bbox 1419 1731 1729 1806; x_wconf 66' lang='lat' dir='ltr'><strong>praejudicio</strong></span> <span class='ocrx_word' id='word_1_174' title='bbox 1776 1739 1986 1806; x_wconf 89' lang='lat' dir='ltr'><strong>peccati</strong></span> 
     </span>
    </p>
   </div>
   <div class='ocr_carea' id='block_1_24' title="bbox 415 1798 1986 1880">
    <p class='ocr_par' dir='ltr' id='par_1_24' title="bbox 415 1798 1986 1880">
     <span class='ocr_line' id='line_1_24' title="bbox 415 1798 1986 1880; baseline 0.008 -29"><span class='ocrx_word' id='word_1_175' title='bbox 415 1798 718 1880; x_wconf 67' lang='lat' dir='ltr'><strong>uriginalis,</strong></span> <span class='ocrx_word' id='word_1_176' title='bbox 741 1798 883 1871; x_wconf 77' lang='lat' dir='ltr'><strong>quod</strong></span> <span class='ocrx_word' id='word_1_177' title='bbox 933 1817 1030 1880; x_wconf 81' lang='lat' dir='ltr'><strong>per</strong></span> <span class='ocrx_word' id='word_1_178' title='bbox 1071 1807 1347 1880; x_wconf 70' lang='lat' dir='ltr'><strong>traducem</strong></span> <span class='ocrx_word' id='word_1_179' title='bbox 1375 1798 1646 1880; x_wconf 69' lang='lat' dir='ltr'><strong>ei_Adam</strong></span> <span class='ocrx_word' id='word_1_180' title='bbox 1677 1798 1986 1880; x_wconf 74' lang='lat' dir='ltr'><strong>descendit;</strong></span> 
     </span>
    </p>
   </div>
   <div class='ocr_carea' id='block_1_25' title="bbox 417 1870 1987 1934">
    <p class='ocr_par' dir='ltr' id='par_1_25' title="bbox 417 1870 1987 1934">
     <span class='ocr_line' id='line_1_25' title="bbox 417 1870 1987 1934; baseline 0.009 -15"><span class='ocrx_word' id='word_1_181' title='bbox 417 1870 543 1924; x_wconf 84' lang='lat' dir='ltr'><strong>licet</strong></span> <span class='ocrx_word' id='word_1_182' title='bbox 572 1870 658 1925; x_wconf 87' lang='lat' dir='ltr'><strong>ille</strong></span> <span class='ocrx_word' id='word_1_183' title='bbox 686 1870 825 1927; x_wconf 90' lang='lat' dir='ltr'><strong>Deus</strong></span> <span class='ocrx_word' id='word_1_184' title='bbox 855 1870 960 1929; x_wconf 83' lang='lat' dir='ltr'><strong>non</strong></span> <span class='ocrx_word' id='word_1_185' title='bbox 984 1875 1056 1929; x_wconf 92' lang='lat' dir='ltr'><strong>sit</strong></span> <span class='ocrx_word' id='word_1_186' title='bbox 1080 1886 1137 1928; x_wconf 91' lang='lat' dir='ltr'><strong>ut</strong></span> <span class='ocrx_word' id='word_1_187' title='bbox 1162 1870 1410 1931; x_wconf 84' lang='lat' dir='ltr'><strong>Christus</strong></span> <span class='ocrx_word' id='word_1_188' title='bbox 1446 1876 1547 1930; x_wconf 91' lang='lat' dir='ltr'><strong>fuit</strong></span> <span class='ocrx_word' id='word_1_189' title='bbox 1579 1895 1593 1930; x_wconf 90' lang='lat'><strong>:</strong></span> <span class='ocrx_word' id='word_1_190' title='bbox 1628 1887 1683 1932; x_wconf 90' lang='lat' dir='ltr'><strong>ct</strong></span> <span class='ocrx_word' id='word_1_191' title='bbox 1711 1878 1784 1932; x_wconf 85' lang='lat' dir='ltr'><strong>ita</strong></span> <span class='ocrx_word' id='word_1_192' title='bbox 1817 1880 1863 1934; x_wconf 89' lang='lat' dir='ltr'><strong>si</strong></span> <span class='ocrx_word' id='word_1_193' title='bbox 1891 1870 1987 1933; x_wconf 53' lang='lat' dir='ltr'><strong>vo;</strong></span> 
     </span>
    </p>
   </div>
   <div class='ocr_carea' id='block_1_26' title="bbox 417 1940 1986 2020">
    <p class='ocr_par' dir='ltr' id='par_1_26' title="bbox 417 1940 1986 2020">
     <span class='ocr_line' id='line_1_26' title="bbox 417 1940 1986 2020; baseline 0.008 -30"><span class='ocrx_word' id='word_1_194' title='bbox 417 1940 577 1995; x_wconf 89' lang='lat' dir='ltr'><strong>luerit</strong></span> <span class='ocrx_word' id='word_1_195' title='bbox 603 1957 708 2020; x_wconf 86' lang='lat' dir='ltr'><strong>non</strong></span> <span class='ocrx_word' id='word_1_196' title='bbox 733 1957 984 2012; x_wconf 86' lang='lat' dir='ltr'><strong>peccare,</strong></span> <span class='ocrx_word' id='word_1_197' title='bbox 1004 1946 1203 2014; x_wconf 89' lang='lat' dir='ltr'><strong>poterit</strong></span> <span class='ocrx_word' id='word_1_198' title='bbox 1225 1955 1278 2002; x_wconf 89' lang='lat' dir='ltr'><strong>et</strong></span> <span class='ocrx_word' id='word_1_199' title='bbox 1300 1963 1406 2002; x_wconf 93' lang='lat' dir='ltr'><strong>non</strong></span> <span class='ocrx_word' id='word_1_200' title='bbox 1431 1947 1564 2001; x_wconf 85' lang='lat' dir='ltr'><strong>velle</strong></span> <span class='ocrx_word' id='word_1_201' title='bbox 1587 1963 1836 2018; x_wconf 84' lang='lat' dir='ltr'><strong>peccare,</strong></span> <span class='ocrx_word' id='word_1_202' title='bbox 1865 1965 1986 2004; x_wconf 91' lang='lat' dir='ltr'><strong>cum</strong></span> 
     </span>
    </p>
   </div>
   <div class='ocr_carea' id='block_1_27' title="bbox 2107 473 3688 544">
    <p class='ocr_par' dir='ltr' id='par_1_27' title="bbox 2107 473 3688 544">
     <span class='ocr_line' id='line_1_27' title="bbox 2107 473 3688 544; baseline 0 -16"><span class='ocrx_word' id='word_1_203' title='bbox 2107 473 2178 528; x_wconf 76' lang='lat' dir='ltr'><strong>lia</strong></span> <span class='ocrx_word' id='word_1_204' title='bbox 2203 487 2308 528; x_wconf 91' lang='lat' dir='ltr'><strong>non</strong></span> <span class='ocrx_word' id='word_1_205' title='bbox 2343 487 2499 544; x_wconf 85' lang='lat' dir='ltr'><strong>posse</strong></span> <span class='ocrx_word' id='word_1_206' title='bbox 2539 473 2699 539; x_wconf 84' lang='lat' dir='ltr'><strong>velle,</strong></span> <span class='ocrx_word' id='word_1_207' title='bbox 2731 484 2787 528; x_wconf 91' lang='lat' dir='ltr'><strong>et</strong></span> <span class='ocrx_word' id='word_1_208' title='bbox 2819 491 2924 528; x_wconf 89' lang='lat' dir='ltr'><strong>non</strong></span> <span class='ocrx_word' id='word_1_209' title='bbox 2967 489 3128 542; x_wconf 85' lang='lat' dir='ltr'><strong>posse</strong></span> <span class='ocrx_word' id='word_1_210' title='bbox 3159 489 3385 542; x_wconf 79' lang='lat' dir='ltr'><strong>peccare</strong></span> <span class='ocrx_word' id='word_1_211' title='bbox 3419 473 3688 544; x_wconf 76' lang='lat' dir='ltr'><strong>superau-</strong></span> 
     </span>
    </p>
   </div>
   <div class='ocr_carea' id='block_1_28' title="bbox 2103 543 3691 614">
    <p class='ocr_par' dir='ltr' id='par_1_28' title="bbox 2103 543 3691 614">
     <span class='ocr_line' id='line_1_28' title="bbox 2103 543 3691 614; baseline 0.001 -17"><span class='ocrx_word' id='word_1_212' title='bbox 2103 545 2203 598; x_wconf 78' lang='lat' dir='ltr'><strong>xit.</strong></span> <span class='ocrx_word' id='word_1_213' title='bbox 2235 543 2697 614; x_wconf 12' lang='lat' dir='ltr'><strong>Consentitrnobis</strong></span> <span class='ocrx_word' id='word_1_214' title='bbox 2721 543 3054 614; x_wconf 81' lang='lat' dir='ltr'><strong>Augustinus</strong></span> <span class='ocrx_word' id='word_1_215' title='bbox 3081 544 3134 597; x_wconf 92' lang='lat' dir='ltr'><strong>in</strong></span> <span class='ocrx_word' id='word_1_216' title='bbox 3174 545 3332 599; x_wconf 85' lang='lat' dir='ltr'><strong>tertio</strong></span> <span class='ocrx_word' id='word_1_217' title='bbox 3361 543 3549 599; x_wconf 85' lang='lat' dir='ltr'><strong>contra</strong></span> <span class='ocrx_word' id='word_1_218' title='bbox 3591 544 3691 599; x_wconf 80' lang='lat' dir='ltr'><strong>.Iu-</strong></span> 
     </span>
    </p>
   </div>
   <div class='ocr_carea' id='block_1_29' title="bbox 2101 611 3688 684">
    <p class='ocr_par' dir='ltr' id='par_1_29' title="bbox 2101 611 3688 684">
     <span class='ocr_line' id='line_1_29' title="bbox 2101 611 3688 684; baseline -0.001 -16"><span class='ocrx_word' id='word_1_219' title='bbox 2101 614 2302 668; x_wconf 90' lang='lat' dir='ltr'><strong>lianum</strong></span> <span class='ocrx_word' id='word_1_220' title='bbox 2331 613 2467 682; x_wconf 78' lang='lat' dir='ltr'><strong>(cap.</strong></span> <span class='ocrx_word' id='word_1_221' title='bbox 2505 613 2560 681; x_wconf 82' lang='lat'><strong>5)</strong></span> <span class='ocrx_word' id='word_1_222' title='bbox 2590 627 2606 666; x_wconf 91' lang='lat'><strong>:</strong></span> <span class='ocrx_word' id='word_1_223' title='bbox 2637 611 2888 684; x_wconf 69' lang='lat' dir='ltr'><strong>Frustra,</strong></span> <span class='ocrx_word' id='word_1_224' title='bbox 2931 615 3126 683; x_wconf 88' lang='lat' dir='ltr'><strong>inquit,</strong></span> <span class='ocrx_word' id='word_1_225' title='bbox 3155 625 3308 682; x_wconf 85' lang='lat' dir='ltr'><strong>putas</strong></span> <span class='ocrx_word' id='word_1_226' title='bbox 3338 615 3454 668; x_wconf 82' lang='lat' dir='ltr'><strong>ideo</strong></span> <span class='ocrx_word' id='word_1_227' title='bbox 3483 616 3534 668; x_wconf 86' lang='lat' dir='ltr'><strong>in</strong></span> <span class='ocrx_word' id='word_1_228' title='bbox 3557 630 3688 684; x_wconf 63' lang='lat' dir='ltr'><strong>par-</strong></span> 
     </span>
    </p>
   </div>
   <div class='ocr_carea' id='block_1_30' title="bbox 2101 682 3689 754">
    <p class='ocr_par' dir='ltr' id='par_1_30' title="bbox 2101 682 3689 754">
     <span class='ocr_line' id='line_1_30' title="bbox 2101 682 3689 754; baseline 0.001 -17"><span class='ocrx_word' id='word_1_229' title='bbox 2101 684 2234 737; x_wconf 80' lang='lat' dir='ltr'><strong>vulis</strong></span> <span class='ocrx_word' id='word_1_230' title='bbox 2274 700 2377 754; x_wconf 83' lang='lat' dir='ltr'><strong>non</strong></span> <span class='ocrx_word' id='word_1_231' title='bbox 2413 699 2524 738; x_wconf 83' lang='lat' dir='ltr'><strong>esse</strong></span> <span class='ocrx_word' id='word_1_232' title='bbox 2562 682 2831 747; x_wconf 83' lang='lat' dir='ltr'><strong>delictum,</strong></span> <span class='ocrx_word' id='word_1_233' title='bbox 2858 686 2982 752; x_wconf 85' lang='lat' dir='ltr'><strong>quia</strong></span> <span class='ocrx_word' id='word_1_234' title='bbox 3007 682 3136 754; x_wconf 45' lang='lat' dir='ltr'><strong>sine</strong></span> <span class='ocrx_word' id='word_1_235' title='bbox 3171 683 3433 738; x_wconf 85' lang='lat' dir='ltr'><strong>voluntate</strong></span> <span class='ocrx_word' id='word_1_236' title='bbox 3470 682 3590 754; x_wconf 77' lang='lat' dir='ltr'><strong>qua:</strong></span> <span class='ocrx_word' id='word_1_237' title='bbox 3629 686 3689 738; x_wconf 84' lang='lat' dir='ltr'><strong>in</strong></span> 
     </span>
    </p>
   </div>
   <div class='ocr_carea' id='block_1_31' title="bbox 2099 752 3689 822">
    <p class='ocr_par' dir='ltr' id='par_1_31' title="bbox 2099 752 3689 822">
     <span class='ocr_line' id='line_1_31' title="bbox 2099 752 3689 822; baseline 0 -16"><span class='ocrx_word' id='word_1_238' title='bbox 2099 754 2173 806; x_wconf 86' lang='lat' dir='ltr'><strong>eis</strong></span> <span class='ocrx_word' id='word_1_239' title='bbox 2206 752 2351 806; x_wconf 86' lang='lat' dir='ltr'><strong>nulla</strong></span> <span class='ocrx_word' id='word_1_240' title='bbox 2374 764 2468 819; x_wconf 83' lang='lat' dir='ltr'><strong>est,</strong></span> <span class='ocrx_word' id='word_1_241' title='bbox 2500 769 2609 806; x_wconf 86' lang='lat' dir='ltr'><strong>esse</strong></span> <span class='ocrx_word' id='word_1_242' title='bbox 2634 768 2736 806; x_wconf 91' lang='lat' dir='ltr'><strong>non</strong></span> <span class='ocrx_word' id='word_1_243' title='bbox 2773 764 2959 822; x_wconf 86' lang='lat' dir='ltr'><strong>potest.</strong></span> <span class='ocrx_word' id='word_1_244' title='bbox 2995 753 3111 806; x_wconf 85' lang='lat' dir='ltr'><strong>Hoc</strong></span> <span class='ocrx_word' id='word_1_245' title='bbox 3155 755 3292 807; x_wconf 90' lang='lat' dir='ltr'><strong>enim</strong></span> <span class='ocrx_word' id='word_1_246' title='bbox 3326 765 3460 808; x_wconf 87' lang='lat' dir='ltr'><strong>recte</strong></span> <span class='ocrx_word' id='word_1_247' title='bbox 3484 752 3689 807; x_wconf 75' lang='lat' dir='ltr'><strong>dicitur</strong></span> 
     </span>
    </p>
   </div>
   <div class='ocr_carea' id='block_1_32' title="bbox 2099 823 3689 894">
    <p class='ocr_par' dir='ltr' id='par_1_32' title="bbox 2099 823 3689 894">
     <span class='ocr_line' id='line_1_32' title="bbox 2099 823 3689 894; baseline 0.001 -18"><span class='ocrx_word' id='word_1_248' title='bbox 2099 834 2308 894; x_wconf 68' lang='lat' dir='ltr'><strong>propter</strong></span> <span class='ocrx_word' id='word_1_249' title='bbox 2340 823 2633 894; x_wconf 72' lang='lat' dir='ltr'><strong>propriunt</strong></span> <span class='ocrx_word' id='word_1_250' title='bbox 2661 824 2912 894; x_wconf 74' lang='lat' dir='ltr'><strong>cujusque</strong></span> <span class='ocrx_word' id='word_1_251' title='bbox 2953 834 3252 892; x_wconf 86' lang='lat' dir='ltr'><strong>peccatum;</strong></span> <span class='ocrx_word' id='word_1_252' title='bbox 3312 840 3415 877; x_wconf 88' lang='lat' dir='ltr'><strong>non</strong></span> <span class='ocrx_word' id='word_1_253' title='bbox 3472 836 3689 894; x_wconf 74' lang='lat' dir='ltr'><strong>propter</strong></span> 
     </span>
    </p>
   </div>
   <div class='ocr_carea' id='block_1_33' title="bbox 2097 889 3682 966">
    <p class='ocr_par' dir='ltr' id='par_1_33' title="bbox 2097 889 3682 966">
     <span class='ocr_line' id='line_1_33' title="bbox 2097 889 3682 966; baseline 0.001 -21"><span class='ocrx_word' id='word_1_254' title='bbox 2097 889 2254 966; x_wconf 66' lang='lat' dir='ltr'><strong>primi</strong></span> <span class='ocrx_word' id='word_1_255' title='bbox 2278 889 2394 966; x_wconf 51' lang='grc' dir='ltr'><strong>[σιν</strong></span> <span class='ocrx_word' id='word_1_256' title='bbox 2429 889 2690 966; x_wconf 81' lang='lat' dir='ltr'><strong>parentis]</strong></span> <span class='ocrx_word' id='word_1_257' title='bbox 2718 889 2914 966; x_wconf 71' lang='lat' dir='ltr'><strong>peccati</strong></span> <span class='ocrx_word' id='word_1_258' title='bbox 2937 889 3191 962; x_wconf 74' lang='lat' dir='ltr'><strong>originale</strong></span> <span class='ocrx_word' id='word_1_259' title='bbox 3215 889 3514 966; x_wconf 65' lang='lat' dir='ltr'><strong>contagium</strong></span> <span class='ocrx_word' id='word_1_260' title='bbox 3556 892 3682 966; x_wconf 42' lang='grc' dir='ltr'><strong>[σιξ.</strong></span> 
     </span>
    </p>
   </div>
   <div class='ocr_carea' id='block_1_34' title="bbox 2099 961 3683 1034">
    <p class='ocr_par' dir='ltr' id='par_1_34' title="bbox 2099 961 3683 1034">
     <span class='ocr_line' id='line_1_34' title="bbox 2099 961 3683 1034; baseline 0 -18"><span class='ocrx_word' id='word_1_261' title='bbox 2099 961 2376 1034; x_wconf 80' lang='lat' dir='ltr'><strong>delictum]</strong></span> <span class='ocrx_word' id='word_1_262' title='bbox 2412 961 2441 1015; x_wconf 28' lang='grc' dir='ltr'><strong>εί</strong></span> <span class='ocrx_word' id='word_1_263' title='bbox 2461 964 2598 1032; x_wconf 86' lang='lat' dir='ltr'><strong>quod</strong></span> <span class='ocrx_word' id='word_1_264' title='bbox 2630 961 2688 1034; x_wconf 69' lang='lat' dir='ltr'><strong>si</strong></span> <span class='ocrx_word' id='word_1_265' title='bbox 2721 964 2922 1034; x_wconf 81' lang='lat' dir='ltr'><strong>nullum</strong></span> <span class='ocrx_word' id='word_1_266' title='bbox 2949 961 3076 1034; x_wconf 77' lang='lat' dir='ltr'><strong>esset</strong></span> <span class='ocrx_word' id='word_1_267' title='bbox 3114 963 3346 1032; x_wconf 75' lang='lat' dir='ltr'><strong>profecto</strong></span> <span class='ocrx_word' id='word_1_268' title='bbox 3376 961 3509 1016; x_wconf 82' lang='lat' dir='ltr'><strong>nulli</strong></span> <span class='ocrx_word' id='word_1_269' title='bbox 3539 961 3683 1016; x_wconf 71' lang='lat' dir='ltr'><strong>malo</strong></span> 
     </span>
    </p>
   </div>
   <div class='ocr_carea' id='block_1_35' title="bbox 2100 1032 3679 1102">
    <p class='ocr_par' dir='ltr' id='par_1_35' title="bbox 2100 1032 3679 1102">
     <span class='ocr_line' id='line_1_35' title="bbox 2100 1032 3679 1102; baseline 0.001 -18"><span class='ocrx_word' id='word_1_270' title='bbox 2100 1032 2307 1102; x_wconf 82' lang='lat' dir='ltr'><strong>parvuli</strong></span> <span class='ocrx_word' id='word_1_271' title='bbox 2332 1032 2588 1102; x_wconf 79' lang='lat' dir='ltr'><strong>obstricti,</strong></span> <span class='ocrx_word' id='word_1_272' title='bbox 2613 1033 2741 1086; x_wconf 89' lang='lat' dir='ltr'><strong>nihil</strong></span> <span class='ocrx_word' id='word_1_273' title='bbox 2771 1032 2896 1084; x_wconf 87' lang='lat' dir='ltr'><strong>mali</strong></span> <span class='ocrx_word' id='word_1_274' title='bbox 2933 1032 3008 1085; x_wconf 85' lang='lat' dir='ltr'><strong>vel</strong></span> <span class='ocrx_word' id='word_1_275' title='bbox 3035 1032 3089 1084; x_wconf 89' lang='lat' dir='ltr'><strong>in</strong></span> <span class='ocrx_word' id='word_1_276' title='bbox 3119 1049 3354 1100; x_wconf 90' lang='lat' dir='ltr'><strong>corpore,</strong></span> <span class='ocrx_word' id='word_1_277' title='bbox 3380 1035 3454 1086; x_wconf 69' lang='lat' dir='ltr'><strong>uel</strong></span> <span class='ocrx_word' id='word_1_278' title='bbox 3478 1035 3532 1086; x_wconf 90' lang='lat' dir='ltr'><strong>in</strong></span> <span class='ocrx_word' id='word_1_279' title='bbox 3560 1035 3679 1086; x_wconf 79' lang='lat' dir='ltr'><strong>ani-</strong></span> 
     </span>
    </p>
   </div>
   <div class='ocr_carea' id='block_1_36' title="bbox 2095 1101 3685 1171">
    <p class='ocr_par' dir='ltr' id='par_1_36' title="bbox 2095 1101 3685 1171">
     <span class='ocr_line' id='line_1_36' title="bbox 2095 1101 3685 1171; baseline 0.003 -17"><span class='ocrx_word' id='word_1_280' title='bbox 2095 1117 2202 1166; x_wconf 87' lang='lat' dir='ltr'><strong>ma,</strong></span> <span class='ocrx_word' id='word_1_281' title='bbox 2231 1103 2324 1154; x_wconf 89' lang='lat' dir='ltr'><strong>sub</strong></span> <span class='ocrx_word' id='word_1_282' title='bbox 2351 1111 2499 1155; x_wconf 88' lang='lat' dir='ltr'><strong>tanta</strong></span> <span class='ocrx_word' id='word_1_283' title='bbox 2517 1101 2652 1171; x_wconf 83' lang='lat' dir='ltr'><strong>justi</strong></span> <span class='ocrx_word' id='word_1_284' title='bbox 2679 1102 2775 1155; x_wconf 90' lang='lat' dir='ltr'><strong>Dei</strong></span> <span class='ocrx_word' id='word_1_285' title='bbox 2793 1112 3041 1170; x_wconf 81' lang='lat' dir='ltr'><strong>potestate</strong></span> <span class='ocrx_word' id='word_1_286' title='bbox 3059 1113 3330 1170; x_wconf 87' lang='lat' dir='ltr'><strong>parentur.</strong></span> <span class='ocrx_word' id='word_1_287' title='bbox 3362 1103 3492 1158; x_wconf 82' lang='lat' dir='ltr'><strong>V&#39;ide</strong></span> <span class='ocrx_word' id='word_1_288' title='bbox 3517 1103 3571 1157; x_wconf 92' lang='lat' dir='ltr'><strong>in</strong></span> <span class='ocrx_word' id='word_1_289' title='bbox 3594 1104 3685 1158; x_wconf 82' lang='lat' dir='ltr'><strong>bis</strong></span> 
     </span>
    </p>
   </div>
   <div class='ocr_carea' id='block_1_37' title="bbox 2094 1171 3681 1242">
    <p class='ocr_par' dir='ltr' id='par_1_37' title="bbox 2094 1171 3681 1242">
     <span class='ocr_line' id='line_1_37' title="bbox 2094 1171 3681 1242; baseline 0.001 -17"><span class='ocrx_word' id='word_1_290' title='bbox 2094 1173 2295 1235; x_wconf 88' lang='lat' dir='ltr'><strong>verbis,</strong></span> <span class='ocrx_word' id='word_1_291' title='bbox 2327 1174 2561 1242; x_wconf 86' lang='lat' dir='ltr'><strong>prudens</strong></span> <span class='ocrx_word' id='word_1_292' title='bbox 2583 1171 2771 1236; x_wconf 89' lang='lat' dir='ltr'><strong>lector,</strong></span> <span class='ocrx_word' id='word_1_293' title='bbox 2806 1173 2944 1226; x_wconf 90' lang='lat' dir='ltr'><strong>hanc</strong></span> <span class='ocrx_word' id='word_1_294' title='bbox 2974 1173 3263 1226; x_wconf 82' lang='lat' dir='ltr'><strong>maximam</strong></span> <span class='ocrx_word' id='word_1_295' title='bbox 3296 1171 3574 1228; x_wconf 89' lang='lat' dir='ltr'><strong>incurrere</strong></span> <span class='ocrx_word' id='word_1_296' title='bbox 3608 1191 3621 1225; x_wconf 94' lang='lat'>:</span> <span class='ocrx_word' id='word_1_297' title='bbox 3649 1190 3681 1227; x_wconf 86' lang='lat' dir='ltr'><strong>a</strong></span> 
     </span>
    </p>
   </div>
   <div class='ocr_carea' id='block_1_38' title="bbox 2095 1243 3681 1312">
    <p class='ocr_par' dir='ltr' id='par_1_38' title="bbox 2095 1243 3681 1312">
     <span class='ocr_line' id='line_1_38' title="bbox 2095 1243 3681 1312; baseline 0.003 -20"><span class='ocrx_word' id='word_1_298' title='bbox 2095 1255 2417 1312; x_wconf 90' lang='lat' dir='ltr'><strong>quocunque</strong></span> <span class='ocrx_word' id='word_1_299' title='bbox 2466 1251 2775 1296; x_wconf 79' lang='lat' dir='ltr'><strong>removetur</strong></span> <span class='ocrx_word' id='word_1_300' title='bbox 2823 1258 2980 1311; x_wconf 58' lang='lat' dir='ltr'><strong>paena</strong></span> <span class='ocrx_word' id='word_1_301' title='bbox 3025 1243 3254 1311; x_wconf 88' lang='lat' dir='ltr'><strong>peccati.</strong></span> <span class='ocrx_word' id='word_1_302' title='bbox 3297 1243 3362 1298; x_wconf 87' lang='lat' dir='ltr'><strong>ab</strong></span> <span class='ocrx_word' id='word_1_303' title='bbox 3401 1243 3593 1298; x_wconf 90' lang='lat' dir='ltr'><strong>eodem</strong></span> <span class='ocrx_word' id='word_1_304' title='bbox 3624 1253 3681 1296; x_wconf 83' lang='lat' dir='ltr'><strong>et</strong></span> 
     </span>
    </p>
   </div>
   <div class='ocr_carea' id='block_1_39' title="bbox 2093 1313 3680 1382">
    <p class='ocr_par' dir='ltr' id='par_1_39' title="bbox 2093 1313 3680 1382">
     <span class='ocr_line' id='line_1_39' title="bbox 2093 1313 3680 1382; baseline 0.002 -19"><span class='ocrx_word' id='word_1_305' title='bbox 2093 1322 2379 1380; x_wconf 85' lang='lat' dir='ltr'><strong>peccatum</strong></span> <span class='ocrx_word' id='word_1_306' title='bbox 2424 1321 2749 1374; x_wconf 81' lang='lat' dir='ltr'><strong>removetur,</strong></span> <span class='ocrx_word' id='word_1_307' title='bbox 2786 1322 2840 1366; x_wconf 90' lang='lat' dir='ltr'><strong>et</strong></span> <span class='ocrx_word' id='word_1_308' title='bbox 2871 1328 2975 1366; x_wconf 91' lang='lat' dir='ltr'><strong>non</strong></span> <span class='ocrx_word' id='word_1_309' title='bbox 3020 1313 3374 1367; x_wconf 69' lang='lat' dir='ltr'><strong>convertitur.</strong></span> <span class='ocrx_word' id='word_1_310' title='bbox 3407 1313 3450 1366; x_wconf 81' lang='grc' dir='ltr'><strong>Α</strong></span> <span class='ocrx_word' id='word_1_311' title='bbox 3479 1313 3680 1382; x_wconf 84' lang='lat' dir='ltr'><strong>quibus</strong></span> 
     </span>
    </p>
   </div>
   <div class='ocr_carea' id='block_1_40' title="bbox 2093 1381 3677 1451">
    <p class='ocr_par' dir='ltr' id='par_1_40' title="bbox 2093 1381 3677 1451">
     <span class='ocr_line' id='line_1_40' title="bbox 2093 1381 3677 1451; baseline 0.001 -17"><span class='ocrx_word' id='word_1_312' title='bbox 2093 1395 2222 1450; x_wconf 84' lang='lat' dir='ltr'><strong>ergo</strong></span> <span class='ocrx_word' id='word_1_313' title='bbox 2253 1381 2492 1450; x_wconf 73' lang='lat' dir='ltr'><strong>parvulis</strong></span> <span class='ocrx_word' id='word_1_314' title='bbox 2533 1392 2772 1436; x_wconf 84' lang='lat' dir='ltr'><strong>removet</strong></span> <span class='ocrx_word' id='word_1_315' title='bbox 2815 1383 2868 1436; x_wconf 88' lang='lat' dir='ltr'><strong>in</strong></span> <span class='ocrx_word' id='word_1_316' title='bbox 2899 1397 3123 1450; x_wconf 87' lang='lat' dir='ltr'><strong>corpore</strong></span> <span class='ocrx_word' id='word_1_317' title='bbox 3157 1390 3212 1436; x_wconf 84' lang='lat' dir='ltr'><strong>et</strong></span> <span class='ocrx_word' id='word_1_318' title='bbox 3249 1383 3426 1437; x_wconf 88' lang='lat' dir='ltr'><strong>anima</strong></span> <span class='ocrx_word' id='word_1_319' title='bbox 3467 1381 3677 1451; x_wconf 63' lang='lat' dir='ltr'><strong>pectuati</strong></span> 
     </span>
    </p>
   </div>
   <div class='ocr_carea' id='block_1_41' title="bbox 2092 1451 3684 1524">
    <p class='ocr_par' dir='ltr' id='par_1_41' title="bbox 2092 1451 3684 1524">
     <span class='ocr_line' id='line_1_41' title="bbox 2092 1451 3684 1524; baseline 0.001 -18"><span class='ocrx_word' id='word_1_320' title='bbox 2092 1465 2306 1520; x_wconf 61' lang='lat' dir='ltr'><strong>prunam</strong></span> <span class='ocrx_word' id='word_1_321' title='bbox 2331 1451 2681 1522; x_wconf 83' lang='lat' dir='ltr'><strong>Augustinus,</strong></span> <span class='ocrx_word' id='word_1_322' title='bbox 2714 1453 2861 1524; x_wconf 89' lang='lat' dir='ltr'><strong>prius</strong></span> <span class='ocrx_word' id='word_1_323' title='bbox 2887 1455 2956 1508; x_wconf 89' lang='lat' dir='ltr'><strong>ab</strong></span> <span class='ocrx_word' id='word_1_324' title='bbox 2979 1454 3058 1507; x_wconf 92' lang='lat' dir='ltr'><strong>eis</strong></span> <span class='ocrx_word' id='word_1_325' title='bbox 3087 1454 3353 1524; x_wconf 82' lang='lat' dir='ltr'><strong>removeri</strong></span> <span class='ocrx_word' id='word_1_326' title='bbox 3381 1453 3534 1507; x_wconf 84' lang='lat' dir='ltr'><strong>docet</strong></span> <span class='ocrx_word' id='word_1_327' title='bbox 3559 1468 3684 1522; x_wconf 89' lang='lat' dir='ltr'><strong>pec-</strong></span> 
     </span>
    </p>
   </div>
   <div class='ocr_carea' id='block_1_42' title="bbox 2092 1522 3680 1594">
    <p class='ocr_par' dir='ltr' id='par_1_42' title="bbox 2092 1522 3680 1594">
     <span class='ocr_line' id='line_1_42' title="bbox 2092 1522 3680 1594; baseline 0.001 -18"><span class='ocrx_word' id='word_1_328' title='bbox 2092 1532 2272 1576; x_wconf 90' lang='lat' dir='ltr'><strong>catum</strong></span> <span class='ocrx_word' id='word_1_329' title='bbox 2301 1537 2461 1594; x_wconf 91' lang='lat' dir='ltr'><strong>om_ne</strong></span> <span class='ocrx_word' id='word_1_330' title='bbox 2503 1531 2556 1576; x_wconf 91' lang='lat' dir='ltr'><strong>et</strong></span> <span class='ocrx_word' id='word_1_331' title='bbox 2582 1522 2887 1594; x_wconf 80' lang='lat' dir='ltr'><strong>contagium</strong></span> <span class='ocrx_word' id='word_1_332' title='bbox 2919 1524 3152 1593; x_wconf 86' lang='lat' dir='ltr'><strong>peccati.</strong></span> <span class='ocrx_word' id='word_1_333' title='bbox 3181 1522 3262 1577; x_wconf 91' lang='lat' dir='ltr'><strong>Illi</strong></span> <span class='ocrx_word' id='word_1_334' title='bbox 3293 1538 3423 1592; x_wconf 80' lang='lat' dir='ltr'><strong>ergo</strong></span> <span class='ocrx_word' id='word_1_335' title='bbox 3450 1539 3557 1594; x_wconf 82' lang='lat' dir='ltr'><strong>non</strong></span> <span class='ocrx_word' id='word_1_336' title='bbox 3589 1539 3680 1578; x_wconf 80' lang='lat' dir='ltr'><strong>es-</strong></span> 
     </span>
    </p>
   </div>
   <div class='ocr_carea' id='block_1_43' title="bbox 2091 1592 3677 1664">
    <p class='ocr_par' dir='ltr' id='par_1_43' title="bbox 2091 1592 3677 1664">
     <span class='ocr_line' id='line_1_43' title="bbox 2091 1592 3677 1664; baseline 0.001 -18"><span class='ocrx_word' id='word_1_337' title='bbox 2091 1603 2213 1646; x_wconf 87' lang='lat' dir='ltr'><strong>sent</strong></span> <span class='ocrx_word' id='word_1_338' title='bbox 2239 1607 2340 1646; x_wconf 90' lang='lat' dir='ltr'><strong>nec</strong></span> <span class='ocrx_word' id='word_1_339' title='bbox 2372 1592 2530 1657; x_wconf 92' lang='lat' dir='ltr'><strong>Deus,</strong></span> <span class='ocrx_word' id='word_1_340' title='bbox 2558 1607 2656 1648; x_wconf 87' lang='lat' dir='ltr'><strong>nec</strong></span> <span class='ocrx_word' id='word_1_341' title='bbox 2684 1592 2790 1656; x_wconf 41' lang='lat' dir='ltr'><strong>dii“;</strong></span> <span class='ocrx_word' id='word_1_342' title='bbox 2823 1602 2879 1648; x_wconf 93' lang='lat' dir='ltr'><strong>et</strong></span> <span class='ocrx_word' id='word_1_343' title='bbox 2904 1592 3079 1646; x_wconf 87' lang='lat' dir='ltr'><strong>tamen</strong></span> <span class='ocrx_word' id='word_1_344' title='bbox 3109 1603 3349 1664; x_wconf 82' lang='lat' dir='ltr'><strong>possent,</strong></span> <span class='ocrx_word' id='word_1_345' title='bbox 3381 1595 3425 1646; x_wconf 91' lang='lat' dir='ltr'><strong>si</strong></span> <span class='ocrx_word' id='word_1_346' title='bbox 3457 1592 3677 1660; x_wconf 86' lang='lat' dir='ltr'><strong>vellent,</strong></span> 
     </span>
    </p>
   </div>
   <div class='ocr_carea' id='block_1_44' title="bbox 2091 1663 3677 1734">
    <p class='ocr_par' dir='ltr' id='par_1_44' title="bbox 2091 1663 3677 1734">
     <span class='ocr_line' id='line_1_44' title="bbox 2091 1663 3677 1734; baseline 0.001 -20"><span class='ocrx_word' id='word_1_347' title='bbox 2091 1676 2196 1734; x_wconf 73' lang='lat' dir='ltr'><strong>non</strong></span> <span class='ocrx_word' id='word_1_348' title='bbox 2245 1677 2492 1730; x_wconf 88' lang='lat' dir='ltr'><strong>peccare,</strong></span> <span class='ocrx_word' id='word_1_349' title='bbox 2543 1671 2598 1717; x_wconf 90' lang='lat' dir='ltr'><strong>et</strong></span> <span class='ocrx_word' id='word_1_350' title='bbox 2631 1663 2953 1734; x_wconf 75' lang='lat' dir='ltr'><strong>confirmati</strong></span> <span class='ocrx_word' id='word_1_351' title='bbox 2985 1663 3119 1734; x_wconf 84' lang='lat' dir='ltr'><strong>non</strong></span> <span class='ocrx_word' id='word_1_352' title='bbox 3155 1674 3375 1734; x_wconf 87' lang='lat' dir='ltr'><strong>possent</strong></span> <span class='ocrx_word' id='word_1_353' title='bbox 3427 1677 3677 1732; x_wconf 89' lang='lat' dir='ltr'><strong>peccare.</strong></span> 
     </span>
    </p>
   </div>
   <div class='ocr_carea' id='block_1_45' title="bbox 2091 1730 3679 1804">
    <p class='ocr_par' dir='ltr' id='par_1_45' title="bbox 2091 1730 3679 1804">
     <span class='ocr_line' id='line_1_45' title="bbox 2091 1730 3679 1804; baseline 0.001 -20"><span class='ocrx_word' id='word_1_354' title='bbox 2091 1730 2258 1804; x_wconf 81' lang='lat' dir='ltr'><strong>Recte</strong></span> <span class='ocrx_word' id='word_1_355' title='bbox 2285 1746 2414 1802; x_wconf 88' lang='lat' dir='ltr'><strong>ergo</strong></span> <span class='ocrx_word' id='word_1_356' title='bbox 2441 1741 2505 1804; x_wconf 74' lang='lat' dir='ltr'><strong>et</strong></span> <span class='ocrx_word' id='word_1_357' title='bbox 2531 1732 2813 1804; x_wconf 86' lang='lat' dir='ltr'><strong>verissime</strong></span> <span class='ocrx_word' id='word_1_358' title='bbox 2834 1730 3299 1804; x_wconf 48' lang='lat' dir='ltr'><strong>Anselmusfquia</strong></span> <span class='ocrx_word' id='word_1_359' title='bbox 3328 1730 3452 1788; x_wconf 83' lang='lat' dir='ltr'><strong>cum</strong></span> <span class='ocrx_word' id='word_1_360' title='bbox 3492 1749 3570 1804; x_wconf 90' lang='lat' dir='ltr'><strong>eo_</strong></span> <span class='ocrx_word' id='word_1_361' title='bbox 3597 1743 3679 1786; x_wconf 87' lang='lat' dir='ltr'><strong>est</strong></span> 
     </span>
    </p>
   </div>
   <div class='ocr_carea' id='block_1_46' title="bbox 2099 1801 3680 1876">
    <p class='ocr_par' dir='ltr' id='par_1_46' title="bbox 2099 1801 3680 1876">
     <span class='ocr_line' id='line_1_46' title="bbox 2099 1801 3680 1876; baseline 0.003 -23"><span class='ocrx_word' id='word_1_362' title='bbox 2099 1801 2320 1876; x_wconf 80' lang='lat' dir='ltr'><strong>veritas,</strong></span> <span class='ocrx_word' id='word_1_363' title='bbox 2349 1801 2402 1856; x_wconf 86' lang='lat' dir='ltr'><strong>et</strong></span> <span class='ocrx_word' id='word_1_364' title='bbox 2434 1801 2585 1876; x_wconf 79' lang='lat' dir='ltr'><strong>tilias</strong></span> <span class='ocrx_word' id='word_1_365' title='bbox 2607 1803 2852 1858; x_wconf 84' lang='lat' dir='ltr'><strong>veritatis</strong></span> <span class='ocrx_word' id='word_1_366' title='bbox 2879 1801 3209 1875; x_wconf 78' lang='lat' dir='ltr'><strong>Augustinus</strong></span> <span class='ocrx_word' id='word_1_367' title='bbox 3233 1812 3526 1861; x_wconf 86' lang='lat' dir='ltr'><strong>senserunt</strong></span> <span class='ocrx_word' id='word_1_368' title='bbox 3558 1801 3680 1875; x_wconf 85' lang='lat' dir='ltr'><strong>[al.,</strong></span> 
     </span>
    </p>
   </div>
   <div class='ocr_carea' id='block_1_47' title="bbox 2094 1871 2608 1944">
    <p class='ocr_par' dir='ltr' id='par_1_47' title="bbox 2094 1871 2608 1944">
     <span class='ocr_line' id='line_1_47' title="bbox 2094 1871 2608 1944; baseline 0.004 -20"><span class='ocrx_word' id='word_1_369' title='bbox 2094 1871 2238 1924; x_wconf 85' lang='lat' dir='ltr'><strong>omit.</strong></span> <span class='ocrx_word' id='word_1_370' title='bbox 2276 1872 2608 1944; x_wconf 83' lang='lat' dir='ltr'><strong>senserunt].</strong></span> 
     </span>
    </p>
   </div>
   <div class='ocr_carea' id='block_1_48' title="bbox 518 2111 3158 2140">
    <p class='ocr_par' dir='ltr' id='par_1_48' title="bbox 518 2111 3158 2140">
     <span class='ocr_line' id='line_1_48' title="bbox 518 2111 3158 2140; baseline 0.002 -18"><span class='ocrx_word' id='word_1_371' title='bbox 518 2111 3158 2140; x_wconf 52' lang='lat' dir='ltr'><strong>WW—</strong></span> 
     </span>
    </p>
   </div>
   <div class='ocr_carea' id='block_1_49' title="bbox 1250 2242 2861 2366">
    <p class='ocr_par' dir='ltr' id='par_1_49' title="bbox 1250 2242 2861 2366">
     <span class='ocr_line' id='line_1_49' title="bbox 1250 2242 2861 2366; baseline 0.003 -7"><span class='ocrx_word' id='word_1_372' title='bbox 1250 2242 1922 2362; x_wconf 73' lang='lat' dir='ltr'><strong>SANGTI</strong></span> <span class='ocrx_word' id='word_1_373' title='bbox 2037 2249 2861 2366; x_wconf 73' lang='lat' dir='ltr'><strong>ANSELMI</strong></span> 
     </span>
    </p>
   </div>
   <div class='ocr_carea' id='block_1_50' title="bbox 879 2464 2008 2601">
    <p class='ocr_par' dir='ltr' id='par_1_50' title="bbox 879 2476 2008 2594">
     <span class='ocr_line' id='line_1_50' title="bbox 879 2476 2008 2594; baseline 0.004 -5"><span class='ocrx_word' id='word_1_374' title='bbox 879 2476 1712 2594; x_wconf 87' lang='lat' dir='ltr'><strong>DIALOGUS</strong></span> <span class='ocrx_word' id='word_1_375' title='bbox 1852 2481 2008 2594; x_wconf 89' lang='lat' dir='ltr'><strong>DI</strong></span> 
     </span>
    </p>
   </div>
   <div class='ocr_carea' id='block_1_51' title="bbox 2093 2464 3176 2601">
    <p class='ocr_par' dir='ltr' id='par_1_51' title="bbox 2168 2464 3176 2601">
     <span class='ocr_line' id='line_1_51' title="bbox 2168 2464 3176 2601; baseline -0.003 0"><span class='ocrx_word' id='word_1_376' title='bbox 2168 2464 3176 2601; x_wconf 54' lang='lat' dir='ltr'><strong>VERITATEM</strong></span> 
     </span>
    </p>
   </div>
   <div class='ocr_carea' id='block_1_52' title="bbox 901 2809 1807 2883">
    <p class='ocr_par' dir='ltr' id='par_1_52' title="bbox 901 2809 1807 2883">
     <span class='ocr_line' id='line_1_52' title="bbox 901 2809 1807 2883; baseline 0.004 -17"><span class='ocrx_word' id='word_1_377' title='bbox 901 2809 1062 2882; x_wconf 79' lang='lat'><strong>109</strong></span> <span class='ocrx_word' id='word_1_378' title='bbox 1099 2809 1483 2870; x_wconf 82' lang='lat' dir='ltr'><strong>PROLOGUS.</strong></span> <span class='ocrx_word' id='word_1_379' title='bbox 1804 2881 1807 2883; x_wconf 97' lang='lat'><em>_</em></span> 
     </span>
    </p>
   </div>
   <div class='ocr_carea' id='block_1_53' title="bbox 478 2902 1986 2972">
    <p class='ocr_par' dir='ltr' id='par_1_53' title="bbox 478 2902 1986 2972">
     <span class='ocr_line' id='line_1_53' title="bbox 478 2902 1986 2972; baseline 0.005 -15"><span class='ocrx_word' id='word_1_380' title='bbox 478 2902 611 2959; x_wconf 79' lang='lat' dir='ltr'><strong>Tres</strong></span> <span class='ocrx_word' id='word_1_381' title='bbox 640 2910 901 2958; x_wconf 82' lang='lat' dir='ltr'><strong>tractatus</strong></span> <span class='ocrx_word' id='word_1_382' title='bbox 928 2902 1260 2972; x_wconf 89' lang='lat' dir='ltr'><strong>pertinentes</strong></span> <span class='ocrx_word' id='word_1_383' title='bbox 1288 2904 1355 2961; x_wconf 90' lang='lat' dir='ltr'><strong>ad</strong></span> <span class='ocrx_word' id='word_1_384' title='bbox 1381 2907 1617 2962; x_wconf 88' lang='lat' dir='ltr'><strong>studium</strong></span> <span class='ocrx_word' id='word_1_385' title='bbox 1643 2923 1810 2964; x_wconf 65' lang='lat' dir='ltr'><strong>sacra:</strong></span> <span class='ocrx_word' id='word_1_386' title='bbox 1833 2909 1986 2964; x_wconf 79' lang='lat' dir='ltr'><strong>Scri-</strong></span> 
     </span>
    </p>
   </div>
   <div class='ocr_carea' id='block_1_54' title="bbox 405 2993 1988 3068">
    <p class='ocr_par' dir='ltr' id='par_1_54' title="bbox 405 2993 1988 3068">
     <span class='ocr_line' id='line_1_54' title="bbox 405 2993 1988 3068; baseline 0.005 -20"><span class='ocrx_word' id='word_1_387' title='bbox 405 3005 579 3064; x_wconf 71' lang='lat' dir='ltr'><strong>pturze</strong></span> <span class='ocrx_word' id='word_1_388' title='bbox 607 2994 876 3064; x_wconf 87' lang='lat' dir='ltr'><strong>quondam</strong></span> <span class='ocrx_word' id='word_1_389' title='bbox 901 2993 1003 3048; x_wconf 91' lang='lat' dir='ltr'><strong>feci</strong></span> <span class='ocrx_word' id='word_1_390' title='bbox 1033 2995 1262 3051; x_wconf 87' lang='lat' dir='ltr'><strong>diversis</strong></span> <span class='ocrx_word' id='word_1_391' title='bbox 1289 2997 1644 3068; x_wconf 87' lang='lat' dir='ltr'><strong>temporibus,</strong></span> <span class='ocrx_word' id='word_1_392' title='bbox 1676 2999 1988 3056; x_wconf 89' lang='lat' dir='ltr'><strong>consimiles</strong></span> 
     </span>
    </p>
   </div>
   <div class='ocr_carea' id='block_1_55' title="bbox 406 3084 1987 3161">
    <p class='ocr_par' dir='ltr' id='par_1_55' title="bbox 406 3084 1987 3161">
     <span class='ocr_line' id='line_1_55' title="bbox 406 3084 1987 3161; baseline 0.004 -19"><span class='ocrx_word' id='word_1_393' title='bbox 406 3088 463 3142; x_wconf 83' lang='lat' dir='ltr'><strong>in</strong></span> <span class='ocrx_word' id='word_1_394' title='bbox 489 3087 592 3142; x_wconf 90' lang='lat' dir='ltr'><strong>hoc</strong></span> <span class='ocrx_word' id='word_1_395' title='bbox 619 3087 745 3158; x_wconf 89' lang='lat' dir='ltr'><strong>quia</strong></span> <span class='ocrx_word' id='word_1_396' title='bbox 765 3084 895 3143; x_wconf 86' lang='lat' dir='ltr'><strong>facti</strong></span> <span class='ocrx_word' id='word_1_397' title='bbox 919 3095 1044 3142; x_wconf 90' lang='lat' dir='ltr'><strong>sunt</strong></span> <span class='ocrx_word' id='word_1_398' title='bbox 1065 3102 1161 3158; x_wconf 91' lang='lat' dir='ltr'><strong>per</strong></span> <span class='ocrx_word' id='word_1_399' title='bbox 1188 3088 1664 3161; x_wconf 88' lang='lat' dir='ltr'><strong>interrogationem</strong></span> <span class='ocrx_word' id='word_1_400' title='bbox 1689 3101 1744 3146; x_wconf 87' lang='lat' dir='ltr'><strong>et</strong></span> <span class='ocrx_word' id='word_1_401' title='bbox 1765 3107 1987 3161; x_wconf 87' lang='lat' dir='ltr'><strong>respon-</strong></span> 
     </span>
    </p>
   </div>
   <div class='ocr_carea' id='block_1_56' title="bbox 401 3178 1988 3252">
    <p class='ocr_par' dir='ltr' id='par_1_56' title="bbox 401 3178 1988 3252">
     <span class='ocr_line' id='line_1_56' title="bbox 401 3178 1988 3252; baseline 0.004 -20"><span class='ocrx_word' id='word_1_402' title='bbox 401 3178 644 3245; x_wconf 83' lang='lat' dir='ltr'><strong>sionem;</strong></span> <span class='ocrx_word' id='word_1_403' title='bbox 691 3186 746 3233; x_wconf 93' lang='lat' dir='ltr'><strong>et</strong></span> <span class='ocrx_word' id='word_1_404' title='bbox 797 3192 1030 3248; x_wconf 89' lang='lat' dir='ltr'><strong>persona</strong></span> <span class='ocrx_word' id='word_1_405' title='bbox 1079 3179 1464 3252; x_wconf 86' lang='lat' dir='ltr'><strong>interrogantis</strong></span> <span class='ocrx_word' id='word_1_406' title='bbox 1507 3181 1728 3238; x_wconf 90' lang='lat' dir='ltr'><strong>nomine</strong></span> <span class='ocrx_word' id='word_1_407' title='bbox 1767 3191 1988 3238; x_wconf 89' lang='lat' dir='ltr'><strong>notatur</strong></span> 
     </span>
    </p>
   </div>
   <div class='ocr_carea' id='block_1_57' title="bbox 403 3270 1982 3344">
    <p class='ocr_par' dir='ltr' id='par_1_57' title="bbox 403 3270 1982 3344">
     <span class='ocr_line' id='line_1_57' title="bbox 403 3270 1982 3344; baseline 0.004 -18"><span class='ocrx_word' id='word_1_408' title='bbox 403 3270 647 3343; x_wconf 86' lang='lat' dir='ltr'><strong>discipuli</strong></span> <span class='ocrx_word' id='word_1_409' title='bbox 686 3270 814 3337; x_wconf 65' lang='grc'><strong>⁸³⁸³,</strong></span> <span class='ocrx_word' id='word_1_410' title='bbox 863 3273 1237 3341; x_wconf 87' lang='lat' dir='ltr'><strong>respondentis</strong></span> <span class='ocrx_word' id='word_1_411' title='bbox 1282 3287 1410 3329; x_wconf 90' lang='lat' dir='ltr'><strong>vero</strong></span> <span class='ocrx_word' id='word_1_412' title='bbox 1454 3275 1672 3330; x_wconf 89' lang='lat' dir='ltr'><strong>nomine</strong></span> <span class='ocrx_word' id='word_1_413' title='bbox 1716 3276 1982 3344; x_wconf 84' lang='lat' dir='ltr'><strong>magistri.</strong></span> 
     </span>
    </p>
   </div>
   <div class='ocr_carea' id='block_1_58' title="bbox 403 3362 1984 3432">
    <p class='ocr_par' dir='ltr' id='par_1_58' title="bbox 403 3362 1984 3432">
     <span class='ocr_line' id='line_1_58' title="bbox 403 3362 1984 3432; baseline 0.004 -18"><span class='ocrx_word' id='word_1_414' title='bbox 403 3364 666 3430; x_wconf 91' lang='lat' dir='ltr'><strong>Quartum</strong></span> <span class='ocrx_word' id='word_1_415' title='bbox 698 3362 866 3431; x_wconf 89' lang='lat' dir='ltr'><strong>enim,</strong></span> <span class='ocrx_word' id='word_1_416' title='bbox 897 3377 1058 3432; x_wconf 81' lang='lat' dir='ltr'><strong>quem</strong></span> <span class='ocrx_word' id='word_1_417' title='bbox 1102 3364 1266 3419; x_wconf 89' lang='lat' dir='ltr'><strong>simili</strong></span> <span class='ocrx_word' id='word_1_418' title='bbox 1292 3365 1452 3420; x_wconf 88' lang='lat' dir='ltr'><strong>modo</strong></span> <span class='ocrx_word' id='word_1_419' title='bbox 1480 3364 1643 3431; x_wconf 91' lang='lat' dir='ltr'><strong>edidi,</strong></span> <span class='ocrx_word' id='word_1_420' title='bbox 1670 3381 1777 3420; x_wconf 90' lang='lat' dir='ltr'><strong>non</strong></span> <span class='ocrx_word' id='word_1_421' title='bbox 1815 3366 1984 3420; x_wconf 92' lang='lat' dir='ltr'><strong>inuti-</strong></span> 
     </span>
    </p>
   </div>
   <div class='ocr_carea' id='block_1_59' title="bbox 404 3455 1984 3529">
    <p class='ocr_par' dir='ltr' id='par_1_59' title="bbox 404 3455 1984 3529">
     <span class='ocr_line' id='line_1_59' title="bbox 404 3455 1984 3529; baseline 0.004 -20"><span class='ocrx_word' id='word_1_422' title='bbox 404 3455 534 3522; x_wconf 85' lang='lat' dir='ltr'><strong>lem,</strong></span> <span class='ocrx_word' id='word_1_423' title='bbox 562 3464 621 3509; x_wconf 95' lang='lat' dir='ltr'><strong>ut</strong></span> <span class='ocrx_word' id='word_1_424' title='bbox 643 3465 792 3526; x_wconf 90' lang='lat' dir='ltr'><strong>puto,</strong></span> <span class='ocrx_word' id='word_1_425' title='bbox 847 3455 1251 3510; x_wconf 85' lang='lat' dir='ltr'><strong>introducendis</strong></span> <span class='ocrx_word' id='word_1_426' title='bbox 1301 3455 1367 3511; x_wconf 89' lang='lat' dir='ltr'><strong>ad</strong></span> <span class='ocrx_word' id='word_1_427' title='bbox 1418 3457 1780 3524; x_wconf 88' lang='lat' dir='ltr'><strong>dialecticam,</strong></span> <span class='ocrx_word' id='word_1_428' title='bbox 1832 3459 1984 3529; x_wconf 80' lang='lat' dir='ltr'><strong>cuius</strong></span> 
     </span>
    </p>
   </div>
   <div class='ocr_carea' id='block_1_60' title="bbox 401 3547 1982 3618">
    <p class='ocr_par' dir='ltr' id='par_1_60' title="bbox 401 3547 1982 3618">
     <span class='ocr_line' id='line_1_60' title="bbox 401 3547 1982 3618; baseline 0.003 -17"><span class='ocrx_word' id='word_1_429' title='bbox 401 3547 615 3602; x_wconf 85' lang='lat' dir='ltr'><strong>initium</strong></span> <span class='ocrx_word' id='word_1_430' title='bbox 641 3556 724 3603; x_wconf 91' lang='lat' dir='ltr'><strong>cst</strong></span> <span class='ocrx_word' id='word_1_431' title='bbox 752 3566 766 3602; x_wconf 89' lang='lat'><strong>:</strong></span> <span class='ocrx_word' id='word_1_432' title='bbox 805 3547 881 3602; x_wconf 90' lang='lat' dir='ltr'><strong>De</strong></span> <span class='ocrx_word' id='word_1_433' title='bbox 907 3549 1280 3618; x_wconf 83' lang='lat' dir='ltr'><strong>grammatico,</strong></span> <span class='ocrx_word' id='word_1_434' title='bbox 1319 3549 1575 3618; x_wconf 88' lang='lat' dir='ltr'><strong>quoniam</strong></span> <span class='ocrx_word' id='word_1_435' title='bbox 1610 3550 1678 3604; x_wconf 89' lang='lat' dir='ltr'><strong>ad</strong></span> <span class='ocrx_word' id='word_1_436' title='bbox 1707 3550 1982 3606; x_wconf 90' lang='lat' dir='ltr'><strong>diversum</strong></span> 
     </span>
    </p>
   </div>
   <div class='ocr_carea' id='block_1_61' title="bbox 401 3640 1986 3709">
    <p class='ocr_par' dir='ltr' id='par_1_61' title="bbox 401 3640 1986 3709">
     <span class='ocr_line' id='line_1_61' title="bbox 401 3640 1986 3709; baseline 0.004 -15"><span class='ocrx_word' id='word_1_437' title='bbox 401 3641 470 3697; x_wconf 88' lang='lat' dir='ltr'><strong>ab</strong></span> <span class='ocrx_word' id='word_1_438' title='bbox 499 3641 584 3696; x_wconf 88' lang='lat' dir='ltr'><strong>his</strong></span> <span class='ocrx_word' id='word_1_439' title='bbox 612 3640 784 3697; x_wconf 86' lang='lat' dir='ltr'><strong>tribus</strong></span> <span class='ocrx_word' id='word_1_440' title='bbox 825 3640 1059 3696; x_wconf 89' lang='lat' dir='ltr'><strong>studium</strong></span> <span class='ocrx_word' id='word_1_441' title='bbox 1090 3641 1345 3709; x_wconf 90' lang='lat' dir='ltr'><strong>pertinet,</strong></span> <span class='ocrx_word' id='word_1_442' title='bbox 1394 3641 1512 3698; x_wconf 86' lang='lat' dir='ltr'><strong>istis</strong></span> <span class='ocrx_word' id='word_1_443' title='bbox 1539 3641 1663 3699; x_wconf 93' lang='lat' dir='ltr'><strong>nolo</strong></span> <span class='ocrx_word' id='word_1_444' title='bbox 1691 3658 1986 3700; x_wconf 85' lang='lat' dir='ltr'><strong>connume-</strong></span> 
     </span>
    </p>
   </div>
   <div class='ocr_carea' id='block_1_62' title="bbox 403 3731 1986 3806">
    <p class='ocr_par' dir='ltr' id='par_1_62' title="bbox 403 3731 1986 3806">
     <span class='ocr_line' id='line_1_62' title="bbox 403 3731 1986 3806; baseline 0.001 -18"><span class='ocrx_word' id='word_1_445' title='bbox 403 3748 544 3788; x_wconf 89' lang='lat' dir='ltr'><strong>rare.</strong></span> <span class='ocrx_word' id='word_1_446' title='bbox 579 3731 730 3788; x_wconf 85' lang='lat' dir='ltr'><strong>Unus</strong></span> <span class='ocrx_word' id='word_1_447' title='bbox 761 3733 955 3788; x_wconf 91' lang='lat' dir='ltr'><strong>horum</strong></span> <span class='ocrx_word' id='word_1_448' title='bbox 987 3733 1149 3788; x_wconf 90' lang='lat' dir='ltr'><strong>trium</strong></span> <span class='ocrx_word' id='word_1_449' title='bbox 1178 3742 1261 3788; x_wconf 91' lang='lat' dir='ltr'><strong>est</strong></span> <span class='ocrx_word' id='word_1_450' title='bbox 1291 3733 1367 3790; x_wconf 92' lang='lat' dir='ltr'><strong>De</strong></span> <span class='ocrx_word' id='word_1_451' title='bbox 1394 3734 1625 3790; x_wconf 89' lang='lat' dir='ltr'><strong>veritate</strong></span> <span class='ocrx_word' id='word_1_452' title='bbox 1653 3753 1666 3789; x_wconf 92' lang='lat'><strong>:</strong></span> <span class='ocrx_word' id='word_1_453' title='bbox 1697 3737 1845 3806; x_wconf 89' lang='lat' dir='ltr'><strong>quid,</strong></span> <span class='ocrx_word' id='word_1_454' title='bbox 1879 3736 1986 3793; x_wconf 86' lang='lat' dir='ltr'><strong>sci-</strong></span> 
     </span>
    </p>
   </div>
   <div class='ocr_carea' id='block_1_63' title="bbox 401 3823 1985 3895">
    <p class='ocr_par' dir='ltr' id='par_1_63' title="bbox 401 3823 1985 3895">
     <span class='ocr_line' id='line_1_63' title="bbox 401 3823 1985 3895; baseline 0.002 -17"><span class='ocrx_word' id='word_1_455' title='bbox 401 3823 545 3887; x_wconf 89' lang='lat' dir='ltr'><strong>licet,</strong></span> <span class='ocrx_word' id='word_1_456' title='bbox 588 3824 658 3879; x_wconf 89' lang='lat' dir='ltr'><strong>sit</strong></span> <span class='ocrx_word' id='word_1_457' title='bbox 682 3825 906 3892; x_wconf 88' lang='lat' dir='ltr'><strong>veritas,</strong></span> <span class='ocrx_word' id='word_1_458' title='bbox 947 3834 1004 3880; x_wconf 89' lang='lat' dir='ltr'><strong>et</strong></span> <span class='ocrx_word' id='word_1_459' title='bbox 1031 3825 1084 3880; x_wconf 93' lang='lat' dir='ltr'><strong>in</strong></span> <span class='ocrx_word' id='word_1_460' title='bbox 1125 3825 1321 3895; x_wconf 91' lang='lat' dir='ltr'><strong>quibus</strong></span> <span class='ocrx_word' id='word_1_461' title='bbox 1348 3826 1510 3881; x_wconf 87' lang='lat' dir='ltr'><strong>rebus</strong></span> <span class='ocrx_word' id='word_1_462' title='bbox 1549 3826 1720 3882; x_wconf 86' lang='lat' dir='ltr'><strong>soleat</strong></span> <span class='ocrx_word' id='word_1_463' title='bbox 1763 3828 1898 3893; x_wconf 93' lang='lat' dir='ltr'><strong>dici;</strong></span> <span class='ocrx_word' id='word_1_464' title='bbox 1931 3837 1985 3883; x_wconf 89' lang='lat' dir='ltr'><strong>et</strong></span> 
     </span>
    </p>
   </div>
   <div class='ocr_carea' id='block_1_64' title="bbox 399 3915 1984 3989">
    <p class='ocr_par' dir='ltr' id='par_1_64' title="bbox 399 3915 1984 3989">
     <span class='ocr_line' id='line_1_64' title="bbox 399 3915 1984 3989; baseline 0.002 -17"><span class='ocrx_word' id='word_1_465' title='bbox 399 3917 526 3987; x_wconf 88' lang='lat' dir='ltr'><strong>quid</strong></span> <span class='ocrx_word' id='word_1_466' title='bbox 551 3918 621 3974; x_wconf 85' lang='lat' dir='ltr'><strong>sit</strong></span> <span class='ocrx_word' id='word_1_467' title='bbox 639 3915 872 3986; x_wconf 81' lang='lat' dir='ltr'><strong>jnstilia.</strong></span> <span class='ocrx_word' id='word_1_468' title='bbox 904 3916 1056 3973; x_wconf 84' lang='lat' dir='ltr'><strong>Alius</strong></span> <span class='ocrx_word' id='word_1_469' title='bbox 1080 3930 1207 3974; x_wconf 90' lang='lat' dir='ltr'><strong>vero</strong></span> <span class='ocrx_word' id='word_1_470' title='bbox 1237 3917 1311 3974; x_wconf 91' lang='lat' dir='ltr'><strong>De</strong></span> <span class='ocrx_word' id='word_1_471' title='bbox 1332 3917 1580 3974; x_wconf 84' lang='lat' dir='ltr'><strong>libertate</strong></span> <span class='ocrx_word' id='word_1_472' title='bbox 1600 3919 1831 3987; x_wconf 88' lang='lat' dir='ltr'><strong>arbitrii,</strong></span> <span class='ocrx_word' id='word_1_473' title='bbox 1856 3920 1984 3989; x_wconf 91' lang='lat' dir='ltr'><strong>quid</strong></span> 
     </span>
    </p>
   </div>
   <div class='ocr_carea' id='block_1_65' title="bbox 327 4015 1986 4084">
    <p class='ocr_par' dir='ltr' id='par_1_65' title="bbox 327 4015 1986 4084">
     <span class='ocr_line' id='line_1_65' title="bbox 327 4015 1986 4084; baseline 0.001 -16"><span class='ocrx_word' id='word_1_474' title='bbox 327 4066 338 4075; x_wconf 84' lang='grc'><em>,</em></span> <span class='ocrx_word' id='word_1_475' title='bbox 399 4015 492 4080; x_wconf 86' lang='lat' dir='ltr'><strong>sit,</strong></span> <span class='ocrx_word' id='word_1_476' title='bbox 517 4022 573 4068; x_wconf 91' lang='lat' dir='ltr'><strong>et</strong></span> <span class='ocrx_word' id='word_1_477' title='bbox 599 4023 780 4069; x_wconf 91' lang='lat' dir='ltr'><strong>utrum</strong></span> <span class='ocrx_word' id='word_1_478' title='bbox 799 4029 920 4070; x_wconf 90' lang='lat' dir='ltr'><strong>eam</strong></span> <span class='ocrx_word' id='word_1_479' title='bbox 949 4029 1164 4083; x_wconf 88' lang='lat' dir='ltr'><strong>semper</strong></span> <span class='ocrx_word' id='word_1_480' title='bbox 1191 4015 1389 4070; x_wconf 88' lang='lat' dir='ltr'><strong>habeat</strong></span> <span class='ocrx_word' id='word_1_481' title='bbox 1413 4015 1574 4070; x_wconf 90' lang='lat' dir='ltr'><strong>homo</strong></span> <span class='ocrx_word' id='word_1_482' title='bbox 1596 4031 1610 4080; x_wconf 94' lang='lat'><strong>;</strong></span> <span class='ocrx_word' id='word_1_483' title='bbox 1631 4023 1687 4070; x_wconf 91' lang='lat' dir='ltr'><strong>et</strong></span> <span class='ocrx_word' id='word_1_484' title='bbox 1711 4022 1847 4084; x_wconf 93' lang='lat' dir='ltr'><strong>quot</strong></span> <span class='ocrx_word' id='word_1_485' title='bbox 1875 4015 1986 4070; x_wconf 91' lang='lat' dir='ltr'><strong>sint</strong></span> 
     </span>
    </p>
   </div>
   <div class='ocr_carea' id='block_1_66' title="bbox 398 4105 2052 4192">
    <p class='ocr_par' dir='ltr' id='par_1_66' title="bbox 398 4105 2052 4192">
     <span class='ocr_line' id='line_1_66' title="bbox 398 4105 2052 4192; baseline 0.001 -33"><span class='ocrx_word' id='word_1_486' title='bbox 398 4105 515 4173; x_wconf 92' lang='lat' dir='ltr'><strong>ejus</strong></span> <span class='ocrx_word' id='word_1_487' title='bbox 545 4105 885 4162; x_wconf 88' lang='lat' dir='ltr'><strong>diversitates</strong></span> <span class='ocrx_word' id='word_1_488' title='bbox 921 4105 975 4159; x_wconf 93' lang='lat' dir='ltr'><strong>in</strong></span> <span class='ocrx_word' id='word_1_489' title='bbox 1008 4105 1388 4173; x_wconf 89' lang='lat' dir='ltr'><strong>habendo,&#39;_vel</strong></span> <span class='ocrx_word' id='word_1_490' title='bbox 1411 4121 1516 4162; x_wconf 86' lang='lat' dir='ltr'><strong>non</strong></span> <span class='ocrx_word' id='word_1_491' title='bbox 1545 4107 1792 4162; x_wconf 89' lang='lat' dir='ltr'><strong>habendo</strong></span> <span class='ocrx_word' id='word_1_492' title='bbox 1825 4107 1986 4162; x_wconf 89' lang='lat' dir='ltr'><strong>recti-</strong></span> <span class='ocrx_word' id='word_1_493' title='bbox 2012 4136 2052 4192; x_wconf 63' lang='grc' dir='ltr'>α</span> 
     </span>
    </p>
   </div>
   <div class='ocr_carea' id='block_1_67' title="bbox 401 4195 1979 4266">
    <p class='ocr_par' dir='ltr' id='par_1_67' title="bbox 401 4195 1979 4266">
     <span class='ocr_line' id='line_1_67' title="bbox 401 4195 1979 4266; baseline 0 -15"><span class='ocrx_word' id='word_1_494' title='bbox 401 4195 642 4252; x_wconf 78' lang='lat' dir='ltr'><strong>tudinem</strong></span> <span class='ocrx_word' id='word_1_495' title='bbox 689 4195 1006 4262; x_wconf 88' lang='lat' dir='ltr'><strong>voluntatis,</strong></span> <span class='ocrx_word' id='word_1_496' title='bbox 1059 4197 1127 4250; x_wconf 90' lang='lat' dir='ltr'><strong>ad</strong></span> <span class='ocrx_word' id='word_1_497' title='bbox 1158 4211 1321 4266; x_wconf 87' lang='lat' dir='ltr'><strong>quam</strong></span> <span class='ocrx_word' id='word_1_498' title='bbox 1368 4199 1690 4252; x_wconf 89' lang='lat' dir='ltr'><strong>servandam</strong></span> <span class='ocrx_word' id='word_1_499' title='bbox 1736 4207 1818 4253; x_wconf 91' lang='lat' dir='ltr'><strong>est</strong></span> <span class='ocrx_word' id='word_1_500' title='bbox 1855 4197 1979 4252; x_wconf 89' lang='lat' dir='ltr'><strong>data</strong></span> 
     </span>
    </p>
   </div>
   <div class='ocr_carea' id='block_1_68' title="bbox 397 4286 1984 4357">
    <p class='ocr_par' dir='ltr' id='par_1_68' title="bbox 397 4286 1984 4357">
     <span class='ocr_line' id='line_1_68' title="bbox 397 4286 1984 4357; baseline -0.003 -11"><span class='ocrx_word' id='word_1_501' title='bbox 397 4298 666 4346; x_wconf 71' lang='lat' dir='ltr'><strong>creaturas</strong></span> <span class='ocrx_word' id='word_1_502' title='bbox 711 4286 1002 4352; x_wconf 88' lang='lat' dir='ltr'><strong>rationali;</strong></span> <span class='ocrx_word' id='word_1_503' title='bbox 1034 4287 1088 4342; x_wconf 95' lang='lat' dir='ltr'><strong>in</strong></span> <span class='ocrx_word' id='word_1_504' title='bbox 1116 4301 1224 4357; x_wconf 90' lang='lat' dir='ltr'><strong>quo</strong></span> <span class='ocrx_word' id='word_1_505' title='bbox 1260 4288 1558 4343; x_wconf 89' lang='lat' dir='ltr'><strong>naturalem</strong></span> <span class='ocrx_word' id='word_1_506' title='bbox 1593 4298 1799 4344; x_wconf 88' lang='lat' dir='ltr'><strong>tantum</strong></span> <span class='ocrx_word' id='word_1_507' title='bbox 1827 4288 1984 4344; x_wconf 89' lang='lat' dir='ltr'><strong>forti-</strong></span> 
     </span>
    </p>
   </div>
   <div class='ocr_carea' id='block_1_69' title="bbox 402 4379 1979 4451">
    <p class='ocr_par' dir='ltr' id='par_1_69' title="bbox 402 4379 1979 4451">
     <span class='ocr_line' id='line_1_69' title="bbox 402 4379 1979 4451; baseline 0 -15"><span class='ocrx_word' id='word_1_508' title='bbox 402 4380 643 4436; x_wconf 87' lang='lat' dir='ltr'><strong>tudinem</strong></span> <span class='ocrx_word' id='word_1_509' title='bbox 671 4379 966 4436; x_wconf 90' lang='lat' dir='ltr'><strong>voluntatis</strong></span> <span class='ocrx_word' id='word_1_510' title='bbox 994 4380 1060 4435; x_wconf 88' lang='lat' dir='ltr'><strong>ad</strong></span> <span class='ocrx_word' id='word_1_511' title='bbox 1089 4380 1412 4436; x_wconf 87' lang='lat' dir='ltr'><strong>servandam</strong></span> <span class='ocrx_word' id='word_1_512' title='bbox 1440 4390 1719 4451; x_wconf 89' lang='lat' dir='ltr'><strong>acceptam</strong></span> <span class='ocrx_word' id='word_1_513' title='bbox 1761 4383 1979 4438; x_wconf 69' lang='lat' dir='ltr'><strong>rectituo</strong></span> 
     </span>
    </p>
   </div>
   <div class='ocr_carea' id='block_1_70' title="bbox 399 4473 1981 4545">
    <p class='ocr_par' dir='ltr' id='par_1_70' title="bbox 399 4473 1981 4545">
     <span class='ocr_line' id='line_1_70' title="bbox 399 4473 1981 4545; baseline 0.001 -17"><span class='ocrx_word' id='word_1_514' title='bbox 399 4473 615 4537; x_wconf 86' lang='lat' dir='ltr'><strong>dinem;</strong></span> <span class='ocrx_word' id='word_1_515' title='bbox 647 4488 752 4528; x_wconf 90' lang='lat' dir='ltr'><strong>non</strong></span> <span class='ocrx_word' id='word_1_516' title='bbox 775 4475 1044 4543; x_wconf 90' lang='lat' dir='ltr'><strong>quomodo</strong></span> <span class='ocrx_word' id='word_1_517' title='bbox 1081 4475 1449 4530; x_wconf 86' lang='lat' dir='ltr'><strong>necessarium</strong></span> <span class='ocrx_word' id='word_1_518' title='bbox 1480 4473 1546 4529; x_wconf 88' lang='lat' dir='ltr'><strong>ad</strong></span> <span class='ocrx_word' id='word_1_519' title='bbox 1574 4475 1674 4530; x_wconf 89' lang='lat' dir='ltr'><strong>hoc</strong></span> <span class='ocrx_word' id='word_1_520' title='bbox 1697 4474 1872 4545; x_wconf 89' lang='lat' dir='ltr'><strong>ipsum</strong></span> <span class='ocrx_word' id='word_1_521' title='bbox 1906 4476 1981 4531; x_wconf 87' lang='lat' dir='ltr'><strong>illi</strong></span> 
     </span>
    </p>
   </div>
   <div class='ocr_carea' id='block_1_71' title="bbox 399 4565 1982 4638">
    <p class='ocr_par' dir='ltr' id='par_1_71' title="bbox 399 4565 1982 4638">
     <span class='ocr_line' id='line_1_71' title="bbox 399 4565 1982 4638; baseline 0.003 -20"><span class='ocrx_word' id='word_1_522' title='bbox 399 4565 490 4631; x_wconf 86' lang='lat' dir='ltr'><strong>sit,</strong></span> <span class='ocrx_word' id='word_1_523' title='bbox 522 4575 582 4620; x_wconf 91' lang='lat' dir='ltr'><strong>ut</strong></span> <span class='ocrx_word' id='word_1_524' title='bbox 612 4565 706 4598; x_wconf 67' lang='grc'><strong>³³⁸⁸</strong></span> <span class='ocrx_word' id='word_1_525' title='bbox 733 4566 906 4637; x_wconf 84' lang='lat' dir='ltr'><strong>gratia</strong></span> <span class='ocrx_word' id='word_1_526' title='bbox 932 4567 1315 4638; x_wconf 88' lang='lat' dir='ltr'><strong>subsequatur,</strong></span> <span class='ocrx_word' id='word_1_527' title='bbox 1367 4566 1603 4623; x_wconf 86' lang='lat' dir='ltr'><strong>ostendi.</strong></span> <span class='ocrx_word' id='word_1_528' title='bbox 1649 4565 1866 4623; x_wconf 86' lang='lat' dir='ltr'><strong>Tertius</strong></span> <span class='ocrx_word' id='word_1_529' title='bbox 1886 4584 1982 4622; x_wconf 89' lang='lat' dir='ltr'><strong>au-</strong></span> 
     </span>
    </p>
   </div>
   <div class='ocr_carea' id='block_1_72' title="bbox 403 4655 1980 4730">
    <p class='ocr_par' dir='ltr' id='par_1_72' title="bbox 403 4655 1980 4730">
     <span class='ocr_line' id='line_1_72' title="bbox 403 4655 1980 4730; baseline 0.003 -21"><span class='ocrx_word' id='word_1_530' title='bbox 403 4665 508 4709; x_wconf 78' lang='lat' dir='ltr'><strong>tem</strong></span> <span class='ocrx_word' id='word_1_531' title='bbox 549 4664 634 4711; x_wconf 89' lang='lat' dir='ltr'><strong>est</strong></span> <span class='ocrx_word' id='word_1_532' title='bbox 676 4655 752 4710; x_wconf 92' lang='lat' dir='ltr'><strong>De</strong></span> <span class='ocrx_word' id='word_1_533' title='bbox 789 4659 1088 4725; x_wconf 65' lang='lat' dir='ltr'><strong>quaestione</strong></span> <span class='ocrx_word' id='word_1_534' title='bbox 1129 4674 1236 4729; x_wconf 86' lang='lat' dir='ltr'><strong>qua</strong></span> <span class='ocrx_word' id='word_1_535' title='bbox 1273 4659 1534 4728; x_wconf 76' lang='lat' dir='ltr'><strong>qumritur</strong></span> <span class='ocrx_word' id='word_1_536' title='bbox 1567 4658 1696 4730; x_wconf 92' lang='lat' dir='ltr'><strong>quid</strong></span> <span class='ocrx_word' id='word_1_537' title='bbox 1736 4660 1980 4728; x_wconf 89' lang='lat' dir='ltr'><strong>peccavit</strong></span> 
     </span>
    </p>
   </div>
   <div class='ocr_carea' id='block_1_73' title="bbox 400 4747 1975 4817">
    <p class='ocr_par' dir='ltr' id='par_1_73' title="bbox 400 4747 1975 4817">
     <span class='ocr_line' id='line_1_73' title="bbox 400 4747 1975 4817; baseline 0.003 -17"><span class='ocrx_word' id='word_1_538' title='bbox 400 4747 662 4810; x_wconf 90' lang='lat' dir='ltr'><strong>diabolus,</strong></span> <span class='ocrx_word' id='word_1_539' title='bbox 697 4750 823 4817; x_wconf 84' lang='lat' dir='ltr'><strong>quia</strong></span> <span class='ocrx_word' id='word_1_540' title='bbox 849 4765 953 4804; x_wconf 90' lang='lat' dir='ltr'><strong>non</strong></span> <span class='ocrx_word' id='word_1_541' title='bbox 1005 4751 1154 4804; x_wconf 89' lang='lat' dir='ltr'><strong>stetit</strong></span> <span class='ocrx_word' id='word_1_542' title='bbox 1178 4752 1230 4806; x_wconf 90' lang='lat' dir='ltr'><strong>in</strong></span> <span class='ocrx_word' id='word_1_543' title='bbox 1253 4751 1480 4806; x_wconf 78' lang='lat' dir='ltr'><strong>veritate</strong></span> <span class='ocrx_word' id='word_1_544' title='bbox 1509 4768 1522 4804; x_wconf 90' lang='lat'><strong>:</strong></span> <span class='ocrx_word' id='word_1_545' title='bbox 1554 4765 1676 4806; x_wconf 89' lang='lat' dir='ltr'><strong>cum</strong></span> <span class='ocrx_word' id='word_1_546' title='bbox 1705 4750 1846 4804; x_wconf 91' lang='lat' dir='ltr'><strong>Deus</strong></span> <span class='ocrx_word' id='word_1_547' title='bbox 1869 4765 1975 4805; x_wconf 91' lang='lat' dir='ltr'><strong>non</strong></span> 
     </span>
    </p>
   </div>
   <div class='ocr_carea' id='block_1_74' title="bbox 380 4837 1978 4914">
    <p class='ocr_par' dir='ltr' id='par_1_74' title="bbox 380 4837 1978 4914">
     <span class='ocr_line' id='line_1_74' title="bbox 380 4837 1978 4914; baseline 0.003 -22"><span class='ocrx_word' id='word_1_548' title='bbox 380 4837 608 4894; x_wconf 70' lang='lat' dir='ltr'><strong>dederit</strong></span> <span class='ocrx_word' id='word_1_549' title='bbox 639 4839 689 4894; x_wconf 92' lang='lat' dir='ltr'><strong>ei</strong></span> <span class='ocrx_word' id='word_1_550' title='bbox 727 4845 1186 4910; x_wconf 85' lang='lat' dir='ltr'><strong>perseverantiam</strong></span> <span class='ocrx_word' id='word_1_551' title='bbox 1232 4857 1394 4914; x_wconf 87' lang='lat' dir='ltr'><strong>quam</strong></span> <span class='ocrx_word' id='word_1_552' title='bbox 1439 4843 1543 4899; x_wconf 92' lang='lat' dir='ltr'><strong>nisi</strong></span> <span class='ocrx_word' id='word_1_553' title='bbox 1587 4857 1653 4898; x_wconf 91' lang='lat' dir='ltr'><strong>eo</strong></span> <span class='ocrx_word' id='word_1_554' title='bbox 1680 4843 1841 4897; x_wconf 90' lang='lat' dir='ltr'><strong>dante</strong></span> <span class='ocrx_word' id='word_1_555' title='bbox 1862 4843 1978 4912; x_wconf 44' lang='lat' dir='ltr'><strong>,ha-</strong></span> 
     </span>
    </p>
   </div>
   <div class='ocr_carea' id='block_1_75' title="bbox 2091 2821 3671 2897">
    <p class='ocr_par' dir='ltr' id='par_1_75' title="bbox 2091 2821 3671 2897">
     <span class='ocr_line' id='line_1_75' title="bbox 2091 2821 3671 2897; baseline 0.008 -21"><span class='ocrx_word' id='word_1_556' title='bbox 2091 2822 2220 2876; x_wconf 86' lang='lat' dir='ltr'><strong>bere</strong></span> <span class='ocrx_word' id='word_1_557' title='bbox 2246 2837 2350 2877; x_wconf 92' lang='lat' dir='ltr'><strong>non</strong></span> <span class='ocrx_word' id='word_1_558' title='bbox 2377 2821 2551 2892; x_wconf 91' lang='lat' dir='ltr'><strong>potuit</strong></span> <span class='ocrx_word' id='word_1_559' title='bbox 2580 2837 2596 2876; x_wconf 88' lang='lat'><strong>:</strong></span> <span class='ocrx_word' id='word_1_560' title='bbox 2627 2823 2882 2892; x_wconf 89' lang='lat' dir='ltr'><strong>quoniam</strong></span> <span class='ocrx_word' id='word_1_561' title='bbox 2917 2825 2961 2880; x_wconf 89' lang='lat' dir='ltr'><strong>si</strong></span> <span class='ocrx_word' id='word_1_562' title='bbox 2991 2825 3134 2881; x_wconf 88' lang='lat' dir='ltr'><strong>Deus</strong></span> <span class='ocrx_word' id='word_1_563' title='bbox 3161 2827 3417 2897; x_wconf 89' lang='lat' dir='ltr'><strong>dedisset,</strong></span> <span class='ocrx_word' id='word_1_564' title='bbox 3442 2829 3533 2888; x_wconf 85' lang='lat' dir='ltr'><strong>ille</strong></span> <span class='ocrx_word' id='word_1_565' title='bbox 3569 2835 3671 2888; x_wconf 88' lang='lat' dir='ltr'><strong>ba-</strong></span> 
     </span>
    </p>
   </div>
   <div class='ocr_carea' id='block_1_76' title="bbox 2091 2914 3672 2994">
    <p class='ocr_par' dir='ltr' id='par_1_76' title="bbox 2091 2914 3672 2994">
     <span class='ocr_line' id='line_1_76' title="bbox 2091 2914 3672 2994; baseline 0.008 -26"><span class='ocrx_word' id='word_1_566' title='bbox 2091 2914 2318 2980; x_wconf 88' lang='lat' dir='ltr'><strong>buisset,</strong></span> <span class='ocrx_word' id='word_1_567' title='bbox 2353 2916 2493 2972; x_wconf 90' lang='lat' dir='ltr'><strong>sicut</strong></span> <span class='ocrx_word' id='word_1_568' title='bbox 2522 2915 2645 2972; x_wconf 89' lang='lat' dir='ltr'><strong>boni</strong></span> <span class='ocrx_word' id='word_1_569' title='bbox 2676 2917 2854 2987; x_wconf 88' lang='lat' dir='ltr'><strong>angeli</strong></span> <span class='ocrx_word' id='word_1_570' title='bbox 2880 2917 3182 2975; x_wconf 86' lang='lat' dir='ltr'><strong>habuerunt</strong></span> <span class='ocrx_word' id='word_1_571' title='bbox 3211 2919 3380 2988; x_wconf 89' lang='lat' dir='ltr'><strong>illam,</strong></span> <span class='ocrx_word' id='word_1_572' title='bbox 3411 2925 3539 2994; x_wconf 89' lang='lat' dir='ltr'><strong>quia</strong></span> <span class='ocrx_word' id='word_1_573' title='bbox 3566 2927 3672 2981; x_wconf 89' lang='lat' dir='ltr'><strong>illis</strong></span> 
     </span>
    </p>
   </div>
   <div class='ocr_carea' id='block_1_77' title="bbox 2089 3004 3674 3081">
    <p class='ocr_par' dir='ltr' id='par_1_77' title="bbox 2089 3004 3674 3081">
     <span class='ocr_line' id='line_1_77' title="bbox 2089 3004 3674 3081; baseline 0.007 -22"><span class='ocrx_word' id='word_1_574' title='bbox 2089 3004 2235 3060; x_wconf 91' lang='lat' dir='ltr'><strong>dedit</strong></span> <span class='ocrx_word' id='word_1_575' title='bbox 2264 3005 2424 3062; x_wconf 92' lang='lat' dir='ltr'><strong>Deus.</strong></span> <span class='ocrx_word' id='word_1_576' title='bbox 2455 3007 2626 3074; x_wconf 84' lang='lat' dir='ltr'><strong>Quem</strong></span> <span class='ocrx_word' id='word_1_577' title='bbox 2657 3017 2967 3077; x_wconf 91' lang='lat' dir='ltr'><strong>tractatum,</strong></span> <span class='ocrx_word' id='word_1_578' title='bbox 3003 3011 3250 3081; x_wconf 87' lang='lat' dir='ltr'><strong>quamvis</strong></span> <span class='ocrx_word' id='word_1_579' title='bbox 3279 3013 3353 3068; x_wconf 80' lang='lat' dir='ltr'><strong>ibi</strong></span> <span class='ocrx_word' id='word_1_580' title='bbox 3377 3015 3443 3071; x_wconf 89' lang='lat' dir='ltr'><strong>de</strong></span> <span class='ocrx_word' id='word_1_581' title='bbox 3470 3017 3674 3071; x_wconf 76' lang='lat' dir='ltr'><strong>contir-</strong></span> 
     </span>
    </p>
   </div>
   <div class='ocr_carea' id='block_1_78' title="bbox 2091 3097 3669 3172">
    <p class='ocr_par' dir='ltr' id='par_1_78' title="bbox 2091 3097 3669 3172">
     <span class='ocr_line' id='line_1_78' title="bbox 2091 3097 3669 3172; baseline 0.008 -22"><span class='ocrx_word' id='word_1_582' title='bbox 2091 3098 2331 3153; x_wconf 91' lang='lat' dir='ltr'><strong>matione</strong></span> <span class='ocrx_word' id='word_1_583' title='bbox 2362 3097 2624 3154; x_wconf 85' lang='lat' dir='ltr'><strong>bonorum</strong></span> <span class='ocrx_word' id='word_1_584' title='bbox 2670 3099 2982 3172; x_wconf 89' lang='lat' dir='ltr'><strong>angelorum</strong></span> <span class='ocrx_word' id='word_1_585' title='bbox 3024 3102 3272 3170; x_wconf 85' lang='lat' dir='ltr'><strong>dixerim,</strong></span> <span class='ocrx_word' id='word_1_586' title='bbox 3305 3105 3371 3160; x_wconf 93' lang='lat' dir='ltr'><strong>de</strong></span> <span class='ocrx_word' id='word_1_587' title='bbox 3397 3121 3524 3162; x_wconf 90' lang='lat' dir='ltr'><strong>casu</strong></span> <span class='ocrx_word' id='word_1_588' title='bbox 3553 3108 3669 3162; x_wconf 88' lang='lat' dir='ltr'><strong>dia-</strong></span> 
     </span>
    </p>
   </div>
   <div class='ocr_carea' id='block_1_79' title="bbox 2088 3189 3673 3269">
    <p class='ocr_par' dir='ltr' id='par_1_79' title="bbox 2088 3189 3673 3269">
     <span class='ocr_line' id='line_1_79' title="bbox 2088 3189 3673 3269; baseline 0.005 -25"><span class='ocrx_word' id='word_1_589' title='bbox 2088 3189 2199 3244; x_wconf 88' lang='lat' dir='ltr'><strong>boli</strong></span> <span class='ocrx_word' id='word_1_590' title='bbox 2251 3190 2456 3244; x_wconf 87' lang='lat' dir='ltr'><strong>titulavi</strong></span> <span class='ocrx_word' id='word_1_591' title='bbox 2495 3207 2507 3244; x_wconf 94' lang='lat'>:</span> <span class='ocrx_word' id='word_1_592' title='bbox 2544 3193 2799 3260; x_wconf 88' lang='lat' dir='ltr'><strong>quoniam</strong></span> <span class='ocrx_word' id='word_1_593' title='bbox 2839 3193 2968 3248; x_wconf 90' lang='lat' dir='ltr'><strong>illud</strong></span> <span class='ocrx_word' id='word_1_594' title='bbox 3013 3196 3332 3266; x_wconf 88' lang='lat' dir='ltr'><strong>contingens</strong></span> <span class='ocrx_word' id='word_1_595' title='bbox 3362 3197 3485 3266; x_wconf 90' lang='lat' dir='ltr'><strong>fuit,</strong></span> <span class='ocrx_word' id='word_1_596' title='bbox 3525 3199 3673 3269; x_wconf 91' lang='lat' dir='ltr'><strong>quod</strong></span> 
     </span>
    </p>
   </div>
   <div class='ocr_carea' id='block_1_80' title="bbox 2088 3280 3672 3357">
    <p class='ocr_par' dir='ltr' id='par_1_80' title="bbox 2088 3280 3672 3357">
     <span class='ocr_line' id='line_1_80' title="bbox 2088 3280 3672 3357; baseline 0.007 -23"><span class='ocrx_word' id='word_1_597' title='bbox 2088 3280 2198 3334; x_wconf 77' lang='lat' dir='ltr'><strong>dixi</strong></span> <span class='ocrx_word' id='word_1_598' title='bbox 2244 3281 2310 3334; x_wconf 91' lang='lat' dir='ltr'><strong>de</strong></span> <span class='ocrx_word' id='word_1_599' title='bbox 2339 3280 2496 3336; x_wconf 87' lang='lat' dir='ltr'><strong>bonis</strong></span> <span class='ocrx_word' id='word_1_600' title='bbox 2521 3281 2756 3350; x_wconf 83' lang='lat' dir='ltr'><strong>angelis;</strong></span> <span class='ocrx_word' id='word_1_601' title='bbox 2787 3283 2926 3352; x_wconf 91' lang='lat' dir='ltr'><strong>quod</strong></span> <span class='ocrx_word' id='word_1_602' title='bbox 2962 3295 3142 3340; x_wconf 91' lang='lat' dir='ltr'><strong>autem</strong></span> <span class='ocrx_word' id='word_1_603' title='bbox 3173 3285 3364 3356; x_wconf 91' lang='lat' dir='ltr'><strong>scripsi</strong></span> <span class='ocrx_word' id='word_1_604' title='bbox 3395 3287 3460 3344; x_wconf 89' lang='lat' dir='ltr'><strong>de</strong></span> <span class='ocrx_word' id='word_1_605' title='bbox 3487 3289 3672 3357; x_wconf 85' lang='lat' dir='ltr'><strong>malis,</strong></span> 
     </span>
    </p>
   </div>
   <div class='ocr_carea' id='block_1_81' title="bbox 2088 3369 3673 3444">
    <p class='ocr_par' dir='ltr' id='par_1_81' title="bbox 2088 3369 3673 3444">
     <span class='ocr_line' id='line_1_81' title="bbox 2088 3369 3673 3444; baseline 0.006 -20"><span class='ocrx_word' id='word_1_606' title='bbox 2088 3385 2152 3424; x_wconf 85' lang='lat' dir='ltr'><strong>ex</strong></span> <span class='ocrx_word' id='word_1_607' title='bbox 2201 3370 2477 3440; x_wconf 85' lang='lat' dir='ltr'><strong>preposito</strong></span> <span class='ocrx_word' id='word_1_608' title='bbox 2507 3369 2603 3424; x_wconf 92' lang='lat' dir='ltr'><strong>fuit</strong></span> <span class='ocrx_word' id='word_1_609' title='bbox 2631 3373 2965 3444; x_wconf 81' lang='lat' dir='ltr'><strong>quaestionis.</strong></span> <span class='ocrx_word' id='word_1_610' title='bbox 3017 3373 3117 3442; x_wconf 88' lang='lat' dir='ltr'><strong>Qui</strong></span> <span class='ocrx_word' id='word_1_611' title='bbox 3168 3376 3418 3432; x_wconf 90' lang='lat' dir='ltr'><strong>videlicet</strong></span> <span class='ocrx_word' id='word_1_612' title='bbox 3465 3388 3673 3434; x_wconf 87' lang='lat' dir='ltr'><strong>tracta-</strong></span> 
     </span>
    </p>
   </div>
   <div class='ocr_carea' id='block_1_82' title="bbox 2088 3461 3670 3530">
    <p class='ocr_par' dir='ltr' id='par_1_82' title="bbox 2088 3461 3670 3530">
     <span class='ocr_line' id='line_1_82' title="bbox 2088 3461 3670 3530; baseline 0.007 -16"><span class='ocrx_word' id='word_1_613' title='bbox 2088 3471 2192 3527; x_wconf 91' lang='lat' dir='ltr'><strong>tus,</strong></span> <span class='ocrx_word' id='word_1_614' title='bbox 2235 3461 2482 3530; x_wconf 87' lang='lat' dir='ltr'><strong>quamvis</strong></span> <span class='ocrx_word' id='word_1_615' title='bbox 2511 3461 2652 3517; x_wconf 88' lang='lat' dir='ltr'><strong>nulla</strong></span> <span class='ocrx_word' id='word_1_616' title='bbox 2687 3465 3092 3520; x_wconf 89' lang='lat' dir='ltr'><strong>continuatione</strong></span> <span class='ocrx_word' id='word_1_617' title='bbox 3138 3465 3448 3522; x_wconf 89' lang='lat' dir='ltr'><strong>dictaminis</strong></span> <span class='ocrx_word' id='word_1_618' title='bbox 3485 3469 3670 3525; x_wconf 75' lang='lat' dir='ltr'><strong>colue-</strong></span> 
     </span>
    </p>
   </div>
   <div class='ocr_carea' id='block_1_83' title="bbox 2086 3552 3675 3628">
    <p class='ocr_par' dir='ltr' id='par_1_83' title="bbox 2086 3552 3675 3628">
     <span class='ocr_line' id='line_1_83' title="bbox 2086 3552 3675 3628; baseline 0.006 -24"><span class='ocrx_word' id='word_1_619' title='bbox 2086 3560 2272 3617; x_wconf 87' lang='lat' dir='ltr'><strong>reant,</strong></span> <span class='ocrx_word' id='word_1_620' title='bbox 2311 3552 2534 3606; x_wconf 88' lang='lat' dir='ltr'><strong>materia</strong></span> <span class='ocrx_word' id='word_1_621' title='bbox 2567 3562 2747 3608; x_wconf 88' lang='lat' dir='ltr'><strong>tamen</strong></span> <span class='ocrx_word' id='word_1_622' title='bbox 2775 3570 2982 3623; x_wconf 92' lang='lat' dir='ltr'><strong>eorum,</strong></span> <span class='ocrx_word' id='word_1_623' title='bbox 3015 3564 3068 3611; x_wconf 92' lang='lat' dir='ltr'><strong>et</strong></span> <span class='ocrx_word' id='word_1_624' title='bbox 3109 3556 3402 3611; x_wconf 93' lang='lat' dir='ltr'><strong>similitudo</strong></span> <span class='ocrx_word' id='word_1_625' title='bbox 3429 3558 3675 3628; x_wconf 83' lang='lat' dir='ltr'><strong>disputa-</strong></span> 
     </span>
    </p>
   </div>
   <div class='ocr_carea' id='block_1_84' title="bbox 2089 3634 3704 3717">
    <p class='ocr_par' dir='ltr' id='par_1_84' title="bbox 2089 3634 3704 3717">
     <span class='ocr_line' id='line_1_84' title="bbox 2089 3634 3704 3717; baseline 0.003 -20"><span class='ocrx_word' id='word_1_626' title='bbox 2089 3642 2250 3698; x_wconf 83' lang='lat' dir='ltr'><strong>tioais</strong></span> <span class='ocrx_word' id='word_1_627' title='bbox 2271 3641 2364 3674; x_wconf 70' lang='grc'>³³⁸⁸</span> <span class='ocrx_word' id='word_1_628' title='bbox 2386 3642 2572 3713; x_wconf 80' lang='lat' dir='ltr'><strong>exigit,</strong></span> <span class='ocrx_word' id='word_1_629' title='bbox 2596 3653 2653 3698; x_wconf 92' lang='lat' dir='ltr'><strong>ut</strong></span> <span class='ocrx_word' id='word_1_630' title='bbox 2672 3644 2831 3699; x_wconf 90' lang='lat' dir='ltr'><strong>simul</strong></span> <span class='ocrx_word' id='word_1_631' title='bbox 2857 3660 2937 3705; x_wconf 89' lang='lat' dir='ltr'><strong>eo.</strong></span> <span class='ocrx_word' id='word_1_632' title='bbox 2958 3661 3064 3715; x_wconf 92' lang='lat' dir='ltr'><strong>quo</strong></span> <span class='ocrx_word' id='word_1_633' title='bbox 3082 3645 3201 3702; x_wconf 93' lang='lat' dir='ltr'><strong>illos</strong></span> <span class='ocrx_word' id='word_1_634' title='bbox 3220 3650 3669 3717; x_wconf 86' lang='lat' dir='ltr'><strong>commemoravi,</strong></span> <span class='ocrx_word' id='word_1_635' title='bbox 3696 3634 3704 3641; x_wconf 71' lang='grc'><em>’</em></span> 
     </span>
    </p>
   </div>
   <div class='ocr_carea' id='block_1_85' title="bbox 2085 3736 3671 3810">
    <p class='ocr_par' dir='ltr' id='par_1_85' title="bbox 2085 3736 3671 3810">
     <span class='ocr_line' id='line_1_85' title="bbox 2085 3736 3671 3810; baseline 0.003 -21"><span class='ocrx_word' id='word_1_636' title='bbox 2085 3736 2276 3790; x_wconf 90' lang='lat' dir='ltr'><strong>ordine</strong></span> <span class='ocrx_word' id='word_1_637' title='bbox 2325 3736 2756 3792; x_wconf 89' lang='lat' dir='ltr'><strong>conscribantur.</strong></span> <span class='ocrx_word' id='word_1_638' title='bbox 2814 3737 2966 3792; x_wconf 84' lang='lat' dir='ltr'><strong>Licet</strong></span> <span class='ocrx_word' id='word_1_639' title='bbox 3017 3738 3199 3807; x_wconf 86' lang='lat' dir='ltr'><strong>itaque</strong></span> <span class='ocrx_word' id='word_1_640' title='bbox 3257 3736 3307 3794; x_wconf 66' lang='lat' dir='ltr'><strong>a&#39;</strong></span> <span class='ocrx_word' id='word_1_641' title='bbox 3339 3741 3671 3810; x_wconf 89' lang='lat' dir='ltr'><strong>quibusdam</strong></span> 
     </span>
    </p>
   </div>
   <div class='ocr_carea' id='block_1_86' title="bbox 2086 3826 3670 3902">
    <p class='ocr_par' dir='ltr' id='par_1_86' title="bbox 2086 3826 3670 3902">
     <span class='ocr_line' id='line_1_86' title="bbox 2086 3826 3670 3902; baseline 0.003 -21"><span class='ocrx_word' id='word_1_642' title='bbox 2086 3826 2464 3883; x_wconf 82' lang='lat' dir='ltr'><strong>festinantibus</strong></span> <span class='ocrx_word' id='word_1_643' title='bbox 2488 3828 2593 3883; x_wconf 84' lang='lat' dir='ltr'><strong>alio</strong></span> <span class='ocrx_word' id='word_1_644' title='bbox 2609 3831 2794 3884; x_wconf 86' lang='lat' dir='ltr'><strong>ordine</strong></span> <span class='ocrx_word' id='word_1_645' title='bbox 2807 3831 3215 3900; x_wconf 74' lang='lat' dir='ltr'><strong>sintconscrip‘ti</strong></span> <span class='ocrx_word' id='word_1_646' title='bbox 3241 3832 3355 3898; x_wconf 66' lang='grc'>³³⁸⁸,</span> <span class='ocrx_word' id='word_1_647' title='bbox 3375 3841 3670 3902; x_wconf 89' lang='lat' dir='ltr'><strong>antequam</strong></span> 
     </span>
    </p>
   </div>
   <div class='ocr_carea' id='block_1_87' title="bbox 2086 3922 3673 3994">
    <p class='ocr_par' dir='ltr' id='par_1_87' title="bbox 2086 3922 3673 3994">
     <span class='ocr_line' id='line_1_87' title="bbox 2086 3922 3673 3994; baseline 0.003 -18"><span class='ocrx_word' id='word_1_648' title='bbox 2086 3922 2308 3991; x_wconf 85' lang='lat' dir='ltr'><strong>perfecti</strong></span> <span class='ocrx_word' id='word_1_649' title='bbox 2345 3931 2545 3990; x_wconf 89' lang='lat' dir='ltr'><strong>essent,</strong></span> <span class='ocrx_word' id='word_1_650' title='bbox 2585 3923 2663 3978; x_wconf 91' lang='lat' dir='ltr'><strong>sic</strong></span> <span class='ocrx_word' id='word_1_651' title='bbox 2718 3933 2895 3978; x_wconf 90' lang='lat' dir='ltr'><strong>tamen</strong></span> <span class='ocrx_word' id='word_1_652' title='bbox 2946 3938 3061 3990; x_wconf 84' lang='lat' dir='ltr'><strong>eos,</strong></span> <span class='ocrx_word' id='word_1_653' title='bbox 3108 3931 3168 3976; x_wconf 91' lang='lat' dir='ltr'><strong>ut</strong></span> <span class='ocrx_word' id='word_1_654' title='bbox 3214 3922 3306 3978; x_wconf 90' lang='lat' dir='ltr'><strong>hic</strong></span> <span class='ocrx_word' id='word_1_655' title='bbox 3338 3923 3515 3994; x_wconf 89' lang='lat' dir='ltr'><strong>posui,</strong></span> <span class='ocrx_word' id='word_1_656' title='bbox 3547 3924 3673 3980; x_wconf 85' lang='lat' dir='ltr'><strong>volo</strong></span> 
     </span>
    </p>
   </div>
   <div class='ocr_carea' id='block_1_88' title="bbox 2085 4014 2465 4068">
    <p class='ocr_par' dir='ltr' id='par_1_88' title="bbox 2085 4014 2465 4068">
     <span class='ocr_line' id='line_1_88' title="bbox 2085 4014 2465 4068; baseline -0.003 -2"><span class='ocrx_word' id='word_1_657' title='bbox 2085 4014 2324 4068; x_wconf 84' lang='lat' dir='ltr'><strong>ordinari</strong></span> <span class='ocrx_word' id='word_1_658' title='bbox 2352 4015 2465 4065; x_wconf 62' lang='lat'><strong>&#39;3&quot;.</strong></span> 
     </span>
    </p>
   </div>
   <div class='ocr_carea' id='block_1_89' title="bbox 2596 4103 3148 4159">
    <p class='ocr_par' dir='ltr' id='par_1_89' title="bbox 2596 4103 3148 4159">
     <span class='ocr_line' id='line_1_89' title="bbox 2596 4103 3148 4159; baseline -0.002 0"><span class='ocrx_word' id='word_1_659' title='bbox 2596 4103 2822 4159; x_wconf 82' lang='lat' dir='ltr'><strong>CAPUT</strong></span> <span class='ocrx_word' id='word_1_660' title='bbox 2857 4103 3148 4158; x_wconf 82' lang='lat' dir='ltr'><strong>PRIMUM.</strong></span> 
     </span>
    </p>
   </div>
   <div class='ocr_carea' id='block_1_90' title="bbox 2181 4193 3574 4266">
    <p class='ocr_par' dir='ltr' id='par_1_90' title="bbox 2181 4193 3574 4266">
     <span class='ocr_line' id='line_1_90' title="bbox 2181 4193 3574 4266; baseline 0.003 -19"><span class='ocrx_word' id='word_1_661' title='bbox 2181 4193 2334 4261; x_wconf 86' lang='lat' dir='ltr'><strong>Quod</strong></span> <span class='ocrx_word' id='word_1_662' title='bbox 2363 4194 2550 4248; x_wconf 77' lang='lat' dir='ltr'><strong>veritas</strong></span> <span class='ocrx_word' id='word_1_663' title='bbox 2581 4210 2681 4247; x_wconf 88' lang='lat' dir='ltr'><strong>non</strong></span> <span class='ocrx_word' id='word_1_664' title='bbox 2712 4194 2896 4248; x_wconf 82' lang='lat' dir='ltr'><strong>habent</strong></span> <span class='ocrx_word' id='word_1_665' title='bbox 2926 4195 3261 4266; x_wconf 81' lang='lat' dir='ltr'><strong>principium,</strong></span> <span class='ocrx_word' id='word_1_666' title='bbox 3292 4196 3369 4251; x_wconf 81' lang='lat' dir='ltr'><strong>vel</strong></span> <span class='ocrx_word' id='word_1_667' title='bbox 3397 4196 3574 4266; x_wconf 80' lang='lat' dir='ltr'><strong>ﬁnem.</strong></span> 
     </span>
    </p>
   </div>
   <div class='ocr_carea' id='block_1_91' title="bbox 2161 4284 3677 4354">
    <p class='ocr_par' dir='ltr' id='par_1_91' title="bbox 2161 4284 3677 4354">
     <span class='ocr_line' id='line_1_91' title="bbox 2161 4284 3677 4354; baseline 0.005 -16"><span class='ocrx_word' id='word_1_668' title='bbox 2161 4284 2302 4341; x_wconf 88' lang='lat' dir='ltr'><strong>Dtsc.</strong></span> <span class='ocrx_word' id='word_1_669' title='bbox 2333 4285 2598 4352; x_wconf 82' lang='lat' dir='ltr'><strong>Quoniam</strong></span> <span class='ocrx_word' id='word_1_670' title='bbox 2626 4284 2815 4350; x_wconf 88' lang='lat' dir='ltr'><strong>Deum,</strong></span> <span class='ocrx_word' id='word_1_671' title='bbox 2841 4286 3122 4340; x_wconf 90' lang='lat' dir='ltr'><strong>veritatem</strong></span> <span class='ocrx_word' id='word_1_672' title='bbox 3154 4302 3273 4342; x_wconf 90' lang='lat' dir='ltr'><strong>esse</strong></span> <span class='ocrx_word' id='word_1_673' title='bbox 3296 4288 3590 4354; x_wconf 89' lang='lat' dir='ltr'><strong>credimus,</strong></span> <span class='ocrx_word' id='word_1_674' title='bbox 3617 4298 3677 4346; x_wconf 79' lang='lat' dir='ltr'><strong>et</strong></span> 
     </span>
    </p>
   </div>
   <div class='ocr_carea' id='block_1_92' title="bbox 2086 4375 3676 4440">
    <p class='ocr_par' dir='ltr' id='par_1_92' title="bbox 2086 4375 3676 4440">
     <span class='ocr_line' id='line_1_92' title="bbox 2086 4375 3676 4440; baseline 0.003 -10"><span class='ocrx_word' id='word_1_675' title='bbox 2086 4377 2372 4432; x_wconf 85' lang='lat' dir='ltr'><strong>veritatem</strong></span> <span class='ocrx_word' id='word_1_676' title='bbox 2392 4377 2457 4430; x_wconf 89' lang='lat' dir='ltr'><strong>in</strong></span> <span class='ocrx_word' id='word_1_677' title='bbox 2503 4376 2686 4430; x_wconf 88' lang='lat' dir='ltr'><strong>multis</strong></span> <span class='ocrx_word' id='word_1_678' title='bbox 2716 4375 2835 4430; x_wconf 87' lang='lat' dir='ltr'><strong>aliis</strong></span> <span class='ocrx_word' id='word_1_679' title='bbox 2865 4392 2986 4432; x_wconf 85' lang='lat' dir='ltr'><strong>esse</strong></span> <span class='ocrx_word' id='word_1_680' title='bbox 3015 4377 3269 4440; x_wconf 89' lang='lat' dir='ltr'><strong>dicimus,</strong></span> <span class='ocrx_word' id='word_1_681' title='bbox 3299 4379 3489 4434; x_wconf 89' lang='lat' dir='ltr'><strong>vellem</strong></span> <span class='ocrx_word' id='word_1_682' title='bbox 3526 4381 3676 4434; x_wconf 86' lang='lat' dir='ltr'><strong>scire</strong></span> 
     </span>
    </p>
   </div>
   <div class='ocr_carea' id='block_1_93' title="bbox 2085 4467 3677 4537">
    <p class='ocr_par' dir='ltr' id='par_1_93' title="bbox 2085 4467 3677 4537">
     <span class='ocr_line' id='line_1_93' title="bbox 2085 4467 3677 4537; baseline 0.001 -13"><span class='ocrx_word' id='word_1_683' title='bbox 2085 4485 2152 4524; x_wconf 92' lang='lat' dir='ltr'><strong>an</strong></span> <span class='ocrx_word' id='word_1_684' title='bbox 2182 4469 2487 4537; x_wconf 79' lang='lat' dir='ltr'><strong>ubicunque</strong></span> <span class='ocrx_word' id='word_1_685' title='bbox 2524 4469 2726 4522; x_wconf 86' lang='lat' dir='ltr'><strong>veritas</strong></span> <span class='ocrx_word' id='word_1_686' title='bbox 2759 4468 2972 4530; x_wconf 81' lang='lat' dir='ltr'><strong>dicitur,</strong></span> <span class='ocrx_word' id='word_1_687' title='bbox 3004 4467 3173 4523; x_wconf 84' lang='lat' dir='ltr'><strong>Deum</strong></span> <span class='ocrx_word' id='word_1_688' title='bbox 3204 4485 3325 4525; x_wconf 90' lang='lat' dir='ltr'><strong>eam</strong></span> <span class='ocrx_word' id='word_1_689' title='bbox 3349 4483 3468 4524; x_wconf 89' lang='lat' dir='ltr'><strong>esse</strong></span> <span class='ocrx_word' id='word_1_690' title='bbox 3512 4469 3677 4526; x_wconf 78' lang='lat' dir='ltr'><strong>fateri</strong></span> 
     </span>
    </p>
   </div>
   <div class='ocr_carea' id='block_1_94' title="bbox 2087 4560 3673 4632">
    <p class='ocr_par' dir='ltr' id='par_1_94' title="bbox 2087 4560 3673 4632">
     <span class='ocr_line' id='line_1_94' title="bbox 2087 4560 3673 4632; baseline -0.001 -14"><span class='ocrx_word' id='word_1_691' title='bbox 2087 4564 2400 4618; x_wconf 84' lang='lat' dir='ltr'><strong>debeamus.</strong></span> <span class='ocrx_word' id='word_1_692' title='bbox 2427 4561 2560 4616; x_wconf 85' lang='lat' dir='ltr'><strong>Nam</strong></span> <span class='ocrx_word' id='word_1_693' title='bbox 2592 4571 2646 4616; x_wconf 92' lang='lat' dir='ltr'><strong>tu</strong></span> <span class='ocrx_word' id='word_1_694' title='bbox 2675 4576 2888 4631; x_wconf 90' lang='lat' dir='ltr'><strong>quoque</strong></span> <span class='ocrx_word' id='word_1_695' title='bbox 2913 4560 3282 4632; x_wconf 82' lang='lat' dir='ltr'><strong>inMonologio</strong></span> <span class='ocrx_word' id='word_1_696' title='bbox 3307 4571 3397 4616; x_wconf 94' lang='lat' dir='ltr'><strong>tuo</strong></span> <span class='ocrx_word' id='word_1_697' title='bbox 3411 4561 3555 4631; x_wconf 88' lang='lat' dir='ltr'><strong>(cap.</strong></span> <span class='ocrx_word' id='word_1_698' title='bbox 3578 4560 3673 4626; x_wconf 79' lang='grc'><strong>18,</strong></span> 
     </span>
    </p>
   </div>
   <div class='ocr_carea' id='block_1_95' title="bbox 2087 4654 3674 4727">
    <p class='ocr_par' dir='ltr' id='par_1_95' title="bbox 2087 4654 3674 4727">
     <span class='ocr_line' id='line_1_95' title="bbox 2087 4654 3674 4727; baseline -0.003 -16"><span class='ocrx_word' id='word_1_699' title='bbox 2087 4658 2155 4711; x_wconf 92' lang='lat' dir='ltr'><strong>al.</strong></span> <span class='ocrx_word' id='word_1_700' title='bbox 2183 4659 2269 4727; x_wconf 85' lang='lat' dir='ltr'><strong>l7)</strong></span> <span class='ocrx_word' id='word_1_701' title='bbox 2294 4673 2389 4726; x_wconf 91' lang='lat' dir='ltr'><strong>per</strong></span> <span class='ocrx_word' id='word_1_702' title='bbox 2420 4657 2704 4710; x_wconf 84' lang='lat' dir='ltr'><strong>veritatem</strong></span> <span class='ocrx_word' id='word_1_703' title='bbox 2733 4655 2991 4709; x_wconf 90' lang='lat' dir='ltr'><strong>orationis</strong></span> <span class='ocrx_word' id='word_1_704' title='bbox 3018 4657 3214 4723; x_wconf 89' lang='lat' dir='ltr'><strong>probas</strong></span> <span class='ocrx_word' id='word_1_705' title='bbox 3233 4669 3499 4710; x_wconf 91' lang='lat' dir='ltr'><strong>summam</strong></span> <span class='ocrx_word' id='word_1_706' title='bbox 3526 4654 3674 4707; x_wconf 81' lang='lat' dir='ltr'><strong>veri-</strong></span> 
     </span>
    </p>
   </div>
   <div class='ocr_carea' id='block_1_96' title="bbox 2087 4746 3668 4816">
    <p class='ocr_par' dir='ltr' id='par_1_96' title="bbox 2087 4746 3668 4816">
     <span class='ocr_line' id='line_1_96' title="bbox 2087 4746 3668 4816; baseline -0.003 -13"><span class='ocrx_word' id='word_1_707' title='bbox 2087 4759 2249 4803; x_wconf 78' lang='lat' dir='ltr'><strong>tatem</strong></span> <span class='ocrx_word' id='word_1_708' title='bbox 2283 4765 2384 4802; x_wconf 91' lang='lat' dir='ltr'><strong>non</strong></span> <span class='ocrx_word' id='word_1_709' title='bbox 2446 4749 2642 4802; x_wconf 89' lang='lat' dir='ltr'><strong>habere</strong></span> <span class='ocrx_word' id='word_1_710' title='bbox 2689 4747 3013 4816; x_wconf 91' lang='lat' dir='ltr'><strong>principium</strong></span> <span class='ocrx_word' id='word_1_711' title='bbox 3045 4747 3128 4801; x_wconf 91' lang='lat' dir='ltr'><strong>vel</strong></span> <span class='ocrx_word' id='word_1_712' title='bbox 3185 4747 3343 4801; x_wconf 84' lang='lat' dir='ltr'><strong>finem</strong></span> <span class='ocrx_word' id='word_1_713' title='bbox 3373 4787 3389 4812; x_wconf 93' lang='lat'><strong>,</strong></span> <span class='ocrx_word' id='word_1_714' title='bbox 3440 4746 3668 4800; x_wconf 90' lang='lat' dir='ltr'><strong>dicens:</strong></span> 
     </span>
    </p>
   </div>
   <div class='ocr_carea' id='block_1_97' title="bbox 2088 4838 3672 4913">
    <p class='ocr_par' dir='ltr' id='par_1_97' title="bbox 2088 4838 3672 4913">
     <span class='ocr_line' id='line_1_97' title="bbox 2088 4838 3672 4913; baseline -0.001 -18"><span class='ocrx_word' id='word_1_715' title='bbox 2088 4863 2106 4895; x_wconf 73' lang='grc' dir='ltr'>ί</span> <span class='ocrx_word' id='word_1_716' title='bbox 2143 4843 2352 4913; x_wconf 88' lang='lat' dir='ltr'><strong>Cogitet</strong></span> <span class='ocrx_word' id='word_1_717' title='bbox 2393 4841 2484 4911; x_wconf 90' lang='lat' dir='ltr'><strong>qui</strong></span> <span class='ocrx_word' id='word_1_718' title='bbox 2516 4849 2711 4910; x_wconf 90' lang='lat' dir='ltr'><strong>potest,</strong></span> <span class='ocrx_word' id='word_1_719' title='bbox 2759 4841 2974 4910; x_wconf 91' lang='lat' dir='ltr'><strong>quando</strong></span> <span class='ocrx_word' id='word_1_720' title='bbox 3016 4841 3258 4910; x_wconf 72' lang='lat' dir='ltr'><strong>incmpit,</strong></span> <span class='ocrx_word' id='word_1_721' title='bbox 3312 4848 3404 4893; x_wconf 91' lang='lat' dir='ltr'><strong>aut</strong></span> <span class='ocrx_word' id='word_1_722' title='bbox 3447 4838 3672 4908; x_wconf 83' lang='lat' dir='ltr'><strong>quando</strong></span> 
     </span>
    </p>
   </div>
   <div class='ocr_carea' id='block_1_98' title="bbox 1646 4952 2322 5010">
    <p class='ocr_par' dir='ltr' id='par_1_98' title="bbox 1646 4952 2322 5010">
     <span class='ocr_line' id='line_1_98' title="bbox 1646 4952 2322 5010; baseline 0 -2"><span class='ocrx_word' id='word_1_723' title='bbox 1646 4952 1882 5008; x_wconf 61' lang='lat' dir='ltr'><strong>VARIIE</strong></span> <span class='ocrx_word' id='word_1_724' title='bbox 1915 4953 2322 5010; x_wconf 69' lang='lat' dir='ltr'><strong>LECTIONES.</strong></span> 
     </span>
    </p>
   </div>
   <div class='ocr_carea' id='block_1_99' title="bbox 469 5039 3668 5113">
    <p class='ocr_par' dir='ltr' id='par_1_99' title="bbox 469 5039 3668 5113">
     <span class='ocr_line' id='line_1_99' title="bbox 469 5039 3668 5113; baseline -0.001 -18"><span class='ocrx_word' id='word_1_725' title='bbox 469 5041 562 5113; x_wconf 49' lang='lat' dir='ltr'><strong>&quot;f&#39;</strong></span> <span class='ocrx_word' id='word_1_726' title='bbox 601 5039 836 5113; x_wconf 74' lang='lat' dir='ltr'><strong>Collatus</strong></span> <span class='ocrx_word' id='word_1_727' title='bbox 867 5053 953 5113; x_wconf 57' lang='lat' dir='ltr'><strong>est</strong></span> <span class='ocrx_word' id='word_1_728' title='bbox 971 5041 1222 5113; x_wconf 80' lang='lat' dir='ltr'><strong>Dialogus</strong></span> <span class='ocrx_word' id='word_1_729' title='bbox 1269 5042 1332 5113; x_wconf 87' lang='lat' dir='ltr'><strong>de</strong></span> <span class='ocrx_word' id='word_1_730' title='bbox 1362 5044 1577 5098; x_wconf 80' lang='lat' dir='ltr'><strong>veritate</strong></span> <span class='ocrx_word' id='word_1_731' title='bbox 1615 5059 1732 5096; x_wconf 86' lang='lat' dir='ltr'><strong>cum</strong></span> <span class='ocrx_word' id='word_1_732' title='bbox 1783 5059 1910 5098; x_wconf 90' lang='lat' dir='ltr'><strong>mss.</strong></span> <span class='ocrx_word' id='word_1_733' title='bbox 1965 5043 2231 5104; x_wconf 84' lang='lat' dir='ltr'><strong>Beccensi,</strong></span> <span class='ocrx_word' id='word_1_734' title='bbox 2279 5041 2694 5113; x_wconf 65' lang='lat' dir='ltr'><strong>Qemtneticensi,</strong></span> <span class='ocrx_word' id='word_1_735' title='bbox 2746 5039 3025 5113; x_wconf 69' lang='lat' dir='ltr'><strong>Victorinis</strong></span> <span class='ocrx_word' id='word_1_736' title='bbox 3078 5040 3244 5094; x_wconf 83' lang='lat' dir='ltr'><strong>tribus</strong></span> <span class='ocrx_word' id='word_1_737' title='bbox 3293 5040 3428 5113; x_wconf 68' lang='lat' dir='ltr'><strong>alias</strong></span> <span class='ocrx_word' id='word_1_738' title='bbox 3469 5041 3668 5113; x_wconf 70' lang='lat' dir='ltr'><strong>notqtis</strong></span> 
     </span>
    </p>
   </div>
   <div class='ocr_carea' id='block_1_100' title="bbox 397 5109 3671 5178">
    <p class='ocr_par' dir='ltr' id='par_1_100' title="bbox 397 5109 3671 5178">
     <span class='ocr_line' id='line_1_100' title="bbox 397 5109 3671 5178; baseline -0.002 -8"><span class='ocrx_word' id='word_1_739' title='bbox 397 5113 486 5170; x_wconf 81' lang='lat' dir='ltr'><strong><em>RR</em></strong></span> <span class='ocrx_word' id='word_1_740' title='bbox 531 5112 588 5176; x_wconf 79' lang='lat'><strong>5,</strong></span> <span class='ocrx_word' id='word_1_741' title='bbox 635 5110 721 5178; x_wconf 75' lang='lat' dir='ltr'><strong>CC</strong></span> <span class='ocrx_word' id='word_1_742' title='bbox 757 5113 812 5177; x_wconf 89' lang='lat'><strong>9,</strong></span> <span class='ocrx_word' id='word_1_743' title='bbox 859 5111 954 5165; x_wconf 85' lang='lat' dir='ltr'><em>EE</em></span> <span class='ocrx_word' id='word_1_744' title='bbox 1006 5113 1092 5176; x_wconf 76' lang='lat'><strong>‘15,</strong></span> <span class='ocrx_word' id='word_1_745' title='bbox 1129 5109 1250 5166; x_wconf 46' lang='lat' dir='ltr'><strong>&#39;uno</strong></span> <span class='ocrx_word' id='word_1_746' title='bbox 1297 5112 1628 5168; x_wconf 82' lang='lat' dir='ltr'><strong>Cisterciensi</strong></span> <span class='ocrx_word' id='word_1_747' title='bbox 1676 5125 1723 5166; x_wconf 85' lang='lat' dir='ltr'><strong>et</strong></span> <span class='ocrx_word' id='word_1_748' title='bbox 1766 5129 1870 5167; x_wconf 88' lang='lat' dir='ltr'><strong>uno</strong></span> <span class='ocrx_word' id='word_1_749' title='bbox 1915 5114 2232 5167; x_wconf 77' lang='lat' dir='ltr'><strong>bibliotheca:</strong></span> <span class='ocrx_word' id='word_1_750' title='bbox 2269 5111 2326 5166; x_wconf 92' lang='lat' dir='ltr'><strong>S.</strong></span> <span class='ocrx_word' id='word_1_751' title='bbox 2375 5111 2645 5166; x_wconf 77' lang='lat' dir='ltr'><strong>Michaelis</strong></span> <span class='ocrx_word' id='word_1_752' title='bbox 2689 5113 2744 5166; x_wconf 83' lang='lat' dir='ltr'><strong>in</strong></span> <span class='ocrx_word' id='word_1_753' title='bbox 2781 5111 2979 5177; x_wconf 74' lang='lat' dir='ltr'><strong>Monte,</strong></span> <span class='ocrx_word' id='word_1_754' title='bbox 3029 5123 3076 5165; x_wconf 89' lang='lat' dir='ltr'><strong>et</strong></span> <span class='ocrx_word' id='word_1_755' title='bbox 3130 5128 3248 5165; x_wconf 86' lang='lat' dir='ltr'><strong>cum</strong></span> <span class='ocrx_word' id='word_1_756' title='bbox 3293 5109 3517 5164; x_wconf 87' lang='lat' dir='ltr'><strong>editione</strong></span> <span class='ocrx_word' id='word_1_757' title='bbox 3557 5109 3671 5164; x_wconf 83' lang='lat' dir='ltr'><strong>Go-</strong></span> 
     </span>
    </p>
   </div>
   <div class='ocr_carea' id='block_1_101' title="bbox 398 5178 3668 5252">
    <p class='ocr_par' dir='ltr' id='par_1_101' title="bbox 398 5178 3668 5252">
     <span class='ocr_line' id='line_1_101' title="bbox 398 5178 3668 5252; baseline -0.002 -14"><span class='ocrx_word' id='word_1_758' title='bbox 398 5181 794 5238; x_wconf 82' lang='lat' dir='ltr'><strong>thica.-——Mss.</strong></span> <span class='ocrx_word' id='word_1_759' title='bbox 827 5180 973 5236; x_wconf 80' lang='lat' dir='ltr'><strong>Gem.</strong></span> <span class='ocrx_word' id='word_1_760' title='bbox 1004 5183 1189 5252; x_wconf 70' lang='lat' dir='ltr'><strong>Bec.2</strong></span> <span class='ocrx_word' id='word_1_761' title='bbox 1225 5194 1271 5236; x_wconf 87' lang='lat' dir='ltr'><strong>et</strong></span> <span class='ocrx_word' id='word_1_762' title='bbox 1305 5182 1366 5237; x_wconf 89' lang='lat' dir='ltr'><strong>S.</strong></span> <span class='ocrx_word' id='word_1_763' title='bbox 1393 5184 1559 5237; x_wconf 85' lang='lat' dir='ltr'><strong>Mich.</strong></span> <span class='ocrx_word' id='word_1_764' title='bbox 1590 5184 1782 5252; x_wconf 88' lang='lat' dir='ltr'><strong>Incipit</strong></span> <span class='ocrx_word' id='word_1_765' title='bbox 1809 5184 2064 5238; x_wconf 66' lang='lat' dir='ltr'><strong>Prmfatio</strong></span> <span class='ocrx_word' id='word_1_766' title='bbox 2109 5184 2162 5236; x_wconf 92' lang='lat' dir='ltr'><strong>in</strong></span> <span class='ocrx_word' id='word_1_767' title='bbox 2215 5182 2458 5237; x_wconf 87' lang='lat' dir='ltr'><strong>subditos</strong></span> <span class='ocrx_word' id='word_1_768' title='bbox 2488 5192 2750 5237; x_wconf 89' lang='lat' dir='ltr'><strong>tractatus</strong></span> <span class='ocrx_word' id='word_1_769' title='bbox 2786 5199 2882 5235; x_wconf 89' lang='lat' dir='ltr'><strong>ms.</strong></span> <span class='ocrx_word' id='word_1_770' title='bbox 2910 5181 3034 5236; x_wconf 86' lang='lat' dir='ltr'><strong>Bec.</strong></span> <span class='ocrx_word' id='word_1_771' title='bbox 3089 5181 3124 5239; x_wconf 83' lang='lat'><strong>5</strong></span> <span class='ocrx_word' id='word_1_772' title='bbox 3177 5178 3668 5252; x_wconf 62' lang='lat' dir='ltr'><strong>IncipitPrtrfatio</strong></span> 
     </span>
    </p>
   </div>
   <div class='ocr_carea' id='block_1_102' title="bbox 397 5249 3668 5325">
    <p class='ocr_par' dir='ltr' id='par_1_102' title="bbox 397 5249 3668 5325">
     <span class='ocr_line' id='line_1_102' title="bbox 397 5249 3668 5325; baseline -0.002 -15"><span class='ocrx_word' id='word_1_773' title='bbox 397 5257 452 5310; x_wconf 91' lang='lat' dir='ltr'><strong>in</strong></span> <span class='ocrx_word' id='word_1_774' title='bbox 491 5271 626 5325; x_wconf 91' lang='lat' dir='ltr'><strong>opus</strong></span> <span class='ocrx_word' id='word_1_775' title='bbox 652 5255 949 5309; x_wconf 76' lang='lat' dir='ltr'><strong>subditum.</strong></span> <span class='ocrx_word' id='word_1_776' title='bbox 975 5271 1099 5325; x_wconf 65' lang='lat' dir='ltr'><strong>mss.</strong></span> <span class='ocrx_word' id='word_1_777' title='bbox 1133 5251 1355 5325; x_wconf 78' lang='lat' dir='ltr'><strong>Vict._5,</strong></span> <span class='ocrx_word' id='word_1_778' title='bbox 1390 5253 1513 5307; x_wconf 75' lang='lat' dir='ltr'><strong>Bec.</strong></span> <span class='ocrx_word' id='word_1_779' title='bbox 1553 5255 1577 5307; x_wconf 81' lang='grc'><strong>1</strong></span> <span class='ocrx_word' id='word_1_780' title='bbox 1620 5249 1896 5325; x_wconf 39' lang='grc' dir='ltr'><strong>ΔειΕἰρςιεν.</strong></span> <span class='ocrx_word' id='word_1_781' title='bbox 1923 5254 2112 5325; x_wconf 79' lang='lat' dir='ltr'><strong>Incipit</strong></span> <span class='ocrx_word' id='word_1_782' title='bbox 2138 5253 2388 5325; x_wconf 69' lang='lat' dir='ltr'><strong>Praefatio</strong></span> <span class='ocrx_word' id='word_1_783' title='bbox 2420 5253 2660 5325; x_wconf 83' lang='lat' dir='ltr'><strong>Anselmi</strong></span> <span class='ocrx_word' id='word_1_784' title='bbox 2703 5253 3113 5325; x_wconf 78' lang='lat' dir='ltr'><strong>Cantuariensis</strong></span> <span class='ocrx_word' id='word_1_785' title='bbox 3157 5249 3574 5325; x_wconf 70' lang='lat' dir='ltr'><strong>archiepiscopi,</strong></span> <span class='ocrx_word' id='word_1_786' title='bbox 3609 5250 3668 5304; x_wconf 88' lang='lat' dir='ltr'><strong>in</strong></span> 
     </span>
    </p>
   </div>
   <div class='ocr_carea' id='block_1_103' title="bbox 395 5319 3671 5394">
    <p class='ocr_par' dir='ltr' id='par_1_103' title="bbox 395 5319 3671 5394">
     <span class='ocr_line' id='line_1_103' title="bbox 395 5319 3671 5394; baseline -0.002 -15"><span class='ocrx_word' id='word_1_787' title='bbox 395 5319 542 5394; x_wconf 61' lang='lat' dir='ltr'><strong>opus&#39;</strong></span> <span class='ocrx_word' id='word_1_788' title='bbox 559 5325 835 5380; x_wconf 91' lang='lat' dir='ltr'><strong>subditum</strong></span> <span class='ocrx_word' id='word_1_789' title='bbox 863 5339 963 5378; x_wconf 87' lang='lat' dir='ltr'><strong>ms.</strong></span> <span class='ocrx_word' id='word_1_790' title='bbox 1016 5319 1215 5394; x_wconf 43' lang='lat' dir='ltr'><strong>Vict.)</strong></span> <span class='ocrx_word' id='word_1_791' title='bbox 1265 5323 1457 5392; x_wconf 82' lang='lat' dir='ltr'><strong>Incipit</strong></span> <span class='ocrx_word' id='word_1_792' title='bbox 1489 5323 1740 5379; x_wconf 66' lang='lat' dir='ltr'><strong>Praefatio</strong></span> <span class='ocrx_word' id='word_1_793' title='bbox 1764 5323 1914 5377; x_wconf 77' lang='lat' dir='ltr'><strong>Beati</strong></span> <span class='ocrx_word' id='word_1_794' title='bbox 1952 5319 2190 5394; x_wconf 78' lang='lat' dir='ltr'><strong>Ansclnti</strong></span> <span class='ocrx_word' id='word_1_795' title='bbox 2242 5322 2297 5394; x_wconf 82' lang='lat' dir='ltr'><strong>in</strong></span> <span class='ocrx_word' id='word_1_796' title='bbox 2330 5323 2523 5376; x_wconf 90' lang='lat' dir='ltr'><strong>librum</strong></span> <span class='ocrx_word' id='word_1_797' title='bbox 2552 5323 2673 5394; x_wconf 13' lang='lat' dir='ltr'><strong>de,</strong></span> <span class='ocrx_word' id='word_1_798' title='bbox 2702 5322 2941 5376; x_wconf 74' lang='lat' dir='ltr'><strong>Veritate</strong></span> <span class='ocrx_word' id='word_1_799' title='bbox 3013 5320 3397 5394; x_wconf 69' lang='lat' dir='ltr'><strong>“&quot;__l‘lotttitte</strong></span> <span class='ocrx_word' id='word_1_800' title='bbox 3436 5328 3671 5394; x_wconf 67' lang='lat' dir='ltr'><strong>voca-tur</strong></span> 
     </span>
    </p>
   </div>
   <div class='ocr_carea' id='block_1_104' title="bbox 394 5389 3678 5463">
    <p class='ocr_par' dir='ltr' id='par_1_104' title="bbox 394 5389 3678 5463">
     <span class='ocr_line' id='line_1_104' title="bbox 394 5389 3678 5463; baseline -0.002 -15"><span class='ocrx_word' id='word_1_801' title='bbox 394 5389 642 5463; x_wconf 84' lang='lat' dir='ltr'><strong>discipuli</strong></span> <span class='ocrx_word' id='word_1_802' title='bbox 674 5412 796 5449; x_wconf 83' lang='lat' dir='ltr'><strong>mss.</strong></span> <span class='ocrx_word' id='word_1_803' title='bbox 830 5394 954 5448; x_wconf 84' lang='lat' dir='ltr'><strong>Bec.</strong></span> <span class='ocrx_word' id='word_1_804' title='bbox 981 5394 1037 5448; x_wconf 70' lang='lat'><strong>2.</strong></span> <span class='ocrx_word' id='word_1_805' title='bbox 1065 5405 1111 5447; x_wconf 87' lang='lat' dir='ltr'><strong>et</strong></span> <span class='ocrx_word' id='word_1_806' title='bbox 1145 5391 1276 5463; x_wconf 74' lang='lat' dir='ltr'><strong>Vict.</strong></span> <span class='ocrx_word' id='word_1_807' title='bbox 1311 5389 1527 5448; x_wconf 78' lang='lat' dir='ltr'><strong>noiatur</strong></span> <span class='ocrx_word' id='word_1_808' title='bbox 1557 5395 1772 5448; x_wconf 83' lang='lat' dir='ltr'><strong>nomine</strong></span> <span class='ocrx_word' id='word_1_809' title='bbox 1796 5393 2041 5463; x_wconf 87' lang='lat' dir='ltr'><strong>discipuli</strong></span> <span class='ocrx_word' id='word_1_810' title='bbox 2117 5392 2211 5424; x_wconf 68' lang='lat'><strong>&#39;3“</strong></span> <span class='ocrx_word' id='word_1_811' title='bbox 2237 5393 2311 5446; x_wconf 89' lang='lat' dir='ltr'><strong>Illi</strong></span> <span class='ocrx_word' id='word_1_812' title='bbox 2351 5394 2440 5457; x_wconf 82' lang='lat' dir='ltr'><strong>sit,</strong></span> <span class='ocrx_word' id='word_1_813' title='bbox 2469 5393 2561 5447; x_wconf 89' lang='lat' dir='ltr'><strong>sed</strong></span> <span class='ocrx_word' id='word_1_814' title='bbox 2611 5393 2676 5463; x_wconf 85' lang='lat' dir='ltr'><strong>ad</strong></span> <span class='ocrx_word' id='word_1_815' title='bbox 2721 5393 2819 5446; x_wconf 85' lang='lat' dir='ltr'><strong>hoc</strong></span> <span class='ocrx_word' id='word_1_816' title='bbox 2849 5401 2905 5444; x_wconf 90' lang='lat' dir='ltr'><strong>ut</strong></span> <span class='ocrx_word' id='word_1_817' title='bbox 2931 5409 3053 5463; x_wconf 79' lang='lat' dir='ltr'><strong>mss.</strong></span> <span class='ocrx_word' id='word_1_818' title='bbox 3113 5391 3188 5445; x_wconf 93' lang='lat' dir='ltr'><strong>illi</strong></span> <span class='ocrx_word' id='word_1_819' title='bbox 3215 5393 3369 5463; x_wconf 51' lang='lat' dir='ltr'><strong>litati</strong></span> <span class='ocrx_word' id='word_1_820' title='bbox 3403 5459 3412 5463; x_wconf 89' lang='lat'>_</span> <span class='ocrx_word' id='word_1_821' title='bbox 3447 5389 3678 5463; x_wconf 70' lang='lat' dir='ltr'><strong>”&quot;__Si-</strong></span> 
     </span>
    </p>
   </div>
   <div class='ocr_carea' id='block_1_105' title="bbox 395 5459 3670 5534">
    <p class='ocr_par' dir='ltr' id='par_1_105' title="bbox 395 5459 3670 5534">
     <span class='ocr_line' id='line_1_105' title="bbox 395 5459 3670 5534; baseline -0.001 -18"><span class='ocrx_word' id='word_1_822' title='bbox 395 5459 640 5519; x_wconf 80' lang='lat' dir='ltr'><strong>militudo</strong></span> <span class='ocrx_word' id='word_1_823' title='bbox 666 5465 1044 5534; x_wconf 87' lang='lat' dir='ltr'><strong>disputationis</strong></span> <span class='ocrx_word' id='word_1_824' title='bbox 1070 5481 1194 5518; x_wconf 81' lang='lat' dir='ltr'><strong>mss.</strong></span> <span class='ocrx_word' id='word_1_825' title='bbox 1239 5461 1373 5517; x_wconf 83' lang='lat' dir='ltr'><strong>Vict.</strong></span> <span class='ocrx_word' id='word_1_826' title='bbox 1397 5464 1430 5518; x_wconf 88' lang='lat'><strong>9</strong></span> <span class='ocrx_word' id='word_1_827' title='bbox 1464 5464 1777 5534; x_wconf 78' lang='lat' dir='ltr'><strong>similitudo</strong></span> <span class='ocrx_word' id='word_1_828' title='bbox 1802 5459 2168 5534; x_wconf 66' lang='lat' dir='ltr'><strong>disttnsitionis</strong></span> <span class='ocrx_word' id='word_1_829' title='bbox 2244 5463 2338 5494; x_wconf 60' lang='lat'><strong>3’“</strong></span> <span class='ocrx_word' id='word_1_830' title='bbox 2365 5463 2567 5534; x_wconf 77' lang='lat' dir='ltr'><strong>Ordine</strong></span> <span class='ocrx_word' id='word_1_831' title='bbox 2588 5462 2695 5534; x_wconf 86' lang='lat' dir='ltr'><strong>sint</strong></span> <span class='ocrx_word' id='word_1_832' title='bbox 2727 5462 3029 5534; x_wconf 69' lang='lat' dir='ltr'><strong>crutscripti</strong></span> <span class='ocrx_word' id='word_1_833' title='bbox 3063 5478 3179 5534; x_wconf 82' lang='lat' dir='ltr'><strong>ms._</strong></span> <span class='ocrx_word' id='word_1_834' title='bbox 3196 5462 3256 5534; x_wconf 61' lang='grc' dir='ltr'><strong>ις.</strong></span> <span class='ocrx_word' id='word_1_835' title='bbox 3282 5459 3447 5534; x_wconf 65' lang='grc' dir='ltr'><strong>Μίςὴ.</strong></span> <span class='ocrx_word' id='word_1_836' title='bbox 3473 5459 3670 5512; x_wconf 83' lang='lat' dir='ltr'><strong>ordine</strong></span> 
     </span>
    </p>
   </div>
   <div class='ocr_carea' id='block_1_106' title="bbox 396 5529 3673 5604">
    <p class='ocr_par' dir='ltr' id='par_1_106' title="bbox 396 5529 3673 5604">
     <span class='ocr_line' id='line_1_106' title="bbox 396 5529 3673 5604; baseline -0.001 -18"><span class='ocrx_word' id='word_1_837' title='bbox 396 5534 504 5586; x_wconf 91' lang='lat' dir='ltr'><strong>sint</strong></span> <span class='ocrx_word' id='word_1_838' title='bbox 533 5529 841 5604; x_wconf 82' lang='lat' dir='ltr'><strong>transcripti</strong></span> <span class='ocrx_word' id='word_1_839' title='bbox 916 5535 1008 5568; x_wconf 68' lang='grc'>³³⁸⁷</span> <span class='ocrx_word' id='word_1_840' title='bbox 1043 5535 1172 5588; x_wconf 78' lang='lat' dir='ltr'><strong>Mss.</strong></span> <span class='ocrx_word' id='word_1_841' title='bbox 1207 5533 1730 5604; x_wconf 68' lang='lat' dir='ltr'><strong>ExplicitPrzefatio.</strong></span> <span class='ocrx_word' id='word_1_842' title='bbox 1771 5529 1902 5589; x_wconf 58' lang='lat' dir='ltr'><strong>Mss:</strong></span> <span class='ocrx_word' id='word_1_843' title='bbox 1937 5534 2068 5588; x_wconf 87' lang='lat' dir='ltr'><strong>Vict.</strong></span> <span class='ocrx_word' id='word_1_844' title='bbox 2130 5536 2195 5588; x_wconf 71' lang='lat'><strong>13</strong></span> <span class='ocrx_word' id='word_1_845' title='bbox 2249 5534 2408 5587; x_wconf 81' lang='lat' dir='ltr'><strong>Liber</strong></span> <span class='ocrx_word' id='word_1_846' title='bbox 2433 5533 2499 5604; x_wconf 88' lang='lat' dir='ltr'><strong>de</strong></span> <span class='ocrx_word' id='word_1_847' title='bbox 2534 5531 2772 5604; x_wconf 74' lang='lat' dir='ltr'><strong>Veritate</strong></span> <span class='ocrx_word' id='word_1_848' title='bbox 2826 5529 3102 5604; x_wconf 25' lang='lat' dir='ltr'><strong>ntsgl’ict.</strong></span> <span class='ocrx_word' id='word_1_849' title='bbox 3147 5531 3181 5584; x_wconf 77' lang='grc'>5</span> <span class='ocrx_word' id='word_1_850' title='bbox 3225 5531 3421 5604; x_wconf 77' lang='lat' dir='ltr'><strong>Incipit</strong></span> <span class='ocrx_word' id='word_1_851' title='bbox 3463 5536 3673 5604; x_wconf 75' lang='lat' dir='ltr'><strong>tracta-</strong></span> 
     </span>
    </p>
   </div>
   <div class='ocr_carea' id='block_1_107' title="bbox 395 5599 3672 5674">
    <p class='ocr_par' dir='ltr' id='par_1_107' title="bbox 395 5599 3672 5674">
     <span class='ocr_line' id='line_1_107' title="bbox 395 5599 3672 5674; baseline -0.001 -20"><span class='ocrx_word' id='word_1_852' title='bbox 395 5605 579 5674; x_wconf 81' lang='lat' dir='ltr'><strong>tus_de</strong></span> <span class='ocrx_word' id='word_1_853' title='bbox 603 5599 843 5674; x_wconf 67' lang='lat' dir='ltr'><strong>Veritate</strong></span> <span class='ocrx_word' id='word_1_854' title='bbox 874 5605 1203 5672; x_wconf 62' lang='lat' dir='ltr'><strong>compositus</strong></span> <span class='ocrx_word' id='word_1_855' title='bbox 1248 5599 1597 5659; x_wconf 70' lang='lat' dir='ltr'><strong>ab~Anselmo</strong></span> <span class='ocrx_word' id='word_1_856' title='bbox 1627 5607 2032 5674; x_wconf 83' lang='lat' dir='ltr'><strong>arcltiepisc0po</strong></span> <span class='ocrx_word' id='word_1_857' title='bbox 2083 5603 2480 5657; x_wconf 85' lang='lat' dir='ltr'><strong>Cantuariensi.</strong></span> <span class='ocrx_word' id='word_1_858' title='bbox 2518 5619 2625 5674; x_wconf 76' lang='lat' dir='ltr'><strong>ms.</strong></span> <span class='ocrx_word' id='word_1_859' title='bbox 2655 5600 2786 5674; x_wconf 79' lang='lat' dir='ltr'><strong>Vict.</strong></span> <span class='ocrx_word' id='word_1_860' title='bbox 2833 5603 2869 5674; x_wconf 75' lang='lat'><strong>9</strong></span> <span class='ocrx_word' id='word_1_861' title='bbox 2911 5601 3075 5674; x_wconf 87' lang='lat' dir='ltr'><strong>Liber</strong></span> <span class='ocrx_word' id='word_1_862' title='bbox 3122 5602 3365 5674; x_wconf 85' lang='lat' dir='ltr'><strong>magistri</strong></span> <span class='ocrx_word' id='word_1_863' title='bbox 3398 5599 3672 5674; x_wconf 84' lang='lat' dir='ltr'><strong>Anse_lmi,</strong></span> 
     </span>
    </p>
   </div>
   <div class='ocr_carea' id='block_1_108' title="bbox 395 5668 3653 5744">
    <p class='ocr_par' dir='ltr' id='par_1_108' title="bbox 395 5668 3653 5744">
     <span class='ocr_line' id='line_1_108' title="bbox 395 5668 3653 5744; baseline -0.001 -18"><span class='ocrx_word' id='word_1_864' title='bbox 395 5673 464 5744; x_wconf 81' lang='lat' dir='ltr'><strong>de</strong></span> <span class='ocrx_word' id='word_1_865' title='bbox 500 5671 760 5744; x_wconf 59' lang='lat' dir='ltr'><strong>veritate.</strong></span> <span class='ocrx_word' id='word_1_866' title='bbox 802 5691 926 5726; x_wconf 79' lang='lat' dir='ltr'><strong>mss.</strong></span> <span class='ocrx_word' id='word_1_867' title='bbox 959 5668 1020 5728; x_wconf 66' lang='grc' dir='ltr'><strong>δι</strong></span> <span class='ocrx_word' id='word_1_868' title='bbox 1049 5674 1210 5728; x_wconf 80' lang='lat' dir='ltr'><strong>Mich.</strong></span> <span class='ocrx_word' id='word_1_869' title='bbox 1273 5675 1462 5744; x_wconf 85' lang='lat' dir='ltr'><strong>Incipit</strong></span> <span class='ocrx_word' id='word_1_870' title='bbox 1498 5676 1565 5730; x_wconf 87' lang='lat' dir='ltr'><strong>de</strong></span> <span class='ocrx_word' id='word_1_871' title='bbox 1605 5668 1843 5729; x_wconf 78' lang='lat' dir='ltr'><strong>Veritate</strong></span> <span class='ocrx_word' id='word_1_872' title='bbox 1886 5668 2143 5728; x_wconf 67' lang='lat' dir='ltr'><strong>tractatus</strong></span> <span class='ocrx_word' id='word_1_873' title='bbox 2200 5675 2432 5744; x_wconf 82' lang='lat' dir='ltr'><strong>Anselmi</strong></span> <span class='ocrx_word' id='word_1_874' title='bbox 2483 5672 2872 5744; x_wconf 77' lang='lat' dir='ltr'><strong>archiepiscopi</strong></span> <span class='ocrx_word' id='word_1_875' title='bbox 2923 5668 3332 5726; x_wconf 77' lang='lat' dir='ltr'><strong>Cantttariensis</strong></span> <span class='ocrx_word' id='word_1_876' title='bbox 3384 5685 3480 5724; x_wconf 83' lang='lat' dir='ltr'><strong>ms.</strong></span> <span class='ocrx_word' id='word_1_877' title='bbox 3527 5668 3653 5723; x_wconf 83' lang='lat' dir='ltr'><strong>Bec.</strong></span> 
     </span>
    </p>
   </div>
   <div class='ocr_carea' id='block_1_109' title="bbox 395 5741 2983 5813">
    <p class='ocr_par' dir='ltr' id='par_1_109' title="bbox 395 5741 2983 5813">
     <span class='ocr_line' id='line_1_109' title="bbox 395 5741 2983 5813; baseline -0.002 -14"><span class='ocrx_word' id='word_1_878' title='bbox 395 5743 428 5799; x_wconf 83' lang='lat'><strong>6</strong></span> <span class='ocrx_word' id='word_1_879' title='bbox 459 5755 504 5798; x_wconf 88' lang='lat' dir='ltr'><strong>et</strong></span> <span class='ocrx_word' id='word_1_880' title='bbox 531 5741 717 5797; x_wconf 84' lang='lat' dir='ltr'><strong>Cister.</strong></span> <span class='ocrx_word' id='word_1_881' title='bbox 760 5745 951 5813; x_wconf 89' lang='lat' dir='ltr'><strong>Incipit</strong></span> <span class='ocrx_word' id='word_1_882' title='bbox 989 5745 1274 5803; x_wconf 83' lang='lat' dir='ltr'><strong>Tractatus</strong></span> <span class='ocrx_word' id='word_1_883' title='bbox 1302 5741 1659 5812; x_wconf 32' lang='lat' dir='ltr'><strong>tle—Veritate,</strong></span> <span class='ocrx_word' id='word_1_884' title='bbox 1693 5745 1866 5799; x_wconf 88' lang='lat' dir='ltr'><strong>editus</strong></span> <span class='ocrx_word' id='word_1_885' title='bbox 1891 5746 1957 5797; x_wconf 87' lang='lat' dir='ltr'><strong>ab</strong></span> <span class='ocrx_word' id='word_1_886' title='bbox 1982 5745 2238 5800; x_wconf 77' lang='lat' dir='ltr'><strong>Anselmo</strong></span> <span class='ocrx_word' id='word_1_887' title='bbox 2289 5743 2544 5798; x_wconf 87' lang='lat' dir='ltr'><strong>Cantuar.</strong></span> <span class='ocrx_word' id='word_1_888' title='bbox 2578 5742 2983 5810; x_wconf 81' lang='lat' dir='ltr'><strong>archiepiscopo</strong></span> 
     </span>
    </p>
   </div>
  </div>
