3940 6046
294 277 404 336 469

1521 275 1796 334 οιΑιοε.
1839 274 1927 331 DE
1972 273 2218 332 VERITA
2227 275 2335 331 TE.

3458 284 3564 340 470

293 407 403 449 non
433 388 535 446 fuit
561 388 666 444 hoc
694 401 903 457 verum,
933 387 1159 455 scilicet,
1207 389 1331 460 quia
1363 390 1603 445 futurum
1632 399 1750 445 erat
1778 390 1877 444 ali-
1909 402 1954 456 Α
1985 388 2112 458 quia
2141 403 2265 442 cum
2295 368 2568 459 signiﬁcat
2614 391 2708 424 ³³⁸⁸
2732 405 2870 456 εεεε,
2902 393 3047 464 quod
3076 403 3156 449 est
3184 439 3196 462 ,
3249 405 3376 452 tunc
3401 409 3484 454 est
3510 401 3563 454 in

292 485 423 555 quid
457 503 470 538 :
503 492 597 537 aut
621 481 840 550 quando
891 481 1124 548 desinet,
1153 491 1208 538 et
1251 499 1354 539 non
1399 484 1503 540 erit
1539 485 1643 540 hoc
1666 499 1876 549 verum,

289 577 526 640 scilicet,
561 575 685 645 quia
717 576 1054 644 praeteritum
1084 577 1191 631 erit
1230 577 1452 648 aliquid.
1481 578 1634 645 Quod
1662 578 1710 632 si
1743 593 1874 632 neu-

291 677 440 724 trum
469 667 698 722 istorum
735 666 962 737 cogitari
987 675 1184 738 potest,
1231 676 1287 723 et
1327 676 1616 740 utrumque
1652 668 1758 724 hoc
1785 669 1878 702 ³³⁸⁸

294 777 482 816 verum
515 761 633 816 sine
656 760 889 816 veritate
914 775 1034 816 esse
1075 777 1183 816 non
1213 770 1410 832 potest,
1440 761 1770 832 impossibile
1796 770 1882 818 est

291 853 375 908 vel
403 853 644 922 cogitare
672 853 816 923 quod
847 853 1049 908 veritas
1074 853 1417 924 principium,
1463 863 1554 908 aut
1581 853 1743 909 ﬁnem
1783 852 1881 908 ha-

292 945 440 999 beat.
474 944 716 1015 Denique
751 943 796 999 si
829 944 1032 999 veritas
1072 944 1260 1000 habuit
1286 945 1633 1015 principium,
1663 953 1753 1000 aut
1783 945 1881 1000 ha-

289 1036 442 1092 bebit
470 1034 654 1103 ﬁnem,
683 1044 980 1106 antequam
1030 1036 1146 1106 ipsa
1200 1036 1486 1107 inciperet,
1531 1052 1718 1094 verum
1762 1043 1880 1093 erat

290 1137 420 1180 tunc
448 1125 577 1195 quia
621 1140 728 1181 non
754 1135 875 1182 erat
911 1127 1150 1194 veritas;
1190 1136 1246 1183 et
1277 1139 1561 1199 postquam
1603 1127 1752 1182 ﬁnita
1786 1128 1879 1162 ³³⁸⁸

289 1219 416 1282 erit,
469 1231 655 1272 verum
698 1219 803 1274 erit
844 1219 970 1290 quia
998 1236 1120 1276 inon
1169 1221 1276 1276 erit
1315 1222 1535 1276 veritas.
1588 1221 1746 1290 Atqui
1787 1234 1880 1276 ve-

292 1323 413 1363 rum
446 1307 541 1341 ³³⁸⁸
569 1323 676 1364 non
705 1317 880 1380 potest
908 1325 1030 1365 esse
1079 1310 1198 1366 sine
1249 1311 1516 1367 veritate:
1549 1320 1665 1366 erat
1720 1311 1882 1381 igitur

291 1402 534 1466 veritas,
588 1409 878 1470 antequam
926 1410 1072 1457 esset
1116 1403 1356 1468 veritas;
1418 1412 1473 1456 ει
1529 1401 1876 1467 eritveritas,

290 1503 580 1565 postquam
608 1493 758 1548 ﬁnita
790 1493 895 1549 erit
936 1495 1140 1550 veritas
1166 1514 1179 1548 :
1209 1497 1350 1565 quod
1383 1495 1880 1551 inconvenientissi-

291 1600 436 1639 mum
470 1593 572 1639 εει.
619 1583 747 1640 Sive
796 1584 961 1655 igitur
995 1585 1207 1640 dicatur
1251 1587 1451 1642 veritas
1493 1587 1714 1651 habere,
1764 1585 1879 1640 sive

290 1676 623 1747 intelligatur
645 1692 751 1734 non
789 1677 991 1733 habere
1031 1678 1356 1749 principium
1387 1678 1469 1733 vel
1514 1679 1697 1744 ﬁnem,
1731 1678 1880 1734 nullo

1982 477 2052 533 ea’
2075 481 2299 544 veritas,
2328 489 2380 535 el
2406 491 2491 536 est
2511 496 2659 537 vera.
2689 482 2830 540 MAG.
2862 485 2943 538 Ad
2972 487 3098 555 quid
3131 486 3276 543 facta
3301 499 3385 544 est
3411 491 3562 546 afﬁr-

1981 573 2147 626 matio
2169 571 2191 624 ?
2213 573 2357 628 Disc.
2383 574 2464 627 Ad
2500 575 2911 646 signiﬁcandum
2941 592 3081 641 esse,
3113 580 3255 646 quod
3281 590 3383 636 est.
3420 581 3563 638 MAG.

1982 663 2094 718 lloc
2122 679 2252 736 ergo
2281 663 2484 719 debet?
2513 665 2658 721 Disc.
2702 665 2920 722 Certum
2953 678 3054 723 est.
3103 669 3242 725 MAG.
3270 671 3400 726 Cum
3435 688 3566 744 ergo

1981 756 2248 826 signiﬁcat
2296 772 2435 824 esse,
2499 759 2641 828 quod
2691 770 2812 826 est,
2871 762 3140 833 signiﬁcat
3187 766 3330 833 quod
3381 766 3562 820 debet.

1981 848 2130 903 DISC.
2159 848 2343 903 Palam
2372 857 2475 905 est.
2507 849 2646 906 MAG.
2672 853 2742 906 At
2771 868 2892 908 cum
2921 855 3192 922 signiﬁcat
3215 857 3355 927 quod
3380 858 3560 923 debet,
3594 871 3596 874 '

1980 947 2130 994 recte
2167 940 2457 1011 stgniﬁcat.
2497 941 2640 998 Disc.
2671 943 2747 998 lla
2778 955 2883 999 est.
2925 943 3064 1000 MAG.
3107 947 3240 1000 Cum
3273 957 3452 1002 autem
3484 950 3562 1005 sie

1981 1029 2202 1097 gnificat
2228 1039 2374 1085 recte
2395 1071 2410 1097 ,
2452 1040 2599 1086 recta
2627 1041 2713 1086 est
2743 1034 3114 1103 signiﬁcatio?
3144 1037 3287 1092 Disc.
3334 1036 3449 1092 Non
3479 1047 3566 1096 est

1981 1113 2223 1169 dubium.
2267 1115 2408 1172 MAG.
2457 1114 2589 1171 Cum
2616 1132 2746 1188 ergo
2775 1118 3046 1189 signiﬁcat
3091 1136 3210 1176 esse
3267 1123 3410 1191 quod
3446 1134 3560 1190 est,
3597 1107 3600 1116 ’

1981 1213 2130 1259 recta
2159 1213 2241 1260 est
2285 1206 2648 1276 signiﬁcatio?
2691 1209 2835 1263 υιεε.
2872 1210 2945 1264 lta
2970 1212 3229 1281 sequitur.
3256 1213 3395 1270 MAG.
3429 1217 3562 1272 Item

1982 1309 2104 1350 cum
2157 1297 2431 1366 signiﬁcat
2460 1315 2580 1355 esse
2610 1301 2753 1370 quod
2780 1311 2891 1367 est,
2927 1318 3054 1357 vera
3097 1315 3179 1359 est
3203 1306 3565 1374 signiﬁcatio?

1981 1384 2128 1444 Disc.
2164 1389 2300 1444 Vere
2321 1401 2374 1445 et
2398 1401 2542 1446 recta
2573 1400 2628 1446 et
2668 1408 2794 1448 vera
2839 1403 2942 1460 est,
2968 1411 3088 1450 cum
3125 1397 3395 1469 signiﬁcat
3443 1415 3564 1456 esse

1981 1481 2124 1550 quod
2145 1490 2247 1536 est.
2272 1480 2412 1537 MAG.
2442 1482 2585 1538 Idem
2615 1485 2779 1553 igitur
2813 1495 2894 1541 est
2920 1486 3018 1555 illi,
3047 1498 3101 1542 et
3128 1497 3352 1554 rectam,
3385 1499 3441 1546 et
3472 1507 3565 1547 ve-

1982 1585 2096 1624 ram
2145 1586 2283 1638 csse,
2331 1573 2382 1626 id
2433 1583 2541 1641 est,
2592 1576 2898 1646 signiﬁcare
2947 1578 3040 1610 ³³⁸⁷
3083 1594 3204 1635 εεεε
3249 1581 3394 1650 quod
3448 1584 3566 1640 est?

1982 1660 2127 1716 DISC.
2165 1661 2302 1718 Vere
2330 1663 2492 1717 idem.
2536 1663 2676 1720 MAG.
2722 1665 2865 1736 Ergo
2893 1683 3000 1722 non
3031 1676 3113 1723 est
3145 1669 3220 1724 illi
3251 1670 3394 1726 aliud
3423 1676 3567 1727 veri-

287 1769 469 1825 daudi
503 1777 684 1842 pote“
708 1770 912 1826 verius
935 1771 1201 1841 principio
1231 1771 1314 1825 vel
1358 1772 1483 1826 ﬁne.
1517 1791 1535 1824 ,
1585 1770 1710 1826 “me
1738 1780 1792 1825 lu
1822 1772 1876 1826 in
1911 1762 1953 1821 Β
1983 1758 2083 1814 tas,
2115 1765 2276 1820 quam
2323 1754 2606 1807 rcctitudo.
2661 1755 2806 1810 Disc.
2831 1756 3030 1825 Aperte
3059 1774 3202 1814 nunc
3229 1759 3386 1816 video
3414 1763 3561 1816 veri-

291 1861 596 1932 Monologio
629 1870 741 1919 tuo.
774 1862 1117 1933 Quapropter
1155 1861 1819 1928 veritatisldiﬁinitionem
1846 1879 1876 1918 a

290 1962 346 2008 te
378 1953 568 2008 audire
605 1952 698 1984 ³³⁵¹
729 1963 1007 2022 exspecto.
1055 1953 1194 2008 MAG.
1220 1952 1336 2007 Non
1364 1954 1583 2008 memini
1617 1969 1702 2008 me
1731 1954 1878 2009 inve-

292 2044 442 2098 nisse
471 2041 844 2098 diﬁinitionem
882 2044 1130 2099 veritatis
1173 2059 1187 2098 :
1235 2044 1328 2114 sed
1358 2044 1402 2098 si
1438 2044 1538 2107 vis,
1573 2059 1879 2113 quazramus

290 2151 392 2205 per
435 2151 612 2192 rerum
641 2137 1004 2204 diversitates,
1033 2137 1086 2191 in
1115 2136 1311 2206 quibus
1336 2136 1620 2192 veritatem
1649 2137 1879 2194 dicimus

288 2241 430 2290 esse,
459 2227 591 2296 quid
614 2227 682 2281 sit
712 2227 936 2283 veritas.
969 2226 1113 2283 Disc.
1148 2227 1206 2284 Si
1238 2226 1384 2282 aliud
1408 2243 1515 2283 non
1541 2236 1753 2298 potero,
1794 2228 1879 2283 vel

291 2319 565 2375 audiendo
588 2319 812 2392 juvabo.

914 2432 1143 2490 CAPUT
1184 2433 1248 2488 ll.

292 2523 370 2580 De
414 2524 626 2580 veritate
666 2523 1092 2607 signiﬁcationis,
1135 2534 1182 2606 et
1226 2525 1290 2605 de
1331 2525 1536 2580 duabus
1578 2523 1878 2580 verilalibus

786 2620 800 2632 "
891 2606 1285 2650 entmttattoms.

364 2687 508 2742 MAG.
532 2687 851 2754 Quaaramus
892 2702 1024 2757 ergo
1049 2687 1280 2757 primum
1324 2688 1452 2757 quid
1483 2689 1555 2743 sit
1581 2689 1784 2744 veritas
1822 2689 1876 2744 in

293 2780 668 2836 enuntiatione
697 2797 712 2834 :
742 2779 998 2849 quoniam
1028 2780 1169 2834 hanc
1193 2780 1390 2849 stepius
1419 2780 1648 2836 dicimus
1674 2795 1875 2846 veram,

294 2869 384 2926 vel
412 2869 625 2926 falsam.
657 2870 804 2925 Dtsc.
857 2869 1060 2937 Quare
1090 2878 1178 2935 tu;
1212 2878 1267 2924 et
1294 2870 1552 2941 quidquid
1584 2871 1876 2939 inveneris,

289 2978 395 3032 ego
436 2962 759 3018 observabo.
793 2961 932 3017 MAG.
979 2960 1207 3028 Quando
1242 2971 1327 3016 est
1369 2963 1668 3017 enuntiatio
1709 2965 1879 3017 vera?

292 3056 448 3112 Disc.
494 3055 718 3122 Quando
746 3065 832 3110 εει
875 3057 1018 3124 quod
1065 3059 1331 3120 enuntiat,
1376 3055 1489 3110 sive
1531 3055 1873 3118 afﬁrmando,

289 3150 410 3205 sive
438 3149 684 3219 negando
714 3166 727 3202 :
761 3149 880 3204 dico
909 3149 1054 3203 enim
1084 3163 1204 3205 esse
1228 3149 1370 3219 quod
1400 3149 1669 3212 enuntiat,
1711 3148 1876 3202 etiam

289 3241 512 3311 quando
548 3240 640 3273 ³³⁸³
663 3249 825 3310 negat
852 3256 971 3295 esse
1001 3241 1142 3310 quod
1173 3250 1424 3304 nonest;
1450 3241 1575 3310 quia
1605 3241 1683 3295 sic
1707 3256 1880 3294 enun-

296 3331 418 3392 tiat,
470 3330 630 3399 llo
677 3331 1130 3399 quemadmodum
1162 3345 1248 3386 res
1287 3341 1391 3385 est.
1441 3329 1580 3384 MAG.
1620 3329 1700 3382 An
1750 3343 1880 3398 ergo

295 3424 394 3478 tibi
425 3422 642 3478 videtur
671 3422 813 3493 quod
857 3437 944 3477 res
993 3423 1271 3476 enuntiata
1305 3423 1374 3476 sit
1399 3423 1601 3476 veritas
1625 3422 1879 3475 enuntia~

296 3515 501 3571 tionis?
525 3515 670 3570 Disc.
693 3514 830 3569 Non.
861 3515 998 3571 MAG.
1030 3515 1250 3582 Quare?
1280 3516 1424 3571 Disc.
1459 3515 1592 3582 Quia
1640 3515 1772 3570 nihil
1798 3524 1880 3569 cst

298 3620 510 3670 verum,
561 3604 662 3659 nisi
713 3605 1088 3675 participando
1119 3606 1401 3660 veritatem
1455 3623 1468 3658 :
1515 3616 1569 3660 et
1615 3607 1736 3660 ideo
1766 3607 1878 3659 veri

294 3698 499 3753 veritas
527 3698 621 3730 ⁸³⁸³
653 3697 707 3752 in
740 3698 856 3766 ipso
880 3712 1010 3752 vero
1037 3708 1146 3762 est;
1199 3713 1284 3753 res
1315 3713 1442 3754 vero
1471 3699 1746 3755 enuntiata
1773 3714 1878 3752 non

293 3798 382 3845 est
409 3789 462 3843 in
492 3789 867 3843 enuntiatione
896 3803 1047 3851 vera,
1091 3790 1232 3842 unde
1261 3804 1363 3842 non
1388 3790 1504 3858 ejus
1533 3791 1756 3854 veritas,
1786 3789 1881 3844 sed

293 3893 460 3936 eausa
487 3878 734 3934 veritatis
760 3875 876 3945 ejus
901 3876 1126 3932 dicenda
1152 3885 1236 3932 est
1265 3864 1377 3929 ³³⁸⁸.
1407 3877 1746 3946 Quapropter
1774 3892 1880 3930 non

295 3973 404 4028 nisi
431 3973 486 4026 in
519 3972 631 4041 ipsa
659 3972 906 4026 oratione
929 3969 1219 4040 quaerenda
1245 3969 1376 4023 mihi
1404 3971 1616 4024 videtur
1646 3966 1762 4036 ejus
1790 3983 1881 4023 ve-

297 4064 452 4119 ritas.
488 4061 627 4117 MAG.
660 4062 793 4117 Vide
821 4077 950 4133 ergo
979 4078 1046 4116 an
1079 4061 1191 4131 ipsa
1221 4063 1414 4128 oratio,
1461 4070 1553 4115 aut
1575 4061 1691 4131 ejus
1715 4061 1882 4130 signi-

296 4153 502 4221 ﬁcatio,
535 4163 626 4208 aut
665 4153 866 4223 aliquid
907 4168 1121 4218 eorum,
1147 4168 1266 4222 qua:
1309 4162 1435 4207 sunt
1467 4153 1519 4206 in
1560 4153 1883 4208 difﬁnitione

297 4246 707 4311 enuntiationis,
761 4247 833 4301 sit
881 4245 1025 4316 quod
1071 4246 1307 4315 quaeris?
1358 4245 1672 4301 Dtsc.’Non
1727 4258 1878 4318 puto.

300 4337 446 4392 MAG.
487 4337 684 4402 Quare.
739 4338 882 4392 Disc.
928 4337 1064 4404 Quia
1088 4341 1130 4394 si
1163 4340 1264 4393 hoc
1310 4347 1474 4400 esset,
1506 4353 1718 4407 semper
1739 4348 1884 4394 esset

1982 1850 2144 1896 tatem
2195 1843 2333 1898 hanc
2365 1860 2484 1899 esse
2525 1849 2921 1904 rectitudiuem.
2966 1850 3106 1906 MAG.
3159 1851 3419 1910 Similiter
3459 1866 3563 1923 est,

1981 1950 2104 1990 cum
2146 1936 2238 1967 ⁸³⁵³
2273 1938 2574 1991 enuntiatio
2616 1937 2890 2007 signiﬁcat
2938 1957 3042 1996 non
3093 1958 3215 1998 esse
3261 1946 3403 2013 quod
3459 1963 3564 2001 non

1981 2037 2082 2082 est.
2116 2028 2259 2082 Disc.
2315 2030 2478 2084 Video
2505 2030 2647 2098 quod
2673 2031 2810 2086 dicis
2835 2049 2868 2090 .:
2899 2033 2993 2087 sed
3026 2035 3160 2089 doce
3193 2051 3278 2090 me
3320 2038 3448 2107 quid
3481 2055 3565 2093 re-

1979 2127 2243 2190 spondere
2263 2122 2490 2191 possim,
2521 2123 2568 2176 si
2593 2123 2716 2193 quis
2743 2124 2887 2179 dicat
2911 2127 3052 2194 quod
3084 2127 3249 2182 etiam
3272 2145 3393 2184 cum
3426 2132 3562 2186 ratio

1980 2210 2256 2280 signiﬁcat
2284 2225 2404 2266 esse
2456 2214 2598 2280 quod
2628 2227 2733 2268 non
2767 2223 2874 2279 est,
2904 2215 3172 2285 signiﬁcat
3193 2219 3334 2286 quod
3365 2219 3560 2275 debet:

1979 2303 2184 2372 pariter
2209 2319 2440 2374 namque
2477 2307 2685 2374 accepit
2712 2306 3022 2376 signiﬁcare
3053 2322 3172 2363 esse
3198 2318 3252 2363 et
3292 2311 3434 2379 quod
3456 2321 3559 2378 est,

1980 2404 2034 2450 et
2059 2395 2202 2466 quod
2239 2411 2344 2451 non
2375 2404 2477 2451 εει.
2511 2395 2648 2451 Nam
2675 2398 2721 2452 si
2769 2414 2876 2454 non
2908 2400 3212 2469 accepisset
3257 2402 3564 2470 signiﬁcare

1979 2499 2120 2552 esse,
2143 2485 2308 2539 etiam
2333 2487 2474 2555 quod
2505 2501 2610 2540 non
2640 2496 2742 2555 est,
2777 2502 2880 2542 non
2914 2487 2965 2541 id
2993 2489 3344 2560 signiﬁcaret.
3376 2489 3561 2557 Quare

1979 2577 2143 2631 etiam
2171 2592 2292 2633 cum
2323 2576 2589 2646 signiﬁcat
2618 2591 2739 2632 esse
2791 2576 2934 2647 quod
2966 2592 3069 2632 non
3112 2587 3196 2634 est
3220 2619 3236 2646 ,
3287 2579 3562 2648 signiﬁcat

1980 2671 2120 2738 quod
2152 2669 2325 2724 debet.
2356 2670 2428 2724 At
2471 2669 2517 2724 si
2549 2669 2689 2739 quod
2717 2669 2874 2724 debet
2919 2667 3296 2738 signiﬁcando,
3329 2678 3472 2725 recta
3506 2679 3563 2728 et

1979 2777 2108 2816 vera
2141 2771 2220 2817 est
2247 2761 2386 2816 sicut
2415 2761 2694 2816 ostendisti
2719 2777 2734 2827 ;
2759 2776 2886 2816 vera
2916 2769 2998 2816 est
3021 2762 3217 2831 oratio,
3247 2763 3412 2818 etiam
3436 2779 3557 2819 cum

1980 2855 2226 2908 enuntiat
2255 2868 2374 2908 esse
2405 2853 2549 2923 quod
2579 2867 2684 2906 non
2713 2860 2818 2906 est.
2854 2851 2995 2908 MAG.
3032 2853 3169 2907 Vera
3212 2855 3428 2923 quidem
3453 2871 3560 2911 non

1982 2945 2120 2998 solet
2141 2945 2267 3008 dici,
2292 2960 2414 2997 cum
2446 2943 2715 3010 signiﬁcat
2741 2957 2862 2998 esse
2907 2945 3049 3011 quod
3078 2962 3183 3000 non
3209 2955 3328 3012 est;
3361 2948 3560 3001 verita-

1986 3045 2089 3088 tem
2125 3045 2300 3089 tamen
2335 3047 2388 3088 et
2440 3034 2825 3089 rectitudinem
2872 3034 3050 3098 habet,
3083 3034 3207 3103 quia
3241 3037 3372 3090 facit
3418 3040 3561 3106 quod

1906 3109 1946 3164 (ἶ
1981 3127 2156 3181 debet.
2196 3126 2300 3180 Sed
2325 3142 2448 3180 cum
2476 3126 2748 3196 signiﬁcat
2793 3137 2914 3180 esse
2941 3127 3082 3194 quod
3105 3135 3188 3182 est
3210 3165 3225 3192 ,
3273 3127 3561 3196 dupliciter

1979 3217 2108 3272 facit
2129 3218 2270 3287 quod
2296 3217 2493 3272 debet:
2525 3218 2780 3286 quoniam
2809 3218 3080 3289 signiﬁcat
3103 3229 3156 3272 et
3180 3219 3321 3289 quod
3351 3225 3561 3289 accepit

1981 3310 2307 3379 signiﬁcare,
2355 3320 2408 3364 et
2437 3310 2580 3379 quod
2611 3309 2748 3364 facta
2787 3319 2889 3365 est.
2945 3309 3050 3364 Sed
3098 3312 3391 3366 secundum
3422 3311 3560 3366 hanc

1981 3402 2360 3456 rectitudinem
2391 3411 2444 3456 et
2479 3401 2784 3466 veritatem,
2817 3417 2922 3470 qua
2952 3400 3220 3472 signiﬁcat
3245 3417 3390 3468 esse,
3415 3404 3560 3472 quod

1979 3503 2064 3548 εει
2096 3508 2193 3548 υειι
2225 3503 2369 3548 recta
2394 3504 2447 3547 et
2475 3506 2603 3547 vera
2633 3490 2831 3546 dicitur
2859 3493 3160 3550 enuntiatio
3187 3535 3201 3560 ,
3235 3508 3341 3547 non
3369 3509 3563 3550 secun-

1981 3585 2105 3640 dum
2133 3585 2301 3652 illam,
2332 3601 2438 3655 qua
2478 3585 2744 3654 signiﬁcat
2785 3599 2924 3647 esse,
2953 3585 3114 3641 etiam
3143 3588 3284 3655 quod
3327 3603 3431 3641 non
3456 3597 3558 3644 est.

1980 3679 2109 3732 Plus
2155 3679 2299 3733 enim
2327 3678 2488 3733 debet
2527 3686 2746 3748 propter
2784 3676 2926 3745 quod
2957 3677 3166 3746 accepit
3207 3679 3558 3748 signiﬁcatio-

1983 3785 2130 3834 nem,
2160 3785 2322 3838 quam
2372 3779 2592 3839 propter
2621 3768 2762 3840 quod
2815 3783 2921 3822 nou
2973 3769 3202 3838 accepit.
3253 3770 3369 3824 Non
3417 3773 3559 3826 enim

1983 3863 2190 3931 accepit
2239 3861 2544 3931 signiﬁcare
2573 3877 2686 3915 rem
2719 3876 2860 3930 esse,
2909 3879 3032 3920 cum
3062 3877 3168 3915 non
3200 3871 3316 3929 est,
3344 3862 3426 3915 vel
3455 3878 3561 3917 non

1981 3969 2121 4021 esse,
2153 3968 2274 4008 cum
2299 3961 2419 4018 est;
2451 3951 2551 4006 nisi
2583 3952 2710 4021 quia
2740 3968 2845 4006 non
2868 3954 3044 4023 potuit
3074 3953 3149 4006 illi
3177 3953 3292 4020 dari
3318 3962 3445 4006 tunc
3468 3953 3562 3985 ³³⁸³

1983 4049 2321 4105 solummodo
2362 4044 2669 4117 signiﬁcare
2703 4061 2844 4112 esse,
2895 4047 3112 4116 quando
3155 4053 3268 4110 est,
3318 4045 3403 4099 vel
3455 4060 3562 4099 non

1982 4158 2122 4204 esse,
2152 4139 2368 4210 quando
2420 4153 2527 4192 non
2562 4144 2666 4192 est.
2699 4135 2818 4190 Alia
2864 4136 3028 4207 igitur
3073 4145 3158 4190 est
3207 4135 3477 4191 rectitudo
3511 4148 3567 4190 et

1983 4236 2183 4290 veritas
2230 4231 2646 4296 enuntiationis,
2685 4230 2810 4300 quia
2857 4229 3130 4301 signiﬁcat
3173 4235 3238 4283 ad
3285 4229 3426 4298 quod
3470 4229 3563 4260 ³³⁶⁰

1983 4327 2392 4396 signiﬁcandum
2429 4324 2571 4380 facta
2619 4331 2749 4379 est:
2798 4323 2904 4377 alia
2947 4337 3078 4378 vero
3126 4321 3252 4392 quia
3295 4321 3564 4392 signiﬁcat

297 4447 428 4486 vera
467 4430 596 4496 ’3";
625 4430 882 4500 quoniam
910 4431 1097 4485 eadem
1126 4439 1346 4485 manent
1380 4431 1582 4494 omnia,
1609 4447 1728 4500 qua:
1755 4442 1880 4486 sunt
1905 4443 1958 4503 Ι)
1985 4421 2126 4490 (111οά
2180 4419 2388 4488 accepit
2431 4418 2759 4489 εῑεηίθοπε-
2811 4415 3018 4485 QUiPPe
3066 4413 3170 4469 is“
3214 4414 3565 4469 immmabilis

295 4526 354 4582 in
381 4525 772 4581 enuntiationis
799 4525 1150 4592 difﬁnitione;
1183 4534 1236 4581 et
1266 4541 1387 4581 cum
1417 4535 1518 4592 est,
1545 4525 1686 4594 quod
1707 4538 1877 4579 enun-

299 4613 422 4679 tiat,
451 4621 506 4667 et
535 4627 656 4668 cum
686 4627 792 4668 non
820 4622 902 4668 est
930 4627 944 4666 :
979 4615 1167 4668 eadem
1200 4624 1283 4668 est
1311 4613 1456 4668 enim
1484 4612 1680 4676 oratio,
1705 4622 1758 4664 et
1783 4626 1876 4663 ea-

297 4701 426 4757 dem
446 4703 788 4772 signiﬁcatio,
811 4711 866 4758 et
886 4711 1079 4758 caetera
1102 4704 1372 4758 similiter.
1394 4703 1535 4758 MAG.
1559 4702 1694 4770 Quid
1719 4701 1882 4772 igitur

300 4793 399 4850 tibi
425 4793 640 4851 videtur
683 4794 758 4851 ibi
787 4794 1030 4852 veritas?
1056 4793 1201 4849 DISC.
1230 4793 1375 4850 Nihil
1418 4793 1563 4849 aliud
1591 4791 1726 4858 scio,
1772 4789 1878 4845 nisi

1983 4522 2064 4567 est
2095 4511 2197 4581 ipsi
2219 4509 2446 4564 orationi
2475 4524 2489 4572 ;
2525 4507 2615 4561 illa
2643 4521 2792 4572 vero,
2822 4503 3093 4559 tnutabilis
3118 4519 3132 4556 :
3168 4505 3307 4557 hanc
3330 4518 3566 4572 namque

1984 4619 2200 4673 semper
2229 4603 2428 4664 habet;
2458 4599 2602 4654 illam
2637 4613 2769 4654 vero
2800 4612 2908 4652 non
2939 4609 3194 4666 semper:
3226 4595 3386 4650 istam
3415 4597 3564 4651 enim

1987 4695 2302 4750 naturaliter
2329 4693 2527 4756 habet;
2580 4690 2727 4745 illam
2771 4704 2922 4754 vero,
2954 4689 3357 4746 accidentaliter
3384 4697 3440 4744 et
3480 4705 3567 4744 se-

1989 4784 2222 4840 cundum
2253 4797 2431 4838 usum.
2458 4767 2611 4836 Nam
2639 4795 2761 4836 cum
2788 4779 2909 4834 dico
2935 4794 2949 4833 :
2983 4779 3107 4836 Dies
3134 4789 3246 4851 est,
3267 4781 3334 4837 ad
3359 4780 3566 4851 signiﬁ-

1550 4953 1636 5008 VA
1647 4949 1783 5006 RUE
1817 4945 2220 5006 LECTIONES.

358 5138 964 5232 ’f'Utruanuehorum
977 5155 1104 5193 mss.
1112 5138 1514 5232 gtrumqnehoc
1571 5134 1972 5232 'ai’pi’ostquain
1995 5131 2166 5232 ﬁnita,
2182 5131 2493 5232 erit
2508 5128 2677 5211 mas.
2699 5128 2861 5182 Mich.
2887 5139 2936 5182 et
2962 5129 3087 5232 adit;
3106 5127 3312 5232 thhi'p

299 5201 820 5278 ﬁnitaeritﬂverum
849 5211 953 5264 erit
981 5227 1079 5263 ms.
1106 5208 1229 5264 Bec.
1261 5201 1624 5278 6.'postquam
1655 5207 1801 5260 ﬁnita
1830 5201 1939 5278 erit
1955 5202 2152 5256 veritas
2172 5201 2295 5278 __

3313 5133 3560 5194 ostquam

2345 5202 2410 5254 At
2436 5201 2559 5269 quia
2585 5215 2766 5254 verum
2789 5216 2924 5269 mss.
2963 5197 3098 5250 Vict.
3132 5195 3188 5252 S.
3223 5195 3384 5269 Mich_.
3414 5194 3562 5261 atqui

297 5263 492 5334 verum
536 5263 654 5311 7’33‘
679 5263 725 5334 A
757 5289 809 5334 te
835 5263 1020 5334 audire
1059 5296 1184 5332 mss.
1218 5263 1357 5332 Vict:
1378 5263 1501 5332 Βεά
1532 5277 1720 5331 Cister.
1745 5292 1774 5330 a
1809 5285 1861 5330 te
1889 5274 2097 5328 discere
2171 5270 2268 5302 ⁸³⁸¹
2293 5271 2420 5324 Dico
2447 5263 2624 5323 autem
2657 5268 2797 5336 quod
2847 5269 3097 5321 enunciat
3117 5275 3172 5320 et
3199 5263 3413 5336 quando
3435 5279 3560 5316 mss.

301 5349 432 5405 Dico
462 5349 607 5403 enim
635 5364 757 5403 esse
787 5349 929 5417 quod
959 5349 1232 5413 enunciat,
1255 5349 1418 5402 etiam
1455 5349 1669 5417 quando
1695 5363 1820 5400 mss.
1850 5343 2036 5417 Becai
2085 5352 2138 5417 ει
2190 5339 2378 5417 Qister.
2409 5341 2577 5417 omiu.
2605 5335 2893 5417 εεεεωξιξξ
2920 5337 2987 5391 Ει
3023 5337 3141 5390 ideo
3195 5335 3394 5388 veritas
3433 5348 3558 5386 mss.
3613 5383 3616 5392 ,

301 5421 368 5486 Et
389 5420 509 5473 ideo
548 5419 658 5472 veri
686 5410 887 5473 veritas
962 5418 1057 5451 ⁸⁸⁵⁸
1079 5410 1332 5473 Veritatis
1361 5410 1586 5472 dicenda
1606 5410 1700 5471 ἐει
1734 5433 1858 5470 mss.
1883 5413 2151 5486 veritatis!
2184 5411 2299 5486 ejus
2329 5411 2552 5486 dicenda
2572 5417 2655 5486 est

306 5483 446 5542 Vict.
488 5487 550 5544 S.
578 5487 741 5542 Mich.
783 5487 904 5542 Bec.
939 5487 973 5543 6
1007 5499 1054 5543 et
1096 5489 1223 5542 edit.
1263 5487 1420 5542 Galli.
1450 5502 1666 5555 semper
1688 5501 1808 5540 esse
1853 5499 1981 5539 vera
2057 5483 2154 5555 '1“

2727 5408 2821 5442 ³³⁸⁵
2851 5408 3240 5477 δεηιρει-Αεεεε
3279 5418 3404 5458 vera
3435 5418 3560 5477 mss.
3609 5455 3616 5470 ,

2234 5482 2295 5536 isi
2328 5497 2450 5536 cum
2492 5479 2943 5550 signiﬁcat__mss_.
2981 5472 3099 5529 ἰδίεί
3154 5476 3278 5544 quia
3319 5488 3453 5550 eum_
3489 5472 3564 5550 si-

299 5542 525 5629 gniﬁcat
598 5559 690 5590 ³³⁵⁷
730 5542 1072 5629 Veramesse
1105 5566 1159 5611 et
1188 5559 1496 5629 signiﬁcare
1521 5542 1655 5629 mis,
1677 5570 1861 5629 veram
1897 5567 2036 5629 esse,
2069 5552 2233 5629 idest
2261 5542 2570 5629 signiﬁcare
2644 5548 2738 5580 ³³⁵³
2764 5547 3040 5629 Similiter.
3067 5542 3188 5626 cuni
3241 5561 3378 5629 mss.
3413 5542 3564 5629 simi:

299 5614 427 5680 liter
451 5635 536 5704 est
569 5643 710 5704 ειιιιι⁸
772 5628 864 5660 ⁸⁸⁵⁸
890 5628 964 5682 Illi
993 5614 1271 5704 ἀρνειῃηὶ
1298 5645 1424 5682 mss.
1457 5626 1580 5704 Dec.
1612 5623 1758 5704 Gens.
1796 5623 1854 5678 S.
1884 5614 2268 5704 illichztlistcr.
2311 5614 2400 5677 illi
2442 5620 2559 5676 dari
2613 5629 2736 5675 tunc
2809 5616 2902 5704 ³³ξ⁰
2942 5615 3080 5682 Quia
3117 5615 3383 5686 signiﬁcat
3418 5614 3562 5683 quod

302 5698 516 5768 accepit
537 5698 866 5769 signiﬁcare,
891 5707 943 5754 et
975 5697 1040 5754 ad
1064 5699 1203 5768 quod
1229 5714 1353 5753 mss.
1388 5699 1513 5769 quia
1538 5696 1804 5769 signiﬁcat
1833 5693 1899 5750 ad
1925 5693 2066 5764 quod
