3936 6048
370 253 469 306 HI

910 254 968 308 ὃ.
1007 251 1312 307 ANSELMI
1353 249 1706 305 CANTUAB.
1737 250 2057 306 ARCHIEP.
2090 252 2242 309 OPP.
2282 253 2463 309 PARS
2504 253 2630 308 l.—
2656 255 3071 311 DOGMATICA.

3515 262 3624 316 472

370 341 601 420 mnam
622 381 741 422 esse
765 367 906 436 quod
927 375 1030 429 est,
1062 374 1207 420 recte
1236 372 1362 420 utor
1388 363 1548 432 huius
1575 363 1838 420 orationis
1871 365 1946 420 si-
1975 372 2024 432 Α
2053 368 2193 438 quod
2220 367 2431 433 debuit;
2464 383 2737 439 nunquam
2759 380 3054 439 peccasset,
3085 370 3177 441 qui
3205 387 3334 438 non,
3368 373 3470 430 nisi
3507 391 3633 446 pce-

370 457 754 526 gniﬁcatione:
799 458 922 527 quia
964 458 1034 512 ad
1070 456 1174 511 hoc
1221 454 1362 512 facta
1407 463 1522 519 est,
1569 462 1626 510 et
1665 455 1786 512 ideo
1816 464 1944 511 tunc

373 559 519 604 recte
547 547 748 604 dicitur
780 548 1108 619 signiﬁcare.
1155 549 1290 602 (tum
1336 562 1466 602 vero
1490 548 1679 603 eadem
1704 548 1946 602 oratione

370 639 612 709 signiﬁco
639 654 757 694 esse
787 639 929 709 quod
954 655 1059 694 non
1088 649 1189 702 est,
1219 655 1322 694 non
1351 654 1414 694 ea
1447 647 1591 694 recte
1620 648 1742 696 utor
1771 657 1784 692 :
1819 641 1945 710 quia

371 747 474 784 non
506 731 571 783 ad
603 730 705 785 hoc
733 730 870 785 facta
901 741 1014 798 est;
1038 743 1093 787 et
1135 733 1338 788 idcirco
1363 741 1488 788 tunc
1517 747 1624 786 non
1667 741 1807 788 recta
1831 731 1947 800 ejus

367 819 687 890 signiﬁcatio
719 821 919 876 dicitur
945 836 958 875 :
990 823 1236 893 quamvis
1269 824 1323 878 in
1352 823 1669 892 quibusdam
1701 823 1948 878 enuntia-

369 913 603 970 tionibus
625 916 1008 986 inseparabiles
1039 918 1148 973 sint
1169 919 1283 973 istae
1309 920 1427 974 dua:
1456 919 1822 983 rectitudines,
1851 933 1946 974 seu

365 1006 624 1062 veritates
651 1025 663 1061 :
705 1016 783 1075 ut,
807 1023 927 1063 cum
957 1009 1187 1063 dicimus
1221 1027 1234 1063 :
1275 1008 1447 1063 Homo
1473 1009 1675 1064 animal
1704 1017 1802 1073 est,
1830 1016 1943 1075 aut,

366 1095 535 1151 llomo
577 1097 712 1168 lapis
755 1115 862 1156 non
908 1109 1008 1157 est.
1053 1100 1280 1171 Semper
1325 1101 1468 1155 enim
1513 1101 1627 1155 hazc
1654 1099 1945 1155 afﬁrmatio

364 1185 631 1256 signiﬁcat
659 1202 778 1244 esse
809 1191 951 1259 quod
985 1199 1107 1256 est;
1159 1198 1214 1245 et
1241 1190 1354 1245 haec
1398 1191 1632 1258 negatio,
1676 1203 1780 1245 non
1825 1204 1944 1244 esse

363 1276 506 1338 quod
535 1290 640 1331 non
689 1285 814 1331 est:
863 1295 963 1343 nec
995 1278 1081 1333 illa
1117 1293 1401 1348 possumus
1429 1279 1502 1334 uti
1530 1280 1596 1334 ad
1637 1278 1945 1350 signiﬁcan-

362 1367 488 1420 dum
521 1381 640 1423 esse
665 1371 810 1441 quod
856 1385 959 1426 non
985 1379 1100 1435 est;
1133 1385 1350 1439 semper
1381 1370 1524 1424 enim
1554 1371 1716 1424 homo
1744 1370 1944 1425 animal

361 1464 476 1523 est;
511 1473 609 1514 nec
641 1459 741 1516 ista
783 1461 851 1516 ad
877 1461 1288 1532 signiﬁcandqu
1316 1475 1421 1515 non
1467 1475 1606 1526 esse,
1643 1461 1786 1531 quod
1823 1469 1940 1528 est,

363 1547 492 1613 quia
542 1549 704 1605 homo
731 1566 1008 1621 nunquam
1049 1551 1184 1621 lapis
1229 1560 1331 1606 est.
1372 1551 1446 1607 De
1481 1551 1569 1605 illa
1598 1551 1761 1623 igitur
1803 1553 1944 1607 veri-

365 1647 496 1703 tate,
527 1654 688 1708 quam
735 1641 898 1698 habet
925 1642 1121 1710 oratio,
1149 1644 1445 1698 secundum
1488 1644 1630 1712 quod
1656 1643 1850 1714 aliquis
1877 1659 1940 1699 ea

2047 457 2239 523 cando,
2283 456 2566 514 veritatem
2596 459 2854 514 deseruit.
2904 459 3045 517 Msa.
3095 461 3190 516 Dic
3218 477 3347 532 ergo
3394 466 3524 533 quid
3555 467 3631 522 ibi

2047 549 2312 620 intelligas
2337 551 2616 606 veritatem
2640 551 2772 606 ³³⁸⁸⁸9
2802 552 2944 607 Dtsc.
2967 553 3082 608 Non
3100 555 3201 610 nisi
3228 558 3630 615 rectitudinem.

2047 638 2180 694 Nam
2208 641 2253 694 si
2281 640 2520 709 quandiu
2549 640 2716 696 voluit
2743 643 2884 712 quod
2911 642 3115 708 debuit,
3157 647 3224 700 ad
3251 648 3408 715 quod
3423 649 3634 706 scilicet

2047 731 2376 787 voluntatem
2399 741 2698 802 acceperat,
2733 734 2786 787 in
2808 735 3127 792 rectitudine
3149 747 3205 792 et
3228 740 3458 795 veritate
3480 742 3583 797 fuit
3613 761 3630 799 :

2023 827 2101 877 ‘et
2129 823 2445 893 cumzvoluit
2473 825 2615 894 quod
2639 825 2768 880 'non
2799 827 3003 892 debuit,
3044 829 3424 887 rectitudinem
3454 843 3509 889 et
3532 850 3632 891 ve-

2046 913 2260 969 ritatem
2297 913 2527 970 deseruit
2567 930 2582 969 :
2618 931 2723 971 non
2752 917 2896 973 aliud
2936 927 3112 988 potest
3149 921 3224 976 ibi
3266 923 3487 993 intelligi
3532 941 3630 981 ve—

2047 1004 2200 1070 ritas,
2241 1019 2404 1075 quam
2442 1005 2742 1074 rectitudo;
2787 1009 3042 1076 quoniam
3092 1009 3207 1066 sive
3245 1015 3468 1080 veritas,
3515 1015 3634 1072 sive

2047 1095 2312 1151 rectitudo
2337 1137 2352 1163 ,
2401 1112 2505 1152 non
2554 1096 2698 1154 aliud
2740 1098 2796 1154 in
2825 1099 2942 1168 ejus
2991 1100 3272 1159 voluntate
3299 1102 3423 1173 fuit,
3463 1121 3630 1176 quam

2047 1186 2181 1242 velle
2201 1189 2344 1258 quod
2363 1187 2568 1244 debuit.

2673 1323 2899 1381 CAPUT
2931 1326 2993 1383 V.

2131 1434 2208 1491 De
2235 1435 2456 1490 actionis
2505 1437 2762 1493 naturalis
2813 1414 2861 1493 et
2891 1455 2994 1493 non
3016 1439 3273 1495 naturalis
3297 1444 3528 1500 veritate.

2112 1550 2254 1607 Msa.
2296 1551 2438 1607 Bene
2467 1551 2741 1624 intelligis.
2797 1551 2996 1609 Verum
3047 1556 3101 1610 in
3149 1556 3362 1614 actione
3413 1573 3630 1629 quoque

2043 1641 2389 1698 nihilominus
2401 1643 2600 1698 veritas
2616 1643 2884 1698 credenda
2901 1653 3007 1708 est,
3028 1646 3168 1700 sicut
3189 1645 3448 1704 Dominus
3459 1649 3595 1705 dixit
3609 1669 3627 1704 .-

365 1737 510 1782 recte
546 1729 738 1796 utitur,
790 1731 1110 1800 incoepimus
1139 1727 1418 1802 quaerere:
1453 1733 1706 1802 quoniam
1747 1749 1941 1790 secun-
1970 1722 2018 1783 Β
2047 1732 2181 1800 Quia
2209 1734 2296 1804 qui
2319 1732 2454 1787 male
2470 1734 2598 1803 agit,
2620 1733 2726 1787 odit
2747 1732 3050 1798 lucem;et:
3075 1735 3178 1802 Qui
3192 1737 3320 1807 facit
3335 1738 3629 1806 veritatem,

364 1819 491 1873 dum
532 1819 691 1886 hanc,
719 1836 905 1879 veram
935 1836 1053 1878 eam
1092 1836 1213 1878 esse
1234 1822 1445 1892 judicat
1475 1838 1602 1879 usus
1639 1825 1941 1880 communis

363 1909 666 1967 locutionis.
700 1913 776 1968 De
805 1913 891 1968 illa
933 1922 1114 1970 autem
1141 1915 1372 1970 veritate
1410 1931 1572 1985 quam
1605 1931 1713 1971 non
1744 1916 1943 1972 habere

362 2016 470 2057 non
503 2011 702 2072 potest,
727 2015 914 2075 postea
946 2005 1207 2062 dicemus.
1262 2006 1406 2062 DlSC.
1437 2007 1570 2063 Redi
1602 2007 1766 2078 igitur
1790 2007 1857 2063 ad
1888 2008 1942 2064 id

361 2095 504 2162 quod
534 2094 802 2166 incapisti
831 2111 846 2151 :
874 2097 1127 2168 quoniam
1151 2097 1480 2153 sufﬁcienter
1498 2097 1627 2153 mihi
1644 2099 1785 2153 inter
1808 2097 1942 2154 duas

360 2185 618 2242 veritates
637 2187 898 2245 orationis
919 2188 1252 2254 discrevisti;
1285 2189 1330 2245 si
1361 2196 1544 2244 tamen
1563 2188 1795 2258 aliquam
1819 2203 1942 2242 eam

356 2277 640 2334 veritatem
668 2279 969 2335 ostenderis
995 2281 1218 2348 habere,
1249 2297 1371 2336 eum
1403 2281 1663 2336 mentitur
1682 2321 1698 2346 ,
1725 2280 1866 2337 sicut
1885 2291 1939 2334 tu

358 2369 511 2426 dicis.
544 2372 683 2428 MAG.
713 2373 791 2430 De
814 2374 1042 2430 veritate
1067 2374 1502 2446 signiﬁcationis,
1530 2378 1595 2431 de
1623 2390 1730 2445 qua
1767 2374 1941 2430 incoa-

359 2464 558 2533 pimus,
609 2466 828 2522 interim
871 2467 974 2522 ista
1016 2465 1314 2522 sufﬁciant.
1360 2467 1562 2522 Eadem
1610 2468 1757 2522 enim
1800 2465 1943 2521 ratio

358 2554 624 2620 veritatis,
661 2571 824 2627 quam
857 2558 911 2612 in
959 2559 1326 2628 propositione
1354 2561 1504 2616 vocis
1541 2559 1938 2630 perspeximus,

356 2647 746 2703 mnsideranda
777 2658 864 2703 est
894 2635 1226 2706 inomnibus
1248 2651 1434 2722 signis,
1461 2667 1578 2722 quae
1607 2654 1740 2707 fiunt
1773 2651 1842 2707 ad
1860 2651 1937 2707 si-

356 2737 718 2804 gniﬁcandum
745 2740 949 2810 aliquid
975 2756 1118 2809 esse,
1145 2741 1231 2797 vel
1255 2757 1358 2799 non
1391 2758 1532 2808 esse,
1566 2753 1626 2797 ut
1653 2751 1781 2798 sunt
1807 2743 1943 2800 scri-

359 2836 551 2894 pturae,
602 2830 682 2883 vel
719 2830 1008 2902 digitorum
1037 2832 1272 2902 loquela.
1318 2835 1460 2891 DISC.
1510 2835 1647 2906 Ergo
1676 2835 1842 2890 transi
1873 2835 1941 2890 ad

355 2919 480 2973 alia.

981 3017 1208 3074 CAPUT
1235 3018 1319 3074 Ill.

843 3106 918 3164 De
943 3110 1157 3164 veritate
1181 3111 1458 3180 opinionis.

415 3195 562 3254 ,lliac.
599 3195 990 3268 Cogitationem
1037 3216 1251 3270 quoque
1295 3201 1525 3258 dicimus
1556 3217 1762 3269 veram,
1814 3219 1937 3260 cum

354 3295 438 3340 est
460 3287 602 3354 quod
633 3295 726 3342 aut
755 3291 964 3345 ratione
992 3299 1086 3344 aut
1106 3290 1286 3361 aliquo
1314 3292 1472 3347 modo
1501 3303 1752 3362 putamus
1779 3307 1899 3348 esse
1919 3333 1936 3362 ,

353 3387 406 3430 rt
433 3377 640 3443 falsam,
679 3393 802 3432 cum
847 3380 938 3412 ³³⁶¹
969 3397 1076 3436 non
1119 3391 1222 3437 est.
1271 3384 1415 3438 DISC.
1467 3384 1546 3437 lta
1587 3399 1714 3438 usus
1743 3383 1931 3438 habet.

355 3469 492 3523 Msa.
529 3468 667 3535 Quid
697 3485 826 3541 ergo
868 3472 963 3526 tibi
994 3473 1207 3529 videtur
1235 3476 1436 3530 veritas
1469 3476 1522 3530 in
1567 3477 1938 3546 cogitatione?

358 3558 502 3611 Disc.
528 3558 834 3615 Secundum
863 3563 1148 3629 rationem,
1176 3581 1337 3635 quam
1364 3566 1429 3619 de
1456 3567 1824 3636 propositione
1844 3557 1964 3600 '3“

357 3648 606 3715 \idimus,
655 3651 788 3706 nihil
830 3655 1030 3710 rectius
1081 3656 1280 3711 dicitur
1324 3659 1525 3713 veritas
1573 3660 1936 3730 cogitationis,

317 3787 319 3789 .
354 3753 516 3808 quam
548 3741 813 3798 rectitudo
841 3743 974 3814 ejus.
1011 3744 1092 3800 Ad
1138 3746 1243 3802 hoc
1273 3764 1504 3820 namque
1553 3751 1708 3806 nobis
1753 3751 1936 3806 datum

351 3841 438 3888 est
464 3848 620 3904 posse
649 3839 887 3907 cogitare
917 3852 1056 3905 esse,
1087 3842 1167 3896 vel
1197 3857 1303 3896 non
1334 3857 1455 3897 esse
1483 3843 1683 3914 aliquid
1709 3861 1722 3898 :
1759 3852 1818 3898 ut
1847 3858 1939 3899 co-

352 3924 583 3995 gitemus
615 3941 757 3994 esse,
790 3928 931 3998 quod
957 3939 1043 3985 est
1071 3972 1084 3997 ,
1119 3940 1173 3987 et
1203 3947 1308 3988 nou
1343 3947 1483 3998 esse,
1513 3935 1654 4003 quod
1682 3938 1787 3989 non
1829 3943 1931 3990 est.

354 4017 690 4088 Quapropter
707 4019 802 4089 qui
832 4030 984 4091 putat
1005 4037 1145 4088 esse,
1170 4025 1312 4094 quod
1344 4034 1447 4090 est,
1479 4032 1631 4092 putat
1656 4026 1800 4094 quod
1839 4017 1935 4080 de-

351 4109 462 4175 bet,
496 4119 660 4180 atque
691 4111 810 4167 ideo
847 4121 997 4168 recta
1021 4123 1107 4168 est
1135 4115 1410 4183 cogitatio.
1453 4113 1509 4170 Si
1552 4129 1681 4186 ergo
1723 4131 1851 4172 vera
1883 4124 1939 4171 et

353 4206 503 4252 recta
525 4207 608 4254 est
633 4200 907 4270 cogitatio,
931 4218 1038 4259 non
1069 4204 1143 4259 ob
1166 4203 1326 4270 alittd,
1351 4219 1512 4274 quam
1538 4206 1662 4275 quia
1686 4215 1938 4276 putamus

351 4304 475 4344 esse
494 4291 638 4360 quod
663 4301 776 4358 est;
815 4302 907 4348 aut
935 4309 1042 4350 non
1069 4310 1211 4362 esse,
1241 4296 1385 4366 quod
1412 4312 1520 4353 non
1558 4307 1642 4353 est
1669 4315 1683 4352 :
1721 4313 1826 4354 non
1853 4309 1938 4356 est

353 4381 496 4439 aliud
527 4383 645 4454 ejus
666 4382 884 4454 veritas,
909 4401 1070 4457 quam
1108 4387 1391 4444 rectitudo.

973 4475 1200 4533 CAPUT
1231 4478 1316 4533 ιν.

814 4566 891 4622 De
918 4569 1130 4624 veritate
1167 4571 1470 4626 voluntatis.

426 4651 565 4706 Msa.
593 4653 758 4710 Recte
802 4658 1135 4715 consideras.
1169 4659 1275 4716 Sed
1305 4671 1361 4717 et
1401 4662 1454 4717 in
1495 4661 1773 4718 voluntate
1802 4663 1932 4722 dicit

352 4743 468 4808 ipsa
496 4740 706 4799 Veritas
730 4746 1013 4801 veritatem
1043 4763 1184 4816 esse,
1215 4762 1338 4804 cum
1367 4750 1498 4807 dicit
1527 4751 1799 4808 diabolum
1823 4769 1930 4810 non

352 4836 570 4894 stetisse
591 4837 645 4893 in
693 4840 1130 4912 veritate;(Joan.
1160 4858 1278 4912 vm,
1305 4844 1419 4916 44).
1469 4843 1586 4901 Non
1624 4845 1769 4901 enim
1816 4855 1933 4902 erat

350 4927 408 4983 in
429 4929 679 4994 veritate,
711 4944 887 5002 neque
915 4931 1154 4988 deseruit
1180 4935 1485 5002 veritatem,
1518 4935 1621 4991 nisi
1655 4935 1711 4990 in
1744 4935 1934 4992 volun-

350 5027 464 5076 tate
493 5021 608 5078 ”“.
634 5021 778 5079 DISC.
801 5023 884 5080 Ita
923 5024 1107 5082 credo.
1149 5024 1207 5082 Si
1246 5027 1392 5084 enim
1414 5039 1629 5100 semper
1652 5028 1932 5098 voluisset,

2043 1825 2177 1878 venit
2201 1824 2270 1877 ad
2293 1824 2459 1879 lucem
2473 1824 2653 1896 (Joan.
2676 1826 2860 1892 "1,20,
2881 1826 2994 1897 2i).
3028 1828 3174 1884 Dtsc.
3192 1829 3361 1884 Video
3377 1832 3519 1900 quod
3546 1832 3632 1887 di-

2042 1914 2141 1969 cis.
2167 1913 2308 1969 Mac.
2327 1914 2619 1971 Considera
2641 1916 2804 1987 igitur
2821 1917 2950 1987 quid
2979 1918 3052 1972 ibi
3069 1918 3378 1986 sitveritas,
3392 1921 3436 1975 si
3453 1931 3628 1990 potes.

2042 2004 2186 2059 Drsc.
2220 2003 2332 2059 Nisi
2358 2003 2532 2071 fallor,
2564 2005 2751 2060 eadem
2777 2007 2984 2062 ratione
3007 2023 3111 2078 qua
3145 2023 3309 2081 supra
3341 2010 3630 2068 veritatem
3697 2023 3704 2028 '

2043 2094 2097 2148 in
2141 2095 2263 2150 aliis
2282 2096 2650 2166 cognovimus,
2687 2096 2740 2151 in
2759 2099 2969 2154 actione
2983 2101 3197 2170 quoque
3215 2102 3632 2172 contemplanda

2043 2192 2146 2240 est.
2201 2183 2340 2239 MAG.
2371 2184 2446 2241 Ita
2477 2194 2578 2241 est.
2605 2184 2739 2240 Nam
2776 2185 2822 2242 si
2856 2186 2996 2242 male
3023 2203 3207 2260 agere,
3237 2198 3292 2244 et
3337 2193 3630 2248 veritatem

2042 2275 2224 2332 facere
2267 2278 2512 2348 opposita
2557 2287 2702 2346 sunt,
2741 2278 2882 2333 sicut
2910 2281 3145 2335 ostendit
3197 2282 3459 2338 Dominus
3500 2298 3629 2338 cum

2043 2367 2199 2423 dicit:
2219 2368 2322 2435 Qui
2339 2369 2589 2440 maleagit
2609 2372 2716 2424 odit
2741 2371 2906 2427 lucem
2921 2373 3012 2439 ;'et
3027 2387 3041 2425 :
3058 2371 3163 2438 Qui
3187 2373 3317 2442 facit
3331 2376 3629 2442 veritatem,

2041 2461 2180 2514 venit
2202 2460 2270 2514 ad
2295 2460 2491 2528 lucem;
2519 2462 2662 2518 idem
2683 2472 2784 2530 est,
2813 2467 3078 2520 veritatem
3110 2465 3311 2529 facere,
3346 2466 3488 2536 quod
3518 2476 3628 2533 est,

2047 2550 2200 2620 ιιι
2234 2551 2370 2607 bene
2395 2552 2592 2608 facere.
2615 2552 2760 2609 Bene
2780 2544 3013 2625 namque
3037 2554 3217 2611 facere
3243 2556 3361 2623 ³³⁸⁵,
3386 2557 3454 2610 ad
3480 2556 3627 2611 male

2044 2640 2223 2698 facere
2247 2645 2580 2699 contrarium
2617 2655 2721 2700 est.
2755 2645 3092 2717 Quapropter
3142 2647 3189 2701 si
3231 2648 3514 2703 veritatem
3543 2647 3629 2702 fa-

2043 2750 2189 2803 cere,
2229 2746 2284 2792 et
2311 2738 2449 2793 bene
2487 2736 2670 2793 facere
2713 2739 2854 2794 idem
2893 2749 3020 2795 sunt
3048 2741 3100 2794 in
3131 2739 3487 2811 oppositione,
3519 2755 3626 2794 non

2043 2833 2167 2880 sunt
2188 2825 2397 2882 diversa
2424 2828 2476 2881 in
2505 2827 2899 2897 signiﬁcatione
2923 2845 2937 2884 :
2970 2830 3064 2886 sed
3093 2831 3363 2885 sententia
3389 2839 3472 2886 est
3500 2844 3625 2882 om-

2043 2915 2192 2969 nium
2217 2917 2342 2986 quia
2371 2917 2463 2986 qui
2496 2917 2622 2972 facit
2653 2918 2794 2986 quod
2828 2918 3005 2984 debet,
3037 2919 3175 2976 bene
3201 2919 3350 2982 facit,
3379 2929 3434 2974 et
3460 2918 3628 2974 recti-

2047 3005 2284 3060 tudinem
2333 3004 2482 3061 facit.
2512 3005 2665 3061 Unde
2692 3007 2936 3075 sequitur
2976 3009 3118 3077 quod
3140 3009 3517 3065 rectitudinem
3547 3007 3628 3063 fa-

2041 3109 2166 3151 cere
2178 3094 2292 3163 ⁸³⁸⁸,
2310 3106 2394 3152 est
2415 3096 2922 3155 facereveritatem.
2946 3099 3169 3154 Constat
3199 3114 3431 3168 namque
3443 3098 3626 3154 facere

2038 3188 2342 3254 veritatem,
2395 3203 2518 3244 esse
2560 3188 2698 3245 bene
2749 3189 2957 3256 facere;
3001 3201 3055 3246 et
3089 3192 3226 3246 bene
3270 3190 3472 3256 facere,
3503 3204 3628 3246 esse

2039 3281 2418 3337 rectitudinem
2465 3280 2664 3336 facere.
2696 3280 2875 3348 Quare
2909 3283 3042 3337 nihil
3064 3282 3304 3353 apertius
3339 3297 3500 3352 quam
3529 3295 3626 3336 ve-

2041 3369 2260 3424 ritatem
2293 3371 2542 3449 actionis,
2589 3386 2710 3427 esse
2756 3373 3156 3428 rectitudinem.
3200 3371 3346 3426 DISC.
3389 3371 3448 3426 lu
3477 3371 3627 3427 nullo

2039 3463 2195 3519 video
2223 3464 2454 3519 titubare
2486 3465 2975 3520 considerationem
3000 3464 3090 3496 ³³⁸⁷
3144 3472 3309 3519 tuam.
3341 3462 3482 3517 MAG.
3525 3463 3616 3518 ln-

2039 3554 2186 3621 spice
2215 3569 2284 3608 an
2311 3554 2486 3610 omnis
2522 3555 2686 3621 actio,
2727 3569 2848 3624 quae
2877 3554 3009 3610 facit
3029 3555 3172 3625 quod
3201 3555 3379 3618 debet,
3419 3555 3620 3609 verita-

2040 3657 2148 3703 tem
2200 3645 2379 3701 facere
2409 3647 2795 3702 convenienter
2839 3646 3070 3700 dicatur.
3114 3645 3210 3700 Est
3254 3646 3452 3716 quippe
3477 3645 3622 3701 actio

2041 3742 2336 3806 rationalis,
2363 3749 2422 3797 ut
2477 3741 2606 3796 dare
2633 3741 3064 3811 eleemosynam;
3091 3749 3146 3794 et
3183 3747 3268 3796 est
3295 3739 3623 3795 irrationalis

2038 3835 2200 3902 actio,
2229 3843 2288 3887 ut
2314 3832 2458 3888 actio
2482 3831 2640 3904 ignis,
2664 3831 2755 3901 qui
2777 3831 2870 3863 ³³⁵⁸
2896 3829 3163 3886 calefacit.
3228 3830 3357 3886 Vide
3384 3845 3514 3899 ergo
3547 3846 3620 3884 an

2040 3929 2424 3983 convenienter
2450 3929 2694 3983 dicamus
2724 3927 2901 3997 ignem
2924 3925 3107 3982 facere
3137 3925 3451 3981 veritatem?
3469 3926 3614 3980 Disc.

2041 4017 2098 4073 Si
2129 3999 2278 4088 ignis,
2293 4019 2361 4074 ab
2389 4033 2474 4085 eo,
2498 4034 2528 4072 a
2555 4033 2664 4087 quo
2695 4018 2860 4073 habet
2883 4033 3024 4086 esse,
3056 4018 3264 4088 accepit
3284 4016 3580 4072 calefacere
3598 4056 3617 4082 ,

2039 4125 2160 4163 cum
2197 4109 2464 4175 calefacit,
2511 4108 2641 4164 facit
2684 4107 2827 4179 quod
2881 4109 3061 4164 debet.
3112 4109 3278 4180 Igitur
3318 4124 3424 4163 non
3459 4107 3618 4162 video

2039 4213 2158 4270 qua:
2186 4201 2617 4256 inconvenientia
2665 4200 2737 4256 sit
2782 4201 2960 4271 ignem
3013 4200 3191 4256 facere
3236 4200 3517 4254 veritatem
3557 4208 3618 4255 et

2040 4291 2437 4358 rectitudinem,
2465 4307 2588 4347 cum
2632 4290 2759 4348 facit
2779 4292 2920 4362 quod
2944 4291 3124 4347 debet.
3160 4291 3300 4346 MAG.
3323 4290 3450 4345 Mihi
3476 4305 3616 4360 quo-

1960 4402 2014 4464 υ
2040 4397 2145 4453 que
2181 4381 2338 4438 aliter
2377 4398 2484 4438 non
2539 4383 2771 4439 videtur.
2829 4382 2980 4438 Unde
3023 4381 3377 4436 animadverti
3433 4389 3615 4449 potest

2042 4475 2421 4532 rectitudinem
2455 4491 2550 4532 seu
2590 4476 2872 4531 veritatem
2903 4473 3154 4538 actionis,
3183 4472 3343 4528 aliam
3373 4486 3494 4526 esse
3521 4484 3619 4525 ne-

2039 4568 2368 4636 cessariam,
2421 4565 2584 4623 aliam
2617 4581 2725 4623 non
2758 4565 3142 4622 necessariam.
3173 4565 3252 4620 Ex
3291 4562 3622 4618 necessitate

2037 4673 2275 4728 namque
2310 4661 2450 4728 ignis
2487 4656 2620 4713 facit
2646 4656 2932 4712 veritatem
2972 4664 3026 4711 et
3063 4653 3461 4718 rectitudinem,
3489 4668 3614 4708 cum

2037 4750 2325 4816 calefacit;
2357 4759 2410 4805 et
2439 4765 2546 4804 non
2573 4763 2639 4804 ex
2667 4749 2990 4806 necessitate
3036 4747 3164 4802 facit
3197 4747 3358 4802 homo
3390 4745 3614 4800 rectitu-

2035 4841 2216 4897 dinem
2263 4851 2318 4896 et
2349 4841 2653 4907 veritatem,
2684 4855 2805 4896 cum
2849 4841 2983 4895 bene
3020 4837 3149 4894 facit
3177 4856 3190 4892 :
3223 4838 3401 4892 facere
3429 4845 3612 4891 autem

2037 4950 2142 4990 non
2173 4935 2344 4991 solum
2391 4951 2487 5006 pro
2511 4949 2576 4990 eo
2619 4935 2762 5004 quod
2799 4932 3018 5003 proprie
3041 4931 3240 4987 dicitur
3269 4927 3472 4996 facere,
3515 4931 3612 4985 sed

2036 5042 2134 5097 pro
2186 5028 2333 5083 omni
2389 5026 2552 5083 verbo
2599 5026 2858 5084 Dominus
2895 5025 3064 5082 voluit
3111 5025 3430 5097 intelligere,
3487 5038 3612 5080 cum

1642 5224 1874 5280 VARUE
1911 5223 2313 5281 LECTIONES.

423 5363 514 5439 δῗσξ
549 5363 613 5436 Et
643 5363 857 5439 falsum,
885 5379 1008 5419 cum
1057 5380 1180 5439 mss.
1237 5371 1285 5416 et
1329 5362 1456 5416 edit.
1500 5359 1656 5439 Galli.
1680 5371 1736 5417 et
1786 5361 2003 5439 falsam,
2037 5373 2158 5439 cum
2199 5358 2521 5439 Asafouam
2565 5358 3027 5439 i_n_pr0positione_
3052 5375 3177 5439 mss.
3205 5372 3367 5426 quam
3399 5357 3465 5438 de
3487 5372 3612 5439 pro:

352 5432 618 5512 positione
691 5435 783 5512 3"}
829 5437 938 5488 Nisi
993 5434 1263 5512 voluntate
1297 5449 1420 5486 mss.
1476 5433 1668 5512 lliSinill
1717 5432 2010 5512 voluntate_
2062 5428 2154 5460 33“
2193 5429 2331 5512 Quid
2381 5439 2437 5512 tu
2465 5428 2870 5512 intelligas—per
2901 5429 3343 5512 verjtatemntss.
3377 5428 3610 5512 quidgi‘h‘i!

352 5502 620 5568 intelligas
659 5506 940 5558 veritatem

353 5571 748 5625 ltectituclinem
781 5575 978 5628 facere.
1012 5575 1072 5627 D.
1123 5573 1175 5626 In
1215 5590 1338 5627 mss.
1379 5574 1773 5628 rectitudincm.

1015 5503 1108 5534 ³³⁵⁸
1146 5503 1291 5558 Bene
1326 5518 1559 5571 namque
1591 5502 1770 5557 facere
1797 5501 2046 5578 adumale
2069 5517 2196 5578 _ms.
2238 5499 2366 5578 B_ec.
2402 5500 2439 5578 ,ϐ
2493 5497 2660 5555 bene'
2693 5497 2926 5578 namque
2949 5498 3158 5578 facere
3198 5507 3254 5552 et
3303 5497 3441 5578 male
3467 5568 3479 5578 .
3517 5497 3612 5578 “f5

1861 5573 1949 5607 ³³¹³τ
1978 5573 2036 5626 D.
2069 5571 2123 5624 In
2167 5570 2577 5628 mstimationem
2613 5587 2737 5626 mss.
2778 5568 3260 5627 considerationem
3333 5568 3426 5601 ’3“
3450 5568 3612 5624 Actio

355 5641 496 5710 ignis
524 5640 614 5708 qui
647 5659 768 5696 mss.
799 5645 972 5710 actio;
1008 5657 1064 5699 ut
1090 5645 1232 5700 actio
1262 5644 1417 5716 ignis,
1453 5643 1542 5714 qui
1591 5659 1687 5698 ms.
1739 5643 1862 5699 Bec.
1905 5653 1963 5698 ut
1992 5643 2133 5698 actio
2173 5641 2329 5713 ignis,
2381 5655 2500 5710 quae
