3940 6046
331 294 441 349 475

1557 286 1832 345 DIALOG.
1870 288 1960 344 DE
1999 287 2249 344 VERITA
2259 287 2367 346 TE.

3497 289 3603 345 4N

332 404 472 461 dixit
498 400 752 473 quoniam
774 400 867 432 ⁸³⁸⁸
897 400 984 469 qui
1033 397 1161 468 facit
1207 399 1473 455 veritatem
1497 399 1630 456 venit
1660 401 1728 454 ad
1753 399 1922 457 lucem
1950 407 1997 461 Α
2024 401 2180 467 fallit,
2221 417 2328 458 non
2380 401 2457 457 illi
2502 401 2763 458 mentitur
2815 402 3072 460 exterior.
3117 403 3270 470 Quod
3313 403 3601 475 aliquando

335 495 520 568 (Joan.
551 511 634 558 ιη,
661 492 781 564 '21).
807 491 924 547 Non
949 491 1091 546 enim
1119 501 1332 562 separat
1359 491 1505 546 illum
1533 492 1602 548 ab
1641 493 1743 548 hac
1772 493 1918 548 veri-

337 595 449 641 tate
476 585 593 641 sive
635 583 754 638 luce
791 581 922 647 ³³⁷⁰;
968 582 1058 652 qui
1101 581 1304 652 patitur
1329 581 1758 652 persecutionem
1795 597 1921 651 pro-

333 686 456 747 pter
501 675 800 748 justitiam;
853 683 947 728 aut
992 672 1085 743 qui
1119 682 1223 737 est,
1261 673 1500 742 quando,
1545 681 1600 728 et
1641 673 1730 728 ubi
1761 673 1920 730 debet

329 785 480 836 esse;
512 777 606 824 aut
634 768 726 838 qui
757 775 886 832 stat,
915 765 998 820 vel
1027 766 1199 831 sedet,
1225 766 1442 835 quando
1467 767 1660 830 debet,
1685 777 1739 822 et
1769 767 1920 822 simi-

332 862 424 918 lia.
469 861 659 917 Nullus
701 873 939 930 namque
971 859 1100 914 dicit
1133 858 1267 914 tales
1295 872 1403 914 non
1444 858 1583 915 bene
1624 855 1822 913 facere.
1852 857 1919 912 Et

331 971 454 1011 cum
485 955 618 1010 dicit
657 952 948 1024 Apostolus
975 952 1102 1022 quia
1132 952 1340 1021 recipiet
1384 951 1737 1022 unusquisque
1763 960 1916 1021 prout

330 1037 487 1118 gessit
512 1043 598 1117 (ΙΙ
622 1043 746 1100 Cor.
775 1058 830 1108 v,
864 1043 952 1108 10)
977 1083 992 1108 ,
1021 1042 1428 1115 intelligendum
1455 1042 1528 1098 ibi
1550 1051 1632 1098 est
1653 1041 1918 1113 quidquid

331 1139 572 1196 solemus
627 1135 810 1192 dicere
862 1135 1001 1190 bene
1048 1134 1232 1190 facere
1259 1134 1378 1201 "7‘,
1413 1133 1500 1188 vel
1543 1132 1682 1188 male
1713 1132 1912 1190 facere.

332 1231 480 1286 Dtsc.
516 1228 658 1284 Usus
683 1242 900 1298 quoque
926 1226 1230 1282 communis
1261 1225 1551 1282 locutionis
1593 1225 1700 1283 hoc
1728 1225 1953 1293 habet,‘

330 1328 392 1376 ut
419 1328 478 1377 et
521 1320 659 1391 pati,
690 1327 744 1375 et
772 1318 939 1374 multa
969 1318 1076 1373 alia
1109 1318 1255 1374 dicat
1281 1317 1484 1386 facere,
1507 1333 1628 1389 quae
1657 1335 1764 1374 non
1789 1327 1918 1375 sunt

329 1415 530 1470 lacere.
559 1412 744 1480 Quare
788 1420 989 1468 rectam
1029 1425 1243 1482 quoque
1275 1410 1628 1476 voluntatem,
1663 1411 1731 1468 de
1759 1411 1915 1484 cujus

330 1507 584 1572 veritate,
616 1513 746 1560 ante
773 1504 1058 1560 veritatem
1084 1504 1336 1572 actionis,
1371 1518 1536 1574 supra
1565 1503 1916 1575 contemplati

329 1612 542 1662 sumus,
581 1597 722 1651 inter
747 1603 924 1651 rectas
955 1595 1217 1660 actiones,
1248 1594 1350 1650 nisi
1396 1595 1574 1663 fallor,
1600 1604 1915 1664 computare

329 1702 638 1757 possumus.
670 1685 810 1743 MAG.
850 1685 968 1742 Non
995 1684 1216 1742 falleris.
1244 1685 1378 1757 Nam
1407 1687 1498 1757 qui
1527 1687 1637 1742 vult
1662 1687 1803 1758 quod
1826 1686 1917 1743 de-

2023 497 2182 552 l‘acile
2236 498 2605 569 cognoscitur,
2647 498 2939 569 aliquando
2996 497 3403 570 diiiicile.~Cum
3456 499 3600 554 enim

2020 604 2155 660 puer
2205 589 2360 644 timet
2411 590 2677 661 sculptum
2727 592 3017 648 draconem
3056 601 3244 662 aperto
3283 591 3604 658 ore',l‘acile

2020 681 2366 750 cognoscitur
2389 681 2513 751 quia
2553 681 2656 737 hoc
2700 699 2806 738 non
2838 681 2968 738 facit
2993 683 3162 749 visus,
3186 684 3274 754 qui
3301 683 3432 738 nihil
3457 683 3602 738 aliud

2019 788 2185 842 puero
2215 775 2514 839 renuntiat,
2555 790 2716 844 quam
2745 775 2966 831 senibus
2987 815 3002 840 ,
3032 777 3125 830 sed
3155 774 3380 844 puerilis
3411 791 3602 831 sensus

2017 859 2262 927 interior,
2292 862 2385 932 qui
2411 862 2646 918 nondum
2673 863 2808 919 bene
2835 863 2938 918 scit
2964 863 3272 919 discernere
3309 864 3452 919 inter
3484 879 3601 920 rem

2017 957 2072 1005 et
2099 951 2178 1005 rei
2206 950 2636 1006 similitudinem.
2668 951 2798 1007 Tale
2826 961 2909 1008 est
2951 968 3075 1008 cum
3100 953 3196 984 ³³⁷³
3225 953 3472 1009 videntes
3498 954 3599 1009 bo-

2017 1043 2218 1100 minem
2240 1045 2399 1100 alicui
2431 1046 2684 1113 similem,
2715 1056 2970 1116 putamus
2999 1047 3146 1101 illum
3182 1062 3301 1103 esse
3333 1049 3420 1103 cui
3445 1048 3600 1104 sitni-

2016 1133 2110 1201 lis;
2141 1144 2233 1190 aut
2261 1150 2385 1218 cum
2410 1137 2634 1193 audiens
2660 1138 2781 1207 quis
2802 1153 2908 1193 non
2948 1138 3182 1194 hominis
3209 1155 3420 1206 vocem,
3449 1149 3604 1210 putat

2016 1240 2136 1283 esse
2161 1241 2349 1283 vocem
2380 1227 2637 1284 hominis.
2674 1227 2807 1284 Nam
2831 1239 2890 1285 et
2928 1229 3034 1285 hoc
3077 1229 3206 1284 facit
3242 1245 3432 1286 sensus
3464 1229 3604 1285 intc-

2017 1318 2149 1374 rior.
2183 1319 2339 1387 Quod
2365 1328 2546 1376 autem
2576 1320 2713 1376 dicis
2741 1321 2809 1376 de
2841 1321 3008 1387 vitro,
3038 1321 3160 1378 ideo
3185 1330 3285 1385 est,
3317 1322 3442 1391 quia
3476 1336 3602 1376 cum

2016 1407 2167 1462 visus
2204 1408 2400 1464 transit
2437 1424 2534 1479 per
2575 1424 2773 1480 corpus
2817 1409 3031 1480 aliquod
3059 1410 3204 1466 aerei
3234 1410 3453 1476 coloris,
3494 1425 3603 1465 non

2017 1497 2177 1555 aliter
2220 1499 2512 1572 impeditur
2574 1515 2854 1557 assumere
2918 1501 3326 1558 similitudinem
3379 1501 3599 1571 coloris,

2017 1605 2177 1662 quem
2208 1591 2351 1647 ultra
2379 1592 2525 1648 videt
2549 1591 2676 1659 ³³⁷⁸,
2709 1607 2871 1663 quam
2918 1608 3040 1648 cum
3079 1595 3275 1648 transit
3304 1609 3398 1664 per
3427 1609 3554 1648 aera
3585 1611 3598 1648 :

2016 1683 2124 1740 nisi
2172 1685 2491 1755 iuquantum
2519 1685 2646 1742 illud
2678 1701 2894 1756 corpus,
2925 1688 3069 1759 quod
3102 1688 3316 1754 transit,
3354 1688 3600 1758 spissius,

333 1777 441 1842 bet,
475 1785 624 1831 recte
653 1785 709 1832 et
738 1777 876 1832 bene
903 1774 1083 1832 facere
1109 1775 1328 1842 dicitur,
1359 1790 1459 1832 nec
1482 1776 1550 1832 ab
1590 1777 1674 1832 his
1703 1777 1795 1848 qui
1823 1791 1915 1834 ve-
1945 1776 1989 1836 B
2016 1784 2111 1831 aut
2137 1777 2423 1834 obscurius
2469 1786 2554 1833 est
2591 1793 2718 1834 aere
2748 1797 2761 1833 :
2797 1786 2877 1846 ut,
2909 1794 3029 1834 cum
3059 1780 3254 1834 transit
3283 1793 3378 1849 per
3402 1779 3601 1834 vitrum

329 1866 551 1922 ritatem
583 1866 789 1922 faciunt
815 1866 1139 1922 excluditur.
1169 1865 1276 1922 Sed
1308 1867 1564 1937 quoniam
1591 1867 1660 1924 de
1681 1868 1915 1925 veritate

332 1957 727 2030 investigando,
775 1957 922 2013 illam
972 1957 1265 2028 loquimur,
1312 1967 1368 2014 et
1409 1959 1670 2016 Dominus
1715 1960 1785 2016 de
1824 1960 1914 2016 illa

335 2048 566 2104 veritate
614 2064 736 2119 qua:
782 2048 837 2104 in
874 2048 1152 2104 voluntate
1198 2058 1306 2116 est,
1351 2049 1658 2120 specialiter
1701 2053 1916 2107 videtur

329 2139 530 2206 dicere,
587 2153 712 2196 cum
766 2141 896 2197 dicit
929 2141 994 2196 de
1027 2140 1238 2197 diabolo
1276 2142 1404 2213 quia
1458 2143 1515 2198 in
1563 2144 1778 2199 ueritate
1809 2160 1915 2200 non

327 2233 468 2286 stetit
501 2231 685 2304 (Joan.
736 2247 857 2300 vm,
888 2232 980 2305 44)
1012 2251 1026 2288 :
1055 2233 1177 2289 ideo
1214 2235 1506 2304 separatim
1555 2235 1683 2306 quid
1727 2236 1780 2292 in
1813 2251 1913 2292 vo-

329 2322 533 2378 luntate
564 2324 766 2380 veritas
793 2334 957 2389 esset,
987 2325 1332 2383 considerare
1350 2326 1516 2382 volui.
1547 2327 1696 2383 Disc.
1729 2326 1915 2384 Placet

330 2412 462 2467 mihi
495 2413 568 2467 ita
614 2412 820 2470 factum
844 2429 984 2470 esse.
1010 2414 1149 2473 MAG.
1174 2414 1310 2472 Cum
1335 2431 1465 2487 ergo
1493 2426 1704 2473 constet
1747 2417 1916 2473 actio-

332 2503 418 2559 nis
446 2506 736 2562 veritatem
764 2507 924 2562 aliam
949 2508 1250 2564 naturalem
1278 2523 1418 2574 esse,
1445 2509 1604 2564 aliam
1631 2524 1734 2573 non
1765 2518 1915 2564 natu-

331 2597 530 2663 ralem,
588 2597 690 2654 sub
739 2599 968 2655 naturali
1021 2601 1264 2671 ponenda
1305 2610 1390 2658 est
1435 2601 1525 2656 illa
1554 2603 1757 2658 veritas
1785 2616 1912 2656 ora-

331 2689 515 2754 tionis,
545 2706 706 2760 quam
731 2706 892 2760 supra
917 2691 1147 2747 vidimus
1169 2691 1312 2763 (cap.
1335 2693 1392 2762 2)
1418 2693 1486 2748 ab
1523 2693 1610 2747 illa
1632 2707 1737 2748 non
1754 2707 1914 2764 posse

329 2783 594 2851 separari.
628 2780 784 2838 Sicut
809 2782 954 2838 enim
982 2783 1141 2854 ignis,
1167 2799 1290 2839 cum
1322 2784 1593 2850 calefacit,
1625 2784 1911 2840 veritatem

328 2871 480 2940 facit,
515 2875 643 2944 quia
675 2876 741 2929 ab
772 2889 838 2930 eo
878 2877 1087 2945 accepit
1128 2892 1159 2930 a
1213 2891 1321 2946 quo
1353 2877 1515 2932 habet
1559 2892 1678 2933 esse
1708 2895 1722 2931 :
1757 2878 1830 2932 ita
1857 2887 1913 2933 et

328 2963 445 3019 lucc
471 2965 668 3030 oratio,
721 2967 947 3032 scilicet,
983 2967 1102 3023 dies
1144 2977 1248 3035 est,
1301 2970 1583 3025 veritatem
1611 2969 1757 3035 facit,
1787 2985 1910 3026 cum

327 3057 600 3128 signiﬁcat
634 3059 778 3114 diem
802 3075 943 3123 esse,
976 3060 1091 3116 sive
1125 3060 1242 3116 dies
1273 3061 1364 3127 sit,
1393 3063 1505 3118 sive
1537 3063 1651 3118 dics
1683 3077 1788 3117 non
1815 3061 1906 3128 sit,

327 3147 582 3217 quoniam
615 3150 717 3204 hoc
741 3151 1062 3206 naturaliter
1091 3151 1301 3222 accepit
1333 3151 1534 3206 facere.
1574 3153 1722 3208 DISC.
1754 3151 1908 3207 Nunc

327 3241 562 3311 primum
586 3241 743 3298 video
769 3241 827 3297 in
862 3242 993 3298 falsa
1036 3245 1286 3300 oratione
1323 3243 1631 3299 veritatem.

944 3350 1173 3407 CAPUT
1219 3353 1300 3408 Vl.

329 3439 406 3495 De
428 3457 678 3496 sensuum
721 3443 935 3523 veritate
957 3442 1074 3508 ³³⁷³,
1099 3453 1145 3498 et
1191 3443 1330 3525 quod
1366 3442 1593 3525 falsitas,
1614 3458 1732 3514 qua:
1754 3452 1912 3514 puta-

634 3522 721 3565 tur
746 3527 855 3566 esse
879 3515 933 3566 in
968 3529 1145 3580 sensu,
1170 3515 1236 3567 sit
1264 3515 1318 3566 in
1342 3515 1602 3583 Opinione.

399 3600 540 3656 MAG.
587 3599 830 3657 Putasne
895 3617 993 3658 nos
1063 3612 1260 3674 praeter
1294 3619 1558 3659 summam
1604 3605 1909 3672 veritatem,

327 3707 515 3747 omnes
563 3693 721 3748 sedes
771 3694 1046 3750 invenisse
1088 3696 1365 3751 veritatis?
1395 3695 1541 3751 Disc.
1573 3697 1912 3753 Reminiscor

329 3799 472 3840 nunc
521 3781 803 3853 cujusdam
859 3787 1125 3852 veritatis,
1169 3802 1331 3858 quam
1378 3789 1431 3842 in
1474 3789 1582 3852 his,
1628 3791 1694 3844 de
1715 3790 1912 3859 quibus

329 3878 599 3944 tractasti,
651 3894 756 3933 non
791 3877 1026 3934 invenio.
1056 3862 1360 3947 MscfQuzn
1386 3889 1470 3935 est
1495 3880 1618 3934 illa?
1647 3880 1790 3935 DISC.
1819 3881 1913 3936 Est

327 3967 544 4038 quidem
576 3982 629 4021 in
659 3968 908 4023 sensibus
942 3971 1184 4039 corporis
1220 3971 1444 4036 veritas,
1487 3971 1580 4026 sed
1634 3987 1739 4025 non
1771 3985 1912 4025 sem-

326 4073 462 4128 per:
496 4074 620 4112 nam
675 4057 868 4114 fallunt
908 4073 1008 4115 nos
1049 4060 1362 4132 aliquando.
1410 4061 1546 4116 Nam
1594 4077 1717 4116 cum
1752 4063 1912 4117 video

330 4149 619 4220 aliquando
650 4164 745 4220 per
778 4150 1014 4206 medium
1048 4152 1249 4206 vitrum
1286 4151 1510 4222 aliquid,
1553 4152 1690 4208 fallit
1717 4169 1804 4209 me
1831 4154 1911 4209 vi-

328 4242 614 4311 suszquia
668 4242 960 4312 aliquando
1009 4244 1285 4299 renuntiat
1330 4245 1463 4300 mihi
1515 4259 1730 4316 corpus,
1767 4245 1911 4316 quod

330 4331 484 4385 video
519 4332 660 4386 ultra
689 4333 917 4398 vitrum,
972 4331 1213 4403 ejusdem
1241 4348 1362 4389 esse
1395 4333 1591 4390 coloris
1643 4333 1796 4402 cujus
1827 4342 1910 4390 est

327 4428 381 4474 et
410 4420 608 4475 vitrum
633 4461 649 4488 ,
690 4435 814 4476 cum
845 4419 1066 4476 alterius
1093 4422 1162 4476 sit
1185 4421 1382 4477 coloris
1415 4440 1428 4475 :
1459 4421 1751 4492 aliquando
1778 4436 1907 4479 vero

329 4512 459 4567 facit
495 4527 582 4567 me
621 4522 814 4584 putare
848 4515 1048 4569 vitrum
1096 4514 1298 4569 habere
1341 4511 1575 4568 colorem
1611 4513 1710 4580 rei,
1741 4528 1905 4583 quam

328 4603 469 4658 ultra
513 4603 700 4669 video,
733 4620 857 4659 cum
908 4619 1015 4659 non
1062 4604 1278 4660 habeat.
1328 4603 1492 4660 Multa
1539 4613 1665 4659 sunt
1693 4604 1820 4673 alia,
1851 4605 1904 4660 in

2018 1869 2102 1925 sui
2151 1869 2364 1935 coloris,
2409 1870 2462 1924 id
2509 1879 2592 1926 est
2622 1871 2708 1925 cui
2737 1870 2915 1927 nullus
2942 1871 3078 1926 alius
3113 1870 3378 1926 admistus
3401 1879 3484 1926 est
3512 1884 3604 1925 co-

2016 1959 2136 2027 lor;
2167 1969 2260 2016 aut
2287 1975 2384 2030 per
2411 1961 2756 2032 purissimam
2780 1977 2996 2035 aquam,
3027 1970 3120 2016 aut
3143 1976 3239 2032 per
3266 1961 3599 2032 Crystallum,

2016 2060 2110 2108 aut
2134 2067 2232 2123 per
2276 2053 2478 2124 aliquid
2513 2053 2747 2109 similem
2776 2055 2985 2110 habens
3020 2053 3276 2109 colorem.
3309 2052 3444 2108 Cum
3474 2066 3603 2106 vero

2013 2145 2212 2200 transit
2246 2143 2389 2201 idem
2416 2144 2565 2200 visus
2593 2158 2690 2214 per
2715 2143 2878 2198 alium
2908 2143 3168 2207 colorem,
3197 2151 3255 2195 ut
3277 2155 3374 2210 per
3397 2141 3600 2194 vitrum

2015 2248 2122 2290 non
2151 2233 2232 2290 sui
2252 2233 2472 2300 coloris,
2493 2235 2588 2290 sed
2609 2233 2695 2290 cui
2721 2233 2861 2288 alius
2885 2233 3032 2288 color
3056 2242 3142 2290 est
3164 2231 3397 2297 additus,
3422 2233 3599 2302 ipsum

2014 2323 2251 2380 colorem
2277 2325 2369 2395 qui
2399 2324 2551 2395 prius
2574 2323 2813 2380 occurrit
2843 2323 3058 2393 accipit.
3083 2323 3439 2392 Quapmpter,
3467 2337 3602 2393 quo-

2014 2416 2160 2472 niam
2189 2423 2312 2486 post
2334 2431 2498 2471 unum
2524 2408 2802 2486 acceptum
2835 2415 3094 2478 colorem,
3128 2415 3422 2470 secundum
3455 2414 3604 2483 quod

2015 2507 2106 2563 illo
2132 2506 2356 2564 allectus
2378 2515 2481 2573 est,
2509 2507 2677 2562 alium
2703 2507 3008 2578 quicunque
3036 2515 3305 2567 occurrat,
3343 2513 3437 2558 aut
3473 2506 3599 2559 nul-

2013 2596 2247 2664 latenus,
2281 2607 2374 2653 aut
2397 2601 2574 2654 minus
2611 2597 2818 2668 integre
2859 2596 3237 2667 suscipit‘m:
3276 2597 3396 2652 ideo
3447 2597 3598 2651 illum

2014 2703 2176 2758 quem
2207 2688 2357 2758 prius
2387 2688 2550 2758 cepit,
2599 2696 2690 2741 aut
2739 2687 2932 2755 solum,
2980 2696 3074 2741 aut
3117 2701 3239 2742 cum
3267 2702 3332 2740 eo
3358 2687 3447 2756 qui
3478 2694 3602 2756 post

2016 2779 2283 2843 occurrit,
2316 2777 2610 2832 renuntiat.
2647 2776 2716 2831 .Si
2751 2777 2894 2832 enim
2943 2777 3113 2842 visus,
3146 2772 3405 2845 quantum
3432 2790 3601 2846 capax

2013 2879 2099 2926 est
2127 2870 2345 2937 coloris,
2385 2877 2594 2924 tantum
2627 2868 2858 2924 allicitur
2899 2869 3080 2938 priore
3128 2867 3332 2932 colore,
3363 2883 3467 2922 non
3501 2883 3594 2938 po-

2015 2969 2122 3018 test
2166 2961 2331 3016 alium
2383 2961 2585 3016 sentire
2631 2959 2790 3016 simul
2819 2960 3055 3016 colorem
3087 2978 3100 3013 :
3131 2960 3176 3015 si
3209 2969 3386 3014 autem
3419 2961 3600 3016 minus

2013 3065 2172 3121 quam
2198 3050 2434 3106 colorem
2475 3051 2678 3106 sentire
2703 3051 2906 3121 possit,
2932 3051 3099 3120 priori
3133 3049 3387 3116 aﬂicitur,
3419 3059 3599 3120 potest

2013 3143 2180 3197 alium
2211 3143 2412 3198 sentire
2444 3160 2458 3196 :
2491 3152 2569 3207 ut,
2603 3142 2648 3198 si
2677 3143 2871 3198 transit
2893 3159 2992 3213 per
3013 3143 3228 3212 aliquod
3258 3157 3458 3212 corpus
3505 3157 3600 3197 ve-

2014 3233 2094 3287 lut
2115 3248 2211 3303 per
2240 3233 2460 3298 vitrum,
2500 3233 2642 3302 quod
2675 3233 2748 3287 ita
2775 3232 3012 3303 perfecte
3037 3233 3106 3288 sit
3135 3232 3510 3297 rubicundum,
3539 3240 3600 3288 ut

2012 3325 2231 3380 omnino
2261 3324 2375 3394 ipse
2411 3325 2558 3381 visus
2597 3324 2864 3380 alliciatnr
2907 3325 3025 3396 ejus
3054 3325 3271 3390 rubore,
3303 3325 3491 3393 nequit
3515 3325 3599 3380 di-

2012 3429 2172 3470 verso
2221 3413 2380 3470 simul
2403 3413 2540 3472 allici
2568 3417 2791 3471 colore:
2827 3416 2870 3471 si
2911 3424 3086 3472 autem
3140 3431 3246 3470 non
3287 3425 3392 3470 tam
3423 3417 3599 3486 perfe-

2013 3517 2158 3564 ctum
2198 3507 2406 3562 invenit
2449 3509 2702 3564 ruborem
2731 3509 2820 3579 qui
2861 3509 3008 3578 prior
3045 3509 3305 3576 occurrit,
3337 3517 3596 3579 quantum

2014 3600 2210 3656 coloris
2254 3616 2425 3670 capax
2480 3610 2583 3666 est,
2637 3601 2791 3670 quasi
2843 3602 3081 3656 nondum
3140 3601 3354 3669 plenus,
3409 3600 3588 3656 adhuc

2013 3691 2177 3745 alium
2207 3693 2352 3746 valet
2389 3705 2666 3747 assumere
2705 3692 2960 3757 colorem,
3013 3693 3332 3760 inquautum
3361 3695 3478 3758 ejus
3505 3703 3598 3747 ca-

2012 3781 2218 3850 pacitas
2244 3783 2411 3852 priori
2442 3782 2623 3837 colore
2663 3797 2770 3836 non
2802 3792 2886 3837 est
2937 3784 3153 3838 satiata.
3191 3782 3290 3848 Qui
3321 3797 3454 3851 ergo
3492 3782 3598 3836 hoc

2013 3872 2208 3938 nescit,
2238 3880 2392 3941 putat
2421 3871 2595 3926 visum
2638 3872 2949 3926 renuntiare
2975 3871 3100 3940 quia
3131 3872 3226 3903 ³³¹⁶
3253 3871 3432 3926 omnia
3473 3886 3594 3940 qua:

2011 3972 2132 4035 post
2154 3964 2303 4033 prius
2348 3972 2684 4034 assumptum
2731 3963 2965 4018 colorem
3002 3964 3188 4028 sentit,
3230 3972 3323 4017 aut
3349 3963 3592 4027 omnino,

2014 4067 2107 4115 aut
2131 4057 2472 4129 aliquatenus
2494 4057 2733 4126 ejusdem
2764 4057 2872 4112 sint
2896 4057 3112 4113 coloris.
3136 4056 3290 4112 Unde
3317 4055 3596 4126 contingit

2012 4161 2068 4206 ut
2096 4167 2286 4208 sensus
2317 4152 2541 4208 interior
2565 4151 2776 4222 culpam
2800 4164 2955 4206 suam
2979 4151 3205 4221 imputet
3227 4148 3408 4204 sensui
3439 4157 3592 4203 exte-

2013 4242 2166 4298 riori.
2199 4243 2458 4304 Similiter
2488 4258 2612 4299 cum
2656 4242 2816 4298 fustis
2861 4243 3088 4314 integer,
3137 4239 3293 4310 cujus
3343 4254 3468 4310 pars
3510 4247 3597 4293 est

2013 4333 2155 4390 intra
2189 4349 2408 4404 aquam,
2462 4342 2516 4390 et
2561 4349 2688 4405 pars
2728 4343 2907 4400 extra,
2947 4341 3168 4403 putatur
3219 4331 3423 4385 fractus
3457 4347 3470 4383 :
3502 4337 3597 4384 aut

2014 4439 2135 4482 cum
2158 4434 2408 4494 putamus
2435 4425 2578 4494 quod
2607 4425 2756 4480 visus
2783 4434 2967 4479 noster
2991 4423 3172 4478 vultus
3199 4430 3414 4476 nostros
3443 4421 3593 4475 inve-

2013 4516 2130 4569 niat
2164 4515 2214 4568 in
2245 4513 2484 4584 speculo,
2523 4523 2577 4569 et
2626 4529 2749 4568 cum
2795 4514 2962 4570 multa
2992 4513 3095 4568 alia
3135 4513 3290 4568 nobis
3329 4511 3488 4566 aliter
3516 4512 3596 4566 vi-

2014 4607 2210 4663 dentur
2235 4606 2384 4660 visus
2427 4614 2482 4660 et
2511 4605 2600 4660 alii
2625 4621 2816 4662 sensus
2840 4607 3086 4660 nuntiare
3115 4620 3279 4674 quam
3302 4605 3414 4660 sint
3435 4644 3452 4670 ,
3487 4619 3595 4659 non

2013 4697 2168 4766 eulpa
2201 4709 2459 4750 sensuum
2513 4706 2621 4762 est,
2671 4696 2761 4765 qui
2813 4695 3127 4750 renuntiant
3167 4695 3308 4762 quod
3345 4701 3594 4763 possunt,

2015 4793 2269 4862 quoniam
2305 4794 2379 4848 ita
2426 4805 2582 4862 posse
2629 4795 2983 4856 acceperunt;
3035 4787 3129 4841 sed
3167 4785 3372 4854 judicio
3400 4785 3595 4839 animm

2016 4883 2387 4956 imputandum
2416 4891 2523 4949 est,
2555 4881 2698 4952 quod
2728 4894 2837 4936 non
2877 4879 3018 4935 bene
3042 4877 3298 4934 discernit
3319 4875 3448 4946 quid
3470 4887 3595 4944 pos-

329 4701 523 4767 quibus
566 4698 735 4766 visus,
785 4705 840 4751 et
869 4697 960 4751 alii
992 4712 1182 4754 sensus
1212 4697 1424 4753 fallunt.
1459 4696 1599 4752 MAG.
1633 4696 1751 4754 Non
1776 4697 1909 4754 mihi

331 4790 545 4845 videtur
595 4793 709 4846 hzcc
741 4790 961 4855 veritas,
993 4789 1074 4844 vel
1128 4789 1336 4846 falsitas
1366 4790 1420 4845 in
1459 4789 1712 4847 sensibus
1763 4804 1906 4858 esse,

326 4880 424 4938 sed
459 4881 514 4937 in
553 4881 826 4954 Opinione.
877 4881 997 4953 ipse
1041 4895 1276 4953 namque
1317 4895 1514 4940 sensus
1565 4883 1796 4941 interior
1849 4897 1910 4940 se

1615 5064 1850 5121 VARIA'J
1891 5064 2294 5122 LECTIONES.

395 5221 492 5294 ‘3"
525 5220 747 5294 Proprie
788 5220 987 5294 dicitur
1031 5221 1228 5294 facere,
1261 5221 1444 5294 tacere
1472 5221 1758 5294 veritatem
1798 5220 2136 5294 intelligitur,
2171 5231 2277 5275 non
2323 5227 2530 5294 tantum
2559 5219 2612 5294 in
2642 5217 2938 5294 facto,_sed
2963 5214 3126 5272 etiam
3168 5215 3223 5270 in
3255 5212 3590 5294 verbonetin

322 5283 660 5360 sutl‘erentia',
709 5292 802 5346 sed
848 5306 947 5360 pro
977 5290 1124 5348 omni
1169 5283 1333 5347 verbo
1374 5301 1431 5346 et
1475 5292 1736 5347 Dominus
1759 5291 1927 5346 voluit
1967 5283 2285 5360 intelligere,
2313 5305 2436 5346 cum
2461 5290 2636 5344 dixit:
2675 5283 2930 5360 quoniam
2967 5304 3091 5360 mss.
3132 5285 3347 5360 proprie
3395 5283 3592 5354 dicitur

323 5361 524 5436 facere,
556 5354 789 5436 sed_pro
816 5354 962 5436 omni
994 5362 1160 5436 verbo
1189 5362 1450 5436 Dominus
1488 5362 1660 5436 voluit
1678 5361 2011 5436 intelligere
2033 5354 2166 5436 cuni
2191 5361 2326 5414 dixit
2359 5378 2372 5414 :
2410 5361 2664 5436 quoniam
2693 5354 2706 5358 ⁷
2730 5354 3108 5436 ἶπο-Χςτίιεῃθ
3132 5354 3263 5436 'siti'e
3289 5354 3406 5436 luce
3443 5371 3570 5436 mss.

323 5430 607 5505 S._Miclt.
649 5424 844 5505 Bizch
892 5432 1122 5505 veritate
1169 5433 1281 5487 sive
1311 5431 1432 5486 luce
1504 5424 1960 5505 "'{Dicerejel
2000 5429 2318 5505 benefacere
2363 5424 2487 5485 mss.
2550 5428 2678 5483 i’ict.
2724 5427 2984 5505 S._Mich.
3029 5425 3154 5479 Bac.
3201 5424 3588 5505 tiu-(licerelic-

323 5501 573 5556 nefacere
646 5503 740 5534 ³³⁷³
796 5501 864 5554 1η
907 5519 1030 5556 mss.
1080 5501 1157 5556 De
1194 5515 1448 5557 sensuum
1493 5501 1722 5556 veritate
1795 5501 1888 5534 ³³⁷³
1918 5501 2048 5555 Tale
2093 5511 2177 5555 est
2203 5501 2346 5554 enim
2393 5517 2513 5554 cum
2554 5517 2679 5553 mss.
2730 5498 2836 5552 tale
2887 5506 2971 5552 est
3017 5511 3138 5550 cum
3213 5495 3306 5527 ⁸³⁷⁸
3349 5494 3591 5549 Similem

320 5572 520 5652 coloris
557 5573 676 5652 qui_
701 5571 1101 5652 ultranvidetur
1135 5588 1260 5628 mss.
1303 5571 1714 5652 similitudinem
1765 5571 1965 5626 coloris
1990 5584 2148 5652 quem
2177 5570 2346 5652 intra
2382 5571 2648 5650 videtms.
2681 5568 2805 5652 Dec.
2849 5565 3326 5652 tisimilitudinem
3373 5564 3590 5628 coloris,

322 5642 414 5709 qui
461 5636 598 5722 ultra
628 5643 770 5701 videt
847 5641 1178 5717 ""lntegre
1227 5643 1424 5716 accipit
1466 5659 1591 5700 mss.
1630 5644 1840 5718 integre
1878 5636 2103 5712 suscipit
2137 5709 2144 5718 ι
2175 5641 2268 5716 ἓ³⁷⁶
2307 5640 2648 5715 Renunciare
2687 5640 2812 5709 hoc,
2838 5637 3066 5706 scilicet,
3087 5636 3215 5709 quia
3243 5653 3364 5693 mss.
3397 5650 3593 5693 renun-

321 5727 471 5768 ctare
499 5727 622 5784 quia
