  <div class='ocr_page' id='page_1' title='image "/cluster/home/n/w/nwhite01/storage/ocr_20150623/158/hvd.32044054760160/243.png"; bbox 0 0 3936 6048; ppageno 0'>
   <div class='ocr_carea' id='block_1_1' title="bbox 368 309 474 364">
    <p class='ocr_par' dir='ltr' id='par_1_1' title="bbox 368 309 474 364">
     <span class='ocr_line' id='line_1_1' title="bbox 368 309 474 364; baseline 0 -1"><span class='ocrx_word' id='word_1_1' title='bbox 368 309 474 364; x_wconf 68' lang='grc'><strong>475</strong></span> 
     </span>
    </p>
   </div>
   <div class='ocr_carea' id='block_1_2' title="bbox 900 302 3067 365">
    <p class='ocr_par' dir='ltr' id='par_1_2' title="bbox 900 302 3067 365">
     <span class='ocr_line' id='line_1_2' title="bbox 900 302 3067 365; baseline -0 -4"><span class='ocrx_word' id='word_1_2' title='bbox 900 307 956 362; x_wconf 84' lang='grc'><strong>8.</strong></span> <span class='ocrx_word' id='word_1_3' title='bbox 1003 305 1300 361; x_wconf 74' lang='lat' dir='ltr'><strong>ANSELMI</strong></span> <span class='ocrx_word' id='word_1_4' title='bbox 1339 303 1689 360; x_wconf 77' lang='lat' dir='ltr'><strong>CANTUAR.</strong></span> <span class='ocrx_word' id='word_1_5' title='bbox 1732 304 2048 362; x_wconf 82' lang='lat' dir='ltr'><strong>ARCHIEP.</strong></span> <span class='ocrx_word' id='word_1_6' title='bbox 2079 307 2229 365; x_wconf 79' lang='lat' dir='ltr'><strong>OPP.</strong></span> <span class='ocrx_word' id='word_1_7' title='bbox 2274 307 2456 364; x_wconf 76' lang='lat' dir='ltr'><strong>PARS</strong></span> <span class='ocrx_word' id='word_1_8' title='bbox 2493 305 2533 360; x_wconf 87' lang='lat' dir='ltr'><strong>l.</strong></span> <span class='ocrx_word' id='word_1_9' title='bbox 2556 335 2625 345; x_wconf 91' lang='lat'><strong>—</strong></span> <span class='ocrx_word' id='word_1_10' title='bbox 2648 302 3067 360; x_wconf 68' lang='lat' dir='ltr'><strong>DOGMATICA.</strong></span> 
     </span>
    </p>
   </div>
   <div class='ocr_carea' id='block_1_3' title="bbox 3503 310 3612 364">
    <p class='ocr_par' dir='ltr' id='par_1_3' title="bbox 3503 310 3612 364">
     <span class='ocr_line' id='line_1_3' title="bbox 3503 310 3612 364; baseline 0 -1"><span class='ocrx_word' id='word_1_11' title='bbox 3503 310 3612 364; x_wconf 64' lang='lat'><strong>476</strong></span> 
     </span>
    </p>
   </div>
   <div class='ocr_carea' id='block_1_4' title="bbox 369 415 3618 489">
    <p class='ocr_par' dir='ltr' id='par_1_4' title="bbox 369 415 3618 489">
     <span class='ocr_line' id='line_1_4' title="bbox 369 415 3618 489; baseline 0 -13"><span class='ocrx_word' id='word_1_12' title='bbox 369 423 479 476; x_wconf 91' lang='lat' dir='ltr'><strong>sint</strong></span> <span class='ocrx_word' id='word_1_13' title='bbox 508 418 606 488; x_wconf 85' lang='lat' dir='ltr'><strong>illi,</strong></span> <span class='ocrx_word' id='word_1_14' title='bbox 635 427 729 474; x_wconf 89' lang='lat' dir='ltr'><strong>aut</strong></span> <span class='ocrx_word' id='word_1_15' title='bbox 766 419 894 489; x_wconf 91' lang='lat' dir='ltr'><strong>quid</strong></span> <span class='ocrx_word' id='word_1_16' title='bbox 923 417 1150 472; x_wconf 88' lang='lat' dir='ltr'><strong>debeant</strong></span> <span class='ocrx_word' id='word_1_17' title='bbox 1173 417 1285 469; x_wconf 84' lang='grc'>³³⁷⁷.</span> <span class='ocrx_word' id='word_1_18' title='bbox 1312 415 1463 482; x_wconf 89' lang='lat' dir='ltr'><strong>Quod</strong></span> <span class='ocrx_word' id='word_1_19' title='bbox 1493 415 1778 470; x_wconf 90' lang='lat' dir='ltr'><strong>ostendere</strong></span> <span class='ocrx_word' id='word_1_20' title='bbox 1806 431 1940 484; x_wconf 85' lang='lat' dir='ltr'><strong>quo-</strong></span> <span class='ocrx_word' id='word_1_21' title='bbox 1968 424 2012 482; x_wconf 81' lang='grc' dir='ltr'><strong>Α</strong></span> <span class='ocrx_word' id='word_1_22' title='bbox 2046 421 2186 474; x_wconf 81' lang='lat' dir='ltr'><strong>Disc.</strong></span> <span class='ocrx_word' id='word_1_23' title='bbox 2238 419 2380 474; x_wconf 82' lang='lat' dir='ltr'><strong>Nihil</strong></span> <span class='ocrx_word' id='word_1_24' title='bbox 2429 417 2558 471; x_wconf 91' lang='lat' dir='ltr'><strong>mihi</strong></span> <span class='ocrx_word' id='word_1_25' title='bbox 2609 417 2829 472; x_wconf 79' lang='lat' dir='ltr'><strong>certius.</strong></span> <span class='ocrx_word' id='word_1_26' title='bbox 2870 417 3009 472; x_wconf 85' lang='lat' dir='ltr'><strong>MAG.</strong></span> <span class='ocrx_word' id='word_1_27' title='bbox 3057 417 3139 471; x_wconf 83' lang='lat' dir='ltr'><strong>An</strong></span> <span class='ocrx_word' id='word_1_28' title='bbox 3179 418 3401 474; x_wconf 82' lang='lat' dir='ltr'><strong>audebis</strong></span> <span class='ocrx_word' id='word_1_29' title='bbox 3432 419 3618 476; x_wconf 85' lang='lat' dir='ltr'><strong>dicere</strong></span> 
     </span>
    </p>
   </div>
   <div class='ocr_carea' id='block_1_5' title="bbox 369 505 1937 575">
    <p class='ocr_par' dir='ltr' id='par_1_5' title="bbox 369 505 1937 575">
     <span class='ocr_line' id='line_1_5' title="bbox 369 505 1937 575; baseline -0.001 -11"><span class='ocrx_word' id='word_1_30' title='bbox 369 513 513 566; x_wconf 88' lang='lat' dir='ltr'><strong>niam</strong></span> <span class='ocrx_word' id='word_1_31' title='bbox 555 510 876 564; x_wconf 72' lang='lat' dir='ltr'><strong>laboriosum</strong></span> <span class='ocrx_word' id='word_1_32' title='bbox 908 507 1079 575; x_wconf 87' lang='lat' dir='ltr'><strong>magis</strong></span> <span class='ocrx_word' id='word_1_33' title='bbox 1121 513 1205 562; x_wconf 91' lang='lat' dir='ltr'><strong>est</strong></span> <span class='ocrx_word' id='word_1_34' title='bbox 1271 521 1432 575; x_wconf 88' lang='lat' dir='ltr'><strong>quam</strong></span> <span class='ocrx_word' id='word_1_35' title='bbox 1483 505 1814 561; x_wconf 81' lang='lat' dir='ltr'><strong>fructuosum</strong></span> <span class='ocrx_word' id='word_1_36' title='bbox 1869 510 1937 563; x_wconf 88' lang='lat' dir='ltr'><strong>ad</strong></span> 
     </span>
    </p>
   </div>
   <div class='ocr_carea' id='block_1_6' title="bbox 371 598 1940 670">
    <p class='ocr_par' dir='ltr' id='par_1_6' title="bbox 371 598 1940 670">
     <span class='ocr_line' id='line_1_6' title="bbox 371 598 1940 670; baseline -0.002 -14"><span class='ocrx_word' id='word_1_37' title='bbox 371 603 472 656; x_wconf 86' lang='lat' dir='ltr'><strong>hoc</strong></span> <span class='ocrx_word' id='word_1_38' title='bbox 499 602 640 670; x_wconf 87' lang='lat' dir='ltr'><strong>quod</strong></span> <span class='ocrx_word' id='word_1_39' title='bbox 664 599 1024 662; x_wconf 85' lang='lat' dir='ltr'><strong>intendimus,</strong></span> <span class='ocrx_word' id='word_1_40' title='bbox 1051 599 1102 652; x_wconf 93' lang='lat' dir='ltr'><strong>in</strong></span> <span class='ocrx_word' id='word_1_41' title='bbox 1128 599 1230 652; x_wconf 90' lang='lat' dir='ltr'><strong>hoc</strong></span> <span class='ocrx_word' id='word_1_42' title='bbox 1258 598 1413 652; x_wconf 92' lang='lat' dir='ltr'><strong>modo</strong></span> <span class='ocrx_word' id='word_1_43' title='bbox 1437 607 1646 667; x_wconf 84' lang='lat' dir='ltr'><strong>tempus</strong></span> <span class='ocrx_word' id='word_1_44' title='bbox 1665 599 1940 653; x_wconf 88' lang='lat' dir='ltr'><strong>insumen-</strong></span> 
     </span>
    </p>
   </div>
   <div class='ocr_carea' id='block_1_7' title="bbox 369 687 1933 745">
    <p class='ocr_par' dir='ltr' id='par_1_7' title="bbox 369 687 1933 745">
     <span class='ocr_line' id='line_1_7' title="bbox 369 687 1933 745; baseline -0.001 0"><span class='ocrx_word' id='word_1_45' title='bbox 369 694 492 745; x_wconf 88' lang='lat' dir='ltr'><strong>dum</strong></span> <span class='ocrx_word' id='word_1_46' title='bbox 519 691 613 723; x_wconf 85' lang='grc'><strong>³³⁷⁸</strong></span> <span class='ocrx_word' id='word_1_47' title='bbox 645 705 750 743; x_wconf 93' lang='lat' dir='ltr'><strong>non</strong></span> <span class='ocrx_word' id='word_1_48' title='bbox 780 689 1032 744; x_wconf 82' lang='lat' dir='ltr'><strong>arbitror.</strong></span> <span class='ocrx_word' id='word_1_49' title='bbox 1074 687 1187 744; x_wconf 82' lang='lat' dir='ltr'><strong>Hoc</strong></span> <span class='ocrx_word' id='word_1_50' title='bbox 1210 697 1414 743; x_wconf 90' lang='lat' dir='ltr'><strong>tantum</strong></span> <span class='ocrx_word' id='word_1_51' title='bbox 1441 688 1671 744; x_wconf 76' lang='lat' dir='ltr'><strong>suiliciat</strong></span> <span class='ocrx_word' id='word_1_52' title='bbox 1708 691 1888 745; x_wconf 86' lang='lat' dir='ltr'><strong>dicere</strong></span> <span class='ocrx_word' id='word_1_53' title='bbox 1919 709 1933 744; x_wconf 86' lang='lat'><strong>:</strong></span> 
     </span>
    </p>
   </div>
   <div class='ocr_carea' id='block_1_8' title="bbox 367 777 1938 850">
    <p class='ocr_par' dir='ltr' id='par_1_8' title="bbox 367 777 1938 850">
     <span class='ocr_line' id='line_1_8' title="bbox 367 777 1938 850; baseline 0 -17"><span class='ocrx_word' id='word_1_54' title='bbox 367 781 492 850; x_wconf 85' lang='lat' dir='ltr'><strong>quia</strong></span> <span class='ocrx_word' id='word_1_55' title='bbox 522 795 712 834; x_wconf 88' lang='lat' dir='ltr'><strong>sensus</strong></span> <span class='ocrx_word' id='word_1_56' title='bbox 754 777 1015 848; x_wconf 83' lang='lat' dir='ltr'><strong>quidquid</strong></span> <span class='ocrx_word' id='word_1_57' title='bbox 1059 779 1368 832; x_wconf 91' lang='lat' dir='ltr'><strong>renuntiare</strong></span> <span class='ocrx_word' id='word_1_58' title='bbox 1394 778 1698 841; x_wconf 89' lang='lat' dir='ltr'><strong>videantur,</strong></span> <span class='ocrx_word' id='word_1_59' title='bbox 1730 780 1844 834; x_wconf 90' lang='lat' dir='ltr'><strong>sive</strong></span> <span class='ocrx_word' id='word_1_60' title='bbox 1871 795 1938 835; x_wconf 84' lang='lat' dir='ltr'><strong>ex</strong></span> 
     </span>
    </p>
   </div>
   <div class='ocr_carea' id='block_1_9' title="bbox 367 869 1936 939">
    <p class='ocr_par' dir='ltr' id='par_1_9' title="bbox 367 869 1936 939">
     <span class='ocr_line' id='line_1_9' title="bbox 367 869 1936 939; baseline 0 -14"><span class='ocrx_word' id='word_1_61' title='bbox 367 873 448 926; x_wconf 91' lang='lat' dir='ltr'><strong>sui</strong></span> <span class='ocrx_word' id='word_1_62' title='bbox 477 880 670 924; x_wconf 89' lang='lat' dir='ltr'><strong>natura</strong></span> <span class='ocrx_word' id='word_1_63' title='bbox 703 872 808 925; x_wconf 89' lang='lat' dir='ltr'><strong>hoc</strong></span> <span class='ocrx_word' id='word_1_64' title='bbox 841 869 1058 935; x_wconf 81' lang='lat' dir='ltr'><strong>faciant,</strong></span> <span class='ocrx_word' id='word_1_65' title='bbox 1107 871 1222 924; x_wconf 85' lang='lat' dir='ltr'><strong>sive</strong></span> <span class='ocrx_word' id='word_1_66' title='bbox 1275 886 1340 923; x_wconf 83' lang='lat' dir='ltr'><strong>ex</strong></span> <span class='ocrx_word' id='word_1_67' title='bbox 1381 869 1558 939; x_wconf 88' lang='lat' dir='ltr'><strong>aliqua</strong></span> <span class='ocrx_word' id='word_1_68' title='bbox 1603 870 1709 925; x_wconf 88' lang='lat' dir='ltr'><strong>alia</strong></span> <span class='ocrx_word' id='word_1_69' title='bbox 1752 886 1936 936; x_wconf 86' lang='lat' dir='ltr'><strong>causa,</strong></span> 
     </span>
    </p>
   </div>
   <div class='ocr_carea' id='block_1_10' title="bbox 369 961 1937 1031">
    <p class='ocr_par' dir='ltr' id='par_1_10' title="bbox 369 961 1937 1031">
     <span class='ocr_line' id='line_1_10' title="bbox 369 961 1937 1031; baseline 0.003 -18"><span class='ocrx_word' id='word_1_70' title='bbox 369 962 567 1015; x_wconf 77' lang='lat' dir='ltr'><strong>faciunt</strong></span> <span class='ocrx_word' id='word_1_71' title='bbox 589 962 730 1031; x_wconf 91' lang='lat' dir='ltr'><strong>quod</strong></span> <span class='ocrx_word' id='word_1_72' title='bbox 762 962 989 1026; x_wconf 91' lang='lat' dir='ltr'><strong>debent;</strong></span> <span class='ocrx_word' id='word_1_73' title='bbox 1023 969 1077 1014; x_wconf 93' lang='lat' dir='ltr'><strong>et</strong></span> <span class='ocrx_word' id='word_1_74' title='bbox 1099 961 1218 1014; x_wconf 92' lang='lat' dir='ltr'><strong>ideo</strong></span> <span class='ocrx_word' id='word_1_75' title='bbox 1238 961 1329 993; x_wconf 74' lang='lat'><strong>&quot;7’</strong></span> <span class='ocrx_word' id='word_1_76' title='bbox 1362 961 1735 1016; x_wconf 89' lang='lat' dir='ltr'><strong>rectitudinem</strong></span> <span class='ocrx_word' id='word_1_77' title='bbox 1764 971 1818 1016; x_wconf 87' lang='lat' dir='ltr'><strong>et</strong></span> <span class='ocrx_word' id='word_1_78' title='bbox 1841 978 1937 1018; x_wconf 90' lang='lat' dir='ltr'><strong>ve-</strong></span> 
     </span>
    </p>
   </div>
   <div class='ocr_carea' id='block_1_11' title="bbox 367 1051 1938 1108">
    <p class='ocr_par' dir='ltr' id='par_1_11' title="bbox 367 1051 1938 1108">
     <span class='ocr_line' id='line_1_11' title="bbox 367 1051 1938 1108; baseline -0.001 0"><span class='ocrx_word' id='word_1_79' title='bbox 367 1055 582 1108; x_wconf 90' lang='lat' dir='ltr'><strong>ritatem</strong></span> <span class='ocrx_word' id='word_1_80' title='bbox 627 1053 832 1106; x_wconf 82' lang='lat' dir='ltr'><strong>faciunt</strong></span> <span class='ocrx_word' id='word_1_81' title='bbox 861 1069 874 1104; x_wconf 89' lang='lat'><strong>:</strong></span> <span class='ocrx_word' id='word_1_82' title='bbox 909 1061 963 1105; x_wconf 94' lang='lat' dir='ltr'><strong>et</strong></span> <span class='ocrx_word' id='word_1_83' title='bbox 997 1051 1303 1106; x_wconf 86' lang='lat' dir='ltr'><strong>continetur</strong></span> <span class='ocrx_word' id='word_1_84' title='bbox 1340 1053 1455 1106; x_wconf 69' lang='lat' dir='ltr'><strong>haec</strong></span> <span class='ocrx_word' id='word_1_85' title='bbox 1483 1052 1683 1106; x_wconf 90' lang='lat' dir='ltr'><strong>veritas</strong></span> <span class='ocrx_word' id='word_1_86' title='bbox 1712 1053 1811 1107; x_wconf 91' lang='lat' dir='ltr'><strong>sub</strong></span> <span class='ocrx_word' id='word_1_87' title='bbox 1849 1053 1938 1107; x_wconf 92' lang='lat' dir='ltr'><strong>illa</strong></span> 
     </span>
    </p>
   </div>
   <div class='ocr_carea' id='block_1_12' title="bbox 366 1141 1939 1211">
    <p class='ocr_par' dir='ltr' id='par_1_12' title="bbox 366 1141 1939 1211">
     <span class='ocr_line' id='line_1_12' title="bbox 366 1141 1939 1211; baseline 0.001 -16"><span class='ocrx_word' id='word_1_88' title='bbox 366 1145 615 1203; x_wconf 85' lang='lat' dir='ltr'><strong>veritate,</strong></span> <span class='ocrx_word' id='word_1_89' title='bbox 645 1157 763 1211; x_wconf 69' lang='lat' dir='ltr'><strong>qua:</strong></span> <span class='ocrx_word' id='word_1_90' title='bbox 791 1151 874 1196; x_wconf 89' lang='lat' dir='ltr'><strong>est</strong></span> <span class='ocrx_word' id='word_1_91' title='bbox 919 1143 970 1196; x_wconf 95' lang='lat' dir='ltr'><strong>in</strong></span> <span class='ocrx_word' id='word_1_92' title='bbox 998 1143 1232 1196; x_wconf 87' lang='lat' dir='ltr'><strong>actione.</strong></span> <span class='ocrx_word' id='word_1_93' title='bbox 1268 1142 1412 1196; x_wconf 82' lang='lat' dir='ltr'><strong>DlSC.</strong></span> <span class='ocrx_word' id='word_1_94' title='bbox 1446 1141 1763 1198; x_wconf 79' lang='lat' dir='ltr'><strong>Satisfecisti</strong></span> <span class='ocrx_word' id='word_1_95' title='bbox 1807 1143 1939 1197; x_wconf 89' lang='lat' dir='ltr'><strong>mihi</strong></span> 
     </span>
    </p>
   </div>
   <div class='ocr_carea' id='block_1_13' title="bbox 368 1230 1940 1303">
    <p class='ocr_par' dir='ltr' id='par_1_13' title="bbox 368 1230 1940 1303">
     <span class='ocr_line' id='line_1_13' title="bbox 368 1230 1940 1303; baseline 0.003 -17"><span class='ocrx_word' id='word_1_96' title='bbox 368 1243 457 1286; x_wconf 91' lang='lat' dir='ltr'><strong>tua</strong></span> <span class='ocrx_word' id='word_1_97' title='bbox 495 1233 864 1301; x_wconf 86' lang='lat' dir='ltr'><strong>responsione,</strong></span> <span class='ocrx_word' id='word_1_98' title='bbox 914 1239 968 1286; x_wconf 91' lang='lat' dir='ltr'><strong>et</strong></span> <span class='ocrx_word' id='word_1_99' title='bbox 1004 1230 1126 1286; x_wconf 83' lang='lat' dir='ltr'><strong>nolo</strong></span> <span class='ocrx_word' id='word_1_100' title='bbox 1158 1242 1209 1286; x_wconf 93' lang='lat' dir='ltr'><strong>te</strong></span> <span class='ocrx_word' id='word_1_101' title='bbox 1236 1233 1464 1303; x_wconf 87' lang='lat' dir='ltr'><strong>amplius</strong></span> <span class='ocrx_word' id='word_1_102' title='bbox 1515 1235 1716 1289; x_wconf 84' lang='lat' dir='ltr'><strong>morari</strong></span> <span class='ocrx_word' id='word_1_103' title='bbox 1757 1235 1812 1288; x_wconf 92' lang='lat' dir='ltr'><strong>in</strong></span> <span class='ocrx_word' id='word_1_104' title='bbox 1839 1235 1940 1290; x_wconf 86' lang='lat' dir='ltr'><strong>bac</strong></span> 
     </span>
    </p>
   </div>
   <div class='ocr_carea' id='block_1_14' title="bbox 367 1322 1057 1393">
    <p class='ocr_par' dir='ltr' id='par_1_14' title="bbox 367 1322 1057 1393">
     <span class='ocr_line' id='line_1_14' title="bbox 367 1322 1057 1393; baseline 0 -17"><span class='ocrx_word' id='word_1_105' title='bbox 367 1325 433 1378; x_wconf 89' lang='lat' dir='ltr'><strong>de</strong></span> <span class='ocrx_word' id='word_1_106' title='bbox 462 1322 711 1378; x_wconf 77' lang='lat' dir='ltr'><strong>sensibus</strong></span> <span class='ocrx_word' id='word_1_107' title='bbox 739 1322 1057 1393; x_wconf 70' lang='lat' dir='ltr'><strong>quaestione.</strong></span> 
     </span>
    </p>
   </div>
   <div class='ocr_carea' id='block_1_15' title="bbox 961 1411 1343 1470">
    <p class='ocr_par' dir='ltr' id='par_1_15' title="bbox 961 1411 1343 1470">
     <span class='ocr_line' id='line_1_15' title="bbox 961 1411 1343 1470; baseline -0.003 -1"><span class='ocrx_word' id='word_1_108' title='bbox 961 1411 1191 1470; x_wconf 85' lang='lat' dir='ltr'><strong>CAPUT</strong></span> <span class='ocrx_word' id='word_1_109' title='bbox 1231 1413 1343 1469; x_wconf 77' lang='lat' dir='ltr'><strong>Vll.</strong></span> 
     </span>
    </p>
   </div>
   <div class='ocr_carea' id='block_1_16' title="bbox 699 1505 1613 1588">
    <p class='ocr_par' dir='ltr' id='par_1_16' title="bbox 699 1505 1613 1588">
     <span class='ocr_line' id='line_1_16' title="bbox 699 1505 1613 1588; baseline -0.001 -29"><span class='ocrx_word' id='word_1_110' title='bbox 699 1505 1009 1588; x_wconf 67' lang='lat' dir='ltr'><strong>De&#39;veritate</strong></span> <span class='ocrx_word' id='word_1_111' title='bbox 1032 1507 1270 1561; x_wconf 77' lang='lat' dir='ltr'><strong>essentia:</strong></span> <span class='ocrx_word' id='word_1_112' title='bbox 1295 1522 1469 1559; x_wconf 83' lang='lat' dir='ltr'><strong>rerum</strong></span> <span class='ocrx_word' id='word_1_113' title='bbox 1497 1505 1613 1558; x_wconf 77' lang='grc'>⁸⁸⁸⁸.</span> 
     </span>
    </p>
   </div>
   <div class='ocr_carea' id='block_1_17' title="bbox 439 1594 1937 1664">
    <p class='ocr_par' dir='ltr' id='par_1_17' title="bbox 439 1594 1937 1664">
     <span class='ocr_line' id='line_1_17' title="bbox 439 1594 1937 1664; baseline 0 -16"><span class='ocrx_word' id='word_1_114' title='bbox 439 1594 706 1650; x_wconf 75' lang='lat' dir='ltr'><strong>MAGJam</strong></span> <span class='ocrx_word' id='word_1_115' title='bbox 733 1595 1013 1649; x_wconf 89' lang='lat' dir='ltr'><strong>considera</strong></span> <span class='ocrx_word' id='word_1_116' title='bbox 1040 1612 1107 1648; x_wconf 91' lang='lat' dir='ltr'><strong>an</strong></span> <span class='ocrx_word' id='word_1_117' title='bbox 1125 1605 1322 1664; x_wconf 72' lang='lat' dir='ltr'><strong>praeter</strong></span> <span class='ocrx_word' id='word_1_118' title='bbox 1349 1610 1612 1649; x_wconf 90' lang='lat' dir='ltr'><strong>summam</strong></span> <span class='ocrx_word' id='word_1_119' title='bbox 1638 1594 1937 1660; x_wconf 85' lang='lat' dir='ltr'><strong>veritatem,</strong></span> 
     </span>
    </p>
   </div>
   <div class='ocr_carea' id='block_1_18' title="bbox 369 1686 1941 1757">
    <p class='ocr_par' dir='ltr' id='par_1_18' title="bbox 369 1686 1941 1757">
     <span class='ocr_line' id='line_1_18' title="bbox 369 1686 1941 1757; baseline 0.003 -19"><span class='ocrx_word' id='word_1_120' title='bbox 369 1686 420 1738; x_wconf 88' lang='lat' dir='ltr'><strong>in</strong></span> <span class='ocrx_word' id='word_1_121' title='bbox 453 1687 630 1756; x_wconf 87' lang='lat' dir='ltr'><strong>aliqua</strong></span> <span class='ocrx_word' id='word_1_122' title='bbox 664 1701 722 1740; x_wconf 90' lang='lat' dir='ltr'><strong>re</strong></span> <span class='ocrx_word' id='word_1_123' title='bbox 746 1687 945 1741; x_wconf 82' lang='lat' dir='ltr'><strong>veritas</strong></span> <span class='ocrx_word' id='word_1_124' title='bbox 968 1686 1036 1742; x_wconf 87' lang='lat' dir='ltr'><strong>sit</strong></span> <span class='ocrx_word' id='word_1_125' title='bbox 1063 1687 1424 1756; x_wconf 88' lang='lat' dir='ltr'><strong>intelligenda,</strong></span> <span class='ocrx_word' id='word_1_126' title='bbox 1452 1687 1693 1757; x_wconf 79' lang='lat' dir='ltr'><strong>exceptis</strong></span> <span class='ocrx_word' id='word_1_127' title='bbox 1717 1687 1799 1741; x_wconf 88' lang='lat' dir='ltr'><strong>his</strong></span> <span class='ocrx_word' id='word_1_128' title='bbox 1822 1702 1941 1757; x_wconf 72' lang='lat' dir='ltr'><strong>qua:</strong></span> 
     </span>
    </p>
   </div>
   <div class='ocr_carea' id='block_1_19' title="bbox 2040 507 3613 579">
    <p class='ocr_par' dir='ltr' id='par_1_19' title="bbox 2040 507 3613 579">
     <span class='ocr_line' id='line_1_19' title="bbox 2040 507 3613 579; baseline 0.001 -15"><span class='ocrx_word' id='word_1_129' title='bbox 2040 511 2162 579; x_wconf 88' lang='lat' dir='ltr'><strong>quia</strong></span> <span class='ocrx_word' id='word_1_130' title='bbox 2205 510 2343 564; x_wconf 87' lang='lat' dir='ltr'><strong>Deus</strong></span> <span class='ocrx_word' id='word_1_131' title='bbox 2375 507 2574 576; x_wconf 90' lang='lat' dir='ltr'><strong>aliquid</strong></span> <span class='ocrx_word' id='word_1_132' title='bbox 2595 507 2757 561; x_wconf 78' lang='lat' dir='ltr'><strong>faciat</strong></span> <span class='ocrx_word' id='word_1_133' title='bbox 2786 509 3170 576; x_wconf 87' lang='lat' dir='ltr'><strong>autpermittat</strong></span> <span class='ocrx_word' id='word_1_134' title='bbox 3195 510 3613 579; x_wconf 87' lang='lat' dir='ltr'><strong>non&#39;sapienter,</strong></span> 
     </span>
    </p>
   </div>
   <div class='ocr_carea' id='block_1_20' title="bbox 2040 599 3616 668">
    <p class='ocr_par' dir='ltr' id='par_1_20' title="bbox 2040 599 3616 668">
     <span class='ocr_line' id='line_1_20' title="bbox 2040 599 3616 668; baseline 0.001 -14"><span class='ocrx_word' id='word_1_135' title='bbox 2040 611 2132 655; x_wconf 89' lang='lat' dir='ltr'><strong>aut</strong></span> <span class='ocrx_word' id='word_1_136' title='bbox 2171 616 2273 654; x_wconf 91' lang='lat' dir='ltr'><strong>non</strong></span> <span class='ocrx_word' id='word_1_137' title='bbox 2303 601 2470 654; x_wconf 86' lang='lat' dir='ltr'><strong>bene?</strong></span> <span class='ocrx_word' id='word_1_138' title='bbox 2500 599 2644 652; x_wconf 84' lang='lat' dir='ltr'><strong>DISC.</strong></span> <span class='ocrx_word' id='word_1_139' title='bbox 2676 599 2786 652; x_wconf 88' lang='lat' dir='ltr'><strong>lmo</strong></span> <span class='ocrx_word' id='word_1_140' title='bbox 2814 613 3003 654; x_wconf 86' lang='lat' dir='ltr'><strong>assero</strong></span> <span class='ocrx_word' id='word_1_141' title='bbox 3023 600 3146 668; x_wconf 87' lang='lat' dir='ltr'><strong>quia</strong></span> <span class='ocrx_word' id='word_1_142' title='bbox 3177 599 3306 653; x_wconf 84' lang='lat' dir='ltr'><strong>nihil</strong></span> <span class='ocrx_word' id='word_1_143' title='bbox 3338 601 3436 655; x_wconf 89' lang='lat' dir='ltr'><strong>nisi</strong></span> <span class='ocrx_word' id='word_1_144' title='bbox 3478 601 3616 657; x_wconf 88' lang='lat' dir='ltr'><strong>bene</strong></span> 
     </span>
    </p>
   </div>
   <div class='ocr_carea' id='block_1_21' title="bbox 2039 685 3612 758">
    <p class='ocr_par' dir='ltr' id='par_1_21' title="bbox 2039 685 3612 758">
     <span class='ocr_line' id='line_1_21' title="bbox 2039 685 3612 758; baseline 0 -14"><span class='ocrx_word' id='word_1_145' title='bbox 2039 699 2091 744; x_wconf 91' lang='lat' dir='ltr'><strong>et</strong></span> <span class='ocrx_word' id='word_1_146' title='bbox 2120 689 2410 758; x_wconf 89' lang='lat' dir='ltr'><strong>sapienter.</strong></span> <span class='ocrx_word' id='word_1_147' title='bbox 2435 687 2575 741; x_wconf 82' lang='lat' dir='ltr'><strong>MAG.</strong></span> <span class='ocrx_word' id='word_1_148' title='bbox 2603 687 2683 740; x_wconf 83' lang='lat' dir='ltr'><strong>An</strong></span> <span class='ocrx_word' id='word_1_149' title='bbox 2695 685 2962 754; x_wconf 86' lang='lat' dir='ltr'><strong>judicabis</strong></span> <span class='ocrx_word' id='word_1_150' title='bbox 2985 702 3088 741; x_wconf 93' lang='lat' dir='ltr'><strong>non</strong></span> <span class='ocrx_word' id='word_1_151' title='bbox 3113 688 3307 742; x_wconf 90' lang='lat' dir='ltr'><strong>debere</strong></span> <span class='ocrx_word' id='word_1_152' title='bbox 3329 703 3449 744; x_wconf 89' lang='lat' dir='ltr'><strong>esse</strong></span> <span class='ocrx_word' id='word_1_153' title='bbox 3467 692 3612 758; x_wconf 92' lang='lat' dir='ltr'><strong>quod</strong></span> 
     </span>
    </p>
   </div>
   <div class='ocr_carea' id='block_1_22' title="bbox 2043 775 3616 847">
    <p class='ocr_par' dir='ltr' id='par_1_22' title="bbox 2043 775 3616 847">
     <span class='ocr_line' id='line_1_22' title="bbox 2043 775 3616 847; baseline 0.001 -16"><span class='ocrx_word' id='word_1_154' title='bbox 2043 787 2188 831; x_wconf 89' lang='lat' dir='ltr'><strong>tanta</strong></span> <span class='ocrx_word' id='word_1_155' title='bbox 2217 777 2429 831; x_wconf 86' lang='lat' dir='ltr'><strong>bonitas</strong></span> <span class='ocrx_word' id='word_1_156' title='bbox 2459 786 2512 830; x_wconf 88' lang='lat' dir='ltr'><strong>et</strong></span> <span class='ocrx_word' id='word_1_157' title='bbox 2544 783 2687 829; x_wconf 90' lang='lat' dir='ltr'><strong>tanta</strong></span> <span class='ocrx_word' id='word_1_158' title='bbox 2720 776 2980 844; x_wconf 91' lang='lat' dir='ltr'><strong>sapientia</strong></span> <span class='ocrx_word' id='word_1_159' title='bbox 3007 775 3155 839; x_wconf 76' lang='lat' dir='ltr'><strong>facit,</strong></span> <span class='ocrx_word' id='word_1_160' title='bbox 3183 786 3275 830; x_wconf 92' lang='lat' dir='ltr'><strong>aut</strong></span> <span class='ocrx_word' id='word_1_161' title='bbox 3313 780 3616 847; x_wconf 88' lang='lat' dir='ltr'><strong>permittit?</strong></span> 
     </span>
    </p>
   </div>
   <div class='ocr_carea' id='block_1_23' title="bbox 2041 865 3609 938">
    <p class='ocr_par' dir='ltr' id='par_1_23' title="bbox 2041 865 3609 938">
     <span class='ocr_line' id='line_1_23' title="bbox 2041 865 3609 938; baseline 0.002 -18"><span class='ocrx_word' id='word_1_162' title='bbox 2041 868 2185 922; x_wconf 81' lang='lat' dir='ltr'><strong>DISC.</strong></span> <span class='ocrx_word' id='word_1_163' title='bbox 2223 866 2353 932; x_wconf 91' lang='lat' dir='ltr'><strong>Quis</strong></span> <span class='ocrx_word' id='word_1_164' title='bbox 2405 865 2704 934; x_wconf 80' lang='lat' dir='ltr'><strong>intelligens</strong></span> <span class='ocrx_word' id='word_1_165' title='bbox 2748 867 2943 920; x_wconf 86' lang='lat' dir='ltr'><strong>audeat</strong></span> <span class='ocrx_word' id='word_1_166' title='bbox 3000 867 3100 938; x_wconf 86' lang='lat' dir='ltr'><strong>hoc</strong></span> <span class='ocrx_word' id='word_1_167' title='bbox 3147 868 3425 936; x_wconf 87' lang='lat' dir='ltr'><strong>cogitare?</strong></span> <span class='ocrx_word' id='word_1_168' title='bbox 3468 868 3609 924; x_wconf 85' lang='lat' dir='ltr'><strong>MAG.</strong></span> 
     </span>
    </p>
   </div>
   <div class='ocr_carea' id='block_1_24' title="bbox 2041 955 3614 1028">
    <p class='ocr_par' dir='ltr' id='par_1_24' title="bbox 2041 955 3614 1028">
     <span class='ocr_line' id='line_1_24' title="bbox 2041 955 3614 1028; baseline 0.001 -16"><span class='ocrx_word' id='word_1_169' title='bbox 2041 959 2207 1013; x_wconf 87' lang='lat' dir='ltr'><strong>Debet</strong></span> <span class='ocrx_word' id='word_1_170' title='bbox 2251 959 2411 1028; x_wconf 89' lang='lat' dir='ltr'><strong>igitur</strong></span> <span class='ocrx_word' id='word_1_171' title='bbox 2434 971 2556 1010; x_wconf 89' lang='lat' dir='ltr'><strong>esse</strong></span> <span class='ocrx_word' id='word_1_172' title='bbox 2581 957 2806 1024; x_wconf 89' lang='lat' dir='ltr'><strong>pariter,</strong></span> <span class='ocrx_word' id='word_1_173' title='bbox 2835 964 2890 1010; x_wconf 89' lang='lat' dir='ltr'><strong>et</strong></span> <span class='ocrx_word' id='word_1_174' title='bbox 2916 956 3056 1024; x_wconf 88' lang='lat' dir='ltr'><strong>quod</strong></span> <span class='ocrx_word' id='word_1_175' title='bbox 3086 955 3338 1021; x_wconf 77' lang='lat' dir='ltr'><strong>faciente,</strong></span> <span class='ocrx_word' id='word_1_176' title='bbox 3377 965 3434 1012; x_wconf 88' lang='lat' dir='ltr'><strong>et</strong></span> <span class='ocrx_word' id='word_1_177' title='bbox 3468 959 3614 1026; x_wconf 88' lang='lat' dir='ltr'><strong>quod</strong></span> 
     </span>
    </p>
   </div>
   <div class='ocr_carea' id='block_1_25' title="bbox 2040 1047 3613 1120">
    <p class='ocr_par' dir='ltr' id='par_1_25' title="bbox 2040 1047 3613 1120">
     <span class='ocr_line' id='line_1_25' title="bbox 2040 1047 3613 1120; baseline -0.001 -16"><span class='ocrx_word' id='word_1_178' title='bbox 2040 1051 2385 1120; x_wconf 86' lang='lat' dir='ltr'><strong>permittente</strong></span> <span class='ocrx_word' id='word_1_179' title='bbox 2439 1048 2549 1103; x_wconf 94' lang='lat' dir='ltr'><strong>Deo</strong></span> <span class='ocrx_word' id='word_1_180' title='bbox 2593 1047 2672 1101; x_wconf 83' lang='lat' dir='ltr'><strong>ﬁt.</strong></span> <span class='ocrx_word' id='word_1_181' title='bbox 2721 1048 2863 1101; x_wconf 81' lang='lat' dir='ltr'><strong>DISC.</strong></span> <span class='ocrx_word' id='word_1_182' title='bbox 2913 1047 3066 1100; x_wconf 82' lang='lat' dir='ltr'><strong>Patet</strong></span> <span class='ocrx_word' id='word_1_183' title='bbox 3095 1049 3236 1117; x_wconf 90' lang='lat' dir='ltr'><strong>quod</strong></span> <span class='ocrx_word' id='word_1_184' title='bbox 3276 1049 3426 1103; x_wconf 89' lang='lat' dir='ltr'><strong>dicis.</strong></span> <span class='ocrx_word' id='word_1_185' title='bbox 3471 1049 3613 1104; x_wconf 74' lang='lat' dir='ltr'><strong>Msc.</strong></span> 
     </span>
    </p>
   </div>
   <div class='ocr_carea' id='block_1_26' title="bbox 2042 1138 3613 1209">
    <p class='ocr_par' dir='ltr' id='par_1_26' title="bbox 2042 1138 3613 1209">
     <span class='ocr_line' id='line_1_26' title="bbox 2042 1138 3613 1209; baseline -0.001 -13"><span class='ocrx_word' id='word_1_186' title='bbox 2042 1142 2136 1196; x_wconf 92' lang='lat' dir='ltr'><strong>Dic</strong></span> <span class='ocrx_word' id='word_1_187' title='bbox 2163 1142 2364 1195; x_wconf 88' lang='lat' dir='ltr'><strong>etiam:</strong></span> <span class='ocrx_word' id='word_1_188' title='bbox 2406 1154 2474 1192; x_wconf 91' lang='lat' dir='ltr'><strong>an</strong></span> <span class='ocrx_word' id='word_1_189' title='bbox 2511 1149 2666 1209; x_wconf 86' lang='lat' dir='ltr'><strong>putas</strong></span> <span class='ocrx_word' id='word_1_190' title='bbox 2718 1153 2836 1192; x_wconf 89' lang='lat' dir='ltr'><strong>esse</strong></span> <span class='ocrx_word' id='word_1_191' title='bbox 2875 1138 3070 1192; x_wconf 88' lang='lat' dir='ltr'><strong>debere</strong></span> <span class='ocrx_word' id='word_1_192' title='bbox 3115 1139 3265 1192; x_wconf 83' lang='lat' dir='ltr'><strong>malae</strong></span> <span class='ocrx_word' id='word_1_193' title='bbox 3321 1139 3613 1198; x_wconf 81' lang='lat' dir='ltr'><strong>voluntatis</strong></span> 
     </span>
    </p>
   </div>
   <div class='ocr_carea' id='block_1_27' title="bbox 2041 1226 3616 1286">
    <p class='ocr_par' dir='ltr' id='par_1_27' title="bbox 2041 1226 3616 1286">
     <span class='ocr_line' id='line_1_27' title="bbox 2041 1226 3616 1286; baseline -0.002 0"><span class='ocrx_word' id='word_1_194' title='bbox 2041 1230 2325 1286; x_wconf 75' lang='lat' dir='ltr'><strong>affectum?</strong></span> <span class='ocrx_word' id='word_1_195' title='bbox 2367 1230 2507 1283; x_wconf 81' lang='lat' dir='ltr'><strong>DISC.</strong></span> <span class='ocrx_word' id='word_1_196' title='bbox 2547 1229 2688 1283; x_wconf 89' lang='lat' dir='ltr'><strong>Idem</strong></span> <span class='ocrx_word' id='word_1_197' title='bbox 2715 1235 2796 1280; x_wconf 91' lang='lat' dir='ltr'><strong>cst</strong></span> <span class='ocrx_word' id='word_1_198' title='bbox 2831 1242 2896 1281; x_wconf 91' lang='lat' dir='ltr'><strong>ac</strong></span> <span class='ocrx_word' id='word_1_199' title='bbox 2922 1227 2964 1280; x_wconf 91' lang='lat' dir='ltr'><strong>si</strong></span> <span class='ocrx_word' id='word_1_200' title='bbox 2997 1226 3144 1280; x_wconf 89' lang='lat' dir='ltr'><strong>dicas</strong></span> <span class='ocrx_word' id='word_1_201' title='bbox 3171 1243 3238 1280; x_wconf 92' lang='lat' dir='ltr'><strong>an</strong></span> <span class='ocrx_word' id='word_1_202' title='bbox 3282 1228 3472 1283; x_wconf 84' lang='lat' dir='ltr'><strong>debeat</strong></span> <span class='ocrx_word' id='word_1_203' title='bbox 3495 1244 3616 1283; x_wconf 86' lang='lat' dir='ltr'><strong>esse</strong></span> 
     </span>
    </p>
   </div>
   <div class='ocr_carea' id='block_1_28' title="bbox 2041 1318 3613 1392">
    <p class='ocr_par' dir='ltr' id='par_1_28' title="bbox 2041 1318 3613 1392">
     <span class='ocr_line' id='line_1_28' title="bbox 2041 1318 3613 1392; baseline -0.003 -13"><span class='ocrx_word' id='word_1_204' title='bbox 2041 1337 2174 1392; x_wconf 84' lang='lat' dir='ltr'><strong>opus</strong></span> <span class='ocrx_word' id='word_1_205' title='bbox 2206 1321 2402 1375; x_wconf 86' lang='lat' dir='ltr'><strong>malum</strong></span> <span class='ocrx_word' id='word_1_206' title='bbox 2431 1339 2445 1373; x_wconf 86' lang='lat'><strong>:</strong></span> <span class='ocrx_word' id='word_1_207' title='bbox 2475 1319 2614 1388; x_wconf 87' lang='lat' dir='ltr'><strong>quod</strong></span> <span class='ocrx_word' id='word_1_208' title='bbox 2665 1318 2840 1372; x_wconf 89' lang='lat' dir='ltr'><strong>nullus</strong></span> <span class='ocrx_word' id='word_1_209' title='bbox 2881 1328 3128 1372; x_wconf 88' lang='lat' dir='ltr'><strong>sensattts</strong></span> <span class='ocrx_word' id='word_1_210' title='bbox 3164 1319 3442 1373; x_wconf 85' lang='lat' dir='ltr'><strong>concedet.</strong></span> <span class='ocrx_word' id='word_1_211' title='bbox 3472 1319 3613 1375; x_wconf 79' lang='lat' dir='ltr'><strong>MAG.</strong></span> 
     </span>
    </p>
   </div>
   <div class='ocr_carea' id='block_1_29' title="bbox 2042 1407 3615 1479">
    <p class='ocr_par' dir='ltr' id='par_1_29' title="bbox 2042 1407 3615 1479">
     <span class='ocr_line' id='line_1_29' title="bbox 2042 1407 3615 1479; baseline -0.001 -12"><span class='ocrx_word' id='word_1_212' title='bbox 2042 1413 2308 1468; x_wconf 86' lang='lat' dir='ltr'><strong>Permittit</strong></span> <span class='ocrx_word' id='word_1_213' title='bbox 2361 1422 2538 1466; x_wconf 91' lang='lat' dir='ltr'><strong>tamen</strong></span> <span class='ocrx_word' id='word_1_214' title='bbox 2593 1412 2732 1465; x_wconf 91' lang='lat' dir='ltr'><strong>Deus</strong></span> <span class='ocrx_word' id='word_1_215' title='bbox 2779 1409 2984 1478; x_wconf 88' lang='lat' dir='ltr'><strong>aliquos</strong></span> <span class='ocrx_word' id='word_1_216' title='bbox 3024 1408 3164 1462; x_wconf 89' lang='lat' dir='ltr'><strong>male</strong></span> <span class='ocrx_word' id='word_1_217' title='bbox 3218 1407 3415 1474; x_wconf 84' lang='lat' dir='ltr'><strong>facere,</strong></span> <span class='ocrx_word' id='word_1_218' title='bbox 3470 1413 3615 1479; x_wconf 86' lang='lat' dir='ltr'><strong>quod</strong></span> 
     </span>
    </p>
   </div>
   <div class='ocr_carea' id='block_1_30' title="bbox 2043 1501 3615 1570">
    <p class='ocr_par' dir='ltr' id='par_1_30' title="bbox 2043 1501 3615 1570">
     <span class='ocr_line' id='line_1_30' title="bbox 2043 1501 3615 1570; baseline -0.002 -11"><span class='ocrx_word' id='word_1_219' title='bbox 2043 1505 2180 1560; x_wconf 89' lang='lat' dir='ltr'><strong>male</strong></span> <span class='ocrx_word' id='word_1_220' title='bbox 2208 1503 2410 1558; x_wconf 90' lang='lat' dir='ltr'><strong>volunt.</strong></span> <span class='ocrx_word' id='word_1_221' title='bbox 2448 1505 2592 1557; x_wconf 85' lang='lat' dir='ltr'><strong>DISC.</strong></span> <span class='ocrx_word' id='word_1_222' title='bbox 2625 1501 2838 1556; x_wconf 86' lang='lat' dir='ltr'><strong>Utinam</strong></span> <span class='ocrx_word' id='word_1_223' title='bbox 2879 1517 2984 1554; x_wconf 88' lang='lat' dir='ltr'><strong>non</strong></span> <span class='ocrx_word' id='word_1_224' title='bbox 3031 1510 3138 1553; x_wconf 92' lang='lat' dir='ltr'><strong>tam</strong></span> <span class='ocrx_word' id='word_1_225' title='bbox 3165 1517 3306 1570; x_wconf 70' lang='lat' dir='ltr'><strong>smpe</strong></span> <span class='ocrx_word' id='word_1_226' title='bbox 3337 1503 3615 1570; x_wconf 83' lang='lat' dir='ltr'><strong>permitte-</strong></span> 
     </span>
    </p>
   </div>
   <div class='ocr_carea' id='block_1_31' title="bbox 2042 1593 3612 1661">
    <p class='ocr_par' dir='ltr' id='par_1_31' title="bbox 2042 1593 3612 1661">
     <span class='ocr_line' id='line_1_31' title="bbox 2042 1593 3612 1661; baseline -0.002 -9"><span class='ocrx_word' id='word_1_227' title='bbox 2042 1606 2145 1652; x_wconf 89' lang='lat' dir='ltr'><strong>ret.</strong></span> <span class='ocrx_word' id='word_1_228' title='bbox 2189 1596 2326 1651; x_wconf 89' lang='lat' dir='ltr'><strong>MAG.</strong></span> <span class='ocrx_word' id='word_1_229' title='bbox 2368 1597 2508 1649; x_wconf 90' lang='lat' dir='ltr'><strong>Idem</strong></span> <span class='ocrx_word' id='word_1_230' title='bbox 2547 1594 2708 1661; x_wconf 78' lang='lat' dir='ltr'><strong>igitur</strong></span> <span class='ocrx_word' id='word_1_231' title='bbox 2731 1593 2890 1649; x_wconf 87' lang='lat' dir='ltr'><strong>debet</strong></span> <span class='ocrx_word' id='word_1_232' title='bbox 2918 1607 3058 1657; x_wconf 88' lang='lat' dir='ltr'><strong>esse,</strong></span> <span class='ocrx_word' id='word_1_233' title='bbox 3090 1601 3144 1647; x_wconf 89' lang='lat' dir='ltr'><strong>et</strong></span> <span class='ocrx_word' id='word_1_234' title='bbox 3173 1609 3278 1647; x_wconf 87' lang='lat' dir='ltr'><strong>non</strong></span> <span class='ocrx_word' id='word_1_235' title='bbox 3318 1609 3437 1648; x_wconf 90' lang='lat' dir='ltr'><strong>esse</strong></span> <span class='ocrx_word' id='word_1_236' title='bbox 3471 1614 3484 1648; x_wconf 86' lang='lat'><strong>:</strong></span> <span class='ocrx_word' id='word_1_237' title='bbox 3514 1595 3612 1649; x_wconf 90' lang='lat' dir='ltr'><strong>de-</strong></span> 
     </span>
    </p>
   </div>
   <div class='ocr_carea' id='block_1_32' title="bbox 2042 1683 3616 1754">
    <p class='ocr_par' dir='ltr' id='par_1_32' title="bbox 2042 1683 3616 1754">
     <span class='ocr_line' id='line_1_32' title="bbox 2042 1683 3616 1754; baseline -0.002 -11"><span class='ocrx_word' id='word_1_238' title='bbox 2042 1689 2131 1743; x_wconf 90' lang='lat' dir='ltr'><strong>bet</strong></span> <span class='ocrx_word' id='word_1_239' title='bbox 2153 1689 2295 1742; x_wconf 82' lang='lat' dir='ltr'><strong>enim</strong></span> <span class='ocrx_word' id='word_1_240' title='bbox 2321 1701 2459 1752; x_wconf 90' lang='lat' dir='ltr'><strong>esse,</strong></span> <span class='ocrx_word' id='word_1_241' title='bbox 2493 1685 2618 1754; x_wconf 89' lang='lat' dir='ltr'><strong>quia</strong></span> <span class='ocrx_word' id='word_1_242' title='bbox 2668 1685 2803 1738; x_wconf 87' lang='lat' dir='ltr'><strong>bene</strong></span> <span class='ocrx_word' id='word_1_243' title='bbox 2863 1691 2917 1738; x_wconf 90' lang='lat' dir='ltr'><strong>et</strong></span> <span class='ocrx_word' id='word_1_244' title='bbox 2963 1683 3236 1753; x_wconf 89' lang='lat' dir='ltr'><strong>sapienter</strong></span> <span class='ocrx_word' id='word_1_245' title='bbox 3285 1684 3353 1738; x_wconf 90' lang='lat' dir='ltr'><strong>ab</strong></span> <span class='ocrx_word' id='word_1_246' title='bbox 3379 1699 3469 1750; x_wconf 90' lang='lat' dir='ltr'><strong>eo,</strong></span> <span class='ocrx_word' id='word_1_247' title='bbox 3505 1698 3616 1752; x_wconf 79' lang='lat' dir='ltr'><strong>quo</strong></span> 
     </span>
    </p>
   </div>
   <div class='ocr_carea' id='block_1_33' title="bbox 367 1774 3615 1848">
    <p class='ocr_par' dir='ltr' id='par_1_33' title="bbox 367 1774 3615 1848">
     <span class='ocr_line' id='line_1_33' title="bbox 367 1774 3615 1848; baseline 0.001 -21"><span class='ocrx_word' id='word_1_248' title='bbox 367 1791 529 1843; x_wconf 80' lang='lat' dir='ltr'><strong>supra</strong></span> <span class='ocrx_word' id='word_1_249' title='bbox 579 1787 863 1845; x_wconf 89' lang='lat' dir='ltr'><strong>conspecta</strong></span> <span class='ocrx_word' id='word_1_250' title='bbox 892 1787 1033 1830; x_wconf 90' lang='lat' dir='ltr'><strong>sunt.</strong></span> <span class='ocrx_word' id='word_1_251' title='bbox 1064 1775 1208 1832; x_wconf 84' lang='lat' dir='ltr'><strong>Dtsc.</strong></span> <span class='ocrx_word' id='word_1_252' title='bbox 1243 1775 1380 1843; x_wconf 84' lang='lat' dir='ltr'><strong>Quid</strong></span> <span class='ocrx_word' id='word_1_253' title='bbox 1429 1776 1556 1830; x_wconf 70' lang='lat' dir='ltr'><strong>ilfud</strong></span> <span class='ocrx_word' id='word_1_254' title='bbox 1589 1791 1709 1831; x_wconf 88' lang='lat' dir='ltr'><strong>esse</strong></span> <span class='ocrx_word' id='word_1_255' title='bbox 1739 1778 1946 1846; x_wconf 84' lang='lat' dir='ltr'><strong>potest?</strong></span> <span class='ocrx_word' id='word_1_256' title='bbox 1978 1791 2020 1846; x_wconf 80' lang='grc' dir='ltr'>Β</span> <span class='ocrx_word' id='word_1_257' title='bbox 2049 1795 2154 1834; x_wconf 89' lang='lat' dir='ltr'><strong>non</strong></span> <span class='ocrx_word' id='word_1_258' title='bbox 2179 1779 2525 1848; x_wconf 88' lang='lat' dir='ltr'><strong>permittente</strong></span> <span class='ocrx_word' id='word_1_259' title='bbox 2553 1776 2664 1830; x_wconf 84' lang='lat' dir='ltr'><strong>lieri</strong></span> <span class='ocrx_word' id='word_1_260' title='bbox 2684 1791 2787 1829; x_wconf 88' lang='lat' dir='ltr'><strong>non</strong></span> <span class='ocrx_word' id='word_1_261' title='bbox 2814 1783 3018 1844; x_wconf 89' lang='lat' dir='ltr'><strong>posset,</strong></span> <span class='ocrx_word' id='word_1_262' title='bbox 3043 1774 3403 1843; x_wconf 87' lang='lat' dir='ltr'><strong>permittitur;</strong></span> <span class='ocrx_word' id='word_1_263' title='bbox 3433 1785 3487 1830; x_wconf 87' lang='lat' dir='ltr'><strong>et</strong></span> <span class='ocrx_word' id='word_1_264' title='bbox 3510 1792 3615 1830; x_wconf 89' lang='lat' dir='ltr'><strong>non</strong></span> 
     </span>
    </p>
   </div>
   <div class='ocr_carea' id='block_1_34' title="bbox 368 1864 1938 1936">
    <p class='ocr_par' dir='ltr' id='par_1_34' title="bbox 368 1864 1938 1936">
     <span class='ocr_line' id='line_1_34' title="bbox 368 1864 1938 1936; baseline 0.003 -19"><span class='ocrx_word' id='word_1_265' title='bbox 368 1864 505 1919; x_wconf 83' lang='lat' dir='ltr'><strong>MAG.</strong></span> <span class='ocrx_word' id='word_1_266' title='bbox 552 1869 633 1918; x_wconf 84' lang='lat' dir='ltr'><strong>An</strong></span> <span class='ocrx_word' id='word_1_267' title='bbox 671 1874 824 1933; x_wconf 89' lang='lat' dir='ltr'><strong>putas</strong></span> <span class='ocrx_word' id='word_1_268' title='bbox 852 1865 1054 1934; x_wconf 88' lang='lat' dir='ltr'><strong>aliquid</strong></span> <span class='ocrx_word' id='word_1_269' title='bbox 1085 1881 1206 1922; x_wconf 89' lang='lat' dir='ltr'><strong>esse</strong></span> <span class='ocrx_word' id='word_1_270' title='bbox 1249 1867 1556 1936; x_wconf 85' lang='lat' dir='ltr'><strong>aliquando,</strong></span> <span class='ocrx_word' id='word_1_271' title='bbox 1593 1876 1688 1922; x_wconf 91' lang='lat' dir='ltr'><strong>aut</strong></span> <span class='ocrx_word' id='word_1_272' title='bbox 1722 1868 1938 1932; x_wconf 87' lang='lat' dir='ltr'><strong>alicubi,</strong></span> 
     </span>
    </p>
   </div>
   <div class='ocr_carea' id='block_1_35' title="bbox 371 1956 1942 2029">
    <p class='ocr_par' dir='ltr' id='par_1_35' title="bbox 371 1956 1942 2029">
     <span class='ocr_line' id='line_1_35' title="bbox 371 1956 1942 2029; baseline 0.006 -22"><span class='ocrx_word' id='word_1_273' title='bbox 371 1956 512 2022; x_wconf 82' lang='lat' dir='ltr'><strong>quod</strong></span> <span class='ocrx_word' id='word_1_274' title='bbox 544 1956 699 2024; x_wconf 74' lang='lat'><strong>112</strong></span> <span class='ocrx_word' id='word_1_275' title='bbox 737 1971 841 2010; x_wconf 94' lang='lat' dir='ltr'><strong>non</strong></span> <span class='ocrx_word' id='word_1_276' title='bbox 873 1957 944 2011; x_wconf 91' lang='lat' dir='ltr'><strong>sit</strong></span> <span class='ocrx_word' id='word_1_277' title='bbox 975 1957 1026 2011; x_wconf 95' lang='lat' dir='ltr'><strong>in</strong></span> <span class='ocrx_word' id='word_1_278' title='bbox 1055 1973 1266 2012; x_wconf 90' lang='lat' dir='ltr'><strong>summa</strong></span> <span class='ocrx_word' id='word_1_279' title='bbox 1290 1960 1541 2025; x_wconf 87' lang='lat' dir='ltr'><strong>veritate,</strong></span> <span class='ocrx_word' id='word_1_280' title='bbox 1566 1969 1621 2015; x_wconf 93' lang='lat' dir='ltr'><strong>et</strong></span> <span class='ocrx_word' id='word_1_281' title='bbox 1657 1961 1796 2029; x_wconf 90' lang='lat' dir='ltr'><strong>quod</strong></span> <span class='ocrx_word' id='word_1_282' title='bbox 1819 1961 1942 2016; x_wconf 90' lang='lat' dir='ltr'><strong>inde</strong></span> 
     </span>
    </p>
   </div>
   <div class='ocr_carea' id='block_1_36' title="bbox 369 2045 1941 2118">
    <p class='ocr_par' dir='ltr' id='par_1_36' title="bbox 369 2045 1941 2118">
     <span class='ocr_line' id='line_1_36' title="bbox 369 2045 1941 2118; baseline 0.004 -22"><span class='ocrx_word' id='word_1_283' title='bbox 369 2059 473 2097; x_wconf 89' lang='lat' dir='ltr'><strong>non</strong></span> <span class='ocrx_word' id='word_1_284' title='bbox 498 2045 768 2112; x_wconf 81' lang='lat' dir='ltr'><strong>acceperit</strong></span> <span class='ocrx_word' id='word_1_285' title='bbox 803 2046 944 2114; x_wconf 89' lang='lat' dir='ltr'><strong>quod</strong></span> <span class='ocrx_word' id='word_1_286' title='bbox 985 2055 1089 2111; x_wconf 91' lang='lat' dir='ltr'><strong>est,</strong></span> <span class='ocrx_word' id='word_1_287' title='bbox 1137 2046 1454 2116; x_wconf 88' lang='lat' dir='ltr'><strong>inquantum</strong></span> <span class='ocrx_word' id='word_1_288' title='bbox 1506 2057 1589 2102; x_wconf 92' lang='lat' dir='ltr'><strong>est</strong></span> <span class='ocrx_word' id='word_1_289' title='bbox 1616 2065 1629 2102; x_wconf 91' lang='lat'>:</span> <span class='ocrx_word' id='word_1_290' title='bbox 1659 2058 1753 2102; x_wconf 93' lang='lat' dir='ltr'><strong>aut</strong></span> <span class='ocrx_word' id='word_1_291' title='bbox 1797 2049 1941 2118; x_wconf 89' lang='lat' dir='ltr'><strong>quod</strong></span> 
     </span>
    </p>
   </div>
   <div class='ocr_carea' id='block_1_37' title="bbox 367 2135 1942 2207">
    <p class='ocr_par' dir='ltr' id='par_1_37' title="bbox 367 2135 1942 2207">
     <span class='ocr_line' id='line_1_37' title="bbox 367 2135 1942 2207; baseline 0.007 -24"><span class='ocrx_word' id='word_1_292' title='bbox 367 2135 536 2201; x_wconf 80' lang='lat' dir='ltr'><strong>possit</strong></span> <span class='ocrx_word' id='word_1_293' title='bbox 575 2135 718 2188; x_wconf 90' lang='lat' dir='ltr'><strong>aliud</strong></span> <span class='ocrx_word' id='word_1_294' title='bbox 747 2150 886 2202; x_wconf 92' lang='lat' dir='ltr'><strong>esse,</strong></span> <span class='ocrx_word' id='word_1_295' title='bbox 914 2152 1076 2206; x_wconf 90' lang='lat' dir='ltr'><strong>quam</strong></span> <span class='ocrx_word' id='word_1_296' title='bbox 1106 2139 1247 2207; x_wconf 91' lang='lat' dir='ltr'><strong>quod</strong></span> <span class='ocrx_word' id='word_1_297' title='bbox 1271 2139 1342 2194; x_wconf 92' lang='lat' dir='ltr'><strong>ibi</strong></span> <span class='ocrx_word' id='word_1_298' title='bbox 1376 2139 1502 2202; x_wconf 86' lang='lat' dir='ltr'><strong>est?</strong></span> <span class='ocrx_word' id='word_1_299' title='bbox 1533 2141 1672 2195; x_wconf 80' lang='lat' dir='ltr'><strong>Disc.</strong></span> <span class='ocrx_word' id='word_1_300' title='bbox 1705 2138 1821 2194; x_wconf 87' lang='lat' dir='ltr'><strong>Non</strong></span> <span class='ocrx_word' id='word_1_301' title='bbox 1858 2148 1942 2195; x_wconf 90' lang='lat' dir='ltr'><strong>est</strong></span> 
     </span>
    </p>
   </div>
   <div class='ocr_carea' id='block_1_38' title="bbox 364 2224 1942 2299">
    <p class='ocr_par' dir='ltr' id='par_1_38' title="bbox 364 2224 1942 2299">
     <span class='ocr_line' id='line_1_38' title="bbox 364 2224 1942 2299; baseline 0.005 -22"><span class='ocrx_word' id='word_1_302' title='bbox 364 2224 680 2293; x_wconf 89' lang='lat' dir='ltr'><strong>putandum.</strong></span> <span class='ocrx_word' id='word_1_303' title='bbox 698 2224 836 2280; x_wconf 90' lang='lat' dir='ltr'><strong>MAG.</strong></span> <span class='ocrx_word' id='word_1_304' title='bbox 862 2225 1130 2298; x_wconf 87' lang='lat' dir='ltr'><strong>Quidquid</strong></span> <span class='ocrx_word' id='word_1_305' title='bbox 1155 2228 1318 2298; x_wconf 81' lang='lat' dir='ltr'><strong>igitur</strong></span> <span class='ocrx_word' id='word_1_306' title='bbox 1333 2239 1409 2284; x_wconf 87' lang='lat' dir='ltr'><strong>est</strong></span> <span class='ocrx_word' id='word_1_307' title='bbox 1435 2245 1564 2284; x_wconf 83' lang='lat' dir='ltr'><strong>vere</strong></span> <span class='ocrx_word' id='word_1_308' title='bbox 1587 2239 1692 2295; x_wconf 89' lang='lat' dir='ltr'><strong>est,</strong></span> <span class='ocrx_word' id='word_1_309' title='bbox 1716 2231 1942 2299; x_wconf 89' lang='lat' dir='ltr'><strong>inquan-</strong></span> 
     </span>
    </p>
   </div>
   <div class='ocr_carea' id='block_1_39' title="bbox 365 2316 1940 2387">
    <p class='ocr_par' dir='ltr' id='par_1_39' title="bbox 365 2316 1940 2387">
     <span class='ocr_line' id='line_1_39' title="bbox 365 2316 1940 2387; baseline 0.008 -23"><span class='ocrx_word' id='word_1_310' title='bbox 365 2324 475 2367; x_wconf 87' lang='lat' dir='ltr'><strong>tum</strong></span> <span class='ocrx_word' id='word_1_311' title='bbox 505 2316 607 2370; x_wconf 88' lang='lat' dir='ltr'><strong>hoc</strong></span> <span class='ocrx_word' id='word_1_312' title='bbox 650 2326 735 2371; x_wconf 87' lang='lat' dir='ltr'><strong>est</strong></span> <span class='ocrx_word' id='word_1_313' title='bbox 761 2319 904 2387; x_wconf 90' lang='lat' dir='ltr'><strong>quod</strong></span> <span class='ocrx_word' id='word_1_314' title='bbox 929 2319 1002 2373; x_wconf 93' lang='lat' dir='ltr'><strong>ibi</strong></span> <span class='ocrx_word' id='word_1_315' title='bbox 1030 2328 1132 2374; x_wconf 92' lang='lat' dir='ltr'><strong>est.</strong></span> <span class='ocrx_word' id='word_1_316' title='bbox 1165 2321 1309 2376; x_wconf 79' lang='lat' dir='ltr'><strong>stc.</strong></span> <span class='ocrx_word' id='word_1_317' title='bbox 1338 2321 1594 2376; x_wconf 88' lang='lat' dir='ltr'><strong>Absolute</strong></span> <span class='ocrx_word' id='word_1_318' title='bbox 1615 2321 1940 2377; x_wconf 83' lang='lat' dir='ltr'><strong>concludere</strong></span> 
     </span>
    </p>
   </div>
   <div class='ocr_carea' id='block_1_40' title="bbox 365 2407 1941 2481">
    <p class='ocr_par' dir='ltr' id='par_1_40' title="bbox 365 2407 1941 2481">
     <span class='ocr_line' id='line_1_40' title="bbox 365 2407 1941 2481; baseline 0.006 -24"><span class='ocrx_word' id='word_1_319' title='bbox 365 2415 517 2472; x_wconf 88' lang='lat' dir='ltr'><strong>potes</strong></span> <span class='ocrx_word' id='word_1_320' title='bbox 538 2407 662 2475; x_wconf 89' lang='lat' dir='ltr'><strong>quia</strong></span> <span class='ocrx_word' id='word_1_321' title='bbox 693 2424 853 2466; x_wconf 86' lang='lat' dir='ltr'><strong>omne</strong></span> <span class='ocrx_word' id='word_1_322' title='bbox 879 2409 1020 2479; x_wconf 92' lang='lat' dir='ltr'><strong>quod</strong></span> <span class='ocrx_word' id='word_1_323' title='bbox 1055 2419 1138 2464; x_wconf 87' lang='lat' dir='ltr'><strong>est</strong></span> <span class='ocrx_word' id='word_1_324' title='bbox 1170 2426 1295 2466; x_wconf 88' lang='lat' dir='ltr'><strong>vere</strong></span> <span class='ocrx_word' id='word_1_325' title='bbox 1318 2423 1424 2476; x_wconf 88' lang='lat' dir='ltr'><strong>est,</strong></span> <span class='ocrx_word' id='word_1_326' title='bbox 1455 2414 1707 2481; x_wconf 90' lang='lat' dir='ltr'><strong>quoniam</strong></span> <span class='ocrx_word' id='word_1_327' title='bbox 1731 2429 1836 2468; x_wconf 93' lang='lat' dir='ltr'><strong>non</strong></span> <span class='ocrx_word' id='word_1_328' title='bbox 1857 2422 1941 2469; x_wconf 91' lang='lat' dir='ltr'><strong>est</strong></span> 
     </span>
    </p>
   </div>
   <div class='ocr_carea' id='block_1_41' title="bbox 364 2493 1936 2569">
    <p class='ocr_par' dir='ltr' id='par_1_41' title="bbox 364 2493 1936 2569">
     <span class='ocr_line' id='line_1_41' title="bbox 364 2493 1936 2569; baseline 0.007 -23"><span class='ocrx_word' id='word_1_329' title='bbox 364 2493 508 2548; x_wconf 88' lang='lat' dir='ltr'><strong>aliud</strong></span> <span class='ocrx_word' id='word_1_330' title='bbox 547 2512 708 2565; x_wconf 90' lang='lat' dir='ltr'><strong>quam</strong></span> <span class='ocrx_word' id='word_1_331' title='bbox 760 2498 903 2567; x_wconf 90' lang='lat' dir='ltr'><strong>quod</strong></span> <span class='ocrx_word' id='word_1_332' title='bbox 947 2499 1017 2553; x_wconf 89' lang='lat' dir='ltr'><strong>ibi</strong></span> <span class='ocrx_word' id='word_1_333' title='bbox 1053 2507 1153 2553; x_wconf 89' lang='lat' dir='ltr'><strong>est.</strong></span> <span class='ocrx_word' id='word_1_334' title='bbox 1186 2499 1324 2555; x_wconf 91' lang='lat' dir='ltr'><strong>MAG.</strong></span> <span class='ocrx_word' id='word_1_335' title='bbox 1356 2501 1449 2554; x_wconf 85' lang='lat' dir='ltr'><strong>Est</strong></span> <span class='ocrx_word' id='word_1_336' title='bbox 1472 2501 1635 2569; x_wconf 80' lang='lat' dir='ltr'><strong>igitur</strong></span> <span class='ocrx_word' id='word_1_337' title='bbox 1656 2503 1855 2557; x_wconf 89' lang='lat' dir='ltr'><strong>veritas</strong></span> <span class='ocrx_word' id='word_1_338' title='bbox 1885 2503 1936 2558; x_wconf 92' lang='lat' dir='ltr'><strong>in</strong></span> 
     </span>
    </p>
   </div>
   <div class='ocr_carea' id='block_1_42' title="bbox 360 2585 1935 2662">
    <p class='ocr_par' dir='ltr' id='par_1_42' title="bbox 360 2585 1935 2662">
     <span class='ocr_line' id='line_1_42' title="bbox 360 2585 1935 2662; baseline 0.007 -25"><span class='ocrx_word' id='word_1_339' title='bbox 360 2585 602 2641; x_wconf 89' lang='lat' dir='ltr'><strong>omnium</strong></span> <span class='ocrx_word' id='word_1_340' title='bbox 645 2603 765 2657; x_wconf 67' lang='lat' dir='ltr'><strong>quae</strong></span> <span class='ocrx_word' id='word_1_341' title='bbox 814 2596 940 2642; x_wconf 91' lang='lat' dir='ltr'><strong>sunt</strong></span> <span class='ocrx_word' id='word_1_342' title='bbox 970 2590 1226 2654; x_wconf 89' lang='lat' dir='ltr'><strong>essentia,</strong></span> <span class='ocrx_word' id='word_1_343' title='bbox 1257 2592 1382 2658; x_wconf 87' lang='lat' dir='ltr'><strong>quia</strong></span> <span class='ocrx_word' id='word_1_344' title='bbox 1429 2593 1530 2646; x_wconf 90' lang='lat' dir='ltr'><strong>hoc</strong></span> <span class='ocrx_word' id='word_1_345' title='bbox 1556 2603 1680 2646; x_wconf 91' lang='lat' dir='ltr'><strong>sunt</strong></span> <span class='ocrx_word' id='word_1_346' title='bbox 1709 2594 1853 2662; x_wconf 89' lang='lat' dir='ltr'><strong>quod</strong></span> <span class='ocrx_word' id='word_1_347' title='bbox 1883 2594 1935 2648; x_wconf 92' lang='lat' dir='ltr'><strong>in</strong></span> 
     </span>
    </p>
   </div>
   <div class='ocr_carea' id='block_1_43' title="bbox 362 2675 1936 2738">
    <p class='ocr_par' dir='ltr' id='par_1_43' title="bbox 362 2675 1936 2738">
     <span class='ocr_line' id='line_1_43' title="bbox 362 2675 1936 2738; baseline 0.007 -12"><span class='ocrx_word' id='word_1_348' title='bbox 362 2689 570 2728; x_wconf 89' lang='lat' dir='ltr'><strong>summa</strong></span> <span class='ocrx_word' id='word_1_349' title='bbox 599 2675 824 2730; x_wconf 76' lang='lat' dir='ltr'><strong>veritate</strong></span> <span class='ocrx_word' id='word_1_350' title='bbox 852 2686 996 2731; x_wconf 90' lang='lat' dir='ltr'><strong>sunt.</strong></span> <span class='ocrx_word' id='word_1_351' title='bbox 1029 2677 1173 2733; x_wconf 84' lang='lat' dir='ltr'><strong>DISC.</strong></span> <span class='ocrx_word' id='word_1_352' title='bbox 1203 2679 1369 2734; x_wconf 86' lang='lat' dir='ltr'><strong>Video</strong></span> <span class='ocrx_word' id='word_1_353' title='bbox 1394 2681 1465 2735; x_wconf 92' lang='lat' dir='ltr'><strong>ita</strong></span> <span class='ocrx_word' id='word_1_354' title='bbox 1501 2682 1572 2736; x_wconf 92' lang='lat' dir='ltr'><strong>ibi</strong></span> <span class='ocrx_word' id='word_1_355' title='bbox 1599 2698 1722 2738; x_wconf 81' lang='lat' dir='ltr'><strong>esse</strong></span> <span class='ocrx_word' id='word_1_356' title='bbox 1743 2684 1936 2737; x_wconf 85' lang='lat' dir='ltr'><strong>verita-</strong></span> 
     </span>
    </p>
   </div>
   <div class='ocr_carea' id='block_1_44' title="bbox 364 2764 1936 2843">
    <p class='ocr_par' dir='ltr' id='par_1_44' title="bbox 364 2764 1936 2843">
     <span class='ocr_line' id='line_1_44' title="bbox 364 2764 1936 2843; baseline 0.008 -28"><span class='ocrx_word' id='word_1_357' title='bbox 364 2773 492 2828; x_wconf 88' lang='lat' dir='ltr'><strong>tem,</strong></span> <span class='ocrx_word' id='word_1_358' title='bbox 546 2764 767 2818; x_wconf 90' lang='lat' dir='ltr'><strong>utnulla</strong></span> <span class='ocrx_word' id='word_1_359' title='bbox 817 2766 889 2821; x_wconf 92' lang='lat' dir='ltr'><strong>ibi</strong></span> <span class='ocrx_word' id='word_1_360' title='bbox 937 2767 1106 2836; x_wconf 91' lang='lat' dir='ltr'><strong>possit</strong></span> <span class='ocrx_word' id='word_1_361' title='bbox 1129 2783 1249 2824; x_wconf 89' lang='lat' dir='ltr'><strong>esse</strong></span> <span class='ocrx_word' id='word_1_362' title='bbox 1272 2769 1382 2818; x_wconf 71' lang='grc' dir='ltr'><strong>³⁸⁸¹ι</strong></span> <span class='ocrx_word' id='word_1_363' title='bbox 1409 2770 1635 2838; x_wconf 81' lang='lat' dir='ltr'><strong>falsitas,</strong></span> <span class='ocrx_word' id='word_1_364' title='bbox 1679 2773 1936 2843; x_wconf 85' lang='lat' dir='ltr'><strong>quoniam</strong></span> 
     </span>
    </p>
   </div>
   <div class='ocr_carea' id='block_1_45' title="bbox 361 2849 1936 2923">
    <p class='ocr_par' dir='ltr' id='par_1_45' title="bbox 361 2849 1936 2923">
     <span class='ocr_line' id='line_1_45' title="bbox 361 2849 1936 2923; baseline 0.009 -15"><span class='ocrx_word' id='word_1_365' title='bbox 361 2855 503 2923; x_wconf 90' lang='lat' dir='ltr'><strong>quod</strong></span> <span class='ocrx_word' id='word_1_366' title='bbox 533 2855 669 2912; x_wconf 77' lang='lat' dir='ltr'><strong>falso</strong></span> <span class='ocrx_word' id='word_1_367' title='bbox 696 2866 777 2912; x_wconf 88' lang='lat' dir='ltr'><strong>est</strong></span> <span class='ocrx_word' id='word_1_368' title='bbox 803 2849 910 2914; x_wconf 76' lang='lat' dir='ltr'><strong>non</strong></span> <span class='ocrx_word' id='word_1_369' title='bbox 935 2869 1041 2916; x_wconf 92' lang='lat' dir='ltr'><strong>est.</strong></span> <span class='ocrx_word' id='word_1_370' title='bbox 1076 2860 1213 2918; x_wconf 89' lang='lat' dir='ltr'><strong>MAG.</strong></span> <span class='ocrx_word' id='word_1_371' title='bbox 1251 2861 1396 2918; x_wconf 89' lang='lat' dir='ltr'><strong>Bene</strong></span> <span class='ocrx_word' id='word_1_372' title='bbox 1429 2864 1584 2919; x_wconf 91' lang='lat' dir='ltr'><strong>dicis.</strong></span> <span class='ocrx_word' id='word_1_373' title='bbox 1618 2863 1724 2920; x_wconf 89' lang='lat' dir='ltr'><strong>Sed</strong></span> <span class='ocrx_word' id='word_1_374' title='bbox 1752 2866 1839 2921; x_wconf 87' lang='lat' dir='ltr'><strong>die</strong></span> <span class='ocrx_word' id='word_1_375' title='bbox 1867 2881 1936 2922; x_wconf 91' lang='lat' dir='ltr'><strong>an</strong></span> 
     </span>
    </p>
   </div>
   <div class='ocr_carea' id='block_1_46' title="bbox 360 2946 1936 3026">
    <p class='ocr_par' dir='ltr' id='par_1_46' title="bbox 360 2946 1936 3026">
     <span class='ocr_line' id='line_1_46' title="bbox 360 2946 1936 3026; baseline 0.01 -27"><span class='ocrx_word' id='word_1_376' title='bbox 360 2946 560 3015; x_wconf 91' lang='lat' dir='ltr'><strong>aliquid</strong></span> <span class='ocrx_word' id='word_1_377' title='bbox 593 2947 736 3004; x_wconf 91' lang='lat' dir='ltr'><strong>aliud</strong></span> <span class='ocrx_word' id='word_1_378' title='bbox 767 2949 964 3006; x_wconf 88' lang='lat' dir='ltr'><strong>debeat</strong></span> <span class='ocrx_word' id='word_1_379' title='bbox 993 2967 1131 3015; x_wconf 89' lang='lat' dir='ltr'><strong>esse.</strong></span> <span class='ocrx_word' id='word_1_380' title='bbox 1165 2969 1326 3024; x_wconf 90' lang='lat' dir='ltr'><strong>quam</strong></span> <span class='ocrx_word' id='word_1_381' title='bbox 1355 2957 1496 3026; x_wconf 91' lang='lat' dir='ltr'><strong>quod</strong></span> <span class='ocrx_word' id='word_1_382' title='bbox 1523 2965 1606 3012; x_wconf 89' lang='lat' dir='ltr'><strong>est</strong></span> <span class='ocrx_word' id='word_1_383' title='bbox 1643 2957 1694 3013; x_wconf 91' lang='lat' dir='ltr'><strong>in</strong></span> <span class='ocrx_word' id='word_1_384' title='bbox 1726 2971 1936 3014; x_wconf 90' lang='lat' dir='ltr'><strong>summa</strong></span> 
     </span>
    </p>
   </div>
   <div class='ocr_carea' id='block_1_47' title="bbox 360 3039 1936 3118">
    <p class='ocr_par' dir='ltr' id='par_1_47' title="bbox 360 3039 1936 3118">
     <span class='ocr_line' id='line_1_47' title="bbox 360 3039 1936 3118; baseline 0.009 -25"><span class='ocrx_word' id='word_1_385' title='bbox 360 3039 632 3096; x_wconf 85' lang='lat' dir='ltr'><strong>veritate?</strong></span> <span class='ocrx_word' id='word_1_386' title='bbox 674 3042 814 3097; x_wconf 84' lang='lat' dir='ltr'><strong>DISC.</strong></span> <span class='ocrx_word' id='word_1_387' title='bbox 859 3043 994 3100; x_wconf 89' lang='lat' dir='ltr'><strong>Non.</strong></span> <span class='ocrx_word' id='word_1_388' title='bbox 1040 3045 1176 3101; x_wconf 85' lang='lat' dir='ltr'><strong>MAG.</strong></span> <span class='ocrx_word' id='word_1_389' title='bbox 1221 3045 1278 3102; x_wconf 91' lang='lat' dir='ltr'><strong>Si</strong></span> <span class='ocrx_word' id='word_1_390' title='bbox 1323 3063 1453 3118; x_wconf 89' lang='lat' dir='ltr'><strong>ergo</strong></span> <span class='ocrx_word' id='word_1_391' title='bbox 1498 3050 1680 3105; x_wconf 88' lang='lat' dir='ltr'><strong>omnia</strong></span> <span class='ocrx_word' id='word_1_392' title='bbox 1715 3050 1809 3084; x_wconf 80' lang='grc'><strong>³³⁸³</strong></span> <span class='ocrx_word' id='word_1_393' title='bbox 1833 3051 1936 3108; x_wconf 85' lang='lat' dir='ltr'><strong>hoc</strong></span> 
     </span>
    </p>
   </div>
   <div class='ocr_carea' id='block_1_48' title="bbox 2043 1863 3615 1935">
    <p class='ocr_par' dir='ltr' id='par_1_48' title="bbox 2043 1863 3615 1935">
     <span class='ocr_line' id='line_1_48' title="bbox 2043 1863 3615 1935; baseline -0.002 -13"><span class='ocrx_word' id='word_1_394' title='bbox 2043 1868 2202 1922; x_wconf 91' lang='lat' dir='ltr'><strong>debet</strong></span> <span class='ocrx_word' id='word_1_395' title='bbox 2241 1881 2380 1931; x_wconf 89' lang='lat' dir='ltr'><strong>esse,</strong></span> <span class='ocrx_word' id='word_1_396' title='bbox 2433 1873 2690 1935; x_wconf 89' lang='lat' dir='ltr'><strong>quantum</strong></span> <span class='ocrx_word' id='word_1_397' title='bbox 2724 1864 2790 1917; x_wconf 90' lang='lat' dir='ltr'><strong>ad</strong></span> <span class='ocrx_word' id='word_1_398' title='bbox 2819 1863 2987 1928; x_wconf 90' lang='lat' dir='ltr'><strong>illum,</strong></span> <span class='ocrx_word' id='word_1_399' title='bbox 3015 1863 3166 1931; x_wconf 87' lang='lat' dir='ltr'><strong>cujus</strong></span> <span class='ocrx_word' id='word_1_400' title='bbox 3204 1864 3386 1933; x_wconf 89' lang='lat' dir='ltr'><strong>iniqua</strong></span> <span class='ocrx_word' id='word_1_401' title='bbox 3413 1865 3615 1919; x_wconf 88' lang='lat' dir='ltr'><strong>volun-</strong></span> 
     </span>
    </p>
   </div>
   <div class='ocr_carea' id='block_1_49' title="bbox 2043 1953 3615 2024">
    <p class='ocr_par' dir='ltr' id='par_1_49' title="bbox 2043 1953 3615 2024">
     <span class='ocr_line' id='line_1_49' title="bbox 2043 1953 3615 2024; baseline 0.001 -14"><span class='ocrx_word' id='word_1_402' title='bbox 2043 1963 2152 2010; x_wconf 88' lang='lat' dir='ltr'><strong>tate</strong></span> <span class='ocrx_word' id='word_1_403' title='bbox 2201 1955 2522 2023; x_wconf 86' lang='lat' dir='ltr'><strong>concipitur.</strong></span> <span class='ocrx_word' id='word_1_404' title='bbox 2572 1954 2683 2008; x_wconf 81' lang='lat' dir='ltr'><strong>Hoc</strong></span> <span class='ocrx_word' id='word_1_405' title='bbox 2721 1954 2884 2024; x_wconf 88' lang='lat' dir='ltr'><strong>igitur</strong></span> <span class='ocrx_word' id='word_1_406' title='bbox 2916 1954 3076 2008; x_wconf 86' lang='lat' dir='ltr'><strong>modo</strong></span> <span class='ocrx_word' id='word_1_407' title='bbox 3127 1954 3385 2009; x_wconf 88' lang='lat' dir='ltr'><strong>Dominus</strong></span> <span class='ocrx_word' id='word_1_408' title='bbox 3432 1953 3615 2021; x_wconf 86' lang='lat' dir='ltr'><strong>Jesus,</strong></span> 
     </span>
    </p>
   </div>
   <div class='ocr_carea' id='block_1_50' title="bbox 2042 2045 3616 2118">
    <p class='ocr_par' dir='ltr' id='par_1_50' title="bbox 2042 2045 3616 2118">
     <span class='ocr_line' id='line_1_50' title="bbox 2042 2045 3616 2118; baseline 0 -18"><span class='ocrx_word' id='word_1_409' title='bbox 2042 2049 2171 2118; x_wconf 89' lang='lat' dir='ltr'><strong>quia</strong></span> <span class='ocrx_word' id='word_1_410' title='bbox 2209 2047 2358 2102; x_wconf 90' lang='lat' dir='ltr'><strong>solus</strong></span> <span class='ocrx_word' id='word_1_411' title='bbox 2383 2046 2474 2078; x_wconf 80' lang='lat'><strong>“’°</strong></span> <span class='ocrx_word' id='word_1_412' title='bbox 2502 2046 2784 2115; x_wconf 45' lang='lat' dir='ltr'><strong>.innocens</strong></span> <span class='ocrx_word' id='word_1_413' title='bbox 2837 2053 2977 2110; x_wconf 90' lang='lat' dir='ltr'><strong>erat,</strong></span> <span class='ocrx_word' id='word_1_414' title='bbox 3025 2060 3131 2099; x_wconf 92' lang='lat' dir='ltr'><strong>non</strong></span> <span class='ocrx_word' id='word_1_415' title='bbox 3172 2045 3356 2100; x_wconf 87' lang='lat' dir='ltr'><strong>debuit</strong></span> <span class='ocrx_word' id='word_1_416' title='bbox 3386 2057 3616 2101; x_wconf 90' lang='lat' dir='ltr'><strong>mortem</strong></span> 
     </span>
    </p>
   </div>
   <div class='ocr_carea' id='block_1_51' title="bbox 2040 2133 3615 2205">
    <p class='ocr_par' dir='ltr' id='par_1_51' title="bbox 2040 2133 3615 2205">
     <span class='ocr_line' id='line_1_51' title="bbox 2040 2133 3615 2205; baseline 0.001 -17"><span class='ocrx_word' id='word_1_417' title='bbox 2040 2137 2172 2205; x_wconf 91' lang='lat' dir='ltr'><strong>pati,</strong></span> <span class='ocrx_word' id='word_1_418' title='bbox 2222 2151 2322 2190; x_wconf 92' lang='lat' dir='ltr'><strong>nec</strong></span> <span class='ocrx_word' id='word_1_419' title='bbox 2355 2135 2494 2190; x_wconf 91' lang='lat' dir='ltr'><strong>ullus</strong></span> <span class='ocrx_word' id='word_1_420' title='bbox 2534 2149 2654 2189; x_wconf 91' lang='lat' dir='ltr'><strong>eam</strong></span> <span class='ocrx_word' id='word_1_421' title='bbox 2705 2134 2780 2188; x_wconf 92' lang='lat' dir='ltr'><strong>illi</strong></span> <span class='ocrx_word' id='word_1_422' title='bbox 2817 2133 3000 2190; x_wconf 89' lang='lat' dir='ltr'><strong>debuit</strong></span> <span class='ocrx_word' id='word_1_423' title='bbox 3047 2133 3282 2200; x_wconf 80' lang='lat' dir='ltr'><strong>inferre;</strong></span> <span class='ocrx_word' id='word_1_424' title='bbox 3341 2146 3395 2190; x_wconf 92' lang='lat' dir='ltr'><strong>et</strong></span> <span class='ocrx_word' id='word_1_425' title='bbox 3435 2146 3615 2190; x_wconf 87' lang='lat' dir='ltr'><strong>tamen</strong></span> 
     </span>
    </p>
   </div>
   <div class='ocr_carea' id='block_1_52' title="bbox 2039 2224 3616 2297">
    <p class='ocr_par' dir='ltr' id='par_1_52' title="bbox 2039 2224 3616 2297">
     <span class='ocr_line' id='line_1_52' title="bbox 2039 2224 3616 2297; baseline -0.001 -15"><span class='ocrx_word' id='word_1_426' title='bbox 2039 2241 2158 2282; x_wconf 89' lang='lat' dir='ltr'><strong>eam</strong></span> <span class='ocrx_word' id='word_1_427' title='bbox 2186 2227 2371 2282; x_wconf 89' lang='lat' dir='ltr'><strong>debuit</strong></span> <span class='ocrx_word' id='word_1_428' title='bbox 2392 2227 2522 2296; x_wconf 90' lang='lat' dir='ltr'><strong>pati,</strong></span> <span class='ocrx_word' id='word_1_429' title='bbox 2555 2225 2680 2296; x_wconf 87' lang='lat' dir='ltr'><strong>quia</strong></span> <span class='ocrx_word' id='word_1_430' title='bbox 2717 2225 2828 2292; x_wconf 90' lang='lat' dir='ltr'><strong>ipse</strong></span> <span class='ocrx_word' id='word_1_431' title='bbox 2859 2224 3154 2294; x_wconf 86' lang='lat' dir='ltr'><strong>sapienter,</strong></span> <span class='ocrx_word' id='word_1_432' title='bbox 3182 2234 3236 2278; x_wconf 91' lang='lat' dir='ltr'><strong>et</strong></span> <span class='ocrx_word' id='word_1_433' title='bbox 3277 2226 3525 2297; x_wconf 88' lang='lat' dir='ltr'><strong>benigne,</strong></span> <span class='ocrx_word' id='word_1_434' title='bbox 3559 2237 3616 2280; x_wconf 90' lang='lat' dir='ltr'><strong>et</strong></span> 
     </span>
    </p>
   </div>
   <div class='ocr_carea' id='block_1_53' title="bbox 2039 2313 3621 2371">
    <p class='ocr_par' dir='ltr' id='par_1_53' title="bbox 2039 2313 3621 2371">
     <span class='ocr_line' id='line_1_53' title="bbox 2039 2313 3621 2371; baseline -0.001 0"><span class='ocrx_word' id='word_1_435' title='bbox 2039 2316 2246 2371; x_wconf 88' lang='lat' dir='ltr'><strong>utiliter</strong></span> <span class='ocrx_word' id='word_1_436' title='bbox 2285 2315 2450 2370; x_wconf 88' lang='lat' dir='ltr'><strong>voluit</strong></span> <span class='ocrx_word' id='word_1_437' title='bbox 2483 2330 2602 2370; x_wconf 89' lang='lat' dir='ltr'><strong>eam</strong></span> <span class='ocrx_word' id='word_1_438' title='bbox 2642 2313 2868 2370; x_wconf 73' lang='lat' dir='ltr'><strong>sull‘erre</strong></span> <span class='ocrx_word' id='word_1_439' title='bbox 2892 2313 3005 2368; x_wconf 78' lang='lat'><strong>&quot;&quot;.</strong></span> <span class='ocrx_word' id='word_1_440' title='bbox 3039 2313 3220 2369; x_wconf 89' lang='lat' dir='ltr'><strong>Multis</strong></span> <span class='ocrx_word' id='word_1_441' title='bbox 3253 2315 3396 2370; x_wconf 90' lang='lat' dir='ltr'><strong>enim</strong></span> <span class='ocrx_word' id='word_1_442' title='bbox 3439 2316 3621 2370; x_wconf 87' lang='lat' dir='ltr'><strong>modis</strong></span> 
     </span>
    </p>
   </div>
   <div class='ocr_carea' id='block_1_54' title="bbox 2038 2405 3618 2474">
    <p class='ocr_par' dir='ltr' id='par_1_54' title="bbox 2038 2405 3618 2474">
     <span class='ocr_line' id='line_1_54' title="bbox 2038 2405 3618 2474; baseline 0.001 -14"><span class='ocrx_word' id='word_1_443' title='bbox 2038 2407 2224 2461; x_wconf 89' lang='lat' dir='ltr'><strong>eadem</strong></span> <span class='ocrx_word' id='word_1_444' title='bbox 2256 2421 2344 2461; x_wconf 90' lang='lat' dir='ltr'><strong>res</strong></span> <span class='ocrx_word' id='word_1_445' title='bbox 2383 2405 2607 2474; x_wconf 89' lang='lat' dir='ltr'><strong>suscipit</strong></span> <span class='ocrx_word' id='word_1_446' title='bbox 2649 2405 2878 2461; x_wconf 78' lang='lat' dir='ltr'><strong>diversis</strong></span> <span class='ocrx_word' id='word_1_447' title='bbox 2914 2405 3440 2462; x_wconf 89' lang='lat' dir='ltr'><strong>considerationibus</strong></span> <span class='ocrx_word' id='word_1_448' title='bbox 3485 2423 3618 2462; x_wconf 85' lang='lat' dir='ltr'><strong>con-</strong></span> 
     </span>
    </p>
   </div>
   <div class='ocr_carea' id='block_1_55' title="bbox 2041 2500 3614 2570">
    <p class='ocr_par' dir='ltr' id='par_1_55' title="bbox 2041 2500 3614 2570">
     <span class='ocr_line' id='line_1_55' title="bbox 2041 2500 3614 2570; baseline 0 -16"><span class='ocrx_word' id='word_1_449' title='bbox 2041 2501 2207 2555; x_wconf 88' lang='lat' dir='ltr'><strong>traria</strong></span> <span class='ocrx_word' id='word_1_450' title='bbox 2239 2517 2252 2554; x_wconf 87' lang='lat'><strong>:</strong></span> <span class='ocrx_word' id='word_1_451' title='bbox 2295 2500 2434 2569; x_wconf 89' lang='lat' dir='ltr'><strong>quod</strong></span> <span class='ocrx_word' id='word_1_452' title='bbox 2483 2500 2536 2554; x_wconf 91' lang='lat' dir='ltr'><strong>in</strong></span> <span class='ocrx_word' id='word_1_453' title='bbox 2570 2500 2785 2555; x_wconf 89' lang='lat' dir='ltr'><strong>actione</strong></span> <span class='ocrx_word' id='word_1_454' title='bbox 2831 2515 2974 2570; x_wconf 71' lang='lat' dir='ltr'><strong>smpe</strong></span> <span class='ocrx_word' id='word_1_455' title='bbox 3001 2501 3283 2568; x_wconf 87' lang='lat' dir='ltr'><strong>contingit,</strong></span> <span class='ocrx_word' id='word_1_456' title='bbox 3324 2509 3379 2554; x_wconf 91' lang='lat' dir='ltr'><strong>ut</strong></span> <span class='ocrx_word' id='word_1_457' title='bbox 3410 2501 3462 2554; x_wconf 90' lang='lat' dir='ltr'><strong>in</strong></span> <span class='ocrx_word' id='word_1_458' title='bbox 3495 2517 3614 2570; x_wconf 61' lang='lat' dir='ltr'><strong>per-</strong></span> 
     </span>
    </p>
   </div>
   <div class='ocr_carea' id='block_1_56' title="bbox 2039 2589 3615 2660">
    <p class='ocr_par' dir='ltr' id='par_1_56' title="bbox 2039 2589 3615 2660">
     <span class='ocr_line' id='line_1_56' title="bbox 2039 2589 3615 2660; baseline -0.001 -13"><span class='ocrx_word' id='word_1_459' title='bbox 2039 2591 2310 2647; x_wconf 87' lang='lat' dir='ltr'><strong>cussione.</strong></span> <span class='ocrx_word' id='word_1_460' title='bbox 2342 2589 2624 2644; x_wconf 88' lang='lat' dir='ltr'><strong>Percussio</strong></span> <span class='ocrx_word' id='word_1_461' title='bbox 2642 2604 2874 2658; x_wconf 92' lang='lat' dir='ltr'><strong>namque</strong></span> <span class='ocrx_word' id='word_1_462' title='bbox 2904 2599 2957 2642; x_wconf 81' lang='lat' dir='ltr'><strong>et</strong></span> <span class='ocrx_word' id='word_1_463' title='bbox 2987 2590 3192 2660; x_wconf 81' lang='lat' dir='ltr'><strong>agentis</strong></span> <span class='ocrx_word' id='word_1_464' title='bbox 3217 2599 3299 2645; x_wconf 89' lang='lat' dir='ltr'><strong>est</strong></span> <span class='ocrx_word' id='word_1_465' title='bbox 3328 2599 3382 2645; x_wconf 93' lang='lat' dir='ltr'><strong>et</strong></span> <span class='ocrx_word' id='word_1_466' title='bbox 3403 2593 3615 2660; x_wconf 83' lang='lat' dir='ltr'><strong>patien-</strong></span> 
     </span>
    </p>
   </div>
   <div class='ocr_carea' id='block_1_57' title="bbox 2040 2680 3613 2751">
    <p class='ocr_par' dir='ltr' id='par_1_57' title="bbox 2040 2680 3613 2751">
     <span class='ocr_line' id='line_1_57' title="bbox 2040 2680 3613 2751; baseline 0.001 -16"><span class='ocrx_word' id='word_1_467' title='bbox 2040 2681 2109 2735; x_wconf 91' lang='lat' dir='ltr'><strong>tis</strong></span> <span class='ocrx_word' id='word_1_468' title='bbox 2138 2697 2151 2734; x_wconf 92' lang='lat'><strong>:</strong></span> <span class='ocrx_word' id='word_1_469' title='bbox 2184 2682 2326 2734; x_wconf 89' lang='lat' dir='ltr'><strong>unde</strong></span> <span class='ocrx_word' id='word_1_470' title='bbox 2367 2688 2422 2734; x_wconf 87' lang='lat' dir='ltr'><strong>et</strong></span> <span class='ocrx_word' id='word_1_471' title='bbox 2475 2682 2616 2734; x_wconf 89' lang='lat' dir='ltr'><strong>actio</strong></span> <span class='ocrx_word' id='word_1_472' title='bbox 2644 2680 2772 2743; x_wconf 91' lang='lat' dir='ltr'><strong>dici,</strong></span> <span class='ocrx_word' id='word_1_473' title='bbox 2817 2689 2872 2734; x_wconf 92' lang='lat' dir='ltr'><strong>et</strong></span> <span class='ocrx_word' id='word_1_474' title='bbox 2907 2680 3082 2750; x_wconf 89' lang='lat' dir='ltr'><strong>passio</strong></span> <span class='ocrx_word' id='word_1_475' title='bbox 3115 2690 3307 2750; x_wconf 85' lang='lat' dir='ltr'><strong>potest,</strong></span> <span class='ocrx_word' id='word_1_476' title='bbox 3343 2684 3613 2751; x_wconf 82' lang='lat' dir='ltr'><strong>quamvis,</strong></span> 
     </span>
    </p>
   </div>
   <div class='ocr_carea' id='block_1_58' title="bbox 2037 2769 3616 2842">
    <p class='ocr_par' dir='ltr' id='par_1_58' title="bbox 2037 2769 3616 2842">
     <span class='ocr_line' id='line_1_58' title="bbox 2037 2769 3616 2842; baseline 0.002 -18"><span class='ocrx_word' id='word_1_477' title='bbox 2037 2769 2329 2824; x_wconf 89' lang='lat' dir='ltr'><strong>secundum</strong></span> <span class='ocrx_word' id='word_1_478' title='bbox 2358 2770 2532 2840; x_wconf 91' lang='lat' dir='ltr'><strong>ipsum</strong></span> <span class='ocrx_word' id='word_1_479' title='bbox 2567 2784 2782 2835; x_wconf 88' lang='lat' dir='ltr'><strong>nomen,</strong></span> <span class='ocrx_word' id='word_1_480' title='bbox 2815 2769 2956 2824; x_wconf 87' lang='lat' dir='ltr'><strong>actio</strong></span> <span class='ocrx_word' id='word_1_481' title='bbox 2980 2770 3062 2824; x_wconf 89' lang='lat' dir='ltr'><strong>vel</strong></span> <span class='ocrx_word' id='word_1_482' title='bbox 3086 2772 3389 2841; x_wconf 89' lang='lat' dir='ltr'><strong>percussio,</strong></span> <span class='ocrx_word' id='word_1_483' title='bbox 3413 2781 3468 2826; x_wconf 90' lang='lat' dir='ltr'><strong>et</strong></span> <span class='ocrx_word' id='word_1_484' title='bbox 3494 2788 3616 2842; x_wconf 82' lang='lat' dir='ltr'><strong>qua:</strong></span> 
     </span>
    </p>
   </div>
   <div class='ocr_carea' id='block_1_59' title="bbox 2037 2863 3615 2934">
    <p class='ocr_par' dir='ltr' id='par_1_59' title="bbox 2037 2863 3615 2934">
     <span class='ocr_line' id='line_1_59' title="bbox 2037 2863 3615 2934; baseline 0 -15"><span class='ocrx_word' id='word_1_485' title='bbox 2037 2863 2286 2919; x_wconf 86' lang='lat' dir='ltr'><strong>similiter</strong></span> <span class='ocrx_word' id='word_1_486' title='bbox 2309 2864 2452 2919; x_wconf 91' lang='lat' dir='ltr'><strong>dicta</strong></span> <span class='ocrx_word' id='word_1_487' title='bbox 2483 2878 2514 2918; x_wconf 94' lang='lat' dir='ltr'><strong>a</strong></span> <span class='ocrx_word' id='word_1_488' title='bbox 2549 2863 2776 2934; x_wconf 88' lang='lat' dir='ltr'><strong>passivis</strong></span> <span class='ocrx_word' id='word_1_489' title='bbox 2807 2863 2860 2917; x_wconf 92' lang='lat' dir='ltr'><strong>in</strong></span> <span class='ocrx_word' id='word_1_490' title='bbox 2899 2865 3073 2917; x_wconf 88' lang='lat' dir='ltr'><strong>activa</strong></span> <span class='ocrx_word' id='word_1_491' title='bbox 3101 2863 3492 2933; x_wconf 77' lang='lat' dir='ltr'><strong>signiﬁcatione</strong></span> <span class='ocrx_word' id='word_1_492' title='bbox 3528 2866 3615 2920; x_wconf 89' lang='lat' dir='ltr'><strong>di-</strong></span> 
     </span>
    </p>
   </div>
   <div class='ocr_carea' id='block_1_60' title="bbox 2035 2953 3620 3026">
    <p class='ocr_par' dir='ltr' id='par_1_60' title="bbox 2035 2953 3620 3026">
     <span class='ocr_line' id='line_1_60' title="bbox 2035 2953 3620 3026; baseline 0 -16"><span class='ocrx_word' id='word_1_493' title='bbox 2035 2963 2233 3010; x_wconf 89' lang='lat' dir='ltr'><strong>cuntur</strong></span> <span class='ocrx_word' id='word_1_494' title='bbox 2262 2954 2432 3026; x_wconf 86' lang='lat' dir='ltr'><strong>magis</strong></span> <span class='ocrx_word' id='word_1_495' title='bbox 2458 2953 2735 3008; x_wconf 88' lang='lat' dir='ltr'><strong>videantur</strong></span> <span class='ocrx_word' id='word_1_496' title='bbox 2762 2967 2881 3009; x_wconf 90' lang='lat' dir='ltr'><strong>esse</strong></span> <span class='ocrx_word' id='word_1_497' title='bbox 2920 2953 3186 3022; x_wconf 86' lang='lat' dir='ltr'><strong>patienter</strong></span> <span class='ocrx_word' id='word_1_498' title='bbox 3241 2970 3402 3024; x_wconf 89' lang='lat' dir='ltr'><strong>quam</strong></span> <span class='ocrx_word' id='word_1_499' title='bbox 3449 2969 3620 3025; x_wconf 84' lang='lat' dir='ltr'><strong>agen—</strong></span> 
     </span>
    </p>
   </div>
   <div class='ocr_carea' id='block_1_61' title="bbox 2040 3043 3616 3116">
    <p class='ocr_par' dir='ltr' id='par_1_61' title="bbox 2040 3043 3616 3116">
     <span class='ocr_line' id='line_1_61' title="bbox 2040 3043 3616 3116; baseline 0.003 -19"><span class='ocrx_word' id='word_1_500' title='bbox 2040 3044 2125 3098; x_wconf 88' lang='lat' dir='ltr'><strong>tis.</strong></span> <span class='ocrx_word' id='word_1_501' title='bbox 2153 3043 2353 3114; x_wconf 88' lang='lat' dir='ltr'><strong>Quippe</strong></span> <span class='ocrx_word' id='word_1_502' title='bbox 2409 3045 2703 3098; x_wconf 89' lang='lat' dir='ltr'><strong>secundum</strong></span> <span class='ocrx_word' id='word_1_503' title='bbox 2735 3044 2788 3098; x_wconf 92' lang='lat' dir='ltr'><strong>id</strong></span> <span class='ocrx_word' id='word_1_504' title='bbox 2828 3045 2969 3114; x_wconf 89' lang='lat' dir='ltr'><strong>quod</strong></span> <span class='ocrx_word' id='word_1_505' title='bbox 3005 3046 3132 3115; x_wconf 82' lang='lat' dir='ltr'><strong>agit,</strong></span> <span class='ocrx_word' id='word_1_506' title='bbox 3181 3046 3353 3115; x_wconf 89' lang='lat' dir='ltr'><strong>magis</strong></span> <span class='ocrx_word' id='word_1_507' title='bbox 3398 3048 3616 3116; x_wconf 87' lang='lat' dir='ltr'><strong>proprie</strong></span> 
     </span>
    </p>
   </div>
   <div class='ocr_carea' id='block_1_62' title="bbox 361 3133 3613 3212">
    <p class='ocr_par' dir='ltr' id='par_1_62' title="bbox 361 3133 3613 3212">
     <span class='ocr_line' id='line_1_62' title="bbox 361 3133 3613 3212; baseline 0.001 -26"><span class='ocrx_word' id='word_1_508' title='bbox 361 3142 488 3186; x_wconf 88' lang='lat' dir='ltr'><strong>sunt</strong></span> <span class='ocrx_word' id='word_1_509' title='bbox 513 3133 655 3202; x_wconf 92' lang='lat' dir='ltr'><strong>quod</strong></span> <span class='ocrx_word' id='word_1_510' title='bbox 689 3133 762 3190; x_wconf 92' lang='lat' dir='ltr'><strong>ibi</strong></span> <span class='ocrx_word' id='word_1_511' title='bbox 792 3144 919 3190; x_wconf 92' lang='lat' dir='ltr'><strong>sunt</strong></span> <span class='ocrx_word' id='word_1_512' title='bbox 954 3137 1071 3192; x_wconf 89' lang='lat' dir='ltr'><strong>sine</strong></span> <span class='ocrx_word' id='word_1_513' title='bbox 1099 3138 1261 3194; x_wconf 91' lang='lat' dir='ltr'><strong>dubio</strong></span> <span class='ocrx_word' id='word_1_514' title='bbox 1286 3139 1386 3196; x_wconf 92' lang='lat' dir='ltr'><strong>hoc</strong></span> <span class='ocrx_word' id='word_1_515' title='bbox 1407 3151 1532 3197; x_wconf 83' lang='lat' dir='ltr'><strong>sunt</strong></span> <span class='ocrx_word' id='word_1_516' title='bbox 1555 3142 1648 3174; x_wconf 82' lang='grc'><strong>³³⁸³</strong></span> <span class='ocrx_word' id='word_1_517' title='bbox 1673 3143 1813 3212; x_wconf 87' lang='lat' dir='ltr'><strong>quod</strong></span> <span class='ocrx_word' id='word_1_518' title='bbox 1843 3143 1932 3198; x_wconf 83' lang='lat' dir='ltr'><strong>de-</strong></span> <span class='ocrx_word' id='word_1_519' title='bbox 1961 3133 2006 3196; x_wconf 87' lang='lat' dir='ltr'><strong>C</strong></span> <span class='ocrx_word' id='word_1_520' title='bbox 2041 3135 2285 3189; x_wconf 90' lang='lat' dir='ltr'><strong>videntur</strong></span> <span class='ocrx_word' id='word_1_521' title='bbox 2315 3134 2419 3189; x_wconf 92' lang='lat' dir='ltr'><strong>dici</strong></span> <span class='ocrx_word' id='word_1_522' title='bbox 2444 3134 2536 3194; x_wconf 60' lang='lat'><strong>“9,”</strong></span> <span class='ocrx_word' id='word_1_523' title='bbox 2565 3134 2775 3205; x_wconf 89' lang='lat' dir='ltr'><strong>agentia</strong></span> <span class='ocrx_word' id='word_1_524' title='bbox 2798 3133 2881 3188; x_wconf 85' lang='lat' dir='ltr'><strong>vel</strong></span> <span class='ocrx_word' id='word_1_525' title='bbox 2911 3135 3265 3203; x_wconf 87' lang='lat' dir='ltr'><strong>percutientia</strong></span> <span class='ocrx_word' id='word_1_526' title='bbox 3290 3151 3304 3199; x_wconf 90' lang='lat'><strong>;</strong></span> <span class='ocrx_word' id='word_1_527' title='bbox 3333 3146 3387 3192; x_wconf 91' lang='lat' dir='ltr'><strong>et</strong></span> <span class='ocrx_word' id='word_1_528' title='bbox 3420 3151 3613 3190; x_wconf 85' lang='lat' dir='ltr'><strong>secun-</strong></span> 
     </span>
    </p>
   </div>
   <div class='ocr_carea' id='block_1_63' title="bbox 359 3220 1930 3302">
    <p class='ocr_par' dir='ltr' id='par_1_63' title="bbox 359 3220 1930 3302">
     <span class='ocr_line' id='line_1_63' title="bbox 359 3220 1930 3302; baseline 0.009 -26"><span class='ocrx_word' id='word_1_529' title='bbox 359 3220 509 3276; x_wconf 88' lang='lat' dir='ltr'><strong>bent.</strong></span> <span class='ocrx_word' id='word_1_530' title='bbox 560 3221 709 3278; x_wconf 80' lang='lat' dir='ltr'><strong>Disc.</strong></span> <span class='ocrx_word' id='word_1_531' title='bbox 757 3225 896 3282; x_wconf 80' lang='lat' dir='ltr'><strong>Vere</strong></span> <span class='ocrx_word' id='word_1_532' title='bbox 943 3227 1045 3283; x_wconf 85' lang='lat' dir='ltr'><strong>hoc</strong></span> <span class='ocrx_word' id='word_1_533' title='bbox 1081 3239 1207 3284; x_wconf 87' lang='lat' dir='ltr'><strong>sunt</strong></span> <span class='ocrx_word' id='word_1_534' title='bbox 1235 3230 1330 3262; x_wconf 69' lang='grc'><strong>³³⁸⁸</strong></span> <span class='ocrx_word' id='word_1_535' title='bbox 1375 3233 1514 3302; x_wconf 88' lang='lat' dir='ltr'><strong>quod</strong></span> <span class='ocrx_word' id='word_1_536' title='bbox 1543 3234 1759 3290; x_wconf 89' lang='lat' dir='ltr'><strong>debent.</strong></span> <span class='ocrx_word' id='word_1_537' title='bbox 1792 3233 1930 3290; x_wconf 87' lang='lat' dir='ltr'><strong>MAG.</strong></span> 
     </span>
    </p>
   </div>
   <div class='ocr_carea' id='block_1_64' title="bbox 357 3312 1932 3388">
    <p class='ocr_par' dir='ltr' id='par_1_64' title="bbox 357 3312 1932 3388">
     <span class='ocr_line' id='line_1_64' title="bbox 357 3312 1932 3388; baseline 0.012 -24"><span class='ocrx_word' id='word_1_538' title='bbox 357 3312 626 3383; x_wconf 88' lang='lat' dir='ltr'><strong>Quidquid</strong></span> <span class='ocrx_word' id='word_1_539' title='bbox 655 3329 783 3370; x_wconf 88' lang='lat' dir='ltr'><strong>vero</strong></span> <span class='ocrx_word' id='word_1_540' title='bbox 829 3326 914 3372; x_wconf 90' lang='lat' dir='ltr'><strong>est</strong></span> <span class='ocrx_word' id='word_1_541' title='bbox 951 3323 1094 3388; x_wconf 91' lang='lat' dir='ltr'><strong>quod</strong></span> <span class='ocrx_word' id='word_1_542' title='bbox 1138 3321 1296 3377; x_wconf 85' lang='lat' dir='ltr'><strong>debet</strong></span> <span class='ocrx_word' id='word_1_543' title='bbox 1335 3339 1478 3385; x_wconf 86' lang='lat' dir='ltr'><strong>esse,</strong></span> <span class='ocrx_word' id='word_1_544' title='bbox 1522 3334 1666 3381; x_wconf 90' lang='lat' dir='ltr'><strong>recte</strong></span> <span class='ocrx_word' id='word_1_545' title='bbox 1709 3336 1789 3382; x_wconf 90' lang='lat' dir='ltr'><strong>est</strong></span> <span class='ocrx_word' id='word_1_546' title='bbox 1817 3328 1932 3382; x_wconf 77' lang='grc'>³³⁸⁵.</span> 
     </span>
    </p>
   </div>
   <div class='ocr_carea' id='block_1_65' title="bbox 357 3403 1934 3490">
    <p class='ocr_par' dir='ltr' id='par_1_65' title="bbox 357 3403 1934 3490">
     <span class='ocr_line' id='line_1_65' title="bbox 357 3403 1934 3490; baseline 0.013 -35"><span class='ocrx_word' id='word_1_547' title='bbox 357 3403 503 3459; x_wconf 80' lang='lat' dir='ltr'><strong>DISC.</strong></span> <span class='ocrx_word' id='word_1_548' title='bbox 529 3405 701 3460; x_wconf 79' lang='lat' dir='ltr'><strong>Aliter</strong></span> <span class='ocrx_word' id='word_1_549' title='bbox 733 3422 854 3462; x_wconf 90' lang='lat' dir='ltr'><strong>esse</strong></span> <span class='ocrx_word' id='word_1_550' title='bbox 879 3425 985 3464; x_wconf 91' lang='lat' dir='ltr'><strong>non</strong></span> <span class='ocrx_word' id='word_1_551' title='bbox 1015 3421 1210 3479; x_wconf 89' lang='lat' dir='ltr'><strong>potest.</strong></span> <span class='ocrx_word' id='word_1_552' title='bbox 1242 3413 1379 3470; x_wconf 89' lang='lat' dir='ltr'><strong>MAG.</strong></span> <span class='ocrx_word' id='word_1_553' title='bbox 1409 3415 1578 3486; x_wconf 90' lang='lat' dir='ltr'><strong>Igitur</strong></span> <span class='ocrx_word' id='word_1_554' title='bbox 1607 3433 1767 3472; x_wconf 90' lang='lat' dir='ltr'><strong>omne</strong></span> <span class='ocrx_word' id='word_1_555' title='bbox 1790 3422 1934 3490; x_wconf 90' lang='lat' dir='ltr'><strong>quod</strong></span> 
     </span>
    </p>
   </div>
   <div class='ocr_carea' id='block_1_66' title="bbox 355 3499 1933 3574">
    <p class='ocr_par' dir='ltr' id='par_1_66' title="bbox 355 3499 1933 3574">
     <span class='ocr_line' id='line_1_66' title="bbox 355 3499 1933 3574; baseline 0.011 -27"><span class='ocrx_word' id='word_1_556' title='bbox 355 3503 440 3548; x_wconf 88' lang='lat' dir='ltr'><strong>est</strong></span> <span class='ocrx_word' id='word_1_557' title='bbox 465 3504 612 3549; x_wconf 91' lang='lat' dir='ltr'><strong>recte</strong></span> <span class='ocrx_word' id='word_1_558' title='bbox 645 3507 748 3552; x_wconf 87' lang='lat' dir='ltr'><strong>est.</strong></span> <span class='ocrx_word' id='word_1_559' title='bbox 789 3500 934 3554; x_wconf 83' lang='lat' dir='ltr'><strong>DISC.</strong></span> <span class='ocrx_word' id='word_1_560' title='bbox 972 3499 1112 3555; x_wconf 81' lang='lat' dir='ltr'><strong>Nihil</strong></span> <span class='ocrx_word' id='word_1_561' title='bbox 1144 3507 1561 3574; x_wconf 90' lang='lat' dir='ltr'><strong>consequentius</strong></span> <span class='ocrx_word' id='word_1_562' title='bbox 1585 3507 1680 3539; x_wconf 79' lang='grc'>³³⁸⁸</span> <span class='ocrx_word' id='word_1_563' title='bbox 1707 3507 1848 3565; x_wconf 87' lang='lat' dir='ltr'><strong>MAG.</strong></span> <span class='ocrx_word' id='word_1_564' title='bbox 1873 3509 1933 3566; x_wconf 93' lang='lat' dir='ltr'><strong>Si</strong></span> 
     </span>
    </p>
   </div>
   <div class='ocr_carea' id='block_1_67' title="bbox 363 3588 1932 3658">
    <p class='ocr_par' dir='ltr' id='par_1_67' title="bbox 363 3588 1932 3658">
     <span class='ocr_line' id='line_1_67' title="bbox 363 3588 1932 3658; baseline 0.011 -18"><span class='ocrx_word' id='word_1_565' title='bbox 363 3600 491 3655; x_wconf 86' lang='lat' dir='ltr'><strong>ergo</strong></span> <span class='ocrx_word' id='word_1_566' title='bbox 523 3588 722 3644; x_wconf 90' lang='lat' dir='ltr'><strong>veritas</strong></span> <span class='ocrx_word' id='word_1_567' title='bbox 760 3599 816 3644; x_wconf 89' lang='lat' dir='ltr'><strong>et</strong></span> <span class='ocrx_word' id='word_1_568' title='bbox 852 3592 1118 3648; x_wconf 89' lang='lat' dir='ltr'><strong>rectitudo</strong></span> <span class='ocrx_word' id='word_1_569' title='bbox 1162 3595 1364 3650; x_wconf 91' lang='lat' dir='ltr'><strong>idcirco</strong></span> <span class='ocrx_word' id='word_1_570' title='bbox 1401 3606 1528 3652; x_wconf 92' lang='lat' dir='ltr'><strong>sunt</strong></span> <span class='ocrx_word' id='word_1_571' title='bbox 1556 3599 1606 3653; x_wconf 92' lang='lat' dir='ltr'><strong>in</strong></span> <span class='ocrx_word' id='word_1_572' title='bbox 1637 3615 1814 3655; x_wconf 89' lang='lat' dir='ltr'><strong>rerum</strong></span> <span class='ocrx_word' id='word_1_573' title='bbox 1849 3618 1932 3658; x_wconf 88' lang='lat' dir='ltr'><strong>es-</strong></span> 
     </span>
    </p>
   </div>
   <div class='ocr_carea' id='block_1_68' title="bbox 355 3677 1928 3762">
    <p class='ocr_par' dir='ltr' id='par_1_68' title="bbox 355 3677 1928 3762">
     <span class='ocr_line' id='line_1_68' title="bbox 355 3677 1928 3762; baseline 0.013 -32"><span class='ocrx_word' id='word_1_574' title='bbox 355 3677 553 3746; x_wconf 89' lang='lat' dir='ltr'><strong>sentia,</strong></span> <span class='ocrx_word' id='word_1_575' title='bbox 594 3680 721 3749; x_wconf 90' lang='lat' dir='ltr'><strong>quia</strong></span> <span class='ocrx_word' id='word_1_576' title='bbox 750 3681 855 3738; x_wconf 88' lang='lat' dir='ltr'><strong>hoc</strong></span> <span class='ocrx_word' id='word_1_577' title='bbox 885 3693 1013 3739; x_wconf 92' lang='lat' dir='ltr'><strong>sunt</strong></span> <span class='ocrx_word' id='word_1_578' title='bbox 1045 3686 1186 3756; x_wconf 90' lang='lat' dir='ltr'><strong>quod</strong></span> <span class='ocrx_word' id='word_1_579' title='bbox 1216 3697 1343 3742; x_wconf 90' lang='lat' dir='ltr'><strong>sunt</strong></span> <span class='ocrx_word' id='word_1_580' title='bbox 1366 3689 1416 3742; x_wconf 93' lang='lat' dir='ltr'><strong>in</strong></span> <span class='ocrx_word' id='word_1_581' title='bbox 1446 3705 1655 3745; x_wconf 89' lang='lat' dir='ltr'><strong>summa</strong></span> <span class='ocrx_word' id='word_1_582' title='bbox 1681 3694 1928 3762; x_wconf 89' lang='lat' dir='ltr'><strong>veritate,</strong></span> 
     </span>
    </p>
   </div>
   <div class='ocr_carea' id='block_1_69' title="bbox 360 3775 1764 3840">
    <p class='ocr_par' dir='ltr' id='par_1_69' title="bbox 360 3775 1764 3840">
     <span class='ocr_line' id='line_1_69' title="bbox 360 3775 1764 3840; baseline 0.011 -17"><span class='ocrx_word' id='word_1_583' title='bbox 360 3777 567 3825; x_wconf 85' lang='lat' dir='ltr'><strong>certum</strong></span> <span class='ocrx_word' id='word_1_584' title='bbox 590 3780 675 3827; x_wconf 90' lang='lat' dir='ltr'><strong>est</strong></span> <span class='ocrx_word' id='word_1_585' title='bbox 701 3775 988 3831; x_wconf 89' lang='lat' dir='ltr'><strong>veritatem</strong></span> <span class='ocrx_word' id='word_1_586' title='bbox 1017 3793 1197 3832; x_wconf 92' lang='lat' dir='ltr'><strong>rerum</strong></span> <span class='ocrx_word' id='word_1_587' title='bbox 1226 3793 1346 3834; x_wconf 86' lang='lat' dir='ltr'><strong>esse</strong></span> <span class='ocrx_word' id='word_1_588' title='bbox 1370 3782 1764 3840; x_wconf 90' lang='lat' dir='ltr'><strong>rectitudinem.</strong></span> 
     </span>
    </p>
   </div>
   <div class='ocr_carea' id='block_1_70' title="bbox 943 3865 1340 3925">
    <p class='ocr_par' dir='ltr' id='par_1_70' title="bbox 943 3865 1340 3925">
     <span class='ocr_line' id='line_1_70' title="bbox 943 3865 1340 3925; baseline 0.008 -4"><span class='ocrx_word' id='word_1_589' title='bbox 943 3865 1170 3922; x_wconf 82' lang='lat' dir='ltr'><strong>CAPUT</strong></span> <span class='ocrx_word' id='word_1_590' title='bbox 1209 3869 1340 3925; x_wconf 84' lang='lat' dir='ltr'><strong>Vlll.</strong></span> 
     </span>
    </p>
   </div>
   <div class='ocr_carea' id='block_1_71' title="bbox 351 3951 1927 4086">
    <p class='ocr_par' dir='ltr' id='par_1_71' title="bbox 351 3951 1927 4086">
     <span class='ocr_line' id='line_1_71' title="bbox 351 3951 1927 4040; baseline 0.015 -34"><span class='ocrx_word' id='word_1_591' title='bbox 351 3951 430 4009; x_wconf 80' lang='lat' dir='ltr'><strong>De</strong></span> <span class='ocrx_word' id='word_1_592' title='bbox 447 3954 666 4012; x_wconf 78' lang='lat' dir='ltr'><strong>diversis</strong></span> <span class='ocrx_word' id='word_1_593' title='bbox 687 3959 1055 4027; x_wconf 80' lang='lat' dir='ltr'><strong>intellectibus,</strong></span> <span class='ocrx_word' id='word_1_594' title='bbox 1071 3964 1286 4029; x_wconf 88' lang='lat' dir='ltr'><strong>debere,</strong></span> <span class='ocrx_word' id='word_1_595' title='bbox 1309 3976 1357 4020; x_wconf 84' lang='lat' dir='ltr'><strong>et</strong></span> <span class='ocrx_word' id='word_1_596' title='bbox 1368 3982 1473 4023; x_wconf 92' lang='lat' dir='ltr'><strong>non</strong></span> <span class='ocrx_word' id='word_1_597' title='bbox 1495 3969 1720 4036; x_wconf 84' lang='lat' dir='ltr'><strong>debere;</strong></span> <span class='ocrx_word' id='word_1_598' title='bbox 1746 3985 1927 4040; x_wconf 89' lang='lat' dir='ltr'><strong>posse,</strong></span> 
     </span>
     <span class='ocr_line' id='line_1_72' title="bbox 936 4043 1336 4086; baseline 0 0"><span class='ocrx_word' id='word_1_599' title='bbox 936 4043 984 4086; x_wconf 84' lang='lat' dir='ltr'><strong>et</strong></span> <span class='ocrx_word' id='word_1_600' title='bbox 1017 4049 1122 4086; x_wconf 89' lang='lat' dir='ltr'><strong>non</strong></span> <span class='ocrx_word' id='word_1_601' title='bbox 1156 4049 1336 4086; x_wconf 81' lang='lat' dir='ltr'><strong>nosse.</strong></span> 
     </span>
    </p>
   </div>
   <div class='ocr_carea' id='block_1_72' title="bbox 936 4049 1336 4103">
    <p class='ocr_par' dir='ltr' id='par_1_72' title="bbox 936 4049 1336 4103">
     <span class='ocr_line' id='line_1_73' title="bbox 936 4049 1336 4103; baseline 0.01 -17"><span class='ocrx_word' id='word_1_602' title='bbox 936 4049 984 4086; x_wconf 85' lang='lat' dir='ltr'><strong>et</strong></span> <span class='ocrx_word' id='word_1_603' title='bbox 1017 4049 1122 4089; x_wconf 90' lang='lat' dir='ltr'><strong>non</strong></span> <span class='ocrx_word' id='word_1_604' title='bbox 1155 4049 1336 4103; x_wconf 88' lang='lat' dir='ltr'><strong>posse.</strong></span> 
     </span>
    </p>
   </div>
   <div class='ocr_carea' id='block_1_73' title="bbox 419 4117 1929 4200">
    <p class='ocr_par' dir='ltr' id='par_1_73' title="bbox 419 4117 1929 4200">
     <span class='ocr_line' id='line_1_74' title="bbox 419 4117 1929 4200; baseline 0.01 -28"><span class='ocrx_word' id='word_1_605' title='bbox 419 4117 564 4174; x_wconf 86' lang='lat' dir='ltr'><strong>Dtsc.</strong></span> <span class='ocrx_word' id='word_1_606' title='bbox 589 4119 730 4176; x_wconf 84' lang='lat' dir='ltr'><strong>Nihil</strong></span> <span class='ocrx_word' id='word_1_607' title='bbox 757 4123 988 4192; x_wconf 89' lang='lat' dir='ltr'><strong>planius,</strong></span> <span class='ocrx_word' id='word_1_608' title='bbox 1005 4136 1264 4194; x_wconf 91' lang='lat' dir='ltr'><strong>quantum</strong></span> <span class='ocrx_word' id='word_1_609' title='bbox 1289 4127 1355 4181; x_wconf 93' lang='lat' dir='ltr'><strong>ad</strong></span> <span class='ocrx_word' id='word_1_610' title='bbox 1377 4139 1817 4200; x_wconf 80' lang='lat' dir='ltr'><strong>consequentiam</strong></span> <span class='ocrx_word' id='word_1_611' title='bbox 1842 4147 1929 4186; x_wconf 91' lang='lat' dir='ltr'><strong>ar-</strong></span> 
     </span>
    </p>
   </div>
   <div class='ocr_carea' id='block_1_74' title="bbox 346 4212 1923 4287">
    <p class='ocr_par' dir='ltr' id='par_1_74' title="bbox 346 4212 1923 4287">
     <span class='ocr_line' id='line_1_75' title="bbox 346 4212 1923 4287; baseline 0.01 -24"><span class='ocrx_word' id='word_1_612' title='bbox 346 4212 790 4277; x_wconf 72' lang='lat' dir='ltr'><strong>gumentationis.</strong></span> <span class='ocrx_word' id='word_1_613' title='bbox 843 4215 950 4271; x_wconf 90' lang='lat' dir='ltr'><strong>Sed</strong></span> <span class='ocrx_word' id='word_1_614' title='bbox 998 4218 1296 4272; x_wconf 86' lang='lat' dir='ltr'><strong>secundum</strong></span> <span class='ocrx_word' id='word_1_615' title='bbox 1350 4219 1426 4274; x_wconf 90' lang='lat' dir='ltr'><strong>rei</strong></span> <span class='ocrx_word' id='word_1_616' title='bbox 1458 4221 1551 4260; x_wconf 83' lang='grc'><strong>³³⁸⁷</strong></span> <span class='ocrx_word' id='word_1_617' title='bbox 1609 4224 1923 4287; x_wconf 86' lang='lat' dir='ltr'><strong>veritatem,</strong></span> 
     </span>
    </p>
   </div>
   <div class='ocr_carea' id='block_1_75' title="bbox 347 4302 1924 4383">
    <p class='ocr_par' dir='ltr' id='par_1_75' title="bbox 347 4302 1924 4383">
     <span class='ocr_line' id='line_1_76' title="bbox 347 4302 1924 4383; baseline 0.006 -27"><span class='ocrx_word' id='word_1_618' title='bbox 347 4302 617 4371; x_wconf 89' lang='lat' dir='ltr'><strong>quomodo</strong></span> <span class='ocrx_word' id='word_1_619' title='bbox 663 4319 947 4374; x_wconf 88' lang='lat' dir='ltr'><strong>possumus</strong></span> <span class='ocrx_word' id='word_1_620' title='bbox 1006 4308 1185 4364; x_wconf 90' lang='lat' dir='ltr'><strong>dicere</strong></span> <span class='ocrx_word' id='word_1_621' title='bbox 1237 4310 1362 4380; x_wconf 88' lang='lat' dir='ltr'><strong>quia</strong></span> <span class='ocrx_word' id='word_1_622' title='bbox 1405 4311 1662 4383; x_wconf 90' lang='lat' dir='ltr'><strong>quidquid</strong></span> <span class='ocrx_word' id='word_1_623' title='bbox 1713 4324 1794 4369; x_wconf 91' lang='lat' dir='ltr'><strong>est</strong></span> <span class='ocrx_word' id='word_1_624' title='bbox 1833 4315 1924 4347; x_wconf 76' lang='grc'><strong>³³⁸⁸</strong></span> 
     </span>
    </p>
   </div>
   <div class='ocr_carea' id='block_1_76' title="bbox 347 4393 1918 4474">
    <p class='ocr_par' dir='ltr' id='par_1_76' title="bbox 347 4393 1918 4474">
     <span class='ocr_line' id='line_1_77' title="bbox 347 4393 1918 4474; baseline 0.01 -27"><span class='ocrx_word' id='word_1_625' title='bbox 347 4393 505 4450; x_wconf 90' lang='lat' dir='ltr'><strong>debet</strong></span> <span class='ocrx_word' id='word_1_626' title='bbox 532 4409 686 4462; x_wconf 90' lang='lat' dir='ltr'><strong>esse,</strong></span> <span class='ocrx_word' id='word_1_627' title='bbox 715 4413 837 4453; x_wconf 91' lang='lat' dir='ltr'><strong>cum</strong></span> <span class='ocrx_word' id='word_1_628' title='bbox 873 4400 983 4455; x_wconf 88' lang='lat' dir='ltr'><strong>sint</strong></span> <span class='ocrx_word' id='word_1_629' title='bbox 1010 4401 1174 4456; x_wconf 90' lang='lat' dir='ltr'><strong>multa</strong></span> <span class='ocrx_word' id='word_1_630' title='bbox 1202 4418 1364 4471; x_wconf 89' lang='lat' dir='ltr'><strong>opera</strong></span> <span class='ocrx_word' id='word_1_631' title='bbox 1397 4404 1532 4458; x_wconf 88' lang='lat' dir='ltr'><strong>mala</strong></span> <span class='ocrx_word' id='word_1_632' title='bbox 1559 4420 1678 4474; x_wconf 67' lang='lat' dir='ltr'><strong>quae</strong></span> <span class='ocrx_word' id='word_1_633' title='bbox 1711 4417 1918 4462; x_wconf 90' lang='lat' dir='ltr'><strong>certum</strong></span> 
     </span>
    </p>
   </div>
   <div class='ocr_carea' id='block_1_77' title="bbox 2037 3224 3615 3296">
    <p class='ocr_par' dir='ltr' id='par_1_77' title="bbox 2037 3224 3615 3296">
     <span class='ocr_line' id='line_1_78' title="bbox 2037 3224 3615 3296; baseline 0.001 -17"><span class='ocrx_word' id='word_1_634' title='bbox 2037 3225 2162 3279; x_wconf 91' lang='lat' dir='ltr'><strong>dum</strong></span> <span class='ocrx_word' id='word_1_635' title='bbox 2194 3225 2244 3278; x_wconf 91' lang='lat' dir='ltr'><strong>id</strong></span> <span class='ocrx_word' id='word_1_636' title='bbox 2271 3225 2413 3294; x_wconf 91' lang='lat' dir='ltr'><strong>quod</strong></span> <span class='ocrx_word' id='word_1_637' title='bbox 2441 3224 2660 3292; x_wconf 87' lang='lat' dir='ltr'><strong>patitur,</strong></span> <span class='ocrx_word' id='word_1_638' title='bbox 2687 3225 2827 3280; x_wconf 87' lang='lat' dir='ltr'><strong>actio</strong></span> <span class='ocrx_word' id='word_1_639' title='bbox 2856 3225 2936 3280; x_wconf 88' lang='lat' dir='ltr'><strong>vel</strong></span> <span class='ocrx_word' id='word_1_640' title='bbox 2964 3225 3259 3295; x_wconf 88' lang='lat' dir='ltr'><strong>percussio.</strong></span> <span class='ocrx_word' id='word_1_641' title='bbox 3286 3225 3418 3279; x_wconf 62' lang='lat' dir='ltr'><strong>Nam</strong></span> <span class='ocrx_word' id='word_1_642' title='bbox 3449 3241 3615 3296; x_wconf 87' lang='lat' dir='ltr'><strong>agen-</strong></span> 
     </span>
    </p>
   </div>
   <div class='ocr_carea' id='block_1_78' title="bbox 2039 3314 3614 3387">
    <p class='ocr_par' dir='ltr' id='par_1_78' title="bbox 2039 3314 3614 3387">
     <span class='ocr_line' id='line_1_79' title="bbox 2039 3314 3614 3387; baseline 0.001 -19"><span class='ocrx_word' id='word_1_643' title='bbox 2039 3314 2111 3368; x_wconf 88' lang='lat' dir='ltr'><strong>tia</strong></span> <span class='ocrx_word' id='word_1_644' title='bbox 2141 3323 2195 3369; x_wconf 91' lang='lat' dir='ltr'><strong>et</strong></span> <span class='ocrx_word' id='word_1_645' title='bbox 2225 3315 2600 3383; x_wconf 89' lang='lat' dir='ltr'><strong>percutientia,</strong></span> <span class='ocrx_word' id='word_1_646' title='bbox 2640 3315 2708 3369; x_wconf 89' lang='lat' dir='ltr'><strong>ab</strong></span> <span class='ocrx_word' id='word_1_647' title='bbox 2755 3324 2945 3387; x_wconf 86' lang='lat' dir='ltr'><strong>agente</strong></span> <span class='ocrx_word' id='word_1_648' title='bbox 2969 3328 3023 3370; x_wconf 89' lang='lat' dir='ltr'><strong>et</strong></span> <span class='ocrx_word' id='word_1_649' title='bbox 3061 3317 3394 3386; x_wconf 85' lang='lat' dir='ltr'><strong>percutiente</strong></span> <span class='ocrx_word' id='word_1_650' title='bbox 3423 3319 3614 3372; x_wconf 79' lang='lat' dir='ltr'><strong>dicun-</strong></span> 
     </span>
    </p>
   </div>
   <div class='ocr_carea' id='block_1_79' title="bbox 2037 3405 3608 3476">
    <p class='ocr_par' dir='ltr' id='par_1_79' title="bbox 2037 3405 3608 3476">
     <span class='ocr_line' id='line_1_80' title="bbox 2037 3405 3608 3476; baseline 0.002 -18"><span class='ocrx_word' id='word_1_651' title='bbox 2037 3413 2125 3460; x_wconf 86' lang='lat' dir='ltr'><strong>tur</strong></span> <span class='ocrx_word' id='word_1_652' title='bbox 2151 3405 2312 3474; x_wconf 93' lang='lat' dir='ltr'><strong>(sicut</strong></span> <span class='ocrx_word' id='word_1_653' title='bbox 2335 3406 2671 3476; x_wconf 86' lang='lat' dir='ltr'><strong>providentia</strong></span> <span class='ocrx_word' id='word_1_654' title='bbox 2704 3421 2734 3460; x_wconf 96' lang='lat' dir='ltr'><strong>a</strong></span> <span class='ocrx_word' id='word_1_655' title='bbox 2766 3407 3100 3475; x_wconf 83' lang='lat' dir='ltr'><strong>providente,</strong></span> <span class='ocrx_word' id='word_1_656' title='bbox 3141 3416 3197 3462; x_wconf 92' lang='lat' dir='ltr'><strong>et</strong></span> <span class='ocrx_word' id='word_1_657' title='bbox 3225 3407 3555 3462; x_wconf 87' lang='lat' dir='ltr'><strong>continentia</strong></span> <span class='ocrx_word' id='word_1_658' title='bbox 3579 3425 3608 3461; x_wconf 89' lang='lat' dir='ltr'><strong>a</strong></span> 
     </span>
    </p>
   </div>
   <div class='ocr_carea' id='block_1_80' title="bbox 2034 3496 3611 3568">
    <p class='ocr_par' dir='ltr' id='par_1_80' title="bbox 2034 3496 3611 3568">
     <span class='ocr_line' id='line_1_81' title="bbox 2034 3496 3611 3568; baseline -0.001 -15"><span class='ocrx_word' id='word_1_659' title='bbox 2034 3496 2364 3568; x_wconf 85' lang='lat' dir='ltr'><strong>continente)</strong></span> <span class='ocrx_word' id='word_1_660' title='bbox 2398 3511 2517 3565; x_wconf 66' lang='lat' dir='ltr'><strong>quae</strong></span> <span class='ocrx_word' id='word_1_661' title='bbox 2547 3496 2752 3552; x_wconf 87' lang='lat' dir='ltr'><strong>scilicet</strong></span> <span class='ocrx_word' id='word_1_662' title='bbox 2797 3512 2962 3568; x_wconf 89' lang='lat' dir='ltr'><strong>agens</strong></span> <span class='ocrx_word' id='word_1_663' title='bbox 2991 3507 3047 3553; x_wconf 91' lang='lat' dir='ltr'><strong>et</strong></span> <span class='ocrx_word' id='word_1_664' title='bbox 3073 3498 3396 3566; x_wconf 85' lang='lat' dir='ltr'><strong>percutiens,</strong></span> <span class='ocrx_word' id='word_1_665' title='bbox 3427 3498 3611 3566; x_wconf 89' lang='lat' dir='ltr'><strong>provi-</strong></span> 
     </span>
    </p>
   </div>
   <div class='ocr_carea' id='block_1_81' title="bbox 2034 3589 3605 3662">
    <p class='ocr_par' dir='ltr' id='par_1_81' title="bbox 2034 3589 3605 3662">
     <span class='ocr_line' id='line_1_82' title="bbox 2034 3589 3605 3662; baseline 0.002 -19"><span class='ocrx_word' id='word_1_666' title='bbox 2034 3589 2164 3644; x_wconf 89' lang='lat' dir='ltr'><strong>dens</strong></span> <span class='ocrx_word' id='word_1_667' title='bbox 2193 3598 2247 3644; x_wconf 90' lang='lat' dir='ltr'><strong>et</strong></span> <span class='ocrx_word' id='word_1_668' title='bbox 2288 3590 2590 3658; x_wconf 88' lang='lat' dir='ltr'><strong>continens,</strong></span> <span class='ocrx_word' id='word_1_669' title='bbox 2627 3591 2802 3646; x_wconf 90' lang='lat' dir='ltr'><strong>activa</strong></span> <span class='ocrx_word' id='word_1_670' title='bbox 2853 3599 3009 3659; x_wconf 84' lang='lat' dir='ltr'><strong>sunt;</strong></span> <span class='ocrx_word' id='word_1_671' title='bbox 3057 3591 3198 3647; x_wconf 86' lang='lat' dir='ltr'><strong>actio</strong></span> <span class='ocrx_word' id='word_1_672' title='bbox 3229 3607 3356 3648; x_wconf 88' lang='lat' dir='ltr'><strong>vero</strong></span> <span class='ocrx_word' id='word_1_673' title='bbox 3385 3601 3439 3647; x_wconf 91' lang='lat' dir='ltr'><strong>et</strong></span> <span class='ocrx_word' id='word_1_674' title='bbox 3483 3608 3605 3662; x_wconf 83' lang='lat' dir='ltr'><strong>per.</strong></span> 
     </span>
    </p>
   </div>
   <div class='ocr_carea' id='block_1_82' title="bbox 2032 3681 3608 3754">
    <p class='ocr_par' dir='ltr' id='par_1_82' title="bbox 2032 3681 3608 3754">
     <span class='ocr_line' id='line_1_83' title="bbox 2032 3681 3608 3754; baseline 0.003 -19"><span class='ocrx_word' id='word_1_675' title='bbox 2032 3681 2230 3748; x_wconf 92' lang='lat' dir='ltr'><strong>cussio,</strong></span> <span class='ocrx_word' id='word_1_676' title='bbox 2281 3681 2348 3735; x_wconf 94' lang='lat' dir='ltr'><strong>ab</strong></span> <span class='ocrx_word' id='word_1_677' title='bbox 2382 3689 2503 3736; x_wconf 90' lang='lat' dir='ltr'><strong>acto</strong></span> <span class='ocrx_word' id='word_1_678' title='bbox 2538 3692 2595 3737; x_wconf 92' lang='lat' dir='ltr'><strong>et</strong></span> <span class='ocrx_word' id='word_1_679' title='bbox 2629 3697 2904 3752; x_wconf 89' lang='lat' dir='ltr'><strong>percusso,</strong></span> <span class='ocrx_word' id='word_1_680' title='bbox 2945 3699 3065 3754; x_wconf 75' lang='lat' dir='ltr'><strong>qua:</strong></span> <span class='ocrx_word' id='word_1_681' title='bbox 3101 3685 3310 3752; x_wconf 87' lang='lat' dir='ltr'><strong>passiva</strong></span> <span class='ocrx_word' id='word_1_682' title='bbox 3339 3693 3482 3751; x_wconf 90' lang='lat' dir='ltr'><strong>sunt,</strong></span> <span class='ocrx_word' id='word_1_683' title='bbox 3514 3684 3608 3739; x_wconf 91' lang='lat' dir='ltr'><strong>de-</strong></span> 
     </span>
    </p>
   </div>
   <div class='ocr_carea' id='block_1_83' title="bbox 2032 3769 3598 3843">
    <p class='ocr_par' dir='ltr' id='par_1_83' title="bbox 2032 3769 3598 3843">
     <span class='ocr_line' id='line_1_84' title="bbox 2032 3769 3598 3843; baseline 0.002 -18"><span class='ocrx_word' id='word_1_684' title='bbox 2032 3771 2294 3827; x_wconf 84' lang='lat' dir='ltr'><strong>rivantur.</strong></span> <span class='ocrx_word' id='word_1_685' title='bbox 2349 3769 2456 3826; x_wconf 88' lang='lat' dir='ltr'><strong>Sed</strong></span> <span class='ocrx_word' id='word_1_686' title='bbox 2500 3773 2752 3841; x_wconf 89' lang='lat' dir='ltr'><strong>quoniam</strong></span> <span class='ocrx_word' id='word_1_687' title='bbox 2805 3775 2886 3840; x_wconf 92' lang='lat' dir='ltr'><strong>(ut</strong></span> <span class='ocrx_word' id='word_1_688' title='bbox 2929 3773 2983 3828; x_wconf 94' lang='lat' dir='ltr'><strong>in</strong></span> <span class='ocrx_word' id='word_1_689' title='bbox 3015 3789 3122 3827; x_wconf 93' lang='lat' dir='ltr'><strong>uno</strong></span> <span class='ocrx_word' id='word_1_690' title='bbox 3151 3774 3326 3828; x_wconf 90' lang='lat' dir='ltr'><strong>dicam</strong></span> <span class='ocrx_word' id='word_1_691' title='bbox 3354 3774 3495 3843; x_wconf 91' lang='lat' dir='ltr'><strong>quod</strong></span> <span class='ocrx_word' id='word_1_692' title='bbox 3544 3775 3598 3828; x_wconf 92' lang='lat' dir='ltr'><strong>in</strong></span> 
     </span>
    </p>
   </div>
   <div class='ocr_carea' id='block_1_84' title="bbox 2031 3862 3605 3936">
    <p class='ocr_par' dir='ltr' id='par_1_84' title="bbox 2031 3862 3605 3936">
     <span class='ocr_line' id='line_1_85' title="bbox 2031 3862 3605 3936; baseline 0.002 -18"><span class='ocrx_word' id='word_1_693' title='bbox 2031 3864 2240 3918; x_wconf 63' lang='lat' dir='ltr'><strong>caeteris</strong></span> <span class='ocrx_word' id='word_1_694' title='bbox 2279 3862 2568 3934; x_wconf 90' lang='lat' dir='ltr'><strong>intelligas)</strong></span> <span class='ocrx_word' id='word_1_695' title='bbox 2609 3865 2749 3918; x_wconf 90' lang='lat' dir='ltr'><strong>sicut</strong></span> <span class='ocrx_word' id='word_1_696' title='bbox 2770 3866 3076 3934; x_wconf 90' lang='lat' dir='ltr'><strong>percutiens</strong></span> <span class='ocrx_word' id='word_1_697' title='bbox 3105 3882 3211 3920; x_wconf 93' lang='lat' dir='ltr'><strong>non</strong></span> <span class='ocrx_word' id='word_1_698' title='bbox 3242 3877 3326 3921; x_wconf 88' lang='lat' dir='ltr'><strong>est</strong></span> <span class='ocrx_word' id='word_1_699' title='bbox 3345 3867 3459 3921; x_wconf 91' lang='lat' dir='ltr'><strong>sine</strong></span> <span class='ocrx_word' id='word_1_700' title='bbox 3481 3881 3605 3936; x_wconf 86' lang='lat' dir='ltr'><strong>per-</strong></span> 
     </span>
    </p>
   </div>
   <div class='ocr_carea' id='block_1_85' title="bbox 2030 3956 3606 4027">
    <p class='ocr_par' dir='ltr' id='par_1_85' title="bbox 2030 3956 3606 4027">
     <span class='ocr_line' id='line_1_86' title="bbox 2030 3956 3606 4027; baseline 0 -17"><span class='ocrx_word' id='word_1_701' title='bbox 2030 3957 2302 4022; x_wconf 84' lang='lat' dir='ltr'><strong>cussione,</strong></span> <span class='ocrx_word' id='word_1_702' title='bbox 2330 3969 2428 4010; x_wconf 90' lang='lat' dir='ltr'><strong>nec</strong></span> <span class='ocrx_word' id='word_1_703' title='bbox 2449 3971 2736 4024; x_wconf 89' lang='lat' dir='ltr'><strong>percussus</strong></span> <span class='ocrx_word' id='word_1_704' title='bbox 2759 3956 2960 4024; x_wconf 84' lang='lat' dir='ltr'><strong>absque</strong></span> <span class='ocrx_word' id='word_1_705' title='bbox 2983 3956 3320 4026; x_wconf 88' lang='lat' dir='ltr'><strong>percutiente</strong></span> <span class='ocrx_word' id='word_1_706' title='bbox 3336 3997 3352 4022; x_wconf 92' lang='lat'><strong>,</strong></span> <span class='ocrx_word' id='word_1_707' title='bbox 3379 3956 3451 4010; x_wconf 88' lang='lat' dir='ltr'><strong>ita</strong></span> <span class='ocrx_word' id='word_1_708' title='bbox 3480 3973 3606 4027; x_wconf 84' lang='lat' dir='ltr'><strong>per-</strong></span> 
     </span>
    </p>
   </div>
   <div class='ocr_carea' id='block_1_86' title="bbox 2029 4046 3600 4116">
    <p class='ocr_par' dir='ltr' id='par_1_86' title="bbox 2029 4046 3600 4116">
     <span class='ocr_line' id='line_1_87' title="bbox 2029 4046 3600 4116; baseline -0.001 -15"><span class='ocrx_word' id='word_1_709' title='bbox 2029 4046 2285 4101; x_wconf 88' lang='lat' dir='ltr'><strong>cutientia</strong></span> <span class='ocrx_word' id='word_1_710' title='bbox 2334 4055 2390 4101; x_wconf 91' lang='lat' dir='ltr'><strong>et</strong></span> <span class='ocrx_word' id='word_1_711' title='bbox 2433 4047 2709 4116; x_wconf 88' lang='lat' dir='ltr'><strong>percussio</strong></span> <span class='ocrx_word' id='word_1_712' title='bbox 2746 4048 2862 4102; x_wconf 90' lang='lat' dir='ltr'><strong>sine</strong></span> <span class='ocrx_word' id='word_1_713' title='bbox 2889 4047 3116 4102; x_wconf 89' lang='lat' dir='ltr'><strong>invicem</strong></span> <span class='ocrx_word' id='word_1_714' title='bbox 3149 4062 3270 4102; x_wconf 92' lang='lat' dir='ltr'><strong>esse</strong></span> <span class='ocrx_word' id='word_1_715' title='bbox 3307 4057 3600 4114; x_wconf 83' lang='lat' dir='ltr'><strong>nequeunt;</strong></span> 
     </span>
    </p>
   </div>
   <div class='ocr_carea' id='block_1_87' title="bbox 2030 4129 3602 4194">
    <p class='ocr_par' dir='ltr' id='par_1_87' title="bbox 2030 4129 3602 4194">
     <span class='ocr_line' id='line_1_88' title="bbox 2030 4129 3602 4194; baseline 0.001 -3"><span class='ocrx_word' id='word_1_716' title='bbox 2030 4137 2138 4191; x_wconf 91' lang='lat' dir='ltr'><strong>imo</strong></span> <span class='ocrx_word' id='word_1_717' title='bbox 2165 4151 2267 4189; x_wconf 94' lang='lat' dir='ltr'><strong>una</strong></span> <span class='ocrx_word' id='word_1_718' title='bbox 2296 4143 2352 4189; x_wconf 91' lang='lat' dir='ltr'><strong>et</strong></span> <span class='ocrx_word' id='word_1_719' title='bbox 2375 4136 2563 4191; x_wconf 90' lang='lat' dir='ltr'><strong>eadem</strong></span> <span class='ocrx_word' id='word_1_720' title='bbox 2595 4151 2682 4191; x_wconf 83' lang='lat' dir='ltr'><strong>res</strong></span> <span class='ocrx_word' id='word_1_721' title='bbox 2711 4133 3052 4192; x_wconf 42' lang='lat' dir='ltr'><strong>est&#39;diversis</strong></span> <span class='ocrx_word' id='word_1_722' title='bbox 3077 4129 3381 4193; x_wconf 80' lang='lat' dir='ltr'><strong>nominibus</strong></span> <span class='ocrx_word' id='word_1_723' title='bbox 3405 4153 3602 4194; x_wconf 84' lang='lat' dir='ltr'><strong>secun-</strong></span> 
     </span>
    </p>
   </div>
   <div class='ocr_carea' id='block_1_88' title="bbox 2029 4225 3600 4298">
    <p class='ocr_par' dir='ltr' id='par_1_88' title="bbox 2029 4225 3600 4298">
     <span class='ocr_line' id='line_1_89' title="bbox 2029 4225 3600 4298; baseline 0.001 -18"><span class='ocrx_word' id='word_1_724' title='bbox 2029 4226 2153 4280; x_wconf 92' lang='lat' dir='ltr'><strong>dum</strong></span> <span class='ocrx_word' id='word_1_725' title='bbox 2188 4226 2426 4280; x_wconf 87' lang='lat' dir='ltr'><strong>diversas</strong></span> <span class='ocrx_word' id='word_1_726' title='bbox 2464 4235 2648 4296; x_wconf 82' lang='lat' dir='ltr'><strong>partes</strong></span> <span class='ocrx_word' id='word_1_727' title='bbox 2682 4225 2980 4296; x_wconf 84' lang='lat' dir='ltr'><strong>signiﬁcata</strong></span> <span class='ocrx_word' id='word_1_728' title='bbox 3016 4227 3259 4283; x_wconf 90' lang='lat' dir='ltr'><strong>:idcirco</strong></span> <span class='ocrx_word' id='word_1_729' title='bbox 3296 4228 3600 4298; x_wconf 87' lang='lat' dir='ltr'><strong>percussio,</strong></span> 
     </span>
    </p>
   </div>
   <div class='ocr_carea' id='block_1_89' title="bbox 2027 4316 3604 4390">
    <p class='ocr_par' dir='ltr' id='par_1_89' title="bbox 2027 4316 3604 4390">
     <span class='ocr_line' id='line_1_90' title="bbox 2027 4316 3604 4390; baseline 0 -18"><span class='ocrx_word' id='word_1_730' title='bbox 2027 4327 2082 4373; x_wconf 90' lang='lat' dir='ltr'><strong>et</strong></span> <span class='ocrx_word' id='word_1_731' title='bbox 2111 4316 2482 4386; x_wconf 85' lang='lat' dir='ltr'><strong>percutientis,</strong></span> <span class='ocrx_word' id='word_1_732' title='bbox 2507 4325 2564 4374; x_wconf 89' lang='lat' dir='ltr'><strong>et</strong></span> <span class='ocrx_word' id='word_1_733' title='bbox 2604 4319 2844 4388; x_wconf 89' lang='lat' dir='ltr'><strong>percussi</strong></span> <span class='ocrx_word' id='word_1_734' title='bbox 2869 4333 2989 4374; x_wconf 91' lang='lat' dir='ltr'><strong>esse</strong></span> <span class='ocrx_word' id='word_1_735' title='bbox 3019 4319 3230 4374; x_wconf 88' lang='lat' dir='ltr'><strong>dicitur.</strong></span> <span class='ocrx_word' id='word_1_736' title='bbox 3263 4320 3604 4390; x_wconf 83' lang='lat' dir='ltr'><strong>Quapropter</strong></span> 
     </span>
    </p>
   </div>
   <div class='ocr_carea' id='block_1_90' title="bbox 2027 4407 3600 4481">
    <p class='ocr_par' dir='ltr' id='par_1_90' title="bbox 2027 4407 3600 4481">
     <span class='ocr_line' id='line_1_91' title="bbox 2027 4407 3600 4481; baseline 0.001 -18"><span class='ocrx_word' id='word_1_737' title='bbox 2027 4411 2318 4464; x_wconf 90' lang='lat' dir='ltr'><strong>secundum</strong></span> <span class='ocrx_word' id='word_1_738' title='bbox 2353 4408 2497 4478; x_wconf 83' lang='lat' dir='ltr'><strong>quod</strong></span> <span class='ocrx_word' id='word_1_739' title='bbox 2545 4424 2709 4479; x_wconf 81' lang='lat' dir='ltr'><strong>agens</strong></span> <span class='ocrx_word' id='word_1_740' title='bbox 2759 4407 2842 4463; x_wconf 87' lang='lat' dir='ltr'><strong>vel</strong></span> <span class='ocrx_word' id='word_1_741' title='bbox 2885 4409 3094 4480; x_wconf 85' lang='lat' dir='ltr'><strong>patiens</strong></span> <span class='ocrx_word' id='word_1_742' title='bbox 3123 4409 3294 4464; x_wconf 90' lang='lat' dir='ltr'><strong>eidem</strong></span> <span class='ocrx_word' id='word_1_743' title='bbox 3320 4411 3600 4481; x_wconf 88' lang='lat' dir='ltr'><strong>subjacent</strong></span> 
     </span>
    </p>
   </div>
   <div class='ocr_carea' id='block_1_91' title="bbox 344 4469 3591 4569">
    <p class='ocr_par' dir='ltr' id='par_1_91' title="bbox 344 4469 3591 4569">
     <span class='ocr_line' id='line_1_92' title="bbox 344 4469 3591 4569; baseline 0.005 -33"><span class='ocrx_word' id='word_1_744' title='bbox 344 4494 429 4537; x_wconf 89' lang='lat' dir='ltr'><strong>cst</strong></span> <span class='ocrx_word' id='word_1_745' title='bbox 470 4499 590 4541; x_wconf 88' lang='lat' dir='ltr'><strong>esse</strong></span> <span class='ocrx_word' id='word_1_746' title='bbox 627 4502 734 4542; x_wconf 93' lang='lat' dir='ltr'><strong>non</strong></span> <span class='ocrx_word' id='word_1_747' title='bbox 773 4489 968 4546; x_wconf 88' lang='lat' dir='ltr'><strong>debere</strong></span> <span class='ocrx_word' id='word_1_748' title='bbox 992 4491 1120 4546; x_wconf 66' lang='lat'><strong>&quot;3’?</strong></span> <span class='ocrx_word' id='word_1_749' title='bbox 1165 4492 1304 4548; x_wconf 91' lang='lat' dir='ltr'><strong>MAG.</strong></span> <span class='ocrx_word' id='word_1_750' title='bbox 1341 4493 1477 4561; x_wconf 89' lang='lat' dir='ltr'><strong>Quid</strong></span> <span class='ocrx_word' id='word_1_751' title='bbox 1505 4495 1723 4560; x_wconf 87' lang='lat' dir='ltr'><strong>mirmn,</strong></span> <span class='ocrx_word' id='word_1_752' title='bbox 1746 4499 1790 4552; x_wconf 88' lang='lat' dir='ltr'><strong>si</strong></span> <span class='ocrx_word' id='word_1_753' title='bbox 1831 4515 1921 4553; x_wconf 84' lang='lat' dir='ltr'><strong>ea-</strong></span> <span class='ocrx_word' id='word_1_754' title='bbox 1952 4469 1997 4522; x_wconf 67' lang='grc' dir='ltr'>Β</span> <span class='ocrx_word' id='word_1_755' title='bbox 2015 4499 2243 4569; x_wconf 87' lang='lat' dir='ltr'><strong>judicio,</strong></span> <span class='ocrx_word' id='word_1_756' title='bbox 2270 4501 2352 4554; x_wconf 88' lang='lat' dir='ltr'><strong>vel</strong></span> <span class='ocrx_word' id='word_1_757' title='bbox 2377 4500 2665 4555; x_wconf 87' lang='lat' dir='ltr'><strong>contrariis</strong></span> <span class='ocrx_word' id='word_1_758' title='bbox 2691 4540 2705 4564; x_wconf 94' lang='lat'><strong>,</strong></span> <span class='ocrx_word' id='word_1_759' title='bbox 2758 4499 2872 4569; x_wconf 87' lang='lat' dir='ltr'><strong>ipsa</strong></span> <span class='ocrx_word' id='word_1_760' title='bbox 2913 4515 3128 4569; x_wconf 88' lang='lat' dir='ltr'><strong>quoque</strong></span> <span class='ocrx_word' id='word_1_761' title='bbox 3159 4501 3298 4556; x_wconf 91' lang='lat' dir='ltr'><strong>actio</strong></span> <span class='ocrx_word' id='word_1_762' title='bbox 3331 4516 3398 4555; x_wconf 77' lang='lat' dir='ltr'><strong>ex</strong></span> <span class='ocrx_word' id='word_1_763' title='bbox 3436 4511 3591 4554; x_wconf 88' lang='lat' dir='ltr'><strong>utra-</strong></span> 
     </span>
    </p>
   </div>
   <div class='ocr_carea' id='block_1_92' title="bbox 346 4572 3594 4663">
    <p class='ocr_par' dir='ltr' id='par_1_92' title="bbox 346 4572 3594 4663">
     <span class='ocr_line' id='line_1_93' title="bbox 346 4572 3594 4663; baseline 0.005 -37"><span class='ocrx_word' id='word_1_764' title='bbox 346 4572 466 4627; x_wconf 90' lang='lat' dir='ltr'><strong>dem</strong></span> <span class='ocrx_word' id='word_1_765' title='bbox 491 4591 578 4630; x_wconf 92' lang='lat' dir='ltr'><strong>res</strong></span> <span class='ocrx_word' id='word_1_766' title='bbox 615 4578 772 4633; x_wconf 90' lang='lat' dir='ltr'><strong>debet</strong></span> <span class='ocrx_word' id='word_1_767' title='bbox 803 4596 921 4636; x_wconf 90' lang='lat' dir='ltr'><strong>esse</strong></span> <span class='ocrx_word' id='word_1_768' title='bbox 943 4591 999 4636; x_wconf 91' lang='lat' dir='ltr'><strong>et</strong></span> <span class='ocrx_word' id='word_1_769' title='bbox 1030 4599 1135 4637; x_wconf 89' lang='lat' dir='ltr'><strong>non</strong></span> <span class='ocrx_word' id='word_1_770' title='bbox 1163 4585 1314 4640; x_wconf 88' lang='lat' dir='ltr'><strong>esse?</strong></span> <span class='ocrx_word' id='word_1_771' title='bbox 1336 4585 1480 4640; x_wconf 83' lang='lat' dir='ltr'><strong>DlSC.</strong></span> <span class='ocrx_word' id='word_1_772' title='bbox 1516 4585 1794 4654; x_wconf 90' lang='lat' dir='ltr'><strong>Quomodo</strong></span> <span class='ocrx_word' id='word_1_773' title='bbox 1824 4606 1918 4660; x_wconf 90' lang='lat' dir='ltr'><strong>po-</strong></span> <span class='ocrx_word' id='word_1_774' title='bbox 2023 4606 2127 4663; x_wconf 91' lang='lat' dir='ltr'><strong>que</strong></span> <span class='ocrx_word' id='word_1_775' title='bbox 2171 4599 2326 4660; x_wconf 89' lang='lat' dir='ltr'><strong>parte</strong></span> <span class='ocrx_word' id='word_1_776' title='bbox 2352 4589 2603 4645; x_wconf 88' lang='lat' dir='ltr'><strong>similiter</strong></span> <span class='ocrx_word' id='word_1_777' title='bbox 2625 4587 2976 4657; x_wconf 74' lang='lat' dir='ltr'><strong>iudicabitur,</strong></span> <span class='ocrx_word' id='word_1_778' title='bbox 3018 4599 3111 4644; x_wconf 92' lang='lat' dir='ltr'><strong>aut</strong></span> <span class='ocrx_word' id='word_1_779' title='bbox 3134 4590 3426 4644; x_wconf 88' lang='lat' dir='ltr'><strong>contrarie.</strong></span> <span class='ocrx_word' id='word_1_780' title='bbox 3459 4589 3594 4643; x_wconf 87' lang='lat' dir='ltr'><strong>Cum</strong></span> 
     </span>
    </p>
   </div>
   <div class='ocr_carea' id='block_1_93' title="bbox 2019 4678 3603 4752">
    <p class='ocr_par' dir='ltr' id='par_1_93' title="bbox 2019 4678 3603 4752">
     <span class='ocr_line' id='line_1_94' title="bbox 2019 4678 3603 4752; baseline -0.002 -17"><span class='ocrx_word' id='word_1_781' title='bbox 2019 4696 2148 4752; x_wconf 90' lang='lat' dir='ltr'><strong>ergo</strong></span> <span class='ocrx_word' id='word_1_782' title='bbox 2179 4689 2234 4735; x_wconf 92' lang='lat' dir='ltr'><strong>et</strong></span> <span class='ocrx_word' id='word_1_783' title='bbox 2270 4679 2361 4748; x_wconf 92' lang='lat' dir='ltr'><strong>qui</strong></span> <span class='ocrx_word' id='word_1_784' title='bbox 2391 4678 2626 4748; x_wconf 90' lang='lat' dir='ltr'><strong>percutit</strong></span> <span class='ocrx_word' id='word_1_785' title='bbox 2650 4687 2795 4732; x_wconf 90' lang='lat' dir='ltr'><strong>recte</strong></span> <span class='ocrx_word' id='word_1_786' title='bbox 2823 4679 3075 4747; x_wconf 87' lang='lat' dir='ltr'><strong>percutit,</strong></span> <span class='ocrx_word' id='word_1_787' title='bbox 3099 4687 3154 4732; x_wconf 90' lang='lat' dir='ltr'><strong>et</strong></span> <span class='ocrx_word' id='word_1_788' title='bbox 3177 4678 3267 4748; x_wconf 90' lang='lat' dir='ltr'><strong>qui</strong></span> <span class='ocrx_word' id='word_1_789' title='bbox 3297 4678 3603 4747; x_wconf 92' lang='lat' dir='ltr'><strong>percutitur</strong></span> 
     </span>
    </p>
   </div>
   <div class='ocr_carea' id='block_1_94' title="bbox 2018 4769 3594 4840">
    <p class='ocr_par' dir='ltr' id='par_1_94' title="bbox 2018 4769 3594 4840">
     <span class='ocr_line' id='line_1_95' title="bbox 2018 4769 3594 4840; baseline -0.003 -13"><span class='ocrx_word' id='word_1_790' title='bbox 2018 4782 2166 4827; x_wconf 87' lang='lat' dir='ltr'><strong>recte</strong></span> <span class='ocrx_word' id='word_1_791' title='bbox 2197 4770 2495 4840; x_wconf 91' lang='lat' dir='ltr'><strong>percutitur</strong></span> <span class='ocrx_word' id='word_1_792' title='bbox 2530 4787 2542 4822; x_wconf 90' lang='lat'><strong>:</strong></span> <span class='ocrx_word' id='word_1_793' title='bbox 2588 4777 2667 4834; x_wconf 92' lang='lat' dir='ltr'><strong>ut,</strong></span> <span class='ocrx_word' id='word_1_794' title='bbox 2696 4783 2819 4824; x_wconf 90' lang='lat' dir='ltr'><strong>cum</strong></span> <span class='ocrx_word' id='word_1_795' title='bbox 2858 4783 3111 4838; x_wconf 87' lang='lat' dir='ltr'><strong>peccans,</strong></span> <span class='ocrx_word' id='word_1_796' title='bbox 3142 4769 3210 4823; x_wconf 91' lang='lat' dir='ltr'><strong>ab</strong></span> <span class='ocrx_word' id='word_1_797' title='bbox 3249 4783 3315 4824; x_wconf 91' lang='lat' dir='ltr'><strong>eo</strong></span> <span class='ocrx_word' id='word_1_798' title='bbox 3343 4769 3410 4823; x_wconf 92' lang='lat' dir='ltr'><strong>ad</strong></span> <span class='ocrx_word' id='word_1_799' title='bbox 3431 4784 3594 4838; x_wconf 88' lang='lat' dir='ltr'><strong>quem</strong></span> 
     </span>
    </p>
   </div>
   <div class='ocr_carea' id='block_1_95' title="bbox 1623 4899 2296 4958">
    <p class='ocr_par' dir='ltr' id='par_1_95' title="bbox 1623 4899 2296 4958">
     <span class='ocr_line' id='line_1_96' title="bbox 1623 4899 2296 4958; baseline -0.001 -2"><span class='ocrx_word' id='word_1_800' title='bbox 1623 4901 1856 4958; x_wconf 73' lang='lat' dir='ltr'><strong>VABUE</strong></span> <span class='ocrx_word' id='word_1_801' title='bbox 1896 4899 2296 4958; x_wconf 84' lang='lat' dir='ltr'><strong>LECTIONES.</strong></span> 
     </span>
    </p>
   </div>
   <div class='ocr_carea' id='block_1_96' title="bbox 414 5001 3590 5083">
    <p class='ocr_par' dir='ltr' id='par_1_96' title="bbox 414 5001 3590 5083">
     <span class='ocr_line' id='line_1_97' title="bbox 414 5001 3590 5083; baseline 0.006 -29"><span class='ocrx_word' id='word_1_802' title='bbox 414 5001 508 5083; x_wconf 50' lang='lat'><strong>“3&#39;</strong></span> <span class='ocrx_word' id='word_1_803' title='bbox 531 5001 642 5083; x_wconf 74' lang='lat' dir='ltr'><strong>Qui</strong></span> <span class='ocrx_word' id='word_1_804' title='bbox 668 5005 1140 5083; x_wconf 85' lang='lat' dir='ltr'><strong>possent__i_l_li,__aut</strong></span> <span class='ocrx_word' id='word_1_805' title='bbox 1161 5009 1252 5078; x_wconf 90' lang='lat' dir='ltr'><strong>qui</strong></span> <span class='ocrx_word' id='word_1_806' title='bbox 1277 5010 1504 5083; x_wconf 86' lang='lat' dir='ltr'><strong>debeant</strong></span> <span class='ocrx_word' id='word_1_807' title='bbox 1527 5029 1651 5068; x_wconf 88' lang='lat' dir='ltr'><strong>mss.</strong></span> <span class='ocrx_word' id='word_1_808' title='bbox 1675 5014 1803 5083; x_wconf 89' lang='lat' dir='ltr'><strong>quid</strong></span> <span class='ocrx_word' id='word_1_809' title='bbox 1835 5015 2040 5078; x_wconf 84' lang='lat' dir='ltr'><strong>possint</strong></span> <span class='ocrx_word' id='word_1_810' title='bbox 2083 5013 2178 5078; x_wconf 87' lang='lat' dir='ltr'><strong>illi,</strong></span> <span class='ocrx_word' id='word_1_811' title='bbox 2208 5021 2298 5066; x_wconf 93' lang='lat' dir='ltr'><strong>aut</strong></span> <span class='ocrx_word' id='word_1_812' title='bbox 2322 5013 2449 5082; x_wconf 88' lang='lat' dir='ltr'><strong>quid</strong></span> <span class='ocrx_word' id='word_1_813' title='bbox 2480 5012 2709 5067; x_wconf 85' lang='lat' dir='ltr'><strong>debeant</strong></span> <span class='ocrx_word' id='word_1_814' title='bbox 2735 5029 2835 5083; x_wconf 87' lang='lat' dir='ltr'><strong>ms.</strong></span> <span class='ocrx_word' id='word_1_815' title='bbox 2868 5012 2994 5068; x_wconf 83' lang='lat' dir='ltr'><strong>Bec.</strong></span> <span class='ocrx_word' id='word_1_816' title='bbox 3019 5012 3052 5068; x_wconf 99' lang='lat'><strong>6</strong></span> <span class='ocrx_word' id='word_1_817' title='bbox 3105 5016 3249 5083; x_wconf 91' lang='lat' dir='ltr'><strong>quod</strong></span> <span class='ocrx_word' id='word_1_818' title='bbox 3280 5015 3351 5070; x_wconf 84' lang='lat' dir='ltr'><strong>illi</strong></span> <span class='ocrx_word' id='word_1_819' title='bbox 3382 5018 3590 5083; x_wconf 91' lang='lat' dir='ltr'><strong>possint</strong></span> 
     </span>
    </p>
   </div>
   <div class='ocr_carea' id='block_1_97' title="bbox 339 5029 3589 5154">
    <p class='ocr_par' dir='ltr' id='par_1_97' title="bbox 339 5029 3589 5154">
     <span class='ocr_line' id='line_1_98' title="bbox 415 5029 3589 5083; baseline 0.005 -27"><span class='ocrx_word' id='word_1_820' title='bbox 415 5029 502 5034; x_wconf 65' lang='grc' dir='ltr'><strong>ν-τ-</strong></span> <span class='ocrx_word' id='word_1_821' title='bbox 542 5029 642 5069; x_wconf 66' lang='grc' dir='ltr'><strong>ναι</strong></span> <span class='ocrx_word' id='word_1_822' title='bbox 671 5029 892 5072; x_wconf 81' lang='lat' dir='ltr'><strong>possem</strong></span> <span class='ocrx_word' id='word_1_823' title='bbox 923 5029 1020 5069; x_wconf 86' lang='lat' dir='ltr'><strong>nu,</strong></span> <span class='ocrx_word' id='word_1_824' title='bbox 1049 5029 1140 5062; x_wconf 81' lang='lat' dir='ltr'><strong>aut</strong></span> <span class='ocrx_word' id='word_1_825' title='bbox 1161 5029 1252 5078; x_wconf 79' lang='lat' dir='ltr'><strong>qui</strong></span> <span class='ocrx_word' id='word_1_826' title='bbox 1277 5029 1504 5067; x_wconf 82' lang='lat' dir='ltr'><strong>debeant</strong></span> <span class='ocrx_word' id='word_1_827' title='bbox 1527 5029 1651 5068; x_wconf 89' lang='lat' dir='ltr'><strong>mss.</strong></span> <span class='ocrx_word' id='word_1_828' title='bbox 1715 5029 1803 5068; x_wconf 84' lang='lat' dir='ltr'><strong>llld</strong></span> <span class='ocrx_word' id='word_1_829' title='bbox 1835 5029 2040 5078; x_wconf 86' lang='lat' dir='ltr'><strong>possmt</strong></span> <span class='ocrx_word' id='word_1_830' title='bbox 2083 5029 2178 5078; x_wconf 86' lang='lat' dir='ltr'><strong>IIII,</strong></span> <span class='ocrx_word' id='word_1_831' title='bbox 2208 5029 2298 5066; x_wconf 93' lang='lat' dir='ltr'><strong>aut</strong></span> <span class='ocrx_word' id='word_1_832' title='bbox 2322 5029 2449 5082; x_wconf 80' lang='lat' dir='ltr'><strong>quin</strong></span> <span class='ocrx_word' id='word_1_833' title='bbox 2480 5029 2709 5067; x_wconf 83' lang='lat' dir='ltr'><strong>aeneam</strong></span> <span class='ocrx_word' id='word_1_834' title='bbox 2735 5029 2835 5066; x_wconf 89' lang='lat' dir='ltr'><strong>ms.</strong></span> <span class='ocrx_word' id='word_1_835' title='bbox 2868 5029 2994 5068; x_wconf 74' lang='lat' dir='ltr'><strong>uec.</strong></span> <span class='ocrx_word' id='word_1_836' title='bbox 3019 5029 3052 5068; x_wconf 82' lang='grc' dir='ltr'><strong>υ</strong></span> <span class='ocrx_word' id='word_1_837' title='bbox 3105 5029 3249 5083; x_wconf 86' lang='lat' dir='ltr'><strong>quoa</strong></span> <span class='ocrx_word' id='word_1_838' title='bbox 3280 5029 3351 5070; x_wconf 82' lang='lat' dir='ltr'><strong>illi</strong></span> <span class='ocrx_word' id='word_1_839' title='bbox 3453 5029 3589 5072; x_wconf 78' lang='lat' dir='ltr'><strong>sstnt</strong></span> 
     </span>
     <span class='ocr_line' id='line_1_99' title="bbox 339 5029 3589 5154; baseline 0.005 -30"><span class='ocrx_word' id='word_1_840' title='bbox 339 5072 480 5154; x_wconf 77' lang='lat' dir='ltr'><strong>quod</strong></span> <span class='ocrx_word' id='word_1_841' title='bbox 511 5073 810 5154; x_wconf 74' lang='lat' dir='ltr'><strong>deliberant</strong></span> <span class='ocrx_word' id='word_1_842' title='bbox 881 5076 974 5154; x_wconf 47' lang='lat' dir='ltr'><strong>ﬁ&quot;</strong></span> <span class='ocrx_word' id='word_1_843' title='bbox 1002 5078 1436 5154; x_wconf 73' lang='lat' dir='ltr'><strong>Conisumentlum</strong></span> <span class='ocrx_word' id='word_1_844' title='bbox 1488 5099 1614 5136; x_wconf 83' lang='lat' dir='ltr'><strong>mss.</strong></span> <span class='ocrx_word' id='word_1_845' title='bbox 1670 5029 1802 5137; x_wconf 44' lang='lat' dir='ltr'><strong>ilict.</strong></span> <span class='ocrx_word' id='word_1_846' title='bbox 1830 5083 1952 5140; x_wconf 85' lang='lat' dir='ltr'><strong>Bec.</strong></span> <span class='ocrx_word' id='word_1_847' title='bbox 1994 5085 2027 5138; x_wconf 88' lang='lat'><strong>6</strong></span> <span class='ocrx_word' id='word_1_848' title='bbox 2073 5083 2258 5154; x_wconf 79' lang='lat' dir='ltr'><strong>Cister.</strong></span> <span class='ocrx_word' id='word_1_849' title='bbox 2305 5083 2681 5154; x_wconf 61' lang='lat' dir='ltr'><strong>insumendum</strong></span> <span class='ocrx_word' id='word_1_850' title='bbox 2755 5082 2847 5154; x_wconf 76' lang='lat'><strong>”_&quot;</strong></span> <span class='ocrx_word' id='word_1_851' title='bbox 2878 5083 2994 5136; x_wconf 84' lang='lat' dir='ltr'><strong>Alia</strong></span> <span class='ocrx_word' id='word_1_852' title='bbox 3024 5100 3185 5138; x_wconf 90' lang='lat' dir='ltr'><strong>causa</strong></span> <span class='ocrx_word' id='word_1_853' title='bbox 3216 5087 3318 5140; x_wconf 87' lang='lat' dir='ltr'><strong>hoc</strong></span> <span class='ocrx_word' id='word_1_854' title='bbox 3367 5032 3589 5154; x_wconf 50' lang='lat' dir='ltr'><strong>ggiant,</strong></span> 
     </span>
    </p>
   </div>
   <div class='ocr_carea' id='block_1_98' title="bbox 337 5143 3588 5223">
    <p class='ocr_par' dir='ltr' id='par_1_98' title="bbox 337 5143 3588 5223">
     <span class='ocr_line' id='line_1_100' title="bbox 337 5143 3588 5223; baseline 0.005 -28"><span class='ocrx_word' id='word_1_855' title='bbox 337 5143 480 5223; x_wconf 75' lang='lat' dir='ltr'><strong>quod</strong></span> <span class='ocrx_word' id='word_1_856' title='bbox 521 5143 734 5223; x_wconf 71' lang='lat' dir='ltr'><strong>debent,</strong></span> <span class='ocrx_word' id='word_1_857' title='bbox 770 5155 834 5223; x_wconf 89' lang='lat' dir='ltr'><strong>_et</strong></span> <span class='ocrx_word' id='word_1_858' title='bbox 881 5147 998 5202; x_wconf 90' lang='lat' dir='ltr'><strong>ideo</strong></span> <span class='ocrx_word' id='word_1_859' title='bbox 1027 5165 1122 5223; x_wconf 86' lang='lat' dir='ltr'><strong>m_s_.</strong></span> <span class='ocrx_word' id='word_1_860' title='bbox 1169 5147 1454 5223; x_wconf 63' lang='lat' dir='ltr'><strong>Vict.__a|_ia</strong></span> <span class='ocrx_word' id='word_1_861' title='bbox 1493 5167 1676 5215; x_wconf 87' lang='lat' dir='ltr'><strong>causa,</strong></span> <span class='ocrx_word' id='word_1_862' title='bbox 1714 5154 1918 5208; x_wconf 82' lang='lat' dir='ltr'><strong>faciunt</strong></span> <span class='ocrx_word' id='word_1_863' title='bbox 1943 5154 2084 5223; x_wconf 90' lang='lat' dir='ltr'><strong>quod</strong></span> <span class='ocrx_word' id='word_1_864' title='bbox 2125 5153 2341 5209; x_wconf 86' lang='lat' dir='ltr'><strong>debent.</strong></span> <span class='ocrx_word' id='word_1_865' title='bbox 2377 5152 2738 5223; x_wconf 12' lang='lat' dir='ltr'><strong>Etgideoﬂms.</strong></span> <span class='ocrx_word' id='word_1_866' title='bbox 2777 5151 2900 5206; x_wconf 87' lang='lat' dir='ltr'><strong>Bec.</strong></span> <span class='ocrx_word' id='word_1_867' title='bbox 2925 5155 2972 5223; x_wconf 9' lang='lat' dir='ltr'><strong>rb</strong></span> <span class='ocrx_word' id='word_1_868' title='bbox 3015 5155 3118 5207; x_wconf 92' lang='lat' dir='ltr'><strong>alia</strong></span> <span class='ocrx_word' id='word_1_869' title='bbox 3164 5169 3345 5219; x_wconf 85' lang='lat' dir='ltr'><strong>causa,</strong></span> <span class='ocrx_word' id='word_1_870' title='bbox 3380 5157 3478 5211; x_wconf 88' lang='lat' dir='ltr'><strong>hoc</strong></span> <span class='ocrx_word' id='word_1_871' title='bbox 3508 5143 3588 5212; x_wconf 57' lang='lat' dir='ltr'><strong>fa:</strong></span> 
     </span>
    </p>
   </div>
   <div class='ocr_carea' id='block_1_99' title="bbox 336 5213 3585 5291">
    <p class='ocr_par' dir='ltr' id='par_1_99' title="bbox 336 5213 3585 5291">
     <span class='ocr_line' id='line_1_101' title="bbox 336 5213 3585 5291; baseline 0.005 -27"><span class='ocrx_word' id='word_1_872' title='bbox 336 5213 506 5291; x_wconf 74' lang='lat' dir='ltr'><strong>ciunt,</strong></span> <span class='ocrx_word' id='word_1_873' title='bbox 537 5215 661 5282; x_wconf 74' lang='lat' dir='ltr'><strong>quia</strong></span> <span class='ocrx_word' id='word_1_874' title='bbox 699 5216 934 5291; x_wconf 69' lang='lat' dir='ltr'><strong>debent:</strong></span> <span class='ocrx_word' id='word_1_875' title='bbox 975 5227 1028 5271; x_wconf 93' lang='lat' dir='ltr'><strong>et</strong></span> <span class='ocrx_word' id='word_1_876' title='bbox 1063 5217 1182 5291; x_wconf 73' lang='lat' dir='ltr'><strong>ideo</strong></span> <span class='ocrx_word' id='word_1_877' title='bbox 1255 5218 1349 5291; x_wconf 65' lang='grc' dir='ltr'><strong>³³ξ¹⁰</strong></span> <span class='ocrx_word' id='word_1_878' title='bbox 1389 5220 1518 5274; x_wconf 78' lang='lat' dir='ltr'><strong>Mss.</strong></span> <span class='ocrx_word' id='word_1_879' title='bbox 1558 5224 1624 5276; x_wconf 86' lang='lat' dir='ltr'><strong>de</strong></span> <span class='ocrx_word' id='word_1_880' title='bbox 1656 5213 1883 5278; x_wconf 85' lang='lat' dir='ltr'><strong>veritate</strong></span> <span class='ocrx_word' id='word_1_881' title='bbox 1921 5213 2168 5278; x_wconf 67' lang='lat' dir='ltr'><strong>essentia:</strong></span> <span class='ocrx_word' id='word_1_882' title='bbox 2198 5237 2378 5275; x_wconf 90' lang='lat' dir='ltr'><strong>rerum</strong></span> <span class='ocrx_word' id='word_1_883' title='bbox 2454 5221 2544 5252; x_wconf 79' lang='grc'>⁸³⁸⁸</span> <span class='ocrx_word' id='word_1_884' title='bbox 2591 5219 2742 5274; x_wconf 81' lang='lat' dir='ltr'><strong>Nulla</strong></span> <span class='ocrx_word' id='word_1_885' title='bbox 2791 5222 2963 5291; x_wconf 91' lang='lat' dir='ltr'><strong>possit</strong></span> <span class='ocrx_word' id='word_1_886' title='bbox 3001 5239 3123 5278; x_wconf 91' lang='lat' dir='ltr'><strong>esse</strong></span> <span class='ocrx_word' id='word_1_887' title='bbox 3157 5241 3282 5278; x_wconf 89' lang='lat' dir='ltr'><strong>mss.</strong></span> <span class='ocrx_word' id='word_1_888' title='bbox 3326 5213 3468 5280; x_wconf 82' lang='lat' dir='ltr'><strong>nulla</strong></span> <span class='ocrx_word' id='word_1_889' title='bbox 3514 5228 3585 5280; x_wconf 79' lang='lat' dir='ltr'><strong>ibi</strong></span> 
     </span>
    </p>
   </div>
   <div class='ocr_carea' id='block_1_100' title="bbox 335 5282 3588 5364">
    <p class='ocr_par' dir='ltr' id='par_1_100' title="bbox 335 5282 3588 5364">
     <span class='ocr_line' id='line_1_102' title="bbox 335 5282 3588 5364; baseline 0.004 -29"><span class='ocrx_word' id='word_1_890' title='bbox 335 5282 690 5364; x_wconf 43' lang='lat' dir='ltr'><strong>possit_e_s.se.</strong></span> <span class='ocrx_word' id='word_1_891' title='bbox 717 5285 826 5364; x_wconf 37' lang='grc' dir='ltr'><strong>,ηδ’</strong></span> <span class='ocrx_word' id='word_1_892' title='bbox 868 5285 932 5340; x_wconf 84' lang='grc' dir='ltr'><em>1η</em></span> <span class='ocrx_word' id='word_1_893' title='bbox 981 5287 1260 5364; x_wconf 38' lang='grc' dir='ltr'><strong>παι-Περ.</strong></span> <span class='ocrx_word' id='word_1_894' title='bbox 1287 5289 1337 5364; x_wconf 82' lang='lat'><strong>6_</strong></span> <span class='ocrx_word' id='word_1_895' title='bbox 1371 5293 1715 5364; x_wconf 69' lang='lat' dir='ltr'><strong>continuatur</strong></span> <span class='ocrx_word' id='word_1_896' title='bbox 1749 5303 1902 5364; x_wconf 67' lang='lat' dir='ltr'><strong>caput</strong></span> <span class='ocrx_word' id='word_1_897' title='bbox 1946 5293 2259 5362; x_wconf 73' lang='lat' dir='ltr'><strong>prwcedens.</strong></span> <span class='ocrx_word' id='word_1_898' title='bbox 2297 5291 2609 5364; x_wconf 67' lang='lat' dir='ltr'><strong>Omnialhic</strong></span> <span class='ocrx_word' id='word_1_899' title='bbox 2643 5301 2769 5345; x_wconf 91' lang='lat' dir='ltr'><strong>sunt</strong></span> <span class='ocrx_word' id='word_1_900' title='bbox 2792 5282 3130 5364; x_wconf 64' lang='lat' dir='ltr'><strong>&#39;inss._omnia</strong></span> <span class='ocrx_word' id='word_1_901' title='bbox 3161 5294 3261 5348; x_wconf 86' lang='lat' dir='ltr'><strong>hoc</strong></span> <span class='ocrx_word' id='word_1_902' title='bbox 3291 5305 3420 5348; x_wconf 89' lang='lat' dir='ltr'><strong>sunt</strong></span> <span class='ocrx_word' id='word_1_903' title='bbox 3470 5297 3588 5364; x_wconf 15' lang='lat'><strong>7”&quot;</strong></span> 
     </span>
    </p>
   </div>
   <div class='ocr_carea' id='block_1_101' title="bbox 338 5353 3586 5420">
    <p class='ocr_par' dir='ltr' id='par_1_101' title="bbox 338 5353 3586 5420">
     <span class='ocr_line' id='line_1_103' title="bbox 338 5353 3586 5420; baseline 0.005 -17"><span class='ocrx_word' id='word_1_904' title='bbox 338 5353 466 5420; x_wconf 68' lang='lat' dir='ltr'><strong>Sine</strong></span> <span class='ocrx_word' id='word_1_905' title='bbox 492 5353 653 5407; x_wconf 89' lang='lat' dir='ltr'><strong>dubio</strong></span> <span class='ocrx_word' id='word_1_906' title='bbox 675 5353 763 5409; x_wconf 88' lang='lat' dir='ltr'><strong>hic</strong></span> <span class='ocrx_word' id='word_1_907' title='bbox 787 5365 912 5409; x_wconf 91' lang='lat' dir='ltr'><strong>sunt</strong></span> <span class='ocrx_word' id='word_1_908' title='bbox 932 5373 1056 5409; x_wconf 89' lang='lat' dir='ltr'><strong>mss.</strong></span> <span class='ocrx_word' id='word_1_909' title='bbox 1083 5357 1198 5410; x_wconf 90' lang='lat' dir='ltr'><strong>sine</strong></span> <span class='ocrx_word' id='word_1_910' title='bbox 1213 5358 1492 5414; x_wconf 84' lang='lat' dir='ltr'><strong>dubiohoc</strong></span> <span class='ocrx_word' id='word_1_911' title='bbox 1507 5371 1632 5415; x_wconf 90' lang='lat' dir='ltr'><strong>sunt</strong></span> <span class='ocrx_word' id='word_1_912' title='bbox 1704 5362 1795 5394; x_wconf 68' lang='grc'><strong>³³⁸⁸</strong></span> <span class='ocrx_word' id='word_1_913' title='bbox 1814 5353 1956 5416; x_wconf 75' lang='lat' dir='ltr'><strong>Vere</strong></span> <span class='ocrx_word' id='word_1_914' title='bbox 1992 5364 2079 5416; x_wconf 91' lang='lat' dir='ltr'><strong>hic</strong></span> <span class='ocrx_word' id='word_1_915' title='bbox 2106 5372 2232 5415; x_wconf 87' lang='lat' dir='ltr'><strong>sunt</strong></span> <span class='ocrx_word' id='word_1_916' title='bbox 2258 5378 2383 5415; x_wconf 89' lang='lat' dir='ltr'><strong>mss.</strong></span> <span class='ocrx_word' id='word_1_917' title='bbox 2417 5353 2544 5416; x_wconf 81' lang='lat' dir='ltr'><strong>vere</strong></span> <span class='ocrx_word' id='word_1_918' title='bbox 2573 5360 2673 5414; x_wconf 90' lang='lat' dir='ltr'><strong>hoc</strong></span> <span class='ocrx_word' id='word_1_919' title='bbox 2706 5370 2831 5416; x_wconf 93' lang='lat' dir='ltr'><strong>sunt</strong></span> <span class='ocrx_word' id='word_1_920' title='bbox 2903 5361 2994 5397; x_wconf 82' lang='grc'><strong>³³⁸⁵</strong></span> <span class='ocrx_word' id='word_1_921' title='bbox 3019 5362 3185 5417; x_wconf 81' lang='lat' dir='ltr'><strong>Recte</strong></span> <span class='ocrx_word' id='word_1_922' title='bbox 3213 5372 3299 5417; x_wconf 90' lang='lat' dir='ltr'><strong>est</strong></span> <span class='ocrx_word' id='word_1_923' title='bbox 3330 5381 3426 5418; x_wconf 87' lang='lat' dir='ltr'><strong>ms.</strong></span> <span class='ocrx_word' id='word_1_924' title='bbox 3459 5363 3586 5420; x_wconf 85' lang='lat' dir='ltr'><strong>Bec.</strong></span> 
     </span>
    </p>
   </div>
   <div class='ocr_carea' id='block_1_102' title="bbox 336 5417 3582 5500">
    <p class='ocr_par' dir='ltr' id='par_1_102' title="bbox 336 5417 3582 5500">
     <span class='ocr_line' id='line_1_104' title="bbox 336 5417 3582 5500; baseline 0.004 -26"><span class='ocrx_word' id='word_1_925' title='bbox 336 5417 391 5500; x_wconf 60' lang='grc' dir='ltr'><em>φτ</em></span> <span class='ocrx_word' id='word_1_926' title='bbox 423 5435 548 5500; x_wconf 70' lang='lat' dir='ltr'><strong>vere</strong></span> <span class='ocrx_word' id='word_1_927' title='bbox 574 5432 658 5500; x_wconf 80' lang='lat' dir='ltr'><strong>est</strong></span> <span class='ocrx_word' id='word_1_928' title='bbox 729 5425 820 5457; x_wconf 72' lang='grc'><strong>⁸³⁸⁵</strong></span> <span class='ocrx_word' id='word_1_929' title='bbox 847 5425 1492 5500; x_wconf 47' lang='lat' dir='ltr'><strong>_Nih_i_l“consequentius,</strong></span> <span class='ocrx_word' id='word_1_930' title='bbox 1524 5447 1646 5484; x_wconf 86' lang='lat' dir='ltr'><strong>mss.</strong></span> <span class='ocrx_word' id='word_1_931' title='bbox 1689 5433 1856 5485; x_wconf 87' lang='lat' dir='ltr'><strong>omitt.</strong></span> <span class='ocrx_word' id='word_1_932' title='bbox 1933 5433 2022 5464; x_wconf 83' lang='grc'><strong>³³⁸⁷</strong></span> <span class='ocrx_word' id='word_1_933' title='bbox 2065 5432 2168 5486; x_wconf 87' lang='lat' dir='ltr'><strong>Sed</strong></span> <span class='ocrx_word' id='word_1_934' title='bbox 2216 5432 2509 5486; x_wconf 89' lang='lat' dir='ltr'><strong>secundum</strong></span> <span class='ocrx_word' id='word_1_935' title='bbox 2557 5431 2631 5486; x_wconf 86' lang='lat' dir='ltr'><strong>rei</strong></span> <span class='ocrx_word' id='word_1_936' title='bbox 2675 5440 2795 5493; x_wconf 81' lang='lat' dir='ltr'><strong>etc.,</strong></span> <span class='ocrx_word' id='word_1_937' title='bbox 2835 5432 2887 5483; x_wconf 87' lang='lat' dir='ltr'><strong>in</strong></span> <span class='ocrx_word' id='word_1_938' title='bbox 2928 5449 3022 5484; x_wconf 88' lang='lat' dir='ltr'><strong>ms.</strong></span> <span class='ocrx_word' id='word_1_939' title='bbox 3062 5432 3173 5486; x_wconf 74' lang='lat' dir='ltr'><strong>Bec-</strong></span> <span class='ocrx_word' id='word_1_940' title='bbox 3225 5435 3258 5487; x_wconf 89' lang='lat'><strong>6</strong></span> <span class='ocrx_word' id='word_1_941' title='bbox 3311 5445 3357 5486; x_wconf 83' lang='lat' dir='ltr'><strong>et</strong></span> <span class='ocrx_word' id='word_1_942' title='bbox 3390 5417 3582 5488; x_wconf 66' lang='lat' dir='ltr'><strong>Cister.</strong></span> 
     </span>
    </p>
   </div>
   <div class='ocr_carea' id='block_1_103' title="bbox 333 5489 3587 5571">
    <p class='ocr_par' dir='ltr' id='par_1_103' title="bbox 333 5489 3587 5571">
     <span class='ocr_line' id='line_1_105' title="bbox 333 5489 3587 5571; baseline 0.007 -34"><span class='ocrx_word' id='word_1_943' title='bbox 333 5489 417 5540; x_wconf 78' lang='lat' dir='ltr'><strong>hic</strong></span> <span class='ocrx_word' id='word_1_944' title='bbox 441 5491 619 5571; x_wconf 62' lang='lat' dir='ltr'><strong>incipit</strong></span> <span class='ocrx_word' id='word_1_945' title='bbox 659 5505 810 5571; x_wconf 59' lang='lat' dir='ltr'><strong>cgput</strong></span> <span class='ocrx_word' id='word_1_946' title='bbox 839 5494 875 5571; x_wconf 62' lang='grc' dir='ltr'>ξ</span> <span class='ocrx_word' id='word_1_947' title='bbox 948 5494 1040 5526; x_wconf 81' lang='grc'><strong>³³⁸⁸</strong></span> <span class='ocrx_word' id='word_1_948' title='bbox 1067 5489 1330 5571; x_wconf 76' lang='lat' dir='ltr'><strong>Quicquid</strong></span> <span class='ocrx_word' id='word_1_949' title='bbox 1359 5506 1459 5563; x_wconf 91' lang='lat' dir='ltr'><strong>est,</strong></span> <span class='ocrx_word' id='word_1_950' title='bbox 1480 5489 1818 5571; x_wconf 12' lang='lat' dir='ltr'><strong>&#39;quodrdebet</strong></span> <span class='ocrx_word' id='word_1_951' title='bbox 1851 5517 1970 5556; x_wconf 89' lang='lat' dir='ltr'><strong>esse</strong></span> <span class='ocrx_word' id='word_1_952' title='bbox 2014 5519 2136 5556; x_wconf 86' lang='lat' dir='ltr'><strong>mss.</strong></span> <span class='ocrx_word' id='word_1_953' title='bbox 2167 5501 2421 5571; x_wconf 88' lang='lat' dir='ltr'><strong>quicquid</strong></span> <span class='ocrx_word' id='word_1_954' title='bbox 2452 5511 2555 5565; x_wconf 91' lang='lat' dir='ltr'><strong>est,</strong></span> <span class='ocrx_word' id='word_1_955' title='bbox 2596 5502 2754 5554; x_wconf 87' lang='lat' dir='ltr'><strong>debet</strong></span> <span class='ocrx_word' id='word_1_956' title='bbox 2781 5489 2898 5571; x_wconf 66' lang='lat' dir='ltr'><strong>esse</strong></span> <span class='ocrx_word' id='word_1_957' title='bbox 2971 5501 3062 5571; x_wconf 65' lang='lat' dir='ltr'><strong>&#39;j”</strong></span> <span class='ocrx_word' id='word_1_958' title='bbox 3095 5502 3210 5556; x_wconf 84' lang='lat' dir='ltr'><strong>Non</strong></span> <span class='ocrx_word' id='word_1_959' title='bbox 3239 5515 3356 5557; x_wconf 84' lang='lat' dir='ltr'><strong>esse</strong></span> <span class='ocrx_word' id='word_1_960' title='bbox 3384 5504 3587 5560; x_wconf 72' lang='lat' dir='ltr'><strong>debere</strong></span> 
     </span>
    </p>
   </div>
   <div class='ocr_carea' id='block_1_104' title="bbox 334 5557 3586 5639">
    <p class='ocr_par' dir='ltr' id='par_1_104' title="bbox 334 5557 3586 5639">
     <span class='ocr_line' id='line_1_106' title="bbox 334 5557 3586 5639; baseline 0.007 -34"><span class='ocrx_word' id='word_1_961' title='bbox 334 5571 457 5639; x_wconf 59' lang='grc' dir='ltr'><strong>ρης.</strong></span> <span class='ocrx_word' id='word_1_962' title='bbox 503 5557 632 5639; x_wconf 66' lang='grc' dir='ltr'><strong>νίσιἔ</strong></span> <span class='ocrx_word' id='word_1_963' title='bbox 675 5557 800 5639; x_wconf 62' lang='lat' dir='ltr'><strong>Heg.</strong></span> <span class='ocrx_word' id='word_1_964' title='bbox 834 5563 867 5617; x_wconf 88' lang='lat'><strong>6</strong></span> <span class='ocrx_word' id='word_1_965' title='bbox 905 5579 1051 5639; x_wconf 53' lang='lat' dir='ltr'><strong>esse</strong></span> <span class='ocrx_word' id='word_1_966' title='bbox 1078 5557 1183 5618; x_wconf 69' lang='lat' dir='ltr'><strong>non</strong></span> <span class='ocrx_word' id='word_1_967' title='bbox 1215 5557 1411 5639; x_wconf 75' lang='lat' dir='ltr'><strong>debere</strong></span> <span class='ocrx_word' id='word_1_968' title='bbox 1447 5557 1457 5563; x_wconf 57' lang='grc'><strong>⁷</strong></span> <span class='ocrx_word' id='word_1_969' title='bbox 1471 5557 1579 5639; x_wconf 58' lang='grc' dir='ltr'><strong>Ῐ³⁹⁰</strong></span> <span class='ocrx_word' id='word_1_970' title='bbox 1614 5569 1786 5639; x_wconf 77' lang='lat' dir='ltr'><strong>Modo,</strong></span> <span class='ocrx_word' id='word_1_971' title='bbox 1831 5573 1955 5639; x_wconf 90' lang='lat' dir='ltr'><strong>quia</strong></span> <span class='ocrx_word' id='word_1_972' title='bbox 1991 5557 2250 5627; x_wconf 72' lang='lat' dir='ltr'><strong>Dominus</strong></span> <span class='ocrx_word' id='word_1_973' title='bbox 2282 5557 2437 5626; x_wconf 71' lang='lat' dir='ltr'><strong>Jesus</strong></span> <span class='ocrx_word' id='word_1_974' title='bbox 2466 5557 2612 5626; x_wconf 77' lang='lat' dir='ltr'><strong>solus</strong></span> <span class='ocrx_word' id='word_1_975' title='bbox 2637 5586 2763 5623; x_wconf 89' lang='lat' dir='ltr'><strong>mss.</strong></span> <span class='ocrx_word' id='word_1_976' title='bbox 2807 5569 2938 5624; x_wconf 84' lang='lat' dir='ltr'><strong>Vict.</strong></span> <span class='ocrx_word' id='word_1_977' title='bbox 2969 5569 3094 5627; x_wconf 84' lang='lat' dir='ltr'><strong>Bec.</strong></span> <span class='ocrx_word' id='word_1_978' title='bbox 3124 5573 3282 5626; x_wconf 86' lang='lat' dir='ltr'><strong>modo</strong></span> <span class='ocrx_word' id='word_1_979' title='bbox 3323 5557 3586 5629; x_wconf 72' lang='lat' dir='ltr'><strong>Dominus</strong></span> 
     </span>
    </p>
   </div>
   <div class='ocr_carea' id='block_1_105' title="bbox 330 5623 3581 5751">
    <p class='ocr_par' dir='ltr' id='par_1_105' title="bbox 330 5623 3581 5751">
     <span class='ocr_line' id='line_1_107' title="bbox 330 5623 3581 5751; baseline 0.004 -67"><span class='ocrx_word' id='word_1_980' title='bbox 330 5623 834 5751; x_wconf 88' lang='lat' dir='ltr'><strong>solus</strong></span> <span class='ocrx_word' id='word_1_981' title='bbox 905 5632 994 5665; x_wconf 81' lang='grc'><strong>³³⁹¹</strong></span> <span class='ocrx_word' id='word_1_982' title='bbox 1023 5631 1090 5688; x_wconf 82' lang='lat' dir='ltr'><strong>In</strong></span> <span class='ocrx_word' id='word_1_983' title='bbox 1125 5650 1249 5690; x_wconf 86' lang='lat' dir='ltr'><strong>mss.</strong></span> <span class='ocrx_word' id='word_1_984' title='bbox 1291 5634 1414 5692; x_wconf 80' lang='lat' dir='ltr'><strong>Bec.</strong></span> <span class='ocrx_word' id='word_1_985' title='bbox 1455 5635 1600 5693; x_wconf 79' lang='lat' dir='ltr'><strong>Gem.</strong></span> <span class='ocrx_word' id='word_1_986' title='bbox 1635 5623 2656 5712; x_wconf 28' lang='lat' dir='ltr'><strong>Vict:cdiitinuaturvctiputprocedens</strong></span> <span class='ocrx_word' id='word_1_987' title='bbox 2727 5640 2822 5672; x_wconf 79' lang='grc'>³³⁸³</span> <span class='ocrx_word' id='word_1_988' title='bbox 2860 5623 3581 5698; x_wconf 23' lang='lat' dir='ltr'><strong>Videntur-dici—mssai&#39;ist:</strong></span> 
     </span>
    </p>
   </div>
   <div class='ocr_carea' id='block_1_106' title="bbox 347 4665 1917 4749">
    <p class='ocr_par' dir='ltr' id='par_1_106' title="bbox 347 4665 1917 4749">
     <span class='ocr_line' id='line_1_108' title="bbox 347 4665 1917 4749; baseline 0.013 -33"><span class='ocrx_word' id='word_1_989' title='bbox 347 4671 451 4717; x_wconf 88' lang='lat' dir='ltr'><strong>test</strong></span> <span class='ocrx_word' id='word_1_990' title='bbox 482 4665 584 4721; x_wconf 86' lang='lat' dir='ltr'><strong>hoc</strong></span> <span class='ocrx_word' id='word_1_991' title='bbox 605 4671 756 4724; x_wconf 85' lang='lat' dir='ltr'><strong>esse?</strong></span> <span class='ocrx_word' id='word_1_992' title='bbox 791 4671 927 4726; x_wconf 85' lang='lat' dir='ltr'><strong>MAG.</strong></span> <span class='ocrx_word' id='word_1_993' title='bbox 961 4673 1086 4728; x_wconf 91' lang='lat' dir='ltr'><strong>Scio</strong></span> <span class='ocrx_word' id='word_1_994' title='bbox 1121 4683 1173 4730; x_wconf 89' lang='lat' dir='ltr'><strong>te</strong></span> <span class='ocrx_word' id='word_1_995' title='bbox 1198 4692 1302 4730; x_wconf 92' lang='lat' dir='ltr'><strong>non</strong></span> <span class='ocrx_word' id='word_1_996' title='bbox 1335 4678 1584 4734; x_wconf 89' lang='lat' dir='ltr'><strong>dubitare</strong></span> <span class='ocrx_word' id='word_1_997' title='bbox 1626 4681 1751 4749; x_wconf 89' lang='lat' dir='ltr'><strong>quia</strong></span> <span class='ocrx_word' id='word_1_998' title='bbox 1783 4681 1917 4736; x_wconf 86' lang='lat' dir='ltr'><strong>nihil</strong></span> 
     </span>
    </p>
   </div>
   <div class='ocr_carea' id='block_1_107' title="bbox 343 4753 1911 4840">
    <p class='ocr_par' dir='ltr' id='par_1_107' title="bbox 343 4753 1911 4840">
     <span class='ocr_line' id='line_1_109' title="bbox 343 4753 1911 4840; baseline 0.012 -33"><span class='ocrx_word' id='word_1_999' title='bbox 343 4753 564 4811; x_wconf 87' lang='lat' dir='ltr'><strong>omnino</strong></span> <span class='ocrx_word' id='word_1_1000' title='bbox 588 4765 691 4824; x_wconf 90' lang='lat' dir='ltr'><strong>est,</strong></span> <span class='ocrx_word' id='word_1_1001' title='bbox 732 4759 834 4816; x_wconf 90' lang='lat' dir='ltr'><strong>nisi</strong></span> <span class='ocrx_word' id='word_1_1002' title='bbox 871 4759 980 4816; x_wconf 94' lang='lat' dir='ltr'><strong>Deo</strong></span> <span class='ocrx_word' id='word_1_1003' title='bbox 1013 4773 1106 4820; x_wconf 92' lang='lat' dir='ltr'><strong>aut</strong></span> <span class='ocrx_word' id='word_1_1004' title='bbox 1135 4763 1387 4834; x_wconf 83' lang='lat' dir='ltr'><strong>faciente,</strong></span> <span class='ocrx_word' id='word_1_1005' title='bbox 1428 4778 1522 4822; x_wconf 91' lang='lat' dir='ltr'><strong>aut</strong></span> <span class='ocrx_word' id='word_1_1006' title='bbox 1545 4771 1911 4840; x_wconf 87' lang='lat' dir='ltr'><strong>permittente.</strong></span> 
     </span>
    </p>
   </div>
  </div>
