3940 6046
349 313 454 367 477

1560 320 1835 379 DlALOG.
1879 322 1968 379 DE
2005 323 2370 382 VERITATE.

3493 340 3597 396 478

348 429 583 502 pertinet
609 427 920 498 corrigitur,
943 443 1010 485 ex
1041 439 1271 500 utraque
1298 439 1453 501 parte
1484 442 1628 488 recta
1659 442 1765 498 est,
1797 435 1924 505 quia
1953 437 2000 494 A
2026 437 2455 509 signiﬁcationis,
2491 453 2521 494 a
2553 454 2658 510 qua
2695 440 2814 497 ideo
2853 443 3050 514 incepi,
3076 453 3134 499 ut
3162 457 3213 502 te
3239 461 3268 500 a
3301 450 3599 509 notioribus

349 536 416 575 ex
444 527 675 589 utraque
705 528 860 588 parte
914 519 1075 575 debet
1101 536 1220 577 esse
1241 523 1536 592 percussio.
1566 524 1607 578 E
1630 527 1923 594 contrario,

349 609 564 679 quando
609 609 678 664 ab
720 609 904 678 iniquo
931 609 1113 680 justus
1142 612 1460 682 percutitur,
1508 613 1633 683 quia
1685 629 1785 670 nec
1827 597 1964 670 iste’

347 702 581 770 percuti,
624 717 723 756 nec
760 702 851 758 ille
893 713 1177 772 percutere
1206 704 1384 770 debet,
1414 720 1481 760 ex
1526 715 1754 776 utraque
1775 717 1927 778 parte

349 809 455 850 non
486 803 633 848 recta
660 803 762 861 est,
799 795 923 864 quia
953 810 1018 850 ex
1044 804 1231 850 neutra
1258 807 1410 865 parte
1439 797 1598 853 debet
1626 814 1770 867 esse,
1799 816 1924 870 per-

349 887 550 942 cussio.
579 887 715 942 Cnm
757 902 885 943 vero
933 901 1166 957 peccans
1197 889 1264 942 ab
1294 903 1358 943 eo
1381 890 1449 943 ad
1479 905 1638 960 quem
1671 907 1775 945 non
1807 908 1928 961 per-

354 979 485 1034 tinet
523 978 844 1048 percutitur,
877 980 1132 1049 quoniam
1175 987 1229 1034 et
1258 979 1361 1035 iste
1403 979 1562 1036 debet
1599 982 1825 1051 percuti,
1874 992 1929 1037 et

351 1071 440 1126 ille
490 1085 595 1125 non
627 1071 784 1125 debet
815 1079 1119 1139 percutere,
1157 1071 1316 1126 debet
1347 1081 1402 1127 et
1443 1089 1551 1130 non
1599 1076 1759 1130 debet
1808 1090 1929 1131 esse

349 1165 629 1236 percussio
659 1183 672 1220 :
699 1175 752 1220 et
775 1166 896 1220 ideo
921 1176 1094 1232 recta,
1120 1176 1174 1220 et
1196 1184 1299 1222 non
1328 1177 1472 1224 recta
1501 1171 1683 1240 negari
1706 1187 1810 1224 non
1835 1186 1930 1242 po-

351 1268 475 1314 test.
494 1257 644 1326 Quod
669 1260 714 1314 si
736 1260 803 1314 ad
833 1276 1078 1331 supernae
1105 1261 1382 1332 sapientia:
1407 1257 1771 1336 bonitatisque
1798 1281 1928 1321 con-

351 1349 559 1404 sideres
604 1348 890 1416 judicium,
951 1350 1064 1406 sive
1098 1366 1163 1406 ex
1209 1351 1376 1406 altera
1426 1362 1654 1422 tantum,
1707 1356 1819 1411 sive
1861 1371 1929 1411 ex

353 1451 581 1512 utraque
625 1451 798 1512 parte,
824 1445 1034 1514 agentis
1063 1446 1273 1502 scilicet
1297 1457 1351 1503 et
1376 1450 1655 1518 patientis,
1701 1465 1806 1504 non
1841 1451 1932 1505 de-

350 1535 474 1590 beat
531 1551 652 1592 esse
704 1538 982 1606 percussio
1015 1552 1030 1591 :
1063 1539 1185 1607 quis
1230 1542 1449 1596 audebit
1482 1557 1680 1613 negare
1733 1543 1930 1598 debere

350 1641 493 1691 esse,
542 1627 681 1694 quod
721 1635 868 1682 tanta
920 1628 1163 1684 bonitate
1205 1639 1260 1685 et
1297 1633 1563 1701 sapientia
1603 1635 1930 1700 permittur?

351 1717 499 1774 Dtsc.
532 1717 701 1788 Neget
744 1719 836 1789 qui
884 1721 1070 1788 audet,
1111 1736 1208 1792 ego
1239 1738 1367 1780 vero
1407 1739 1510 1779 non
1563 1727 1754 1780 audeo.
1787 1726 1927 1783 MAG.

353 1805 492 1875 Quid
529 1810 715 1875 etiam,
762 1811 806 1865 si
857 1813 1149 1867 secundum
1199 1823 1445 1869 naturam
1475 1831 1654 1872 rerum
1687 1819 1932 1874 conside-

353 1917 464 1967 res,
489 1910 548 1956 ut
571 1917 691 1956 cum
714 1903 848 1956 elavi
882 1902 1041 1958 ferrei
1072 1905 1322 1974 impressi
1353 1916 1479 1961 sunt
1506 1909 1558 1961 in
1593 1923 1790 1978 corpus
1822 1909 1930 1966 Do-

352 1994 486 2048 mini
519 2012 533 2048 :
576 2010 644 2048 an
668 1994 814 2050 dices
849 1994 1092 2066 fragilem
1121 2013 1341 2054 carnem
1367 2015 1470 2054 non
1497 2000 1747 2056 debuisse
1774 2015 1934 2070 pene-

353 2085 510 2150 trari,
586 2095 680 2140 aut
728 2095 886 2141 acuto
931 2086 1077 2143 ferro
1126 2098 1462 2160 penetratam
1526 2108 1630 2145 nun
1684 2090 1934 2147 debuisse

354 2175 572 2231 dolere?
615 2176 761 2232 Dtsc.
808 2176 1011 2234 Contra
1050 2190 1298 2234 naturam
1340 2182 1597 2238 dicerem.
1635 2181 1776 2237 MAG.
1827 2183 1932 2238 Po—

354 2274 465 2321 test
493 2267 658 2335 igitur
683 2268 994 2339 contingere
1019 2279 1077 2324 ut
1113 2271 1306 2327 debeat
1339 2287 1459 2328 esse
1491 2273 1786 2328 secundum
1833 2288 1933 2327 na-

357 2368 534 2414 turam
567 2362 732 2427 actio,
757 2361 839 2416 vel
863 2363 1064 2434 passio,
1091 2379 1213 2434 qua:
1243 2365 1535 2420 secundum
1578 2374 1820 2435 agentem
1851 2365 1938 2421 vel

355 2451 649 2521 patientem
685 2467 804 2508 esse
841 2469 947 2509 non
991 2455 1169 2520 debet,
1212 2456 1468 2525 quoniam
1508 2471 1608 2512 nec
1637 2456 1726 2511 ille
1753 2471 1936 2528 agere,

359 2556 460 2597 nec
503 2543 608 2599 iste
645 2543 804 2598 debet
847 2545 979 2614 pati.
1015 2545 1162 2601 Dtsc.
1189 2545 1330 2600 Nihil
1361 2549 1554 2602 horum
1578 2562 1780 2618 negare
1817 2563 1939 2619 pos-

358 2650 499 2690 sum.
545 2635 686 2693 MAG.
726 2634 890 2692 Vides
921 2638 1086 2710 igitur
1123 2639 1419 2710 saepissime
1451 2655 1608 2710 posse
1628 2642 1940 2712 contingere

359 2735 421 2781 ut
441 2726 630 2782 eadem
653 2728 794 2783 actio
834 2729 1028 2786 debeat
1073 2745 1194 2786 esse
1235 2739 1289 2785 et
1335 2746 1440 2786 non
1468 2731 1658 2787 debeat
1689 2747 1828 2800 esse,
1857 2731 1940 2786 di-

359 2827 534 2882 versis
557 2827 1098 2884 considerationibus.
1133 2827 1278 2884 Dtsc.
1301 2826 1382 2882 Ita
1418 2836 1604 2896 aperte
1627 2829 1729 2884 hoc
1754 2836 1940 2883 osten-

361 2920 467 2983 dis,
504 2927 564 2973 ut
612 2935 717 2975 non
763 2921 965 2990 possim
998 2935 1108 2976 non
1151 2921 1352 2975 videre.
1385 2919 1525 2976 MAG.
1566 2921 1766 2975 Verum
1802 2920 1942 2974 inter

366 3013 480 3068 lucc
505 3013 600 3044 ””
649 3021 701 3068 te
732 3013 872 3068 scire
914 3013 1037 3068 volo
1081 3013 1208 3082 quia
1243 3013 1438 3068 debere
1476 3021 1531 3068 et
1583 3027 1689 3067 non
1719 3011 1941 3077 debere,

2027 532 2094 586 ad
2129 533 2394 602 ignotiora
2441 534 2813 603 perducerem.
2850 533 3048 591 Omnes
3082 539 3225 592 enim
3267 541 3333 594 de
3372 543 3600 599 veritate

2027 623 2435 693 significationis
2476 624 2810 693 loquuntur:
2846 627 3130 682 veritatem
3177 644 3327 695 vero,
3371 649 3491 702 quae
3518 644 3603 689 est

2028 715 2081 770 in
2120 730 2298 769 rerum
2331 717 2588 782 essentia,
2626 718 2780 785 pauci
2810 719 3173 774 considerant.
3217 722 3360 776 Dtsc.
3395 723 3600 779 Profuit

2028 809 2159 864 mihi
2199 811 2326 879 quia
2371 812 2473 866 hoc
2502 812 2691 866 ordine
2745 827 2832 866 me
2869 814 3089 867 duxisti.
3138 813 3277 869 MAG.
3309 814 3600 870 Videamus

2029 915 2156 972 ergo
2184 918 2344 971 quam
2392 903 2503 956 lata
2549 903 2849 958 sitveritas
2881 904 3310 972 signiﬁcationis.
3358 905 3601 976 Namque

2030 1009 2133 1046 non
2169 994 2337 1048 solum
2369 995 2420 1048 itt
2459 995 2542 1049 bis
2590 1011 2709 1064 qua:
2747 997 2898 1066 signa
2930 997 3164 1052 solemus
3191 999 3387 1062 dicere,
3422 1003 3513 1054 sed
3549 1008 3602 1054 ct

2029 1083 2082 1137 in
2115 1081 2234 1138 aliis
2260 1085 2508 1139 omnibus
2548 1099 2666 1153 quae
2715 1085 2952 1142 diximus
2993 1097 3073 1141 est
3103 1087 3424 1158 significatio
3477 1104 3602 1143 vera

2028 1174 2114 1227 vel
2156 1173 2313 1230 falsa.
2361 1175 2629 1241 Quoniam
2668 1192 2901 1245 namque
2940 1192 3044 1232 non
3083 1187 3165 1233 est
3208 1180 3274 1232 ab
3315 1178 3494 1249 aliquo
3520 1179 3602 1240 fa-

2029 1266 2302 1329 ciendum,
2329 1266 2432 1320 nisi
2457 1266 2596 1336 quod
2634 1268 2755 1338 quis
2783 1268 2944 1322 debet
2971 1268 3181 1334 facere;
3219 1284 3284 1324 eo
3324 1270 3438 1340 ipso
3463 1272 3604 1340 quod

2030 1356 2228 1425 aliquis
2251 1356 2451 1426 aliquid
2482 1356 2635 1422 facit,
2666 1357 2797 1412 dicit
2819 1367 2872 1411 et
2906 1359 3175 1429 signiﬁcat
3201 1359 3302 1414 hoc
3325 1375 3382 1414 se
3411 1360 3606 1416 debere

2033 1447 2212 1503 facere
2242 1466 2255 1502 :
2285 1450 2427 1518 quod
2459 1448 2503 1503 si
2550 1449 2706 1520 113
2750 1450 2907 1505 debet
2953 1450 3131 1505 facere
3173 1453 3314 1521 quod
3339 1452 3485 1518 facit,
3516 1468 3606 1508 ve-

2031 1556 2150 1594 rum
2165 1540 2317 1605 dicit,
2347 1541 2390 1594 si
2414 1550 2592 1595 autem
2620 1557 2723 1595 non
2738 1542 2915 1605 debet,
2933 1542 3209 1596 mentitur.
3237 1543 3382 1598 Dtsc.
3405 1542 3608 1609 Quam-

2030 1631 2114 1686 vis
2171 1632 2360 1685 videar
2410 1631 2540 1685 mihi
2576 1633 2915 1704 intelligere,
2977 1644 3154 1689 tamen
3211 1634 3335 1704 quia
3403 1634 3610 1688 inaudi-

2036 1733 2149 1780 tum
2183 1723 2279 1757 m‘
2317 1725 2580 1779 hactenus
2611 1724 2731 1790 fuit,
2757 1727 2998 1796 apertius
3023 1727 3248 1782 ostende
3281 1727 3423 1795 quod
3450 1726 3606 1780 dicis.

2033 1814 2176 1872 ΜΑσ.
2217 1814 2274 1870 Si
2316 1829 2466 1870 esses
2506 1815 2558 1869 in
2600 1815 2719 1870 loco
2763 1818 2851 1871 ubi
2880 1818 3048 1872 scires
3079 1833 3198 1872 esse
3227 1817 3468 1872 salubres
3495 1817 3612 1871 her-

2034 1910 2133 1965 bas
2191 1919 2245 1966 et
2295 1907 2624 1975 mortiferas,
2674 1910 2766 1964 sed
2812 1911 3053 1965 nescires
3087 1925 3180 1964 eas
3217 1909 3522 1964 discernere
3559 1917 3616 1962 et

2034 2011 2176 2057 esset
2200 2001 2272 2055 ibi
2304 2001 2518 2072 aliquis,
2548 2002 2613 2057 de
2641 2015 2748 2072 quo
2769 2017 2873 2056 non
2899 2002 3172 2056 dubitares
3204 2000 3331 2070 quin
3363 2000 3479 2054 illas
3517 1997 3611 2030 ²δ⁰¹

2036 2095 2344 2150 discernere
2385 2095 2572 2162 sciret,
2608 2095 2812 2165 tibique
2852 2093 3205 2165 interroganti
3231 2109 3349 2162 qua:
3373 2093 3614 2146 salubres

2036 2195 2224 2243 essent
2259 2195 2461 2258 etquae
2505 2186 2816 2252 mortiferae,
2865 2188 2998 2242 alias
3043 2188 3207 2241 verbo
3247 2185 3496 2240 salubres
3518 2185 3612 2217 “°'

2038 2273 2419 2344 diceret‘esse,
2459 2286 2512 2333 et
2535 2277 2671 2332 alias
2720 2276 3060 2342 comederet;
3099 2275 3184 2330 cui
3225 2276 3396 2346 magis
3425 2275 3617 2330 crede-

2038 2382 2149 2432 res,
2188 2367 2355 2422 verbo
2378 2381 2446 2420 an
2489 2367 2689 2421 actioni
2719 2364 2868 2435 ejus?
2917 2365 3067 2420 Dtsc.
3099 2363 3218 2418 Non
3251 2373 3458 2418 tantum
3497 2378 3616 2418 cre-

2039 2459 2222 2514 derem
2272 2460 2438 2513 verbo
2475 2467 2737 2529 quantum
2788 2457 2959 2528 operi.
3005 2455 3145 2512 MAG.
3199 2455 3326 2511 Plus
3361 2455 3614 2526 ergotibi

2040 2547 2247 2602 diceret
2294 2563 2416 2617 quae
2468 2546 2714 2602 salubres
2777 2555 2960 2601 essent
3015 2560 3181 2615 opere
3228 2560 3389 2614 quam
3430 2544 3616 2599 verbo.

2042 2644 2188 2698 Dtsc.
2220 2641 2295 2695 lta
2325 2649 2430 2696 est.
2476 2640 2614 2696 Mite.
2639 2639 2730 2695 Sic
2760 2639 2962 2708 itaque,
2994 2638 3039 2693 si
3076 2638 3317 2693 nescires
3361 2653 3468 2691 non
3499 2652 3620 2691 esse

2041 2734 2445 2800 mentiendum,
2513 2742 2596 2788 et-
2633 2732 2959 2787 mentiretur
3023 2731 3219 2801 aliquis
3275 2744 3458 2785 coram
3539 2738 3619 2794 te,

2043 2827 2256 2882 etiamsi
2285 2826 2488 2880 diceret
2523 2823 2617 2879 tibi
2643 2825 2759 2893 ipse
2785 2837 2843 2878 se
2867 2837 2973 2877 non
3004 2823 3202 2876 debere
3230 2819 3469 2886 mentiri,
3501 2818 3623 2888 plus

2045 2919 2158 2990 ipse
2180 2919 2270 2974 tibi
2292 2918 2493 2973 diceret
2517 2930 2680 2986 opere
2701 2930 2759 2971 se
2788 2913 3005 2970 mentiri
3032 2914 3251 2979 debere,
3271 2927 3433 2982 quam
3458 2911 3623 2966 verbo

2045 3027 2152 3068 non
2213 3010 2430 3066 debere.
2497 3007 2762 3063 Similiter
2819 3009 2946 3062 dum
2992 3005 3195 3070 cogitat
3239 3003 3473 3073 aliquis,
3529 3011 3626 3055 aut

363 3104 655 3175 aliquando
694 3106 892 3161 dicitur
930 3107 1222 3175 improprie
1247 3104 1371 3170 8‘9";
1399 3113 1475 3170 ut,
1521 3121 1642 3160 eum
1671 3106 1791 3160 dico
1816 3106 1941 3174 quia
1971 3124 2016 3187 ρ
2045 3104 2161 3159 vult
2180 3102 2276 3136 'm
2303 3101 2527 3170 aliquid,
2568 3101 2611 3155 si
2644 3099 2882 3154 nescires
2907 3112 2974 3151 an
3007 3096 3229 3152 deberet
3252 3095 3302 3148 id
3329 3093 3483 3154 velle,
3511 3093 3624 3187 sive

363 3195 535 3251 debeo
564 3197 733 3251 amari
761 3212 792 3250 a
835 3205 906 3251 te.
956 3196 1011 3250 Si
1056 3197 1200 3251 enim
1237 3211 1364 3251 vere
1401 3197 1592 3261 debeo,
1625 3196 1942 3252 debitor"m
1975 3226 1980 3231 ~

364 3303 485 3342 sum
509 3289 733 3344 reddere
774 3288 919 3359 quod
951 3288 1150 3352 debeo;
1199 3297 1254 3343 et
1285 3288 1335 3342 in
1367 3288 1522 3358 culpa
1564 3303 1702 3352 sum,
1747 3288 1790 3344 si
1837 3304 1944 3344 non

366 3396 524 3435 amor
562 3391 691 3435 ate.
724 3381 870 3435 Dtsc.
898 3380 972 3436 Ita
998 3381 1264 3452 sequitur.
1295 3380 1433 3436 Μω.
1464 3379 1568 3436 Sed
1614 3396 1736 3436 cum
1777 3381 1946 3438 debeo

366 3474 538 3528 amari
560 3489 591 3528 a
624 3483 706 3536 te.
745 3489 852 3529 non
879 3482 961 3529 est
985 3490 1014 3527 a
1044 3489 1129 3528 me
1157 3473 1500 3543 exigendum,
1527 3473 1620 3527 sed
1651 3488 1680 3526 a
1707 3482 1774 3527 te.
1801 3472 1945 3529 Dtsc.

368 3564 549 3621 Fateri
595 3581 679 3620 me
725 3566 796 3620 ita
850 3578 971 3620 esse
1019 3574 1230 3634 oportet
1273 3565 1389 3618 '3".
1443 3564 1583 3620 MAG.
1637 3563 1949 3634 Cum~ergo

370 3657 491 3712 dico
525 3657 652 3727 quia
675 3656 766 3689 ”"'
820 3657 988 3712 debeo
1023 3651 1192 3710 amari
1229 3670 1259 3708 a
1309 3666 1398 3720 te,
1444 3670 1551 3709 non
1616 3655 1687 3709 ita
1731 3654 1946 3719 dicitur,

370 3749 524 3819 quasi
567 3765 666 3820 ego
704 3747 905 3818 aliquid
946 3747 1171 3802 debeam
1202 3746 1317 3813 '3”,
1360 3747 1452 3801 sed
1493 3747 1619 3816 quia
1663 3754 1718 3800 tu
1789 3746 1951 3800 debes

372 3859 558 3899 amare
588 3859 694 3898 me.
717 3842 981 3898 Similiter
1000 3858 1121 3897 cum
1149 3841 1272 3896 dico
1293 3841 1419 3910 quia
1445 3856 1550 3894 non
1583 3840 1752 3895 debeo
1777 3838 1952 3893 amari

374 3952 404 3991 a
449 3947 521 4002 te,
564 3951 670 3991 non
708 3936 850 3990 aliud
891 3935 1220 4006 intelligitur,
1247 3950 1407 4004 quam
1432 3933 1555 4003 quia
1587 3943 1639 3986 ιιι
1667 3948 1773 3987 non
1790 3933 1953 3988 debes

373 4041 559 4082 amare
591 4042 696 4082 me.
735 4026 836 4092 Qui
871 4029 1061 4082 modus
1087 4025 1337 4096 loquendi
1384 4034 1467 4080 est
1497 4025 1660 4078 etiam
1695 4025 1745 4078 in
1770 4032 1956 4093 poten-

377 4119 452 4172 tia
474 4127 528 4172 et
558 4117 610 4172 in
653 4117 993 4187 impotentia,
1028 4125 1088 4170 ut
1116 4131 1237 4170 cum
1270 4116 1469 4170 dicitur
1501 4130 1514 4169 :
1549 4115 1749 4170 Hector
1778 4116 1954 4184 potuit

375 4213 522 4268 vinci
579 4213 649 4266 ab
696 4212 919 4277 Achille,
961 4219 1016 4266 et
1066 4209 1304 4265 Achilles
1348 4225 1454 4264 non
1507 4211 1681 4279 potuit
1707 4209 1849 4264 vinci
1890 4208 1958 4263 ab

383 4304 630 4360 llectore.
666 4305 786 4360 Non
822 4304 966 4358 enim
1012 4301 1112 4357 fuit
1152 4303 1390 4372 potentia
1443 4301 1496 4355 in
1539 4301 1630 4355 illo
1661 4302 1750 4371 qtti
1786 4301 1959 4370 potuit

381 4395 546 4455 vinci.
578 4395 673 4450 sed
727 4395 779 4447 in
822 4394 911 4448 illo
936 4393 1026 4463 qui
1060 4393 1275 4446 vincere
1307 4391 1479 4460 potuit
1512 4410 1524 4444 :
1563 4406 1662 4446 nec
1695 4393 1960 4461 impoten-

2045 3197 2307 3265 cogitare,
2355 3193 2401 3248 si
2430 3193 2759 3254 voluntatem
2805 3188 2919 3257 ejus
2951 3196 3007 3243 et
3053 3184 3436 3255 cogitationem
3478 3183 3626 3236 vide-

2045 3301 2153 3350 res,
2197 3283 2531 3355 signiﬁcaret
2591 3280 2686 3335 tibi
2726 3280 2843 3349 ipso
2882 3291 3046 3348 opere
3093 3276 3220 3344 quia
3264 3276 3366 3329 hoc
3403 3272 3628 3326 deberet

2047 3376 2392 3450 cogitarem"
2433 3385 2489 3430 et
2528 3374 2687 3429 velle.
2732 3371 2887 3439 Quod
2929 3370 2975 3424 si
3035 3369 3107 3423 ita
3142 3367 3384 3429 deberet,
3433 3377 3624 3416 verum

2048 3469 2281 3534 diceret;
2333 3467 2419 3523 sin
2467 3476 2668 3530 autem,
2724 3461 3065 3518 mentiretur.
3111 3457 3169 3512 In
3201 3471 3382 3511 rerum
3414 3469 3630 3524 quoque

2047 3563 2333 3617 existentia
2378 3569 2463 3616 est
2491 3559 2743 3615 similiter
2777 3569 2906 3610 vera
2955 3551 3041 3607 vel
3088 3549 3222 3605 falsa
3275 3547 3628 3617 signiﬁcatio;

2050 3654 2305 3723 quoniam
2343 3667 2410 3706 eo
2449 3650 2566 3721 ipso
2613 3647 2740 3718 quia
2792 3655 2898 3711 est,
2959 3643 3091 3698 dicit
3135 3655 3196 3694 se
3243 3638 3440 3692 debere
3489 3635 3650 3691 esse."

2053 3747 2196 3800 Dtsc.
2252 3743 2420 3799 Video
2474 3757 2619 3796 nunc
2666 3747 2852 3810 aperte
2909 3734 3052 3806 quod
3082 3733 3348 3787 hactenus
3379 3744 3486 3785 non
3522 3728 3633 3782 ani-

2052 3835 2340 3893 madverti.

2405 3915 2416 3928 ’
2467 3922 2696 3980 CAPUT
2738 3922 2785 3977 X
2825 3921 2948 3994 [al.,
2987 3918 3218 3992 Xl]“°'.

2534 4015 2610 4070 De
2654 4030 2860 4069 summa
2906 4012 3147 4066 veritate.

2127 4112 2267 4168 MAG.
2285 4108 2702 4180 Progrediamur
2729 4107 2795 4161 ad
2825 4120 2888 4159 ea
2913 4119 3033 4175 qua:
3059 4106 3282 4156 restant.
3315 4097 3460 4152 Dtsc.
3482 4096 3632 4152 Prae-

2056 4205 2208 4269 cede,
2231 4211 2286 4257 et
2313 4215 2531 4270 sequar.
2549 4195 2976 4253 MAG.Summam
3004 4200 3184 4247 autem
3213 4189 3498 4245 veritatem
3529 4201 3634 4240 non

2060 4295 2283 4367 negabis
2319 4307 2440 4349 esse
2478 4286 2897 4346 rectitudinem?
2947 4285 3090 4339 Dtsc.
3141 4283 3254 4336 lmo
3309 4278 3443 4334 nihil
3491 4276 3636 4331 aliud

2061 4389 2458 4456 illam‘possum
2499 4383 2676 4438 fateri.
2709 4379 2849 4434 ΜΑα.
2880 4376 3173 4432 Considera
3201 4373 3328 4442 quia
3366 4385 3491 4424 cum
3517 4385 3636 4422 ont-

383 4487 456 4541 tia
489 4487 543 4540 in
576 4485 665 4540 illo
698 4485 787 4554 qui
834 4459 974 4538 vinci
1009 4499 1113 4538 non
1145 4459 1334 4552 potuit,
1389 4484 1480 4538 sed
1516 4483 1568 4536 in
1608 4482 1698 4537 illo
1724 4459 1814 4553 qui
1841 4483 1959 4537 vin-
1994 4467 2038 4536 ί)
2067 4493 2162 4533 nes
2190 4476 2513 4548 supradictae
2540 4472 2634 4504 ³⁸⁸⁸
2672 4468 3020 4524 rectitudines
3060 4465 3182 4518 ideo
3212 4463 3320 4516 sint
3361 4459 3652 4554 rectitudij-

383 4593 507 4634 cere
558 4594 663 4633 non
719 4578 910 4646 potuit.
969 4577 1117 4632 Dtsc.
1186 4576 1373 4631 Placet
1419 4574 1552 4630 mibi
1588 4574 1731 4644 quod
1783 4574 1957 4630 dicis:

383 4671 583 4742 quippe
620 4669 750 4725 utile
785 4669 1046 4744 putqboc
1073 4682 1422 4739 cognoscere.

770 4758 1030 4834 ,carur
1070 4759 1139 4813 1x
1182 4758 1302 4830 [ατη
1327 4756 1396 4830 x1
1428 4756 1541 4811 δυο.

425 4854 580 4920 Quod
603 4855 769 4907 omnis
800 4853 936 4906 actio
963 4852 1216 4922 signiﬁcet
1255 4860 1343 4904 aut
1374 4864 1550 4904 verum
1577 4856 1667 4901 aut
1706 4847 1922 4916 falsum.

461 4945 600 5001 MAG.
628 4943 795 4998 Recte
833 4952 990 5013 putas
1042 4959 1055 4995 :
1093 4943 1190 4996 sed
1240 4941 1523 4995 redeamus
1569 4937 1634 4992 ad
1681 4939 1962 4993 veritatem

2068 4586 2185 4637 nes,
2201 4570 2324 4640 quia
2343 4569 2429 4623 illa
2450 4569 2499 4621 in
2518 4563 2712 4638 quibus
2730 4570 2872 4625 sunt,
2889 4569 2980 4615 aut
3000 4567 3126 4614 sunt
3154 4565 3244 4610 aut
3273 4554 3477 4608 faciunt
3501 4550 3642 4622 quod

2069 4665 2298 4723 debent;
2328 4675 2537 4718 summa
2572 4658 2774 4713 veritas
2813 4670 2918 4708 non
2954 4652 3071 4706 ideo
3099 4657 3182 4705 est
3212 4643 3645 4713 rectitudo,quia

2070 4756 2228 4810 debet
2266 4751 2492 4822 aliquid.
2542 4747 2735 4804 Omnia
2773 4746 2916 4800 enim
2971 4742 3045 4796 illi
3097 4741 3297 4796 debent
3348 4756 3361 4791 :
3397 4737 3510 4806 ipsa
3552 4733 3642 4765 '“7

2068 4859 2200 4898 vero
2223 4842 2349 4896 nulli
2377 4839 2668 4911 quidquam
2692 4837 2872 4899 debet,
2896 4848 2994 4889 nec
3020 4831 3123 4887 ulla
3155 4832 3364 4886 ratione
3392 4834 3476 4881 est
3506 4823 3648 4894 quod

2073 4948 2178 4999 est,
2216 4935 2316 4988 nisi
2345 4933 2470 5002 quia
2504 4939 2607 4987 est.
2640 4929 2787 4983 Dtsc.
2821 4926 3082 4996 Intelligo.
3116 4924 3253 4978 MAG.
3296 4920 3456 4974 Vides
3485 4916 3648 4971 etiam

1711 5051 1915 5083 ῙΔΠΙΔῖ
1958 5051 2030 5083 Ili

1711 5051 1726 5078 τ
1895 5063 1904 5083 t
2021 5064 2030 5083 4

465 5125 558 5158 ³³⁸⁸
592 5123 764 5179 Unum
792 5135 933 5177 tuter
971 5123 1086 5176 haec
1129 5137 1254 5186 mss,
1297 5136 1483 5176 verum
1521 5122 1660 5176 inter
1685 5045 2428 5174 fagum
2471 5113 2586 5167 inec
2620 5110 2872 5186 ms.“Bec.
2901 5109 2952 5163 6.
2983 5121 3179 5186 verum
3212 5104 3328 5182 haec
3351 5099 3502 5186 pingi-gr

392 5194 489 5227 ’3“
522 5176 847 5263 lmproprie;
885 5176 957 5245 ut
1002 5209 1099 5263 ms.
1151 5176 1381 5263 Vic'1.5.
1432 5193 1646 5261 prpprie
1676 5200 1746 5263 ut
1787 5190 1899 5263 ἔνθ
1945 5189 2173 5263 Signini
2217 5187 2404 5263 debeo,
2462 5199 2587 5237 vere
2623 5182 2835 5236 debitor
2870 5196 3020 5263 .ntss.
3071 5176 3482 5263 Victisiﬂettlln
3523 5177 3650 5263 mf?

392 5232 585 5328 debc-o',
606 5232 963 5317 idelfttor’ms.
993 5262 1113 5316 Bec.
1161 5263 1212 5316 6.
1263 5262 1304 5315 si
1329 5232 1475 5316 "verto
1519 5232 1688 5316 debeo
1719 5261 1928 5314 debitor
2000 5258 2092 5292 “9°
2119 5257 2202 5310 Mc
2227 5259 2297 5310 ita
2329 5232 2537 5328 oportet
2581 5269 2704 5304 mss.
2755 5267 2838 5328 me
2870 5249 2940 5301 ita
2973 5262 3090 5326 esse
3120 5249 3357 5328 0,9931%:
3368 5232 3647 5328 ttt‘sl-A‘Llfff:

395 5340 449 5390 6.
501 5324 581 5390 ita
638 5349 723 5386 me
771 5348 889 5387 esse
938 5341 1149 5402 oportet
1221 5333 1311 5364 ³³9⁷
1355 5333 1489 5402 Cum
1547 5346 1675 5401 ergo
1722 5345 1840 5384 esse
1885 5330 2038 5402 dico,
2067 5328 2194 5396 quia
2235 5343 2372 5402 mss.
2425 5324 2557 5402 Cum

2606 5337 2736 5392 ergo
2783 5321 2901 5373 dico
2943 5318 3066 5385 quia
3142 5304 3235 5342 δ’δθδ
3283 5304 3653 5392 βρομιοὺθξψι

396 5374 659 5474 753.2130
706 5374 907 5473 aliquid
956 5374 1177 5456 tlycbeam
1253 5403 1344 5434 ³³⁸³
1387 5401 1482 5454 Est
1533 5374 1736 5454 ἰηξηδδ.
1781 5409 1932 5469 caput
1971 5374 2161 5474 θ’ρῗυῃ
2207 5395 2403 5474 titulo:
2437 5394 2605 5474 Quud‘
2631 5374 2808 5474 effluis
2839 5374 2979 5474 unctio
3023 5395 3143 5450 eun,
3181 5377 3652 5474 ‘ttfdin

396 5477 431 5530 9
494 5477 549 5529 in
600 5472 753 5527 editis
799 5472 919 5504 ⁷³⁸⁰⁰
949 5473 1154 5527 Tamen
1204 5474 1343 5541 quod
1390 5472 1517 5526 milii
1565 5489 1690 5541 mss.
1745 5479 1922 5541 tamen

1961 5469 2084 5536 quia
2140 5466 2440 5536 inauditum

2516 5442 2609 5494 πάι
2639 5442 2807 5526 ’ριέίιιλ
2839 5458 2956 5511 illas
3001 5442 3141 5507 mss:
3181 5449 3316 5503 Vict.
3363 5445 3486 5526 quia
3535 5442 3654 5526 illas

399 5510 872 5599 :‘°’mA|i;swvero
1376 5510 1706 5596 {ei-'63
1740 5510 1995 5592 salubre;
2062 5536 2155 5568 ³⁴⁰³
2192 5535 2442 5601 Aliquid,
2483 5541 2577 5586 aut
2625 5510 2750 5601 vult
2787 5545 2912 5601 mss.
2959 5525 3183 5601 aliqui_5,
3233 5526 3324 5572 aut
3371 5510 3654 5601 νιξιφῂξδξξ

403 5592 898 5682 Deberet-cogitare
912 5592 1693 5682 vita;'ﬁct‘."debevticogitare7
1743 5608 1835 5640 ³⁴⁰⁵
1879 5607 1972 5661 Iis!
2009 5608 2060 5660 in
2100 5622 2226 5660 mss.
2265 5592 2439 5682 Caput
2478 5599 2828 5682 10._.3At_tbnhqc
2861 5592 3067 5682 ιὶᾼιιιιιξοὲν
3098 5592 3653 5682 dc.Sitti-1113.32"13:3

400 5665 934 5750 idiotiidbtnnés
988 5665 1671 5754 supradictieinsquuia
1720 5695 1842 5736 cum
1899 5692 2088 5733 omnes
2143 5665 2486 5746 supradictze
2561 5671 2650 5704 ³¹⁶⁰⁷
2704 5670 2910 5726 Debent
2965 5665 3192 5736 aliquid:

400 5755 530 5809 bent
557 5772 568 5809 :
603 5755 714 5824 ipsa

3241 5662 3354 5731 ipsa
3396 5671 3518 5709 mss.
3561 5652 3651 5705 dc-
