3940 6046
306 277 413 334 479

838 270 900 328 S.
939 271 1244 328 ANSELMI
1283 235 1643 328 CANTUAll.
1685 267 2002 324 ARCHIEP.
2037 266 2187 325 OPP.
2227 266 2406 324 PARS
2444 268 2480 324 Ι.
2516 299 2585 312 -
2617 267 3038 326 DOGMATICA.

3473 270 3580 327 480

307 385 578 462 quomodb
608 387 710 442 ista
735 387 827 420 ³³⁵⁸⁸
859 386 1121 467 rectitudo
1151 399 1313 439 causa
1359 385 1430 439 sit
1477 385 1719 439 omnium
1757 383 1886 438 alia-
1914 386 1961 440 A
1986 381 2180 437 Nonne
2206 382 2476 437 rectitudo
2508 381 2600 438 illa
2646 397 2932 453 corporum
2975 381 3187 436 ratione
3236 380 3574 453 intelligitur,

309 497 429 536 rum
476 480 766 535 veritatum
797 487 851 532 et
893 478 1300 542 rectitudinum,
1351 485 1406 531 et
1439 475 1572 530 nihil
1614 477 1686 531 sit
1727 491 1894 532 causa

308 574 487 628 illius?
517 573 661 626 Drsc.
694 571 860 626 Video
901 578 958 624 et
997 571 1370 624 animadverto
1397 569 1450 622 in
1483 568 1602 623 aliis
1631 568 1893 638 quasdam

308 675 430 717 esse
461 670 670 714 tantum
715 659 935 725 ell'ccta;
982 659 1245 730 quasdam
1277 673 1408 712 vero
1435 672 1557 712 esse
1585 671 1779 712 causas
1799 697 1814 722 ,
1841 664 1896 712 et

308 749 494 804 clfecta
523 766 536 803 :
567 758 648 814 ut,
675 765 796 804 cum
829 750 1050 815 veritas,
1079 764 1198 819 qua:
1227 757 1310 804 est
1339 749 1390 802 in
1438 763 1618 802 rerum
1649 749 1895 804 existen-

311 841 402 906 tia,
431 841 500 896 sit
526 838 773 896 effectum
798 857 1024 898 summa:
1041 842 1318 908 veritatis,
1346 840 1460 910 ipsa
1490 855 1706 911 quoque
1731 855 1896 896 causa

308 940 393 987 cst
413 932 654 986 veritatis
681 947 802 1003 quae
845 932 1190 1002 cogitationis
1217 941 1323 996 est,
1361 927 1558 998 eteius
1587 946 1705 1000 qua:
1731 941 1815 987 est
1840 931 1894 986 in

307 1023 673 1094 propositione
692 1041 704 1078 :
721 1033 774 1078 et
801 1024 917 1080 istae
944 1025 1062 1080 dure
1086 1025 1346 1080 veritates
1360 1025 1560 1080 nullius
1586 1033 1712 1080 sunt
1730 1037 1895 1079 causa

308 1115 574 1169 veritatis.
623 1115 766 1171 Msa.
809 1116 956 1172 Bene
985 1117 1344 1174 consideras:
1378 1116 1657 1186 undejam
1701 1115 1895 1172 intelli-

308 1221 437 1278 gere
488 1216 644 1277 potes
694 1211 966 1279 quomodo
1021 1223 1290 1264 summam
1335 1209 1621 1265 veritatem
1671 1208 1725 1262 in
1770 1222 1893 1263 meo

307 1297 609 1369 Mouologio
633 1299 774 1371 (cap.
806 1300 894 1372 18)
931 1301 1150 1361 probavi
1187 1316 1295 1356 non
1324 1301 1527 1356 habere
1562 1299 1891 1372 principium

308 1391 393 1446 vel
432 1391 616 1460 finem,
646 1408 746 1463 per
771 1393 1056 1449 veritatem
1079 1394 1362 1450 orationis.
1391 1393 1524 1449 Cum
1565 1393 1714 1450 enim
1754 1391 1890 1459 dixi,

305 1483 524 1552 quando
579 1498 687 1539 non
738 1483 841 1538 fuit
888 1499 1076 1540 verum
1126 1485 1251 1555 quia
1310 1483 1552 1539 futurum
1613 1493 1733 1540 erat
1795 1484 1895 1540 ali-

305 1574 477 1642 quid,
539 1590 648 1630 non
700 1575 774 1630 ita
825 1576 937 1631 dixi
985 1591 1051 1631 ac
1106 1576 1149 1630 si
1201 1576 1407 1647 absque
1457 1577 1728 1648 principio
1784 1577 1891 1632 ista

306 1665 483 1721 oratio
516 1665 744 1734 fuisset,
776 1682 897 1737 quae
927 1677 1199 1724 assereret
1229 1669 1476 1725 futurum
1514 1670 1716 1740 aliquid
1748 1685 1887 1737 esse,

304 1765 398 1812 aut
429 1758 536 1813 ista
565 1759 770 1814 veritas
809 1769 954 1815 esset
996 1760 1190 1830 Deus;
1227 1761 1321 1816 sed
1350 1761 1603 1830 quoniam
1647 1761 1741 1794 “°’
1783 1777 1892 1819 non

309 1858 489 1919 potest
515 1849 742 1922 intelligi
769 1851 1009 1922 quando,
1033 1853 1078 1907 si
1109 1853 1286 1908 oratio
1317 1851 1412 1885 ³⁸¹⁰
1453 1852 1556 1908 ista
1584 1861 1730 1908 esset
1755 1894 1770 1920 ,
1799 1869 1893 1909 ve-

309 1941 445 1996 ritas
469 1941 546 1996 illi
575 1942 809 2010 deesset,
843 1951 905 1998 ut
951 1958 1051 2014 per
1098 1944 1202 2000 hoc
1239 1944 1365 2014 quia
1412 1959 1522 2000 non
1573 1943 1893 2016 intelligitur

309 2032 526 2100 quando
557 2032 659 2088 ista
681 2033 885 2088 veritas
910 2049 1032 2090 esse
1054 2049 1160 2089 non
1187 2036 1446 2105 potuerit,
1478 2036 1521 2090 si
1551 2048 1694 2091 esset
1715 2036 1890 2092 oratio

304 2123 358 2177 in
389 2138 495 2194 qua
533 2137 654 2180 esse
679 2133 882 2195 posset,
906 2125 1241 2198 intelligatur
1260 2127 1349 2182 illa
1373 2127 1576 2182 veritas
1599 2127 1717 2182 sine
1737 2127 1890 2197 prin-

303 2216 446 2286 cipio
495 2215 686 2282 fuisse,
722 2232 843 2287 qua:
886 2217 1064 2286 prima
1103 2233 1266 2274 causa
1319 2226 1402 2275 est
1433 2219 1593 2290 hujus
1619 2221 1885 2277 veritatis.

303 2307 512 2377 Quippe
541 2308 742 2364 veritas
772 2310 1034 2365 orationis
1061 2326 1170 2366 non
1218 2325 1434 2382 semper
1465 2322 1647 2382 posset
1675 2328 1816 2378 esse,
1844 2313 1891 2368 si

302 2399 422 2469 ejus
462 2413 628 2454 causa
655 2399 763 2456 non
795 2414 1010 2470 semper
1056 2409 1224 2457 esset.
1257 2401 1468 2457 Etenim
1503 2419 1612 2459 non
1655 2413 1738 2460 est
1764 2419 1891 2461 vera

305 2489 504 2557 oratio,
531 2504 652 2559 qua:
697 2491 830 2546 dicit
890 2491 1134 2546 futurum
1183 2506 1305 2548 esse
1355 2492 1557 2564 aliquid
1604 2495 1695 2527 ³¹⁵¹¹
1723 2537 1739 2564 ,
1787 2496 1892 2552 nisi

305 2582 482 2650 reipsa
530 2582 604 2636 sit
642 2582 846 2652 aliquid
897 2582 1165 2650 futurum;
1223 2601 1399 2656 neque
1451 2587 1655 2658 aliquid
1695 2589 1892 2645 estfu-

305 2683 518 2739 turum,
571 2674 617 2728 si
658 2689 766 2728 non
796 2675 867 2730 sit
893 2675 946 2730 iu
977 2691 1188 2731 summa
1222 2679 1472 2734 veritate.
1512 2680 1776 2738 Similiter
1824 2685 1891 2741 de

311 2763 408 2816 illa
457 2763 864 2835 intelligendum
897 2777 981 2821 est
1005 2767 1251 2824 oratione
1291 2770 1406 2838 ³⁵η,
1434 2786 1554 2841 qua:
1585 2774 1718 2828 dicit
1763 2775 1889 2845 quia

308 2855 644 2924 praeteritum
674 2864 758 2910 est
787 2856 1014 2927 aliquid.
1039 2857 1172 2913 Nam
1198 2861 1242 2915 si
1272 2862 1416 2918 nullo
1443 2864 1716 2920 intellectu
1750 2868 1890 2922 veri-

309 2956 392 2999 tas
436 2946 671 3001 orationi
714 2947 860 3012 huic,
895 2949 939 3004 si
981 2948 1120 3004 facta
1173 2951 1377 3019 fuerit,
1423 2957 1612 3012 deesse
1662 2960 1890 3028 poterit,

309 3049 535 3090 necesse
571 3047 656 3091 est
687 3047 744 3092 ut
773 3041 889 3106 ejus
910 3042 1174 3108 veritatis,
1207 3059 1326 3113 qua:
1363 3061 1575 3102 summa
1604 3065 1767 3105 causa
1809 3062 1894 3106 est

307 3127 489 3192 istius,
532 3127 709 3184 nullus
741 3131 866 3186 linis
917 3133 1137 3204 intelligi
1192 3136 1379 3204 possit.
1418 3137 1625 3196 Idcirco
1661 3157 1893 3213 namque

311 3233 438 3273 vere
485 3220 685 3275 dicitur
723 3224 1058 3292 praeteritum
1089 3225 1181 3260 3*"
1221 3213 1341 3283 esse
1398 3230 1619 3302 aliquid,
1651 3235 1777 3304 quia
1819 3236 1893 3290 ita

307 3319 390 3365 est
419 3313 471 3364 in
518 3327 577 3365 re
610 3328 626 3368 :
653 3322 707 3367 ct
739 3314 861 3369 ideo
891 3325 975 3370 est
1003 3317 1206 3387 aliquid
1238 3323 1593 3390 praeteritum,
1639 3326 1766 3394 quia
1815 3327 1895 3382 sic

307 3411 392 3456 est
419 3403 472 3456 in
506 3405 733 3459 veritate
777 3422 1007 3462 summa.
1051 3409 1394 3482 Quapropter
1418 3416 1462 3469 si
1500 3431 1772 3485 nunquam
1800 3432 1895 3487 po-

311 3493 412 3547 tuit
443 3509 548 3548 non
586 3510 705 3550 esse
732 3513 941 3566 verum,
983 3500 1225 3557 futurum
1261 3519 1380 3560 esse
1406 3507 1610 3577 aliquid
1630 3547 1645 3574 ,
1673 3518 1729 3564 et
1756 3527 1895 3564 nun-

309 3598 473 3652 quam
523 3588 721 3654 poterit
755 3604 862 3644 non
890 3583 1014 3646 esse
1055 3607 1266 3660 verum,
1300 3599 1636 3665 praeteritum
1687 3599 1893 3669 aliquid

310 3689 461 3739 esse,
496 3676 828 3746 impossibile
874 3692 956 3735 est
1003 3682 1327 3754 principium
1378 3701 1602 3741 summm
1649 3689 1894 3745 veritatis

308 3769 498 3834 fuisse,
530 3780 622 3824 aut
651 3772 814 3827 linem
860 3772 1100 3830 futurum
1137 3793 1279 3833 csse.
1316 3779 1462 3835 Disc.
1492 3779 1636 3835 Nihil
1669 3792 1772 3836 tua:
1802 3797 1892 3838 ra-

313 3860 444 3915 tioni
479 3862 638 3932 objici
671 3879 833 3936 posse
858 3867 1035 3922 video.
1169 3919 1186 3930 ,
1521 3876 1532 3890 ‘

770 3959 1000 4018 CAPUT
1029 3962 1097 4018 x1
1126 3963 1245 4036 [al.,
1277 3963 1420 4034 xu].

732 4052 810 4106 De
855 4056 1086 4108 veritatis
1141 4056 1466 4125 (ii/ﬁnitione.

381 4138 521 4212 Msa.
573 4140 880 4197 Redeamus
932 4143 1026 4174 3"”
1082 4144 1149 4198 ad
1201 4145 1602 4214 indagationcm
1649 4146 1894 4202 veritatis

311 4246 471 4298 quam
505 4231 846 4300 increpitans.
878 4234 1021 4288 DISC.
1057 4234 1252 4288 Totum
1279 4236 1401 4290 .hoc
1429 4236 1663 4305 pertinet
1708 4237 1775 4290 ad
1806 4236 1892 4290 in-

309 4320 613 4391 dagandam
640 4325 950 4390 veritatem;
986 4335 1355 4381 verumtamen
1390 4326 1501 4380 redi
1524 4326 1589 4380 ad
1617 4325 1761 4396 quod
1791 4327 1891 4382 vis.

1997 482 2194 542 praeter
2231 471 2554 542 subjectum,
2586 481 2640 528 et
2668 472 3060 544 cognoscitur?
3094 471 3202 526 Aut
3255 471 3300 527 si
3355 473 3579 541 alicujus

1996 566 2243 636 corporis
2293 566 2543 622 absentis
2593 566 2739 621 linea
2792 566 3069 621 dubitetur
3109 580 3176 620 an
3217 574 3367 618 recta
3406 567 3496 632 sit,
3525 576 3580 622 et

1996 657 2292 712 monstrari
2325 665 2505 726 potest
2532 657 2660 726 quia
2703 657 2758 711 in
2808 655 3010 710 nullam
3061 662 3272 725 partem
3303 655 3574 725 ﬂectitur,

1995 761 2177 804 nonne
2205 749 2418 804 ratione
2459 747 2731 818 colligitur
2767 747 2895 817 quia
2934 756 3137 802 rectam
3185 764 3305 804 eam
3355 765 3579 806 necesse

1995 846 2081 894 est
2119 839 2276 894 esse?
2304 838 2450 894 Drsc.
2481 838 2678 894 Etiam.
2713 838 2820 894 Sed
2865 840 3055 896 eadem
3087 855 3206 910 qua:
3252 841 3332 897 sic
3367 842 3578 900 ratione

1995 931 2467 1002 intelligitur,visu
2499 933 2752 998 sentitur,
2778 932 2832 988 in
2857 933 3134 1004 subjecto;
3168 933 3271 990 illae
3286 947 3414 989 vero
3443 950 3575 990 non.

1994 1021 2100 1077 nisi
2151 1021 2267 1078 sola
2317 1030 2500 1076 mente
2545 1022 2751 1093 percipi
2798 1031 3044 1093 possunt.
3094 1022 3235 1078 Mm.
3283 1023 3580 1080 Possumus

1994 1111 2178 1183 igitur,
2207 1112 2313 1166 nisi
2334 1110 2514 1178 fallor,
2547 1111 2778 1167 difﬁnire
2809 1111 2936 1182 quia
2955 1112 3157 1168 veritas
3186 1121 3272 1168 est
3307 1114 3579 1169 rectitudo

1995 1204 2109 1260 sola
2160 1218 2343 1262 mente
2370 1205 2758 1277 perceptibilis.
2806 1206 2956 1262 Disc.
2989 1206 3147 1264 Nullo
3173 1209 3463 1264 modohoc
3498 1209 3580 1263 di-

1995 1304 2206 1351 centem
2237 1295 2349 1353 falli
2371 1297 2554 1354 video.
2585 1297 2921 1369 Nempexnec
2948 1298 3088 1369 plus,
3123 1315 3225 1355 nec
3247 1300 3426 1357 minus
3452 1317 3582 1356 con-

1995 1383 2134 1442 tinet
2164 1387 2267 1443 ista
2318 1388 2566 1445 dillinitio
2604 1389 2855 1462 veritatis
2901 1404 3062 1460 quam
3113 1392 3405 1462 expediat,
3443 1407 3582 1464 quo-

1993 1479 2144 1535 niam
2185 1495 2382 1536 nomen
2415 1481 2757 1538 rectitudinis
2807 1482 2996 1538 dividit
3035 1497 3156 1538 eam
3201 1483 3281 1538 ab
3299 1485 3446 1540 omni
3496 1500 3578 1552 re,

1993 1587 2113 1642 qua:
2144 1571 2414 1628 rectitudo
2443 1586 2552 1628 non
2588 1582 2833 1629 vocatur.
2867 1572 3020 1640 Quod
3067 1588 3194 1630 vero
3242 1574 3358 1631 sola
3399 1586 3580 1632 mente

1992 1661 2200 1733 percipi
2226 1661 2449 1728 dicitur,
2472 1671 2689 1732 separat
2714 1677 2836 1718 eam
2869 1678 2900 1717 a
2931 1663 3258 1720 rectitudine
3284 1664 3505 1722 visibili.

2368 1751 2600 1810 CAPUT
2635 1753 2731 1809 xu
2778 1753 2897 1827 [al.,
2928 1753 3065 1828 xm}
3090 1755 3183 1788 ’δι’

2427 1845 2505 1901 De
2530 1846 2763 1917 justitia
2801 1846 3132 1917 diﬁinitione.

2063 1939 2172 1995 Sed
2201 1937 2458 2009 quoniam
2497 1936 2732 1994 docuisti
2762 1953 2850 1994 me
2887 1953 3103 1994 omnem
3133 1940 3418 1997 veritatem
3455 1956 3580 2000 esse

1991 2031 2395 2099 rectitudinem,
2437 2039 2493 2086 et
2544 2031 2816 2086 rectitudo
2866 2028 3009 2086 idem
3051 2030 3266 2088 videtur
3295 2033 3427 2088 mihi
3457 2049 3580 2090 esse

1991 2127 2136 2197 quod
2154 2123 2391 2192 justitia,
2421 2119 2691 2190 justitiam
2721 2136 2943 2192 quoque
2973 2121 3107 2177 doce
3137 2137 3224 2178 me
3245 2125 3432 2194 ,‘quid
3459 2139 3580 2180 esse

1992 2217 2312 2287 intelligam.
2345 2214 2573 2271 Videtur
2598 2229 2832 2285 namque
2855 2215 2980 2284 quia
3008 2230 3170 2272 omne
3194 2217 3336 2285 quod
3369 2224 3576 2272 rectum

1991 2317 2075 2366 est
2096 2323 2238 2373 esse,
2271 2307 2478 2378 justum
2505 2306 2670 2362 etiam
2699 2314 2784 2362 est
2813 2321 2936 2362 esse
2966 2323 2981 2360 :
3015 2316 3071 2361 et
3096 2309 3421 2375 conversim,
3453 2310 3577 2378 quia

1991 2404 2135 2475 quod
2151 2404 2355 2476 justum
2374 2411 2616 2470 estesse,
2629 2412 2838 2465 rectum
2864 2412 2946 2461 est
2966 2419 3107 2460 esse.
3122 2403 3332 2460 Justum
3353 2405 3499 2459 enim
3523 2415 3578 2460 et

1993 2503 2200 2550 rectum
2224 2491 2456 2559 videtur,
2497 2493 2677 2562 ignem
2707 2493 2942 2548 calidum
2971 2508 3122 2557 esse;
3147 2503 3202 2548 ct
3223 2509 3580 2564 unumquem-

1993 2601 2098 2656 que
2120 2584 2424 2649 hominem,
2453 2583 2770 2655 diligentem
2805 2599 2864 2640 se
2904 2572 3149 2653 diligere.
3183 2583 3315 2637 Nam
3343 2585 3386 2638 si
3419 2584 3577 2654 quid-

1994 2675 2125 2746 quid
2153 2674 2312 2730 debet
2340 2688 2482 2740 esse,
2523 2681 2671 2730 recte
2698 2682 2754 2729 et
2791 2673 2939 2745 juste
2983 2683 3096 2741 est;
3129 2689 3228 2729 nec
3257 2673 3399 2728 aliud
3432 2682 3580 2729 recte
3653 2678 3664 2686 ‘

1994 2765 2087 2799 ³⁸⁸⁸
2114 2774 2168 2820 et
2189 2765 2334 2836 juste
2360 2772 2461 2830 est,
2487 2765 2592 2820 nisi
2622 2765 2766 2834 quod
2817 2764 2981 2820 debet
3024 2779 3145 2820 esse
3189 2778 3204 2818 :
3237 2765 3379 2820 sicut
3428 2775 3576 2835 puto,

1995 2871 2100 2913 non
2147 2865 2325 2927 potest
2366 2856 2514 2912 aliud
2563 2871 2686 2912 esse
2721 2854 2935 2924 justitia
2973 2871 3135 2925 quam
3190 2857 3474 2912 rectitudo.
3521 2858 3577 2910 ln

1995 2951 2466 3021 summafnamque
2517 2958 2574 3006 et
2613 2949 2850 3020 simplici
2897 2959 3090 3005 natura
3119 2991 3133 3014 ,
3177 2948 3424 3018 quamvis
3470 2966 3575 3006 non

1996 3043 2117 3098 ideo
2145 3043 2216 3098 sit
2244 3051 2389 3098 recta
2417 3051 2472 3098 et
2493 3043 2666 3115 justa,
2692 3043 2820 3114 quia
2860 3042 3052 3097 debeat
3081 3042 3284 3111 aliquid
3305 3081 3319 3106 ,
3351 3043 3574 3097 dubium

1996 3145 2174 3192 tamen
2209 3152 2314 3191 non
2347 3145 2449 3202 est,
2476 3137 2614 3191 idem
2639 3150 2760 3190 esse
2797 3136 3178 3190 rectitudiuem
3219 3143 3272 3190 et
3288 3134 3576 3203 justitiam.

1997 3228 2136 3285 ΜΑο.
2168 3227 2346 3284 Habes
2387 3228 2553 3298 igitur
2593 3225 2971 3281 diﬂiuitionem
3007 3224 3264 3294 justitiaz,
3295 3226 3341 3280 si
3365 3225 3577 3295 justitia

1995 3335 2102 3375 non
2132 3329 2216 3375 est
2240 3319 2388 3375 aliud
2420 3335 2582 3389 Quam
2620 3319 2911 3374 rectitudo.
2947 3318 3011 3372 Et
3041 3318 3295 3387 quoniam
3326 3305 3393 3374 de
3420 3319 3582 3374 recti-

1997 3413 2186 3469 tudine
2218 3413 2333 3468 sola
2385 3422 2566 3468 mente
2614 3412 2955 3482 perceptibili
2996 3411 3288 3481 loquimur,
3342 3412 3576 3468 invicem

1995 3520 2116 3560 sese
2143 3503 2413 3559 diﬂiniuut
2440 3503 2644 3559 veritas
2667 3545 2682 3569 ,
2727 3515 2783 3559 et
2813 3503 3102 3568 rectitudo,
3133 3511 3188 3556 et
3213 3504 3424 3573 justitia
3473 3522 3487 3558 :
3521 3513 3580 3558 ut

1995 3597 2087 3667 qui
2118 3612 2279 3650 unam
2309 3611 2496 3651 earum
2536 3596 2772 3662 noverit,
2803 3604 2858 3650 et
2890 3593 3025 3650 alias
3049 3595 3326 3662 nescierit,
3356 3611 3455 3665 per
3479 3610 3580 3650 no-

1995 3700 2107 3745 tam
2135 3690 2200 3744 ad
2236 3691 2539 3760 ignotarum
2569 3685 2858 3747 scicntia'm
2887 3688 3198 3759 pertingere
3236 3690 3440 3759 possit;
3472 3690 3580 3744 imo

1993 3786 2086 3853 qui
2117 3783 2328 3838 noverit
2380 3798 2566 3849 uuam,
2600 3781 2736 3837 alias
2784 3783 3003 3838 nescire
3049 3797 3157 3837 non
3206 3784 3396 3853 possit.
3429 3783 3574 3838 Dtsc.

1993 3872 2131 3940 Quid
2173 3874 2334 3943 ergo?
2356 3873 2440 3927 An
2483 3873 2724 3928 dicemus
2752 3873 2982 3943 lapidem
3013 3871 3242 3941 justum,
3275 3890 3398 3930 cum
3426 3889 3457 3928 a
3486 3890 3576 3929 su-

1992 3964 2301 4035 perioribus
2334 3963 2594 4020 inferiora
2618 3965 2785 4033 petit;
2827 3965 2956 4034 quia
2991 3965 3094 4019 hoc
3126 3964 3286 4032 facit,
3315 3967 3456 4036 quod
3483 3968 3579 4022 de-

1992 4057 2103 4123 bet,
2134 4056 2588 4126 quemadmodum
2637 4055 2868 4110 dicimus
2926 4057 3201 4113 hominem
3229 4059 3454 4128 justum,
3485 4059 3578 4127 qui

1993 4148 2136 4216 quod
2175 4146 2336 4201 debet
2360 4145 2490 4199 facit
2521 4145 2654 4200 1"‘7?
2683 4145 2820 4201 Mm.
2856 4146 2972 4202 Non
3003 4149 3239 4205 solemus
3269 4148 3578 4217 hujusmodi

1984 4233 2199 4304 justitia
2255 4234 2349 4267 “‘3
2390 4233 2599 4304 justum
2652 4236 2852 4291 dicere.
2900 4239 3045 4294 DISC.
3101 4239 3211 4294 Cur
3248 4255 3378 4309 ergo
3409 4240 3578 4308 magis

1995 4329 2158 4383 homo
2204 4342 2368 4398 quam
2419 4327 2557 4397 lapis
2585 4323 2679 4358 “‘9
2703 4326 2882 4395 justus
2909 4339 3026 4396 est,
3073 4329 3117 4384 si
3164 4337 3390 4398 uterque
3433 4327 3580 4396 juste

311 4411 452 4466 Msa.
503 4413 598 4468 Dic
637 4430 768 4486 ergo
811 4416 944 4470 mihi
997 4432 1066 4470 an
1125 4416 1222 4471 tibi
1251 4416 1499 4472 videatur
1549 4433 1669 4474 esse
1704 4418 1884 4488 aliqua
1920 4447 1964 4503 υ
1992 4416 2165 4472 facit?
2193 4416 2333 4473 MAG.
2375 4417 2454 4472 Tu
2497 4417 2612 4488 ipse
2660 4433 2731 4473 an
2768 4419 2874 4473 non
2900 4428 3060 4486 putas
3089 4418 3272 4472 facere
3318 4416 3577 4481 hominis.

313 4505 579 4560 rectitudo
604 4507 730 4572 alia,
756 4517 952 4576 praeter
984 4509 1080 4563 has
1111 4524 1248 4579 quas
1293 4510 1645 4578 contemplati
1680 4526 1885 4566 sumus.

313 4595 458 4649 DISC.
493 4593 606 4649 Non
656 4596 758 4650 alia
796 4608 992 4666 przeter
1039 4600 1156 4666 has,
1188 4600 1294 4655 nisi
1329 4600 1418 4654 illa
1449 4615 1568 4670 quae
1596 4608 1680 4656 cst
1717 4600 1772 4653 in
1807 4615 1893 4655 re-

315 4684 415 4736 bus
448 4686 746 4752 corporeis,
787 4702 908 4755 quze
948 4688 1174 4759 multum
1203 4699 1288 4744 est
1322 4691 1497 4745 aliena
1536 4692 1603 4746 ab
1649 4691 1788 4755 istis,
1836 4699 1897 4746 ut

315 4773 584 4833 rectitudo
620 4775 805 4847 virgae.
840 4776 980 4833 MAG.
1027 4777 1087 4833 In
1133 4795 1240 4849 quo
1274 4781 1367 4837 tibi
1406 4781 1496 4836 illa
1545 4782 1757 4836 videtur
1793 4779 1896 4836 dif-

314 4864 460 4922 ferre
486 4866 555 4921 ab
583 4867 722 4923 istis.
764 4868 909 4924 DISC.
942 4870 1077 4937 Quia
1120 4872 1208 4927 illa
1233 4873 1351 4930 visu
1391 4888 1655 4943 corporeo
1690 4886 1893 4942 cogno-

314 4958 394 5016 sci
429 4969 634 5031 potest;
685 4960 818 5019 istas
850 4963 1077 5020 rationis
1106 4966 1249 5036 capit
1293 4967 1698 5039 contemplatio.
1747 4963 1888 5021 Msa.

1998 4526 2029 4564 a
2068 4510 2250 4567 facere
2299 4510 2496 4580 lapidis
2543 4510 2727 4580 aliquo
2779 4511 2942 4564 modo
2991 4509 3243 4564 differre?
3276 4509 3420 4564 Drsc.
3451 4507 3580 4564 Scio

2000 4603 2126 4674 quia
2174 4604 2336 4658 homo
2381 4611 2592 4672 sponte,
2621 4603 2761 4672 lapis
2792 4601 3113 4656 naturaliter
3149 4611 3206 4656 et
3249 4616 3356 4654 non
3386 4608 3580 4669 sponte

2000 4693 2154 4749 facit.
2196 4694 2337 4749 MAG.
2373 4694 2580 4749 Idcirco
2623 4694 2758 4763 lapis
2796 4709 2901 4748 non
2948 4694 3147 4748 dicitur
3184 4691 3385 4761 justus,
3449 4691 3576 4759 quia

1999 4801 2109 4841 non
2139 4794 2220 4840 est
2233 4784 2414 4854 justus
2438 4785 2528 4855 qui
2553 4784 2683 4839 facit
2711 4785 2855 4854 quod
2879 4785 3061 4849 debet,
3085 4784 3128 4838 si
3154 4800 3258 4838 non
3295 4781 3410 4836 vult
3435 4779 3580 4850 quod

2001 4873 2152 4929 facit.
2184 4873 2330 4928 Disc.
2359 4873 2610 4929 Dicemus
2655 4887 2785 4944 ergo
2811 4872 3017 4943 justum
3047 4888 3172 4928 esse
3209 4887 3427 4942 equum,
3453 4883 3578 4924 cum

1999 4962 2116 5019 vult
2160 4979 2422 5036 pascere,
2462 4965 2587 5034 quia
2619 4963 2806 5020 volens
2846 4961 2980 5019 facit
3013 4963 3155 5034 quod
3195 4961 3391 5018 debet?
3432 4958 3554 5014 MAG

1564 5139 1799 5196 VARUE
1838 5140 2244 5197 LECTIONES.

383 5251 477 5324 ’ξδοὲ
517 5252 796 5318 Quomodo
852 5254 952 5309 ista
1001 5271 1098 5310 ms.
1150 5253 1285 5310 Vict.
1326 5255 1378 5308 5.
1427 5253 1679 5324 quoniam
1727 5253 1829 5308 ista
1861 5253 1996 5324 3‘“
2045 5251 2216 5317 Deus,
2268 5251 2522 5324 quoniam
2572 5268 2688 5324 ms._
2730 5250 2917 5306 Cister.
2960 5249 3102 5305 Deus
3120 5288 3151 5324 ,_
3180 5249 3274 5324 sed

3321 5249 3576 5318 quoniam

227 5333 242 5344 ‘
315 5321 425 5395 “‘°A
457 5323 682 5388 Quando
725 5325 905 5379 oratio
949 5342 1075 5379 mss.
1138 5325 1352 5395 quando
1398 5319 1459 5379 εἴ
1480 5326 1663 5395 oratio
1736 5323 1828 5358 ³⁸η
1857 5319 2297 5395 Futurumhesse‘
2318 5322 2461 5377 aliud
2502 5338 2630 5395 mss.
2665 5319 2905 5395 futurum
2938 5327 3057 5395 esse
3085 5319 3292 5395 aliquid
3365 5319 3456 5351 ³³η
3485 5320 3578 5395 list

314 5391 543 5463 veritate
566 5395 826 5449 orationis
855 5411 977 5448 mss.
1022 5404 1104 5450 cst
1135 5389 1379 5449 oratione
1450 5394 1543 5427 ‘m
1573 5393 1708 5450 Vere
1738 5393 2071 5463 prteteritum
2104 5392 2298 5448 dicitur
2327 5409 2452 5446 mss.
2504 5391 2640 5446 Vict.
2687 5391 3048 5463 ve_re_dicitur
3082 5391 3412 5463 prmteritum
3461 5389 3576 5463 _“_“

316 5461 620 5533 Redeamus
643 5475 766 5526 elc.,
800 5465 867 5518 In
902 5482 1025 5519 mss.
1065 5467 1404 5518 continuatur
1431 5474 1586 5533 caput
1621 5457 1916 5533 prwéedens
1989 5462 2082 5533 ιιιξ
2119 5463 2211 5517 Est
2253 5464 2308 5517 in
2335 5479 2457 5517 mss.
2507 5472 2663 5533 caput
2701 5461 2787 5516 12.
2823 5461 2899 5533 In
2921 5476 3046 5533 mss.
3068 5457 3578 5533 _de_Justi_tize_deli-

319 5529 524 5604 uitioue
569 5533 688 5604 ‘3‘“
711 5535 818 5588 Nec
841 5536 1042 5604 aliquid
1074 5545 1218 5590 recte
1242 5551 1364 5588 mss.
1411 5527 1508 5589 nec
1531 5527 1636 5604 alin
1687 5543 1832 5590 recte
1905 5533 1996 5566 ³¹⁶¹τ
2045 5532 2146 5599 Qui
2173 5537 2316 5603 quod
2342 5533 2523 5604 debet
2545 5527 2672 5588 facit
2706 5529 2926 5604 τῃιςεΣ-δ.Δ
2952 5529 3110 5604 M_irl_¢.
3147 5529 3356 5604 Bec._(j,
3386 5527 3574 5604 δέδιεν.

319 5600 454 5674 Cum
483 5598 768 5668 l'acitquod
792 5598 953 5658 debet
1025 5606 1117 5636 ³⁸¹⁸
1165 5603 1478 5672 llujusmodi
1519 5620 1548 5658 a
1591 5603 1788 5657 'ustitia
1839 5621 1958 5659 mss.
1999 5598 2302 5672 hujusmodi
2332 5601 2541 5670 justitia
2579 5618 2677 5658 ms.
2706 5599 2766 5658 S.
2797 5601 2961 5658 Mich.
2991 5599 3294 5670 hujusmodi
3320 5599 3576 5675 iustitiam

319 5669 411 5700 "‘9
441 5666 612 5723 llomo
639 5685 795 5728 quam
834 5671 966 5728 lanis
996 5691 1117 5728 mss.
1155 5674 1216 5728 S.
1249 5673 1553 5728 Mich.Bec.
1583 5619 1618 5728 ὲ
1643 5672 1827 5728 Cistcr.
1863 5676 2023 5728 honto
2050 5672 2241 5728 iustus.
2279 5688 2440 5728 uuam
2471 5673 2604 5728 lanis
3455 5700 3458 5708 -

319 5669 411 5700 "‘9
441 5666 612 5723 llorno
639 5666 795 5738 quam
834 5671 966 5740 lapis
996 5691 1117 5730 mss.
1155 5674 1216 5733 S.
1244 5666 1553 5731 ΜὶοῆοΒεεο

1643 5672 1827 5728 Cistcr.
1863 5676 2023 5730 homo
2043 5672 2241 5744 justus,
2279 5688 2440 5742 quam
2471 5673 2604 5742 lapis
