3940 6046
345 213 444 268 481

338 421 480 490 quod
507 420 696 482 debet;
741 417 838 471 sed
869 416 978 470 dixi
1012 431 1116 470 non
1159 429 1279 469 esse
1305 402 1659 481 justum,qui
1691 424 1797 464 non
1843 405 1924 462 fa-

339 510 415 563 cit
444 508 630 562 volens
660 506 804 576 quod
833 505 1010 561 debet.
1044 504 1190 559 Dtsc.
1218 503 1315 557 Dic
1346 515 1476 572 ergo
1500 499 1628 570 'quis
1651 499 1722 553 sit
1746 497 1926 566 justus

341 601 471 653 3""?
518 598 660 654 MAG.
685 597 896 665 Quaaris
916 638 930 660 ,
969 605 1029 650 ut
1055 594 1234 660 video,
1265 590 1642 646 dillinitionem
1671 586 1918 654 justitize,

341 693 426 746 cui
477 691 595 746 laus
623 690 885 754 debetur;
937 689 1078 743 sicut
1109 685 1383 742 contrarie
1412 683 1557 756 ejus,
1597 681 1805 738 scilicet
1837 680 1924 735 in-
1965 728 1969 732 .

337 783 559 852 justitia:
613 782 844 836 debetur
896 777 1246 850 vituperatio.
1302 777 1450 831 Disc‘.
1505 773 1656 830 lllam
1717 786 1925 842 quare.

341 875 479 930 MAG.
505 875 732 932 Constat
763 873 891 943 quia
920 872 1009 926 illa
1029 870 1237 943 justitia
1260 885 1364 924 non
1390 877 1472 924 est
1497 867 1549 930 in
1580 866 1688 922 ulla
1712 875 1925 932 natura,

341 983 462 1036 tutae
494 965 876 1021 rectitudinem
907 977 1012 1018 non
1039 959 1307 1032 agnoscit.
1345 957 1619 1028 Quidquid
1653 955 1797 1012 enim
1822 969 1929 1008 non

344 1057 456 1110 vult
509 1053 916 1119 rectitudinem,
947 1053 1160 1108 etiamsi
1195 1066 1315 1106 eam
1344 1057 1516 1113 tenet,
1549 1063 1655 1102 non
1687 1055 1932 1102 meretur

345 1149 582 1211 laudem,
607 1147 733 1218 quia
769 1153 915 1202 tenet
946 1143 1370 1207 rectitudinem;
1401 1140 1540 1197 velle
1569 1147 1751 1195 autem
1779 1138 1930 1193 illam

347 1257 452 1293 non
499 1238 662 1302 valet,
711 1236 802 1306 qui
855 1235 1031 1291 nescit
1072 1249 1217 1289 eam.
1253 1235 1400 1289 Dlsc.
1431 1247 1619 1287 verum
1657 1239 1760 1286 est.
1786 1229 1928 1284 MAG.

346 1327 642 1383 Rectitude
671 1326 856 1395 igitur,
889 1340 1010 1394 quae
1056 1322 1262 1379 tenenti
1311 1336 1370 1376 se
1418 1321 1636 1375 laudem
1675 1319 1928 1389 acquirit,

349 1439 454 1478 non
483 1431 566 1476 est
596 1421 698 1475 nisi
734 1421 786 1474 in
814 1418 1074 1473 rationali
1094 1426 1312 1481 natura,
1337 1429 1458 1484 qua:
1501 1413 1617 1469 sola
1653 1410 1932 1468 rectitudi-

346 1528 491 1575 nem,
521 1513 586 1568 de
615 1527 722 1583 qua
760 1510 1054 1580 loquimur,
1093 1507 1344 1576 percipit.
1375 1506 1524 1560 DISC.
1571 1503 1648 1557 lta
1683 1491 1932 1572 sequitur

346 1605 488 1660 MAG.
541 1618 670 1674 ergo
705 1601 965 1672 Quoniam
1019 1598 1195 1654 omnis
1245 1598 1454 1666 justitia
1502 1604 1587 1650 est
1619 1592 1926 1658 rectitude,

1529 198 1808 258 DIALOG.
1850 197 1940 252 DE
1983 176 2363 253 vanmre.
2864 204 2894 212 τ

338 327 454 382 Non
506 325 668 398 ιιι
709 324 817 380 dixi
856 322 1060 394 justum
1091 335 1212 377 esse
1255 333 1399 384 eum,
1427 317 1536 388 'qui
1575 317 1704 372 facit
1734 315 1919 370 volens
1947 314 2077 374 Ain
2112 315 2267 370 nobis
2293 315 2696 384 cognoscimus.
2733 315 2871 372 MAG.
2898 315 3008 374 Cur
3049 324 3231 373 autem
3269 317 3366 374 tibi
3399 319 3616 375 videtur
3696 305 3700 307 ’

3508 201 3616 258 482

2027 407 2317 478 unicuique
2341 407 2628 462 volendum
2651 409 2797 478 quod
2819 409 2954 476 vult,
2979 418 3039 464 ut
3064 408 3391 466 laudabilem
3415 410 3616 465 habeat

2026 499 2395 554 voluntatem?
2433 497 2574 567 Quid
2612 501 2756 564 enim
2786 501 3075 556 volendum
3115 501 3206 566 sit,
3259 501 3440 572 palam
3489 513 3612 566 est;

2028 589 2158 659 quia
2193 587 2286 659 qui
2317 603 2423 644 non
2446 589 2566 644 vult
2589 589 2733 658 quod
2763 589 2941 655 debet,
2966 589 3146 662 justus
3189 607 3296 646 non
3335 601 3438 648 est.
3469 591 3616 648 Drsc.

2029 677 2140 734 Nec
2171 677 2350 732 minus
2380 686 2625 747 apertum
2667 677 2802 732 mihi
2830 678 3046 733 videtur
3091 680 3220 750 quia
3265 679 3407 735 sicut
3435 679 3621 735 volen-

2031 769 2157 824 dum
2206 778 2291 825 est
2319 769 2610 839 unicuique
2657 771 2800 839 quod
2837 769 3032 835 debet;
3073 771 3145 824 ita
3194 769 3482 825 volendum
3534 781 3621 826 est

2031 859 2172 928 ideo,
2213 861 2338 931 quia
2373 860 2560 926 debet,
2601 870 2662 916 ut
2678 861 2825 930 justa
2873 863 2946 918 sit
2993 860 3114 931 ejus
3155 862 3434 917 voluntas.
3473 862 3619 919 MAG.

2031 951 2176 1006 Bene
2208 951 2465 1021 intelligis
2495 952 2612 1008 haec
2639 953 2746 1008 duo
2773 953 3084 1009 necessaria
3114 966 3236 1010 esse
3263 952 3528 1008 voluntati
3552 953 3622 1007 ad

2027 1043 2297 1116 justitiam
2333 1043 2515 1100 :velle
2543 1044 2756 1101 scilicet
2796 1045 2943 1115 quod
2968 1046 3163 1111 debet;
3197 1059 3262 1100 ac
3306 1043 3452 1110 ideo,
3493 1044 3622 1114 quia

2032 1136 2212 1192 debet.
2254 1134 2360 1192 Sed
2411 1137 2497 1191 die
2535 1152 2604 1192 an
2634 1135 2925 1194 sulliciant.
2967 1136 3114 1192 Dtsc.
3165 1135 3276 1192 Cur
3305 1135 3448 1190 non?
3476 1136 3615 1191 MAG.

2032 1227 2165 1284 Cum
2195 1228 2390 1298 aliquis
2420 1227 2536 1283 vult
2565 1229 2712 1299 quod
2751 1227 2931 1295 debet,
2960 1229 3086 1298 quia
3125 1229 3368 1299 cogitur;
3413 1236 3469 1283 et
3498 1226 3620 1282 ideo

2032 1321 2264 1391 cogitur.
2291 1320 2420 1389 quia
2465 1320 2569 1375 hoc
2610 1319 2748 1376 velle
2777 1321 2936 1376 debet
2966 1337 2980 1374 :
3018 1334 3199 1375 nonne
3235 1320 3326 1375 hic
3363 1321 3621 1389 quodam-

2032 1411 2193 1466 modo
2219 1410 2333 1464 vult
2377 1411 2520 1478 quod
2571 1409 2733 1466 debet
2765 1410 3022 1480 quoniam
3071 1410 3265 1466 debet?
3317 1410 3467 1465 DISC.
3504 1408 3622 1464 Non

2031 1514 2255 1570 possum
2301 1514 2532 1569 negare;
2582 1499 2677 1554 sed
2717 1499 2824 1554 alio
2873 1500 3034 1556 modo
3064 1500 3180 1554 vult
3229 1500 3333 1555 iste
3364 1500 3483 1569 “'3,
3517 1500 3625 1556 alio

2033 1592 2192 1646 modo
2215 1591 2330 1647 vult
2351 1591 2552 1660 justus.
2593 1592 2732 1648 MAG.
2766 1591 3050 1661 Distingue
3075 1592 3208 1647 istos
3241 1593 3450 1649 modos.
3474 1593 3622 1649 Dtsc.

347 1669 666 1754 nullatenus
690 1669 774 1750 est
794 1693 1034 1764 justitia,
1064 1707 1184 1761 qua:
1213 1697 1524 1746 servantem
1552 1701 1612 1740 se
1651 1684 1787 1740 facit
1815 1683 1930 1736 lau-
1961 1669 2009 1728 Β
2036 1681 2220 1737 Justus
2251 1697 2506 1753 namque,
2541 1697 2663 1737 cum
2693 1681 2808 1736 vult
2837 1682 2982 1752 quod
3013 1685 3193 1748 debet,
3221 1692 3406 1738 servat
3434 1685 3626 1739 volun-

348 1792 601 1856 (labilem,
627 1790 729 1845 nisi
760 1789 815 1844 in
843 1785 1218 1843 rationalibus.
1249 1785 1397 1839 DISC.
1427 1779 1540 1835 Non
1583 1785 1761 1848 potest
1778 1775 1936 1830 aliter

349 1901 489 1941 esse.
539 1882 681 1937 MAG.
715 1879 818 1936 Ubi
851 1879 1015 1948 igitur
1066 1877 1161 1931 tibi
1205 1875 1418 1929 videtur
1480 1872 1586 1926 ista
1626 1868 1838 1938 justitia
1879 1867 1935 1921 in

349 1971 754 2053 lietnine,'quia
786 1969 1071 2026 rationalis
1117 1967 1235 2023 est?
1268 1967 1415 2021 Drsc.
1444 1963 1560 2020 Non
1592 1969 1678 2016 est
1705 1959 1809 2015 nisi
1842 1965 1936 2013 aut

357 2075 408 2127 in
459 2071 758 2132 voluntate,
809 2074 904 2120 aut
952 2065 1006 2118 in
1054 2061 1306 2126 scientia,
1335 2067 1431 2114 aut
1467 2058 1521 2112 in
1569 2069 1756 2124 opere.
1791 2051 1934 2108 MAG.

352 2163 514 2231 Quid,
558 2161 603 2217 si
633 2160 754 2230 quis
791 2165 942 2213 recte
989 2153 1278 2224 intelligit,
1331 2157 1425 2206 aut
1467 2158 1615 2205 recte
1659 2154 1935 2217 operatur,

354 2270 461 2310 non
492 2261 672 2307 autem
703 2256 849 2304 recte
883 2245 1043 2310 velit;
1091 2241 1336 2298 laudabit
1382 2255 1506 2296 eum
1537 2237 1823 2308 quisquam
1868 2237 1939 2291 'de

349 2345 598 2417 justitia?
648 2343 790 2398 DISC.
822 2339 960 2395 Non.
993 2339 1134 2393 MAG.
1169 2336 1310 2405 Ergo
1335 2348 1440 2389 non
1482 2340 1566 2388 est
1597 2331 1699 2387 ista
1726 2328 1938 2400 justitia

356 2437 597 2497 scientiae
619 2433 908 2496 rectitude,
933 2437 1026 2484 aut
1055 2426 1324 2483 rectitude
1350 2423 1614 2487 actionis;
1650 2421 1746 2476 sed
1778 2418 1939 2475 recti-

357 2532 484 2588 tude
514 2525 830 2584 voluntatis.
861 2523 1006 2577 DISC.
1038 2519 1147 2574 Aut
1177 2518 1281 2574 hoc
1321 2515 1448 2579 erit,
1479 2522 1574 2568 aut
1600 2510 1758 2566 nihil.
1795 2508 1936 2564 MAG.

357 2622 584 2678 Videtur
623 2617 715 2673 tibi
755 2613 1082 2682 sullieienter
1121 2622 1243 2664 esse
1281 2603 1507 2662 dilliuita
1537 2601 1749 2673 justitia
1777 2613 1942 2670 quam

359 2711 686 2786 quaerimus?
713 2710 858 2764 DlSC.
884 2706 963 2760 Tu
988 2704 1128 2759 vide.
1151 2701 1292 2756 MAG.
1320 2698 1638 2780 Quicunque
1663 2693 1777 2748 vult
1801 2690 1941 2786 quod

363 2776 540 2871 debet,
568 2813 728 2874 putas
757 2815 880 2855 eum
911 2805 1057 2852 recte
1079 2793 1219 2849 velle
1249 2801 1304 2848 et
1327 2776 1537 2846 habere
1558 2784 1944 2842 rectitudinem

360 2895 684 2954 voluntatis?
711 2889 948 2963 DlSC.=Si
988 2887 1111 2958 quis
1149 2885 1403 2942 nesciens
1427 2881 1541 2935 vult
1569 2880 1711 2950 quod
1743 2877 1900 2933 debet
1927 2894 1940 2930 :

360 3001 562 3045 utcum
605 2985 720 3040 vult
749 2982 947 3039 ostium
978 2979 1230 3036 claudere
1257 2983 1449 3030 contra
1489 2971 1638 3026 illum
1681 2969 1792 3040 qui,
1828 2969 1944 3039 ipso

361 3082 667 3143 nesciente,
704 3075 820 3131 vult
849 3073 903 3128 in
945 3073 1105 3128 domo
1155 3069 1320 3124 alium
1357 3064 1637 3128 occidere;
1684 3062 1799 3117 sive
1841 3061 1945 3116 iste

363 3179 584 3242 habeat,
614 3173 728 3230 sive
754 3183 860 3224 non
889 3167 1088 3237 habeat
1115 3163 1352 3233 aliquam
1392 3157 1690 3215 voluntatis
1725 3155 1947 3211 rectitu-

364 3270 568 3335 dinem,
605 3281 710 3321 non
735 3260 898 3316 habet
927 3257 1073 3313 illam
1105 3270 1267 3326 quam
1295 3251 1610 3324 quaerimus.
1638 3247 1779 3304 MAG.
1806 3247 1948 3315 Quid

363 3359 500 3416 dicis
539 3358 606 3413 de
629 3356 720 3412 illo
741 3355 833 3426 qui
857 3353 961 3408 scit
993 3365 1052 3405 se
1079 3347 1276 3404 debere
1300 3343 1435 3399 velle
1457 3339 1601 3411 quod
1632 3337 1780 3393 vult?
1801 3337 1944 3392 DISC.

363 3449 552 3504 Potest
573 3447 888 3517 contingere
920 3449 981 3496 ut
1018 3436 1326 3508 intelligens
1347 3432 1477 3488 velit
1511 3429 1655 3500 quod
1688 3429 1868 3493 debet,
1895 3435 1950 3482 et

363 3541 502 3597 nolit
549 3554 609 3595 se
655 3539 871 3594 debere.
922 3532 1057 3589 Nam
1091 3545 1215 3586 cum
1265 3527 1407 3582 latro
1455 3523 1671 3594 cogitur
1709 3519 1948 3576 ablatam

366 3635 595 3690 reddere
623 3630 934 3702 pecuniam,
966 3624 1145 3696 palam
1187 3627 1274 3676 est
1298 3616 1425 3688 quia
1455 3630 1564 3670 non
1609 3612 1724 3668 vult
1768 3625 1827 3667 se
1853 3611 1950 3667 de-

365 3727 530 3791 bere;
560 3722 816 3794 quouia-m
855 3719 978 3775 ideo
1007 3716 1102 3750 ³⁴¹¹
1131 3712 1344 3783 cogitur
1367 3707 1505 3763 velle
1533 3705 1792 3770 reddere,
1824 3702 1952 3772 quia

370 3819 532 3872 debet
564 3833 579 3870 :
610 3814 704 3869 sed
737 3812 826 3867 hic
857 3810 1167 3866 nullatenus
1212 3801 1518 3858 laudandus
1543 3807 1630 3855 est
1654 3798 1758 3853 hac
1787 3795 1951 3852 recti-

368 3909 576 3963 tudine.
624 3905 765 3962 MAG.
797 3905 899 3973 Qui
934 3901 1081 3958 cibat
1125 3897 1454 3954 esurientem
1486 3904 1778 3962 pauperem
1826 3901 1956 3958 pre-

371 4011 493 4070 pter
519 4000 731 4053 inanem
756 3996 1007 4066 gloriam,
1028 3991 1142 4046 vult
1162 4005 1221 4046 se
1245 3987 1446 4044 debere
1483 3983 1618 4040 velle
1639 3980 1781 4053 quod
1803 3979 1914 4035 vult
1937 3997 1952 4034 :

371 4069 577 4144 idcirco
606 4101 838 4157 namque
857 4084 1126 4147 laudatur,
1155 4078 1281 4150 quia
1325 4075 1441 4133 vult
1480 4074 1664 4130 facere
1695 4069 1839 4143 quod
1861 4071 1957 4126 de-

374 4179 501 4235 bet:
531 4179 660 4248 quid
684 4178 868 4246 itaque
889 4175 956 4230 de
980 4170 1348 4242 istojudicas?
1378 4169 1525 4224 DISC.
1548 4165 1666 4220 Non
1694 4170 1778 4219 est
1798 4161 1956 4232 hujus

375 4272 645 4328 rectitude
675 4268 971 4334 laudanda;
1000 4275 1056 4323 et
1081 4266 1202 4320 ideo
1226 4279 1333 4319 non
1371 4258 1569 4316 suﬂicit
1597 4257 1664 4312 ad
1687 4254 1954 4326 justitiam

372 4378 537 4435 quam
566 4361 880 4433 qumrimus.
917 4358 1023 4415 Sed
1050 4356 1276 4413 ostende
1304 4353 1416 4422 jam
1435 4365 1556 4422 qum
1589 4347 1816 4404 sulliciat
1840 4345 1953 4435 “9.
1985 4372 2036 4432 Β

374 4434 515 4508 MAG.
568 4452 758 4507 Omnis
808 4449 1060 4506 voluntas
1111 4447 1258 4502 sicut
1301 4442 1417 4498 vult
1455 4438 1694 4508 aliquid,
1739 4437 1814 4491 ita
1843 4434 1959 4490 vult

376 4550 600 4613 propter
620 4540 842 4611 aliquid.
860 4539 995 4594 Nam
1021 4531 1474 4608 quemadmodum
1505 4523 1956 4584 considerandum

378 4646 464 4690 est
490 4636 619 4707 quid
648 4634 811 4700 velit,
864 4634 936 4688 ita
969 4629 1261 4685 videndum
1305 4633 1390 4680 est
1441 4636 1538 4679 cur
1564 4619 1713 4676 velit.
1753 4617 1959 4707 Quippe

379 4706 695 4796 neumagis
726 4733 874 4781 recta
921 4723 1081 4778 debet
1131 4733 1250 4774 esse
1280 4715 1510 4771 volendo
1560 4710 1704 4782 quod
1756 4706 1957 4773 debet,

381 4835 541 4890 quam
570 4817 797 4873 volcnde
822 4823 1042 4885 prepter
1071 4809 1214 4880 quod
1253 4808 1431 4863 debet.
1463 4803 1804 4873 Quapropter
1842 4815 1960 4854 om-

381 4914 466 4967 nis
508 4912 758 4966 voluntas
805 4910 968 4963 babet
995 4905 1155 4978 quid,
1188 4910 1242 4957 et
1277 4917 1375 4955 cur
1407 4917 1422 4953 :
1451 4898 1674 4953 omnino
1725 4905 1960 4961 namque

381 5004 517 5060 nihil
551 5003 797 5059 volumus
837 5000 938 5055 nisi
965 4998 1034 5054 sit
1055 5013 1153 5053 cur
1181 4994 1427 5051 velimus.
1453 4991 1598 5046 DISC.
1624 4987 1827 5043 Omnes
1856 4985 1962 5039 hoc

2041 1775 2170 1831 tatis
2224 1775 2604 1830 rectitudinem
2643 1789 2752 1830 non
2805 1781 3031 1846 prepter
3068 1775 3239 1840 aliud,
3297 1775 3619 1845 inquantum

2033 1864 2210 1935 justus
2237 1873 2515 1934 est,quam
2537 1863 2630 1896 ³⁸³⁸⁵
2660 1873 2878 1935 propter
2908 1866 3081 1934 ipsam
3107 1863 3627 1932 rectitudinem.Qui

2040 1965 2223 2011 autem
2253 1955 2469 2011 nonnisi
2498 1963 2736 2020 coactus,
2773 1964 2868 2009 aut
2913 1963 3176 2010 extranea
3207 1955 3456 2010 mercede
3493 1968 3626 2010 con-

2043 2047 2256 2112 ductus,
2289 2045 2404 2101 vult
2453 2045 2594 2116 quod
2649 2047 2811 2102 debet
2859 2045 2928 2117 (si
2971 2061 3194 2102 servare
3237 2047 3501 2103 dicendus
3543 2055 3632 2102 est

2043 2138 2448 2208 rectitudinem)
2490 2151 2598 2191 non
2648 2151 2768 2192 eam
2809 2144 2990 2192 servat
3021 2146 3246 2208 propter
3294 2137 3495 2206 ipsam,
3535 2137 3630 2193 sed

2042 2239 2270 2302 propter
2293 2229 2458 2284 aliud.
2483 2228 2623 2285 MAG.
2658 2228 2924 2284 Voluntas
2951 2243 3080 2300 ergo
3105 2228 3194 2284 illa
3220 2227 3372 2299 justa
3401 2229 3631 2284 dicenda

2045 2331 2130 2378 est
2149 2322 2264 2388 δι”,
2292 2337 2414 2392 qme
2444 2321 2529 2376 sui
2562 2320 2942 2377 rectitudinem
2978 2327 3162 2376 servat
3191 2328 3416 2390 propter
3456 2320 3631 2390 ipsam

2045 2415 2449 2476 rectitudinem.
2478 2415 2630 2470 Drsc.
2684 2413 2794 2467 Aut
2853 2413 2990 2476 ista,
3043 2419 3139 2467 aut
3185 2412 3332 2467 nulla
3378 2413 3635 2468 voluntas

2040 2508 2187 2578 justa
2217 2517 2318 2564 est.
2353 2507 2496 2563 MAG.
2525 2505 2745 2562 Justitia
2781 2504 2948 2576 igitur
2977 2515 3062 2559 est
3086 2503 3353 2558 rectitude
3384 2503 3634 2560 volunta-

2049 2601 2118 2656 tis
2163 2609 2386 2672 propter
2421 2615 2480 2656 se
2531 2607 2766 2655 servata.
2805 2598 2947 2652 DISC.
2979 2596 3096 2651 haec
3135 2604 3219 2651 est
3247 2593 3472 2664 justitiae
3500 2594 3638 2650 dilli-

2045 2694 2213 2759 nitio,
2261 2707 2424 2764 quam
2455 2690 2782 2761 quaerebam.
2817 2689 2958 2745 MAG.
3003 2687 3140 2742 Vide
3176 2695 3357 2743 tamen
3397 2703 3466 2744 ne
3497 2688 3638 2744 forte

2046 2781 2250 2854 aliquid
2280 2784 2333 2836 in
2365 2797 2429 2836 ea
2481 2781 2679 2836 debeat
2709 2779 2933 2851 corrigi.
2967 2781 3114 2837 Dtsc.
3157 2780 3270 2850 Ego
3308 2777 3447 2835 nihil
3478 2778 3535 2833 in
3571 2793 3639 2834 ea

2047 2876 2448 2948 corrigendum.
2475 2873 2615 2929 MAG.
2661 2871 2774 2928 Nec
2823 2887 2942 2944 ego.
2977 2873 3132 2928 Nulla
3164 2886 3402 2943 namque
3427 2870 3639 2942 justitia

2048 2979 2155 3036 est,
2184 2983 2304 3039 qua:
2338 2983 2442 3024 non
2494 2975 2578 3022 est
2619 2964 2931 3030 rectitude;
2960 2979 3063 3020 nec
3092 2964 3222 3031 alia,
3261 2978 3426 3033 quam
3469 2961 3638 3018 recti-

1973 3021 2019 3086 Ο
2053 3062 2180 3119 tudo
2205 3059 2521 3125 voluntatis,
2542 3056 2757 3128 justitia
2787 3056 2992 3112 dicitur
3020 3070 3120 3126 per
3154 3021 3460 3110 adjicitur
3485 3051 3635 3107 enim

2049 3151 2318 3208 rectitude
2364 3148 2617 3213 actionis,
2650 3144 2901 3216 justitia;
2941 3144 3037 3200 sed
3078 3141 3294 3198 nonnisi
3335 3155 3457 3196 eum
3491 3137 3640 3207 justa

2047 3243 2330 3299 voluntate
2387 3241 2448 3296 lit
2495 3241 2660 3295 actio.
2725 3236 3015 3294 Rectitudo
3071 3243 3253 3290 autem
3302 3232 3638 3296 voluntatis,

2047 3334 2260 3390 etiamsi
2305 3328 2638 3403 impossibile
2685 3327 2758 3384 sit
2805 3326 2924 3382 ﬁeri
2956 3324 3102 3396 quod
3150 3331 3302 3379 recte
3341 3320 3632 3388 volumus,

2052 3434 2236 3481 tamen
2266 3433 2614 3491 nequaquam
2644 3417 2850 3472 amittit
2887 3430 3088 3472 nomen
3105 3411 3354 3482 iustitiae.
3379 3411 3517 3479 Quia
3543 3426 3642 3465 au-

2051 3523 2162 3573 tem
2192 3522 2409 3570 servata
2444 3509 2644 3566 dicitur
2676 3527 2691 3564 :
2724 3506 2889 3564 Forte
2938 3507 3081 3562 dicet
3109 3503 3309 3574 aliquis
3332 3543 3349 3569 ,
3395 3502 3442 3558 si
3481 3501 3644 3558 recti-

2051 3609 2179 3665 tude
2217 3602 2509 3662 voluntatis
2555 3601 2768 3660 nonnisi
2809 3613 2934 3656 cum
2966 3605 3239 3658 servatur.
3282 3593 3514 3651 dicenda
3557 3601 3644 3649 est

2047 3697 2286 3768 justitia;
2313 3709 2420 3750 non
2449 3707 2577 3748 mox
2612 3699 2668 3747 ut
2696 3690 2947 3754 habetur,
2979 3693 3064 3744 εει
3087 3684 3297 3755 justitia
3331 3701 3347 3740 :
3377 3699 3480 3740 nec
3501 3683 3642 3740 acci-

2052 3786 2231 3858 pimus
2251 3783 2344 3818 ³¹⁴²⁶
2375 3781 2668 3852 justitiam,
2699 3793 2822 3834 cum
2851 3776 2998 3831 illam
3031 3776 3359 3845 accipimus;
3400 3771 3494 3828 sed
3519 3785 3638 3837 nos,

2054 3874 2345 3939 servando,
2391 3871 2620 3928 facimus
2649 3883 2769 3926 eam
2802 3867 3074 3937 justitiam
3114 3879 3258 3921 esse.
3303 3863 3440 3917 Nam
3485 3862 3638 3932 prius

2056 3968 2353 4038 accipimus
2377 3963 2524 4019 illam
2565 3969 2622 4018 et
2667 3960 2953 4023 habemus,
2987 3972 3150 4028 quam
3181 3969 3463 4012 servemus
3491 3972 3505 4009 :
3535 3970 3644 4010 non

2015 4127 2026 4147 η
2055 4061 2202 4118 enim
2227 4058 2349 4114 ideo
2383 4055 2533 4110 illam
2556 4051 2876 4120 accipimus,
2909 4062 3010 4104 nec
3038 4047 3240 4102 idcirco
3271 4044 3419 4099 illam
3448 4045 3639 4115 primi-

2058 4161 2146 4208 tus
2187 4140 2476 4213 habemus,
2503 4144 2632 4215 quia
2661 4154 2976 4206 servamus;
3021 4139 3116 4194 sed
3152 4135 3300 4192 illam
3352 4135 3647 4207 incipimus

2059 4243 2180 4300 ideo
2227 4252 2468 4305 servare,
2517 4236 2643 4306 quia
2679 4233 2978 4304 accipimus
3007 4239 3064 4286 et
3105 4230 3390 4286 habemus.
3422 4227 3528 4284 Sed
3578 4226 3647 4282 ad

2060 4335 2166 4389 hoc
2205 4329 2535 4402 respondere
2572 4340 2671 4381 nos
2708 4337 2998 4396 possumus
3054 4321 3184 4390 quia
3241 4319 3404 4375 simul
3441 4317 3648 4387 accipi-

2062 4441 2183 4482 mus
2206 4423 2352 4478 illam
2381 4428 2438 4475 et
2467 4416 2605 4473 velle
2633 4425 2688 4472 et
2719 4413 2924 4470 habere
2955 4429 2970 4466 :
2994 4425 3102 4467 non
3129 4410 3274 4467 enim
3304 4409 3452 4464 illam
3481 4407 3649 4463 habe-

2061 4533 2204 4582 mus,
2229 4512 2332 4569 nisi
2361 4507 2622 4571 volendo;
2647 4505 2780 4569 et,si
2812 4517 2934 4559 eam
2962 4500 3352 4567 volumus,hee
3373 4499 3493 4569 ipso
3525 4512 3648 4554 eam

2062 4611 2154 4644 “'7
2179 4607 2462 4664 habemus.
2497 4597 2654 4654 Sicut
2688 4605 2868 4653 autem
2895 4595 3043 4651 illam
3088 4593 3250 4650 simul
3279 4592 3564 4659 habemus,
3595 4598 3651 4642 et

2061 4701 2346 4762 volumus;
2390 4693 2463 4746 ita
2491 4689 2580 4744 illa
2606 4688 2767 4745 simul
2785 4689 3034 4744 volumus
3065 4698 3124 4742 et
3159 4698 3482 4743 servamus:
3515 4697 3651 4752 quo-

2064 4795 2214 4851 niam
2255 4792 2398 4847 sicut
2429 4803 2549 4844 eam
2589 4799 2695 4839 non
2728 4793 3030 4838 servamus.
3062 4777 3166 4832 nisi
3207 4792 3330 4832 cum
3377 4774 3524 4828 illam
3553 4786 3648 4826 vo-

2067 4887 2279 4951 lumus;
2306 4883 2385 4938 sic
2412 4895 2519 4936 non
2542 4885 2627 4933 est
2649 4872 2867 4944 quando
2896 4885 3016 4927 eam
3039 4869 3289 4934 velimus,
3318 4875 3373 4922 et
3401 4881 3509 4921 non
3531 4879 3650 4920 ser-

2071 4989 2260 5032 vemus
2303 4991 2317 5028 :
2359 4971 2454 5028 sed
2494 4965 2734 5041 quandiu
2763 4978 2887 5020 eam
2926 4962 3198 5029 volumus,
3248 4970 3565 5022 servamus;
3599 4963 3653 5010 et

1661 5138 1895 5199 VARle
1923 5130 2330 5193 LECTIONES.

476 5297 572 5330 3""
623 5293 768 5360 Quid
811 5292 880 5346 sit
920 5290 1100 5360 justus
1151 5302 1248 5339 ms.
1303 5282 1444 5360 Vict.
1503 5280 1644 5360 5__et
1702 5272 1998 5360 SzmMicli.
2051 5270 2173 5360 quis
2204 5265 3024 5360 'sit.justttsv:j";‘£uogiﬂn
3049 5265 3589 5360 "igligl‘n'IZSZ‘lrﬁei

2049 5315 2500 5396 s'u‘llici‘ant'm‘ss.‘
2519 5331 2658 5386 Vict.
2683 5315 2832 5386 Geni.
2880 5325 3004 5380 Bec.
3049 5315 3238 5378 Cister.
3268 5335 3389 5397 qua;
3423 5315 3652 5397 sufficiat

1953 5386 2552 5476 ENA-liutbiinqua—m,
2597 5401 2777 5476 justus
2821 5407 2927 5463 est.
2969 5409 3140 5476 ﬁlia"!
3173 5386 3312 5476 "mi
3341 5386 3646 5476 Βεελίξξεωο

385 5369 532 5422 Gem.
567 5345 766 5419 Villi-5
791 5345 836 5415 ct
869 5345 978 5416 9'et
1022 5357 1209 5410 Cister.
1242 5354 1498 5424 queuiam
1552 5351 1694 5424 ideo_
1745 5345 1914 5424 “"_Q

386 5416 811 5491 ίλῖἶλιίό-ιῖιοζίο
839 5431 955 5486 vult
979 5428 1154 5497 justus
1202 5416 1303 5478 ms.
1349 5420 1546 5497 (ξίςςιενζ
1585 5418 1736 5497 omit.
1767 5416 1882 5497 vult

2615 5261 2706 5297 8m
2759 5255 3024 5326 Quoniam
3079 5253 3254 5326 igitur
3329 5263 3456 5302 mss.
3493 5247 3644 5326 “Bac.

387 5457 480 5472 ’“⁴¹
1071 5457 1122 5478 ιι
1203 5457 1303 5478 tua.
1349 5457 1507 5475 υιοιω
1527 5458 1538 5470 ο
1585 5457 1736 5472 νηιιυ.
1779 5457 1882 5470 τι...
2076 5457 2257 5472 ...η-.--γ
2307 5457 2355 5460 __.
2382 5457 2431 5476 ,η
2478 5457 2485 5458 ,
2540 5457 2551 5468 _
2597 5457 2616 5470 ,
2914 5457 2924 5463 ν
2989 5457 3004 5466 _

387 5457 544 5564 aliut?
556 5457 1078 5574 ἳιῗίιζίᾨῇῗιιῖῖιῖῖιδέιῗξε
1094 5457 1189 5574 ‘east
1211 5509 1334 5574 mss.
1359 5491 1484 5574 Bec.
1515 5489 1572 5554 6,
1597 5482 2031 5574 (ἰὶιςιενῃνὶειλδἒ
2051 5481 2103 5533 Μ
2111 5480 2213 5574 ει·ξῖ
2246 5465 3318 5574 θξὶυιξξιιῃιέαηξὲζῗιῇίι
3333 5457 3650 5574 m2“

387 5527 529 5564 anno
562 5527 877 5574 Inquautum
900 5527 1078 5568 justus
1105 5527 1189 5550 σοι
1211 5527 1334 5547 "too.
1359 5527 1484 5546 μιν.
1517 5527 1572 5554 υ,
1599 5527 1755 5544 Vw...
1808 5527 1818 5536 .
1845 5527 1934 5539 η...
1960 5527 2019 5538 υ.
2051 5527 2210 5560 --ηιμ
2247 5527 2385 5557 ,ζτ-νή
2484 5527 2524 5542 ,γ
2751 5527 2769 5538 _
3106 5536 3116 5547 .
3163 5535 3174 5546 .

379 5579 527 5646 insm
557 5586 795 5646 εειληερο
823 5586 953 5646 ergo
985 5567 1075 5623 ίιιτι
1101 5567 1246 5646 iam
1273 5563 1500 5646 ςιίοοηρο
1523 5569 1617 5646 32%}
1645 5573 1751 5646 931‘:
1775 5555 1897 5646 ἔίεξς
1929 5538 2842 5646 (ἐᾶτεξὲ,Ψὶὲῗδίέηἳδξηρῗέῗιὲῗθ
2871 5552 2970 5595 θθθ
3004 5548 3302 5608 mpm“
3333 5549 3459 5586 ⁷³³⁸³’
3494 5527 3645 5584 δίἠ·

388 5609 795 5703 3351'
823 5609 1500 5702 Eiiie}2'3.{.iiiiﬁ.i',"s'éii"
1523 5609 1614 5663 ’δέ
1645 5627 1754 5683 lloc
1787 5609 1902 5696 ipso
1933 5622 2047 5680 solo
2066 5609 2196 5678 Eam
2228 5609 2353 5675 m'ss.
2384 5616 2486 5672 hoc
2521 5613 2639 5687 ipso
2673 5609 2820 5665 illam
