3940 6046
321 165 423 223 487

341 320 3313 360 MM

856 166 915 224 S.
958 164 1256 223 ANSELMI
1296 161 1647 220 CANTUAIl.
1692 154 2017 217 ARCHIEP.
2057 154 2208 213 OPP.
2252 154 2431 211 PARS
2454 150 2497 210 1.
2530 150 2601 195 '-—
2631 152 3055 212 DOGMATICA.

3479 154 3586 210 488

1169 476 1857 594 SANGTI
1924 472 2736 589 ansarum

1752 706 2121 795 LIBER

1292 928 1491 1051 DE
1638 919 2612 1135 νΨΤΑΤΕ
2702 844 2705 849 ”

394 1213 673 1286 116(83)
700 1212 961 1269 Voluntas
989 1210 1263 1282 :equivoce
1290 1208 1731 1266 diciturtdicitur
1754 1207 1899 1263 enim
1926 1225 1978 1282 Α
2003 1206 2162 1261 voluit
2184 1206 2439 1262 Dominus
2469 1208 2591 1277 fecit
2616 1207 2935 1281 (Psachm,
2964 1214 3050 1284 5);
3078 1216 3371 1273 secundum
3400 1234 3595 1292 appro-

319 1306 573 1359 voluntas
601 1307 1029 1359 instrumentum
1060 1300 1297 1368 volendi,
1345 1300 1487 1354 sicut
1515 1299 1661 1353 visus
1703 1297 1905 1352 instru-

320 1409 558 1452 mentum
588 1395 831 1461 videndi;
860 1402 915 1450 et
936 1394 1133 1449 dicitur
1154 1392 1405 1448 voluntas
1424 1389 1638 1446 affectio
1662 1389 1903 1459 ejusdem

318 1488 688 1551 instrumenti,
728 1487 867 1541 sicut
898 1486 1113 1541 dilectio
1145 1484 1263 1550 ﬁlii,
1296 1498 1416 1553 quae
1466 1496 1682 1552 semper
1714 1490 1798 1537 est
1850 1482 1903 1537 in

318 1578 599 1633 voluntate
653 1576 867 1640 matris,
904 1574 1113 1630 scilicet
1162 1575 1214 1628 in
1264 1574 1626 1628 instrumento
1666 1572 1899 1640 volendi,

320 1668 463 1738 quod
484 1683 547 1722 ea
569 1666 856 1722 affectione
874 1681 1088 1737 semper
1100 1674 1407 1737 promptum
1432 1665 1592 1720 estad
1618 1663 1903 1720 volendum

320 1759 549 1814 salutem
591 1758 709 1826 ﬁlii,
749 1760 867 1814 sive
919 1774 1041 1813 cum
1096 1759 1199 1813 hoc
1231 1758 1455 1828 cogitat,
1490 1757 1605 1811 sive
1654 1756 1906 1811 cumboc

320 1868 428 1908 non
453 1853 672 1924 cogitat.
701 1853 895 1907 Dicitur
928 1852 1090 1907 etiam
1107 1852 1357 1905 voluntas
1379 1864 1514 1920 opus
1535 1846 1904 1913 instrumenti,

320 1958 442 1997 cum
456 1943 742 2012 cogitando
756 1943 867 1996 vult
882 1941 1102 2010 aliquid.
1120 1941 1375 2017 Voluntas
1388 1941 1801 1994 instrumentum
1815 1952 1907 1991 na-

320 2037 498 2091 turale
523 2046 605 2091 est
632 2036 846 2089 animae.
878 2034 1211 2090 Afl‘ectiones
1240 2031 1566 2104 principales
1593 2031 1713 2086 dum
1734 2036 1856 2086 sunt
1889 2046 1901 2081 :

320 2125 552 2194 affectio,
578 2126 791 2181 scilicet
811 2125 1023 2179 volendi
1044 2123 1386 2181 commodum
1409 2124 1554 2193 quod
1575 2121 1712 2178 velle
1728 2128 1907 2191 potest

320 2218 520 2289 aliquid
542 2228 828 2288 antequam
853 2217 1066 2281 habeat,
1083 2224 1138 2271 et
1154 2214 1365 2270 affectio
1386 2214 1596 2270 volendi
1615 2212 1903 2283 justitiam.

320 2309 548 2366 Affectio
576 2310 787 2366 volendi
823 2308 1167 2364 commodum
1205 2321 1419 2377 semper
1464 2314 1521 2360 et
1567 2302 1908 2374 inseparabi-

319 2400 447 2456 liter
494 2408 577 2455 est
612 2400 666 2455 in
710 2400 1100 2463 instrumento;
1138 2394 1354 2452 afl‘ectio
1380 2394 1595 2451 volen‘di
1640 2392 1905 2464 justitiam

322 2508 424 2549 nec
451 2507 663 2562 semper
695 2491 857 2557 inest,
888 2490 1028 2545 sicut
1055 2488 1110 2543 in
1145 2486 1344 2565 injuste
1367 2485 1618 2552 homine;
1650 2498 1753 2539 nec
1780 2497 1902 2537 cum

2004 1297 2219 1352 bantem
2249 1312 2374 1365 vero
2399 1299 2597 1354 dicitur
2617 1301 2745 1369 quia
2771 1302 2913 1357 Deus
2938 1304 3053 1359 vult
3073 1320 3287 1363 omnem
3316 1310 3590 1367 hominem

2005 1387 2216 1443 salvum
2252 1388 2391 1444 ﬁeri.
2420 1390 2699 1460 Approbat
2730 1394 2872 1447 enim
2913 1394 3081 1462 Deus,
3122 1406 3177 1451 et
3204 1398 3384 1468 placet
3418 1401 3492 1456 illi
3526 1403 3593 1458 de

2004 1481 2436 1553 omnibusjustis
2461 1483 2737 1555 quiajusti
2789 1496 2940 1553 sunt,
2974 1498 3033 1542 ut
3062 1488 3194 1544 salvi
3234 1489 3397 1558 ﬁant;
3429 1503 3484 1548 et
3510 1494 3596 1548 ni-

2007 1571 2301 1627 hilominus
2356 1573 2595 1643 placeret
2644 1576 2723 1630 eis
2753 1579 2819 1633 de
2867 1577 3102 1648 injustis,
3134 1580 3179 1635 si
3215 1580 3350 1651 justi
3386 1591 3592 1647 essent,

2006 1670 2066 1716 ut
2097 1663 2231 1718 salvi
2254 1664 2468 1719 fierent.
2507 1664 2637 1720 Tale
2685 1677 2769 1722 est
2796 1669 2940 1723 enim
2981 1671 3124 1741 quod
3160 1671 3364 1726 dictum
3399 1681 3501 1737 est,
3531 1688 3596 1727 ac

2006 1752 2052 1807 si
2099 1753 2310 1807 dicatur
2339 1770 2352 1806 :
2380 1754 2523 1808 Deus
2570 1754 2775 1812 nullum
2825 1757 2957 1813 facit
2986 1758 3275 1827 iniustum;
3310 1762 3403 1817 sed
3431 1777 3598 1817 unus-

2007 1841 2236 1911 quisque
2263 1858 2293 1896 a
2330 1859 2386 1899 se
2416 1843 2581 1898 habet
2607 1844 2924 1913 injustitiam
2951 1856 3010 1903 ut
3036 1850 3323 1904 damnetur
3353 1868 3365 1905 :
3394 1858 3447 1904 et
3477 1851 3596 1907 ideo

2007 1948 2114 1989 non
2152 1943 2332 2004 potest
2357 1936 2461 1992 dici
2494 1938 2783 2009 diSplicere
2811 1939 2940 2004 Deo,
2968 1940 3010 1994 si
3040 1940 3217 2010 justus
3239 1942 3309 1996 sit
3333 1950 3388 1997 et
3422 1941 3599 1997 salve-

2010 2032 2128 2092 tur;
2163 2040 2264 2081 nec
2287 2036 2467 2097 potest
2495 2030 2601 2084 dici
2630 2031 2797 2084 Deum
2830 2044 3133 2100 repugnare
3162 2030 3321 2085 saluti
3346 2031 3593 2103 alicujus,

2008 2117 2101 2172 sed
2150 2119 2450 2188 approbare
2485 2121 2529 2175 si
2568 2121 2639 2176 sit
2671 2120 2763 2191 qui
2798 2120 3058 2175 salvetur.
3111 2119 3420 2176 Secundum
3464 2136 3595 2191 per-

2007 2211 2311 2267 mittentem
2344 2227 2471 2268 vero
2522 2213 2852 2269 voluntatem
2908 2213 3108 2268 dicitur
3149 2214 3273 2284 quia
3300 2231 3452 2284 quem
3485 2214 3598 2269 vult

2007 2300 2240 2367 indurat,
2302 2304 2557 2373 quoniam
2606 2306 2871 2375 permittit
2915 2305 3189 2373 indurari;
3252 2306 3395 2376 quod
3445 2307 3593 2362 enim

2009 2398 2351 2465 praemissum
2374 2407 2479 2466 est,
2495 2399 2580 2453 cui
2600 2400 2708 2453 vult
2735 2400 3028 2465 miseretur,
3043 2399 3339 2455 secundum
3369 2398 3601 2455 efﬁcien-

2010 2496 2120 2541 tem
2168 2488 2501 2544 voluntatem
2554 2491 2758 2545 dictum
2812 2499 2914 2547 est.
2964 2491 3123 2546 Patet
3155 2502 3336 2547 autem
3374 2492 3502 2561 quia
3532 2493 3597 2547 de

324 2584 487 2650 inest,
516 2597 731 2651 semper
752 2588 836 2635 est
870 2577 1274 2648 inseparabilis,
1304 2577 1447 2632 sicut
1467 2591 1521 2630 tn
1542 2573 1707 2643 justis
1730 2573 1908 2629 homi-
1935 2584 1985 2647 Β
2012 2576 2221 2632 duabus
2242 2576 2616 2634 affectionibus
2641 2580 2990 2636 instrumenti
3012 2580 3248 2646 volendi,
3270 2580 3357 2635 illa
3375 2582 3599 2637 omnino

322 2679 482 2732 nibus
511 2678 565 2731 in
600 2676 704 2729 hac
728 2674 839 2727 vita
869 2678 1122 2740 apparet;
1152 2677 1207 2723 et
1246 2666 1537 2737 aliquando
1570 2674 1655 2722 est
1680 2665 1912 2736 .insepa-

322 2770 535 2836 rabilis,
592 2767 733 2823 sicut
776 2766 830 2820 in
874 2764 1062 2819 electis
1110 2761 1336 2834 angelis,
1384 2769 1438 2816 et
1476 2762 1529 2816 in
1572 2760 1812 2826 sanctis;
1853 2759 1911 2814 in

322 2862 547 2928 sanctis,
569 2859 853 2930 postbanc
876 2856 1062 2921 vitam;
1085 2854 1179 2911 sed
1200 2855 1253 2910 in
1270 2844 1475 2925 angelis
1497 2896 1512 2921 ,
1538 2866 1752 2922 semper
1774 2850 1911 2923 (84).

330 2951 411 3005 Ex
441 2949 525 3003 his
560 2948 767 3003 duabus
789 2943 1164 3001 affectionibus
1195 2943 1443 3001 volumus
1470 2941 1730 3013 quidquid
1761 2941 1911 2997 volui

323 3056 464 3096 mus.
495 3039 603 3095 Aut
625 3040 769 3095 enim
791 3038 1039 3096 volumus
1052 3038 1394 3095 commodum
1416 3044 1509 3089 aut
1526 3033 1827 3103 justitiam;
1856 3041 1911 3088 et

320 3131 459 3197 brec,
488 3138 579 3184 aut
601 3141 820 3201 propter
849 3133 1214 3196 commodum,
1248 3136 1343 3183 aut
1373 3134 1596 3198 propter
1614 3125 1904 3197 justitiam.

322 3220 609 3290 Voluntas,
627 3238 746 3294 qua:
769 3239 898 3281 usus
921 3224 1122 3281 dicitur
1134 3223 1219 3279 vel
1232 3238 1367 3295 opus
1392 3218 1913 3287 instrumenti,sicut

319 3314 457 3370 visio
478 3328 614 3384 opus
630 3314 716 3369 vel
740 3330 869 3371 usus
891 3314 1041 3371 visus
1071 3312 1417 3371 instrumenti
1433 3311 1675 3379 videndi,
1693 3307 1909 3365 nonnisi

322 3405 377 3460 in
400 3406 673 3476 cogitante
692 3414 808 3473 est,
831 3414 887 3461 et
917 3415 1002 3462 est
1026 3406 1234 3476 pariter
1253 3419 1376 3459 cum
1400 3404 1518 3474 ipso
1548 3401 1910 3457 instrumento

321 3512 457 3569 opus
488 3497 812 3565 affectionis,
844 3498 987 3554 sicut
1030 3504 1191 3552 acuta
1234 3495 1373 3551 visio
1400 3509 1538 3564 opus
1567 3501 1654 3550 est
1677 3493 1828 3549 visus
1856 3498 1909 3549 et

324 3590 593 3645 acuminis
620 3590 786 3646 visus.
823 3589 949 3645 Haec
979 3590 1142 3661 igitur
1168 3587 1420 3643 voluntas
1464 3594 1558 3641 aut
1578 3594 1662 3641 est
1686 3592 1909 3656 propter

322 3698 461 3749 rem,
489 3697 649 3751 quam
674 3682 809 3739 velle
838 3681 1057 3750 dicitur,
1086 3690 1149 3736 ut
1174 3696 1297 3736 cum
1328 3678 1618 3752 cogitando
1647 3676 1904 3742 salutem,

321 3790 442 3830 eam
496 3774 783 3841 volumus;
867 3785 961 3829 aut
1025 3780 1247 3845 propter
1319 3771 1486 3839 aliud,
1539 3778 1602 3825 ut
1660 3768 1905 3839 equitare

320 3867 570 3924 volumus
618 3875 839 3938 propter
878 3865 1131 3922 salutem.
1180 3863 1283 3920 Est
1328 3863 1493 3919 etiam
1539 3860 1645 3916 alia
1709 3857 1904 3914 divisio

2013 2673 2207 2728 melior
2227 2681 2309 2727 est
2330 2683 2384 2729 et
2409 2674 2630 2729 omnino
2659 2674 3043 2745 praeponenda,
3061 2690 3181 2746 quae
3206 2683 3287 2730 est
3317 2675 3385 2729 ad
3413 2674 3598 2729 volen-

2012 2764 2138 2818 dum
2169 2763 2436 2832 justitiam
2466 2781 2481 2819 :
2512 2780 2607 2836 per
2640 2766 2782 2822 banc
2811 2767 2955 2823 enim
3001 2767 3180 2822 omnis
3200 2766 3380 2836 justus
3418 2765 3601 2835 justus

2013 2863 2096 2909 est
2114 2871 2128 2920 ;
2169 2870 2293 2921 nec,
2325 2856 2429 2911 nisi
2457 2870 2554 2926 per
2577 2857 2759 2923 istam,
2791 2857 2986 2928 aliquis
3012 2858 3203 2914 beatus
3224 2871 3344 2913 esse
3372 2867 3550 2928 potest
3580 2875 3594 2911 :

2012 2955 2066 2999 et
2088 2947 2134 3002 si
2165 2946 2251 3001 illa
2282 2963 2401 3019 quae
2430 2956 2515 3003 est
2551 2948 2765 3005 voleudi
2794 2949 3139 3006 commodum
3178 2959 3399 3020 propter
3430 2948 3598 3018 justi-

2012 3038 2163 3105 tiam,
2192 3040 2413 3096 omnino
2436 3055 2543 3096 non
2567 3049 2712 3097 esset
2738 3041 2789 3096 in
2819 3042 2998 3097 anima
3017 3081 3037 3110 ,
3064 3040 3220 3097 beata
3243 3051 3424 3098 tamen
3450 3052 3598 3098 esset

2020 3129 2204 3185 anima
2248 3130 2360 3187 sola
2391 3132 2681 3187 dilectione
2706 3130 2953 3201 justitite,
2990 3147 3092 3188 nec
3136 3132 3409 3188 ullatenus
3455 3142 3601 3190 esset

2010 3218 2207 3281 misera
2245 3234 2344 3289 per
2392 3221 2695 3276 absentiam
2749 3221 2977 3291 alicujus
3031 3222 3258 3277 alterius
3301 3223 3592 3289 commodi,

2009 3308 2137 3378 quia
2162 3324 2270 3366 non
2300 3310 2568 3382 indigeret
2586 3326 2650 3367 ea
2681 3327 2739 3367 re
2794 3328 2958 3383 quam
2984 3329 3091 3370 non
3117 3312 3277 3369 vellet
3305 3332 3319 3368 :
3354 3314 3443 3368 illa
3466 3330 3599 3371 vero

2006 3398 2244 3467 affectio,
2271 3415 2392 3471 qu:e
2406 3411 2489 3457 est
2504 3401 2716 3459 volendi
2741 3405 3110 3469 commodum,
3132 3418 3231 3473 per
3251 3419 3411 3475 quam
3432 3406 3597 3459 etiam

2007 3505 2199 3548 omnes
2222 3491 2355 3564 justi
2386 3492 2576 3549 volunt
2595 3509 2718 3551 esse
2744 3495 2909 3563 beati,
2937 3496 2983 3552 si
3013 3494 3128 3551 sola
3157 3495 3329 3563 adsit;
3381 3494 3597 3552 nonnisi

2007 3579 2264 3635 miserum
2291 3579 2450 3649 facit;
2490 3584 2618 3653 quia
2658 3598 2928 3656 nusquam
2956 3584 3024 3639 ad
3060 3584 3164 3641 hoc
3193 3585 3337 3654 quod
3368 3586 3594 3655 appetit,

2005 3671 2121 3727 sine
2141 3658 2348 3743 justitia
2377 3676 2653 3747 pertingit.

2073 3765 2321 3821 Potestas
2352 3777 2436 3824 est
2474 3770 2719 3840 aptitudo
2756 3771 2823 3825 ad
2855 3770 3157 3828 faciendum
3193 3787 3376 3844 :pono
3414 3780 3596 3829 autem

2005 3857 2112 3925 hic,
2144 3859 2338 3929 facere,
2369 3876 2469 3931 pro
2493 3863 2642 3918 omni
2670 3863 2838 3919 verbo
2871 3864 3027 3920 ﬁnito
3059 3865 3143 3920 vel
3182 3864 3414 3933 infinito,
3444 3866 3589 3936 quod

321 3958 484 4028 hujus
528 3956 852 4024 voluntatis;
892 3957 1021 4026 quia
1069 3963 1165 4010 aut
1208 3952 1324 4009 vult
1366 3967 1488 4009 esse
1526 3950 1753 4021 aliquid,
1810 3956 1905 4003 aut
1933 3948 1978 4012 C
2008 3948 2272 4020 frequens
2308 3968 2440 4008 usus
2480 3954 2665 4009 habet.
2693 3954 2796 4022 Qui
2821 3957 2966 4012 enim
2996 3956 3235 4027 loquitur
3260 3973 3383 4013 cum
3411 3959 3588 4020 debet,

319 4050 435 4105 vult
478 4066 584 4105 non
642 4065 764 4106 esse
816 4048 960 4120 (85);
1027 4057 1081 4103 ut
1126 4046 1266 4103 velle
1340 4058 1461 4100 esse
1497 4043 1795 4109 hominem,
1851 4049 1907 4097 et

320 4140 460 4195 velle
488 4156 595 4196 non
623 4155 745 4195 esse
789 4139 1085 4195 hominem.
1123 4135 1337 4206 Recipit
1368 4135 1533 4190 etiam
1561 4134 1902 4201 divisionem,

322 4247 483 4302 quam
516 4232 707 4302 recipit
731 4231 926 4301 facere.
957 4229 1065 4319 Seg
1090 4229 1236 4285 enim
1268 4228 1443 4283 modis
1473 4226 1704 4282 dicimus
1726 4226 1906 4283 facere

321 4342 460 4390 esse,
493 4333 549 4380 et
589 4324 808 4381 totidem
841 4324 1020 4380 facere
1050 4338 1161 4379 non
1183 4336 1324 4378 esse.
1379 4320 1495 4376 Dici
1525 4320 1689 4376 etiam
1732 4327 1908 4390 potest

321 4418 438 4474 haec
464 4416 730 4482 voluntas,
762 4415 866 4471 alia
885 4414 1143 4482 efﬁciens,
1168 4412 1271 4468 alia
1300 4412 1626 4490 approbans,
1654 4408 1759 4464 alia
1782 4425 1906 4480 per-

324 4509 544 4562 mittens
577 4524 590 4561 :
623 4506 944 4563 efﬁcientem
967 4507 1109 4574 dico,
1146 4521 1267 4576 qua:
1309 4503 1474 4560 efﬁcit
1502 4502 1646 4575 quod
1675 4499 1815 4567 vult,
1852 4510 1907 4557 et

322 4612 442 4667 quae
489 4595 747 4661 efliceret,
794 4598 837 4651 si
875 4607 1083 4666 posset;
1134 4596 1519 4665 approbantem
1573 4610 1725 4661 vero,
1784 4610 1905 4664 qua:

322 4685 584 4753 approbat
629 4688 771 4754 quod
812 4695 917 4751 est,
967 4695 1022 4740 et
1072 4701 1192 4756 quae
1226 4685 1566 4756 approbaret,
1629 4685 1672 4738 si
1719 4694 1900 4748 esset;

322 4776 727 4843 permittentem
756 4791 912 4841 vero,
948 4791 1068 4846 quae
1113 4775 1380 4846 permittit
1427 4787 1547 4830 esse
1574 4774 1716 4843 quod
1766 4773 1905 4829 velle

323 4867 543 4933 dicitur,
568 4869 613 4923 si
642 4877 746 4935 est,
771 4877 967 4938 etquae
992 4868 1356 4939 permitteret,
1386 4867 1430 4922 si
1460 4874 1603 4922 esset
1627 4880 1642 4920 :
1666 4864 1904 4921 efﬁciens

322 4958 537 5029 quidem
560 4967 643 5012 est
670 4959 834 5014 etiam
863 4958 1170 5029 approbans
1199 4966 1255 5014 et
1295 4957 1656 5029 permittens;
1705 4969 1902 5026 appro-

321 5047 459 5102 bans
484 5056 662 5102 autem
691 5055 775 5102 est
809 5056 865 5102 et
887 5048 1236 5118 permittens,
1277 5046 1594 5117 permittens
1625 5059 1752 5100 vero
1780 5054 1902 5098 tan-

323 5145 435 5193 tum
464 5152 563 5193 nec
608 5136 866 5208 efﬁciens,
906 5154 1007 5196 nec
1046 5139 1353 5210 approbans
1393 5145 1541 5192 recte
1567 5135 1674 5191 dici
1704 5142 1900 5205 potest.

324 5228 631 5286 Secundum
658 5231 975 5288 eflicientem
997 5232 1201 5285 dictum
1224 5236 1306 5285 est
1330 5247 1344 5283 :
1372 5227 1562 5284 Omnia
1584 5244 1902 5300 quaecunque

2006 4039 2093 4094 vel
2123 4042 2297 4107 sedet,
2325 4041 2408 4096 vel
2436 4050 2584 4108 stat;
2615 4051 2671 4098 et
2705 4046 2797 4115 qui
2818 4046 2957 4115 vult,
2983 4050 3079 4103 aut
3106 4048 3310 4119 patitur
3334 4048 3477 4117 quod
3502 4048 3596 4102 de-

2005 4128 2130 4195 bet;
2162 4139 2218 4185 et
2236 4131 2327 4199 qui
2359 4140 2442 4187 est
2463 4133 2575 4199 ubi,
2608 4142 2663 4190 et
2683 4137 2900 4205 quando
2932 4138 3113 4206 debet,
3142 4139 3278 4193 bene
3308 4136 3468 4204 facit;
3501 4138 3591 4207 qui

2008 4227 2190 4275 autem
2225 4235 2332 4276 non
2362 4220 2605 4292 loquitur
2625 4241 2751 4282 cum
2786 4228 2971 4296 debet,
2998 4245 3098 4286 nec
3125 4228 3296 4294 sedet,
3328 4246 3430 4285 nec
3454 4240 3590 4295 stat;

2006 4317 2063 4365 et
2088 4311 2183 4381 qui
2215 4327 2318 4368 nec
2343 4313 2480 4381 vult,
2503 4331 2604 4372 nec
2629 4319 2835 4389 patitur
2871 4323 3015 4392 quod
3055 4322 3251 4389 debet;
3282 4334 3336 4378 et
3363 4322 3454 4391 qui
3484 4338 3589 4376 non

2006 4410 2089 4456 est
2118 4402 2231 4469 ubi,
2275 4412 2369 4459 aut
2399 4407 2615 4477 quando
2658 4407 2836 4473 debet,
2869 4412 3013 4467 male
3044 4412 3191 4468 facit:
3234 4430 3248 4467 :
3290 4420 3345 4468 et
3364 4412 3454 4482 qui
3482 4428 3589 4468 non

2006 4491 2141 4548 facit
2176 4497 2320 4565 quod
2340 4496 2515 4564 debet,
2550 4499 2689 4556 male
2716 4500 2878 4569 facit;
2910 4512 2966 4558 et
2995 4506 3085 4575 qui
3113 4518 3219 4560 non
3261 4502 3391 4559 facit
3446 4504 3588 4573 quod

2006 4597 2114 4637 non
2142 4584 2322 4653 debet,
2347 4586 2482 4642 bene
2507 4586 2655 4643 facit.
2681 4589 2882 4663 Liquet
2911 4594 3095 4665 igitur,
3116 4596 3309 4665 facere,
3334 4597 3463 4667 poni
3492 4610 3590 4664 pro

2005 4676 2228 4731 omnino
2261 4678 2424 4734 verbo
2458 4679 2613 4736 ﬁnito
2640 4669 2726 4738 vel
2757 4683 2988 4750 inﬁnito,
3016 4688 3181 4741 etiam
3222 4704 3342 4759 pro,
3372 4704 3475 4742 non
3506 4688 3589 4757 [α-

2005 4779 2138 4818 cere.
2168 4764 2443 4837 Estigitur
2492 4779 2735 4839 potestas
2768 4774 3012 4844 aptitudo
3044 4776 3111 4831 ad
3159 4775 3500 4839 faciendum;
3533 4782 3589 4827 et

2004 4856 2179 4910 omnis
2199 4860 2442 4927 aptitudo
2457 4863 2525 4917 ad
2546 4863 2877 4931 faciendum,
2890 4875 3146 4934 potestas.
3172 4867 3229 4922 In
3243 4884 3350 4939 quo
3395 4879 3589 4921 caven-

2004 4948 2131 5003 dum
2157 4966 2226 5005 ne
2249 4953 2472 5008 omnino
2495 4970 2595 5024 pro
2624 4958 2814 5012 eodem
2836 4959 3134 5029 accipiatur
3154 4962 3399 5029 aptitudo
3414 4960 3480 5013 ad
3502 4956 3587 5011 fa-

2002 5044 2278 5112 ciendum,
2309 5058 2363 5103 et
2392 5050 2637 5119 aptitudo
2660 5051 2894 5109 faciendi
2924 5071 2938 5107 :
2973 5054 3150 5109 omnis
3170 5054 3313 5108 enim
3343 5052 3587 5122 aptitudo

2004 5137 2072 5192 ad
2104 5137 2431 5206 faciendum,
2466 5153 2550 5199 est
2595 5155 2651 5201 et
2702 5146 2963 5214 faciendi;
3015 5147 3110 5203 sed
3137 5162 3245 5202 non
3293 5144 3470 5202 omnis
3498 5142 3586 5196 fa-

2005 5229 2202 5298 ciendi,
2229 5242 2313 5288 est
2335 5236 2498 5292 etiam
2527 5237 2595 5291 ad
2619 5236 2921 5295 faciendum
2952 5257 2967 5295 :
3000 5240 3244 5311 aptitudo
3263 5238 3409 5294 enim
3449 5236 3587 5315 scri-

1817 5336 2046 5394 NOTAE.

395 5424 507 5497 (85)
548 5423 676 5478 Vide
705 5426 797 5482 lib.
831 5428 893 5481 de
915 5427 1075 5481 Cone.
1099 5442 1283 5497 prtrsc.
1307 5434 1439 5495 ctc.,
1461 5442 1512 5496 q.
1539 5429 1591 5484 3.
1613 5445 1659 5485 c.
1690 5429 1748 5485 ll
1776 5439 1827 5485 et
1859 5429 1896 5487 Ι.

324 5494 387 5545 de
417 5492 588 5564 Liber.
618 5498 800 5550 arbitr.
832 5513 881 5552 c.
904 5501 956 5564 5,
990 5498 1040 5551 7.

394 5563 506 5633 (84)
536 5563 654 5619 Lib.
681 5570 743 5619 de
774 5563 947 5621 Liber.
975 5568 1183 5635 arbitr.,
1206 5583 1257 5623 c.
1288 5569 1373 5623 M.

2082 5436 2194 5506 (85)
2226 5437 2298 5511 De
2328 5438 2602 5511 multiplici
2639 5440 2919 5496 uoluntatis
2976 5444 3226 5498 divisione
3269 5444 3583 5511 scripturum

2007 5522 2060 5561 se
2086 5510 2393 5576 promiserat
2409 5510 2443 5562 ι.
2460 5514 2523 5564 de
2546 5510 2766 5565 Concor.
2786 5515 3106 5583 pra'sc.q.5,
3126 5515 3282 5583 c.1l,
3310 5510 3407 5579 al.,
3433 5513 3525 5565 Ἦ.
