3940 6046
259 196 362 252 ιθθ

1353 208 1624 265 DIALOG.
1647 210 1750 264 DE
1791 211 2044 270 Ltuuno
2075 218 2114 270 Α
2131 216 2430 277 RBl'l‘ltIO.
2489 289 2494 292 _

3427 238 3534 294 490

255 317 444 412 bendi,
474 331 596 387 qua:
621 327 706 374 est
733 319 799 374 ad
819 321 1187 386 scribendum.
1223 334 1310 380 est
1345 327 1513 384 etiam
1545 339 1838 400 antequam
1869 329 1916 388 Α
1947 333 2194 399 aptitudo
2230 346 2476 405 nonest;
2529 347 2584 395 et
2631 341 2686 395 in
2711 356 2776 398 eo
2819 343 2960 412 quod
3013 347 3080 400 ad
3106 347 3409 403 faciendum
3440 353 3534 406 de.

255 409 532 462 scribatur
553 426 674 480 qum
695 421 750 466 et
777 412 978 468 dicitur
1003 424 1246 482 potestas
1265 419 1568 486 scribendi;
1599 423 1844 494 aptitudo

259 514 393 553 vero
441 502 740 569 scribendi,
779 520 900 573 qua!
949 515 1036 562 est
1085 509 1136 562 in
1193 510 1502 576 scribendo,
1551 519 1846 572 secundum

257 607 426 660 quam
477 593 730 660 dicimus,
786 607 904 666 apte
967 600 1171 666 scribit,
1233 618 1338 658 non
1395 607 1846 676 prmeeditipsam

257 683 642 751 scriptionem;
673 701 772 740 nec
792 696 876 740 est
899 697 1138 756 potestas
1163 693 1452 760 scribendi,
1482 697 1576 750 sed
1596 696 1848 754 eﬂ'ectum

259 774 551 842 petestatis
583 773 856 830 scribendi
889 795 904 831 :
935 780 1060 847 quia
1111 783 1254 835 enim
1289 785 1547 851 praecedit
1607 795 1848 854 potestas

259 871 386 930 apte
422 861 718 929 scribendi,
767 866 888 920 ideo
914 878 1038 935 apte
1087 871 1372 936 scribitur;
1425 889 1533 928 non
1569 877 1695 944 quia
1725 885 1850 946 apte

259 955 602 1024 sitscriptio,
644 957 767 1010 ideo
799 967 982 1027 potest
1037 960 1150 1014 ﬁeri
1201 963 1446 1033 scriptio.
1506 965 1720 1020 Dictum
1767 975 1850 1020 est

258 1055 446 1099 autem
478 1046 726 1114 aptitudo
751 1049 817 1102 ad
847 1048 1174 1113 faciendum.
1227 1061 1282 1106 et
1331 1071 1436 1108 non
1487 1058 1734 1112 absolute
1781 1061 1850 1114 ad

260 1134 496 1202 aliquid;
529 1137 658 1204 quia
701 1153 806 1192 non
838 1141 1186 1208 estaptitudo
1220 1143 1286 1196 ad
1337 1143 1541 1214 aliquid
1567 1155 1622 1200 et
1649 1162 1756 1200 non
1783 1149 1851 1204 ad

265 1226 602 1292 faciendum,
635 1245 756 1298 quae
783 1247 890 1284 non
918 1241 1002 1286 est
1035 1242 1296 1302 potestas,
1321 1248 1380 1290 ut
1405 1237 1650 1306 aptitudo
1682 1242 1850 1296 vestis

259 1317 332 1372 ad
359 1333 558 1388 corpus
593 1335 608 1372 :
643 1319 846 1374 dicitur
887 1322 1033 1376 enim
1073 1332 1198 1393 apta
1227 1326 1294 1380 ad
1323 1341 1552 1396 corpus;
1587 1343 1688 1385 nee
1729 1332 1851 1388 ideo

261 1417 444 1466 tamen
477 1410 676 1464 dicitur
706 1421 896 1482 potens
943 1414 1130 1470 vestis.
1161 1415 1306 1472 Bene
1341 1419 1504 1489 igitur
1529 1421 1736 1477 dictum
1767 1432 1853 1480 est

257 1501 388 1570 quia
413 1511 656 1571 potestas
677 1511 764 1558 est
788 1504 1034 1574 aptitudo
1062 1506 1130 1561 ad
1163 1507 1502 1577 faciendum;
1533 1513 1660 1583 quia
1704 1514 1758 1569 in
1784 1529 1852 1571 eo

259 1593 406 1664 quod
446 1595 696 1666 aptitudo
741 1596 993 1666 dicitur“
1013 1608 1302 1670 separatur
1339 1601 1412 1660 ab
1461 1603 1608 1660 omni
1649 1619 1852 1676 requa

307 1807 696 1832 μ--η--η-

1956 425 2298 494 terminatur,
2335 429 2596 484 dividitur
2621 432 2690 488 ab
2717 435 2861 488 omni
2893 435 3212 505 aptitudine,
3243 439 3358 493 sive
3379 441 3448 496 ab
3471 459 3536 498 ea

1950 530 2072 584 quae
2107 532 2212 570 non
2265 527 2354 574 est
2379 520 2446 574 ad
2483 521 2712 590 aliquid,
2743 535 2802 576 ut
2849 539 2972 592 quae
3015 537 3100 578 est
3129 527 3183 578 in
3211 529 3528 594 scribendo;

1949 607 2064 660 sive
2085 608 2156 661 ab
2173 623 2236 662 ea
2263 623 2384 678 quae
2405 619 2488 666 est
2509 613 2575 665 ad
2604 611 2806 682 aliquid
2829 623 2886 667 et
2901 629 3008 667 non
3035 615 3100 666 ad
3128 613 3452 679 faciendum,
3477 627 3536 668 nt

1950 710 2012 748 ea
2037 711 2158 764 quae
2175 707 2258 752 est
2285 699 2340 752 in
2367 709 2519 755 veste
2540 702 2606 754 ad
2623 715 2846 771 corpus,
2869 718 2990 772 qua:
3025 711 3079 758 et
3101 703 3312 773 corpori
3345 705 3536 756 melius

1950 786 2056 841 dici
2087 799 2266 857 potest
2297 807 2312 843 :
2339 790 2542 844 dicitur
2571 791 2717 844 enim
2751 795 2919 848 vestis
2959 803 3084 863 apta
3123 795 3360 864 corpori.
3393 793 3538 848 Nihil

1951 876 2114 945 igitur
2149 879 2269 948 plus
2295 879 2380 932 vel
2411 883 2590 934 minus
2617 882 2776 936 habet
2808 884 2924 938 lucc
2959 883 3206 938 diliinitio
3229 885 3533 954 potestatis,

1952 981 2115 1036 quam
2163 969 2344 1022 debet.
2393 970 2490 1024 Est
2541 983 2723 1026 autem
2773 976 2890 1028 haec
2941 975 3185 1028 dilliuitio
3246 978 3532 1044 potestatis

1956 1055 2094 1111 facta
2125 1059 2422 1112 secundum
2461 1075 2641 1124 usum,
2671 1079 2778 1116 non
2809 1063 3106 1118 secundum
3147 1067 3539 1132 proprietatem

1953 1149 2237 1215 potestatis
2273 1149 2576 1218 :quidquid
2624 1151 2768 1204 enim
2821 1153 3168 1221 aliquomodo
3201 1163 3399 1222 potest,
3431 1155 3534 1210 bac

1953 1237 2274 1294 dillinitione
2307 1241 2594 1308 potestatis
2625 1251 2836 1312 potest;
2871 1253 2932 1296 ut
2978 1245 3182 1312 lignum
3239 1253 3417 1313 potest
3455 1249 3544 1300 ln-

1954 1332 2084 1396 cidi,
2114 1345 2168 1387 et
2201 1333 2366 1387 homo
2403 1342 2582 1402 potest
2623 1334 2863 1390 incidere
2891 1353 2904 1389 :
2941 1351 3063 1390 nam
3101 1347 3157 1392 et
3187 1337 3391 1408 lignum
3422 1339 3546 1395 ideo

1952 1431 2134 1494 potest
2182 1421 2372 1488 incidi,
2423 1421 2552 1493 quia
2606 1423 2772 1479 habet
2806 1425 3166 1494 aptitudinem
3197 1427 3264 1480 ad
3297 1427 3544 1483 inciden-

1954 1511 2082 1566 dum
2102 1529 2118 1579 ;
2141 1519 2198 1568 et
2219 1512 2386 1568 homo
2411 1511 2535 1568 ideo
2565 1520 2744 1583 potest
2767 1513 3026 1580 incidere,
3059 1517 3186 1585 quia
3217 1516 3386 1572 habet
3404 1513 3548 1586 apti-

1957 1603 2200 1660 tudinem
2233 1603 2304 1660 ad
2329 1603 2704 1662 incidendum.

1107 1965 1782 2084 KAUC-TI
1893 1965 2710 2084 menum

1631 2191 2227 2287 DIALOGUS

873 2409 1070 2534 DE
1162 2409 1736 2536 LIBERO
1821 2405 1885 2534 Α

1959 2407 2584 2536 RBITRIO
2819 2383 2934 2453 (εδ)

698 2739 854 2812 117
887 2738 1113 2795 CAPUT
1139 2739 1424 2795 PRIMUM.

265 2855 422 2924 Quod
473 2863 695 2922 potestas
731 2855 980 2922 peccandi
1011 2853 1408 2976 ibioit_perliiieat
1460 2854 1526 2931 ad
1569 2854 1856 2910 libertatem

950 2939 1011 2976 ar
1047 2931 1173 2974 ιιι-ιι.

950 2939 1173 2976 arvum.

343 3013 484 3067 DISC.
525 3013 792 3079 Quoniam
825 3011 1050 3066 liberum
1102 3009 1384 3066 arbitrium
1429 3011 1640 3065 videtur
1697 3029 1856 3082 repn-

267 3120 436 3176 guare
463 3105 668 3172 gratiae,
707 3113 758 3158 et
782 3103 1262 3174 prtedestinationi,
1288 3113 1341 3156 ct
1360 3104 1709 3172 pnescieutia:
1741 3103 1856 3168 Dci,

265 3201 384 3268 ipsa
407 3200 630 3254 libertas
654 3200 862 3254 arbitrii
887 3201 1014 3270 quid
1044 3201 1114 3257 sit
1141 3216 1298 3256 nosse
1315 3200 1583 3264 desidero,
1605 3211 1653 3254 et
1679 3210 1858 3256 utrum

265 3291 416 3346 illam
445 3306 657 3360 semper
683 3291 999 3346 habeamus.
1063 3291 1118 3346 Si
1172 3292 1318 3347 enim
1380 3293 1599 3346 libertas
1651 3291 1858 3346 arbitrii

265 3391 352 3438 est
379 3397 536 3450 posse
559 3396 784 3452 peccare
809 3390 863 3436 et
896 3399 1001 3437 non
1031 3397 1275 3452 peccare,
1318 3383 1458 3437 sicut
1488 3399 1516 3436 a
1542 3383 1861 3452 quibusdam

267 3473 409 3527 solet
438 3473 566 3536 dici,
598 3482 648 3526 et
681 3473 782 3527 boc
809 3487 1032 3544 semper
1059 3473 1320 3528 habemus
1351 3473 1438 3504 3‘"
1471 3473 1738 3544 quomodo
1767 3472 1863 3526 ali-

267 3565 489 3636 quando
518 3565 691 3635 gratia
745 3545 1090 3636 indigemus?
1139 3563 1196 3618 Si
1231 3551 1408 3618 autem
1449 3565 1550 3620 hec
1581 3580 1686 3619 non
1717 3577 1862 3620 sem-

267 3670 370 3724 per
395 3655 676 3718 habemus,
702 3671 800 3710 cur
830 3655 982 3709 nobis
1010 3653 1306 3724 imputatur
1326 3665 1625 3724 peccatum,
1648 3657 1864 3726 quando

267 3747 580 3800 siuelibero
608 3747 838 3802 arbitrio
865 3747 1192 3816 peccamus?
1243 3745 1384 3802 Mm.
1416 3745 1744 3802 Libertatem
1782 3765 1867 3804 ar-

269 3839 420 3894 bitrii
452 3855 556 3894 non
587 3849 713 3910 puto
745 3855 864 3894 esse
903 3840 1200 3910 potentiam
1225 3839 1482 3908 peccandi
1526 3847 1579 3892 et
1605 3855 1709 3894 non
1738 3855 1863 3908 pec-

269 3931 452 3984 candi.
487 3930 693 4002 Quippe
723 3932 766 3985 si
799 3932 912 3984 Iure
943 3931 1058 4007 ejus
1104 3938 1250 3983 esset
1298 3929 1388 3961 "5‘
1438 3928 1701 3991 deﬁnitio,
1768 3943 1867 3983 nec

271 4022 436 4090 Dens,
470 4038 570 4078 nec
593 4022 791 4092 angeli,
818 4023 907 4092 qui
935 4021 1028 4054 3"”
1057 4037 1282 4092 peccare
1312 4029 1604 4092 nequeunt,
1639 4019 1866 4074 libermn

1887 2749 1928 2806 Β
1957 2741 2170 2795 dill'eral
2197 2739 2422 2792 liberum
2465 2737 2751 2792 arbitrium
2785 2735 3066 2791 hominum
3102 2751 3129 2790 a
3181 2737 3354 2792 libero
3403 2739 3552 2794 arbi-

1965 2837 2067 2888 trio
2104 2834 2194 2890 Dei
2233 2843 2288 2888 et
2320 2832 2632 2904 angelorum
2680 2832 2942 2886 bonorum
2971 2831 3066 2864 "5‘
3097 2831 3343 2888 diliinitio
3377 2843 3555 2888 tamen

1963 2925 2124 2994 bujns
2174 2923 2440 2980 libertatis
2465 2923 2516 2978 in
2547 2923 2790 2992 utrisque
2813 2966 2826 2990 ,
2863 2922 3161 2976 sccmnlum
3207 2926 3307 2978 hoc
3339 2941 3555 2990 nomen,

1961 3016 2149 3071 eadem
2181 3017 2336 3070 debet
2364 3031 2481 3070 esse
2511 3032 2522 3066 :
2557 3013 2682 3070 licet
2711 3015 2852 3068 enim
2898 3015 3095 3069 animal
3125 3014 3330 3068 dill‘erat
3355 3016 3422 3070 ab
3443 3018 3558 3072 ani-

1964 3107 2087 3160 mali
2114 3107 2227 3160 sivc
2256 3105 2717 3170 substantialitcr,
2751 3106 2866 3160 sive
2896 3105 3332 3172 aceilentaliter,
3366 3108 3559 3163 diﬂini.

1965 3195 2036 3249 tio
2069 3202 2270 3256 tamen,
2297 3195 2594 3250 secundum
2623 3211 2816 3250 nomen
2851 3197 3120 3260 animalis,
3149 3199 3401 3252 omnibus
3443 3199 3559 3253 ani-

1964 3286 2195 3340 malibus
2236 3295 2318 3340 est
2347 3287 2557 3340 eadem.
2590 3285 2932 3355 Quapmpter
2966 3286 3124 3340 talem
3185 3297 3398 3357 Oportet
3428 3289 3560 3342 dare

1965 3377 2334 3434 dillinitionem
2377 3377 2644 3432 libertatis
2694 3377 2924 3442 arbitrii,
2977 3395 3096 3449 quae
3156 3395 3255 3435 nec
3314 3379 3432 3448 plus
3462 3397 3561 3436 nec

1968 3475 2144 3528 mimis
2169 3472 2258 3528 illa
2319 3473 2617 3528 contineat.
2659 3470 2924 3538 Quoniam
2961 3488 3091 3542 ergo
3143 3473 3374 3528 liberum
3416 3474 3560 3528 arbi-

1968 3564 2128 3618 trium
2152 3563 2390 3617 divinum
2441 3570 2496 3616 ct
2539 3562 2805 3616 bonorum
2838 3563 3152 3634 angelorum
3202 3579 3426 3632 peccare
3451 3579 3558 3620 non

1967 3663 2163 3724 potest,
2188 3669 2289 3707 non
2315 3656 2546 3724 pertinet
2571 3655 2636 3711 ad
2666 3655 3039 3712 diIlinitionem
3064 3657 3325 3713 libertatis
3350 3657 3560 3712 arbitrii

1967 3760 2126 3813 posse
2147 3760 2396 3814 peccare.
2442 3745 2683 3816 Denique
2724 3763 2821 3802 nec
2861 3747 3102 3810 libertas,
3169 3765 3266 3804 nec
3305 3744 3451 3820 pars
3496 3749 3564 3803 li-

1967 3834 2197 3889 bertatis
2219 3845 2302 3886 est
2328 3843 2568 3900 potestas
2595 3837 2873 3902 peccandi.
2911 3835 3064 3902 Quod
3096 3847 3150 3889 ut
3177 3838 3334 3906 plane
3358 3837 3558 3892 intelli-

1969 3938 2082 3992 gas,
2118 3919 2333 3976 intende
2375 3923 2440 3972 ad
2476 3939 2538 3975 ea
2599 3939 2716 3990 qua:
2768 3925 2964 3977 dicam.
2995 3930 3136 3978 lilsc.
3165 3927 3242 3977 Ad
3300 3926 3400 3980 hoc.
3440 3941 3559 3979 sum

1971 4013 2078 4069 hic.
2122 4013 2262 4068 illae.
2301 4013 2428 4080 Qua)
2469 4013 2566 4067 tibi
2609 4013 2864 4068 voluntas
2913 4015 3136 4069 liberior
3163 4015 3374 4068 videtur
3403 4031 3414 4066 :
3447 4017 3557 4082 illa,

271 4117 538 4170 baberent
588 4117 868 4170 arbitrium
903 4135 916 4169 :
949 4117 1088 4186 quod
1133 4114 1284 4170 nel‘as
1335 4123 1421 4170 est
1466 4114 1663 4168 dicere.
1713 4113 1859 4168 DISC.
1890 4105 1937 4168 C
1968 4121 2087 4176 qum
2113 4105 2194 4160 Sic
2228 4105 2342 4158 νιιιι
2392 4114 2448 4159 οι
2501 4113 2679 4175 Ροίθδῑ
2709 4121 2815 4161 “0"
2855 4121 3101 4175 P0003”.
3151 4115 3210 4159 ιιι
3256 4105 3560 4161 ιιυηίιιθηιιδ

273 4203 438 4271 Quid,
471 4205 515 4260 si
551 4206 747 4260 dicitur
777 4205 922 4260 aliud
949 4219 1069 4260 esse
1091 4204 1318 4260 liberum
1351 4202 1637 4258 arbitrium
1685 4201 1779 4256 Dei
1807 4209 1862 4258 et
1968 4199 2110 4255 llecti
2139 4197 2315 4253 valeat
2341 4213 2370 4252 a
2403 4214 2505 4254 non
2537 4199 2793 4268 peccandi
2848 4199 3188 4268 rectitudine,
3223 4215 3288 4252 an
3323 4199 3408 4253 illa
3441 4215 3561 4268 qua)

263 4295 588 4370 angelorum
621 4297 906 4363 bonorum,
946 4297 1088 4352 aliud
1120 4295 1402 4350 nostrum?
1441 4293 1582 4350 Msa.
1607 4285 1864 4364 Quamvis
1971 4293 2153 4364 aliquo
2181 4293 2338 4348 modo
2365 4289 2504 4348 ﬂecti
2531 4303 2709 4362 potest
2757 4291 2823 4346 ad
2861 4291 3232 4362 peccandum?
3281 4293 3420 4347 Disc.
3453 4291 3562 4347 Cur

1563 4425 1796 4482 VARUE
1835 4425 2247 4492 LECTIONES,

347 4518 442 4550 “5°
482 4517 748 4574 Collatum
798 4528 880 4573 est
936 4520 1037 4588 boc
1083 4515 1398 4588 opusculum
1420 4533 1543 4572 cum
1572 4535 1698 4588 mss.
1728 4517 1850 4571 Bec.
1875 4517 2024 4571 Gem.
2059 4515 2192 4588 Vict.
2223 4517 2390 4588 tribus
2418 4515 2502 4570 CC
2529 4519 2582 4572 9.
2606 4516 2704 4572 EE
2726 4520 2814 4582 I3,
2841 4519 2948 4572 Ilii.
2985 4518 3064 4578 l5,
3090 4535 3194 4572 uno
3221 4519 3450 4576 Tbuano
3471 4520 3557 4588 90,

270 4605 384 4644 mlo
415 4607 479 4642 ex
517 4589 852 4644 monasterio
885 4588 945 4643 S.
982 4587 1147 4660 Miclt.
1184 4587 1236 4640 in
1272 4597 1475 4660 monte.
1511 4586 2087 4660 tino‘Cialersnetcnni
2112 4587 2354 4660 editione
2387 4588 2623 4655 gotbica.
2660 4608 2754 4644 ms.
2787 4589 2933 4644 Gem.
3071 4591 3159 4642 ⁸54.
3195 4591 3382 4660 Incipit
3420 4586 3562 4646 Irae}-

273 4669 424 4714 tatus
452 4661 518 4714 de
563 4660 816 4714 libertate
864 4659 1120 4730 arbitrii:
1164 4673 1262 4730 nis.
1311 4657 1503 4730 Cister.
1537 4657 1823 4730 Incipiunt,
1841 4657 2085 4730 Capitula
2120 4655 2490 4730 iuTraclatus
2535 4659 2601 4730 de
2635 4659 3142 4714 liberta'earbitrii.
3185 4659 3247 4713 Et
3273 4655 3558 4730 post/Hec:

271 4730 588 4802 Expliciunt
627 4730 889 4802 capitula:
947 4729 1193 4802 l_)_e_in_de_:
1229 4728 1418 4802 Incipit
1449 4727 1740 4802 Tractatus
1794 4729 1860 4802 d_e
1911 4727 2190 4802 Libertate
2243 4727 2470 4802 arbitrii
2510 4729 2690 4802 editus
2737 4733 2804 4784 ab
2834 4731 3086 4802 Anselmo
3135 4727 3562 4802 Arcbiepiscopo

273 4796 905 4872 Cantuariensi.'ntsLS.
949 4797 1115 4853 Miclt.
1140 4799 1416 4872 incipiunt
1437 4797 1686 4872 Capitula
1715 4799 1768 4872 in
1802 4797 2209 4872 Tractatumile
2243 4796 2495 4872 libertate
2549 4797 2614 4872 Et
2645 4816 2756 4868 post
2782 4808 2926 4872 bay:
2956 4801 3261 4870 Expliciunt
3290 4796 3558 4872 Capitula.

273 4870 526 4924 Deinde:
567 4871 764 4939 Incipit
801 4869 1090 4940 Tractatus
1120 4869 1187 4922 de
1215 4865 1505 4940 Libertate
1521 4865 1785 4940 'Acbill'ii.
1820 4883 1917 4921 ms.
1939 4866 2096 4940 Elin.
2127 4865 2514 4940 9tl._lncipillnt
2562 4865 2806 4940 Capitula
2853 4871 3002 4925 Liin
3039 4865 3281 4926 Ausclmi
3325 4865 3561 4928 (Innitun-

275 4942 479 5012 ricusis
527 4935 800 5012 Episcopi,
859 4940 946 5012 de_
970 4937 1269 5012 Libertate,
1302 4939 1552 5012 Arbitrii.
1580 4937 1863 5012 Post/iere
1893 4935 2578 5012 :_Ilic_incipit[Itin-tatus
2623 4935 2688 4995 de
2733 4943 2979 4996 libertate
3025 4943 3248 5012 Arbitrii
3291 4945 3466 4997 editus
3491 4945 3558 4996 ab

275 5011 539 5082 Anselmo
572 5007 685 5082 ’μοι
730 5007 867 5082 l’ict1
895 5007 1013 5082 ΑΕΗ.
1065 5010 1117 5064 9.
1167 5009 1434 5082 Incipiunt
1463 5007 1709 5082 capitula
1729 5007 1863 5082 _l_i_bri
1897 5007 2144 5082 ejusdem
2190 5008 2452 5082 (Anselmi
2499 5009 2908 5082 Ciantnariensis
2960 5009 3236 5082 Arcbiep.t
3295 5015 3360 5082 de
3391 5013 3560 5068 libero

274 5081 540 5153 Arbitrio.
577 5081 776 5136 Deinde
804 5096 821 5136 :
849 5079 1010 5153 Liber
1061 5077 1308 5153 magistri
1354 5077 1594 5153 Au_selmi
1630 5080 1698 5153 d_e
1729 5078 1901 5153 libero
1933 5077 2206 5153 Arbitrio.
2241 5095 2342 5153 ms:
2377 5079 2499 5153 per.
2533 5081 2588 5153 3.
2621 5083 2890 5153 Incipiunt
2929 5077 3175 5150 Capitula
3207 5083 3258 5136 in
3299 5079 3556 5138 Tractalu

275 5153 346 5206 de
373 5151 542 5206 libero
573 5153 831 5215 arbitrio,
867 5151 1013 5222 edito
1035 5151 1100 5203 al;
1123 5147 1379 5222 Ainselnio
1408 5147 2267 5222 Cautum-ielisialgbiepiscopo.
2301 5147 2540 5222 Deinde:
2571 5147 2891 5222 Expliciunt
2906 5147 3172 5222 Capitula.
3211 5153 3400 5222 Incipit
3425 5153 3560 5207 Tra-

274 5230 459 5292 ctatus
487 5222 553 5276 de
598 5221 768 5292 libero
817 5219 1052 5292 arbitrio
1084 5217 1266 5274 editus
1300 5218 1368 5274 ab
1393 5219 1650 5292 Auselmg
1677 5289 1704 5292 Δγ
1727 5219 1854 5292 ³⁵⁵¹-
1879 5217 1947 5292 Ει
1989 5218 2099 5292 bne
2145 5217 2360 5288 semper
2405 5217 2668 5292 habemus
2703 5241 2801 5278 ms.
2857 5217 2998 5276 Vict:
3033 5223 3088 5276 5.
3125 5231 3176 5277 et
3209 5217 3560 5292 boc'semper

275 5291 542 5364 debemus
615 5291 709 5364 '3'
755 5291 810 5345 Si
862 5294 968 5364 bne
1011 5291 1127 5360 ejus
1158 5299 1305 5364 esset
1333 5307 1460 5364 mss.
1509 5299 1556 5344 et
1812 5287 2045 5364 Cpth._si
2087 5290 2202 5364 lucc
2225 5287 2370 5364 esset
2397 5289 2515 5357 ejus
2591 5293 2684 5324 ³⁸⁸³
2721 5295 2831 5364 Dee
2858 5292 3108 5364 Angelus,
3140 5293 3240 5364 qui
3278 5303 3376 5364 ms.
3419 5287 3554 5349 Vict.

275 5359 344 5486 ἱ.
397 5359 559 5484 Illic/1.
615 5359 806 5415 εἴξειεν.
844 5373 888 5416 et
935 5359 1054 5414 nec.
1093 5375 1194 5416 nec
1253 5361 1468 5429 Angeli,
1524 5361 1615 5430 qui
1695 5361 1792 5392 ³⁵⁸³
1845 5361 1912 5416 Et
1960 5360 2290 5430 Angelorum
2343 5361 2610 5418 bonorum
2642 5380 2740 5419 ms.
2779 5359 2969 5420 Cister:
3012 5371 3066 5417 et
3101 5359 3246 5418 aliud
3291 5363 3557 5420 bonorum

327 5444 432 5486 nae
453 5447 610 5486 orum

327 5444 610 5500 ngelorum

355 5603 474 5678 (86)
515 5605 648 5663 Vide
685 5622 848 5677 supra
895 5607 1182 5678 Prologum
1232 5607 1283 5661 in
1346 5605 1624 5678 Dialogum
1669 5608 1736 5665 de

577 5703 849 5766 Parnm.
897 5702 1167 5766 CLVIII.
3045 5703 3118 5764 16
