3936 6048
410 198 507 261 Ml

923 202 980 254 Β.
1025 195 1323 253 ANSELMI
1380 191 1737 249 CANTUAR.
1778 186 2096 245 AliCilli‘J’.
2142 185 2289 240 01⁵1³.
2335 185 2514 239 PARS
2553 185 2590 238 1.
2635 216 2701 227 -
2742 183 3156 243 DOGMATICA.

3577 188 3695 246 ΗΞ

408 335 512 374 non
543 318 614 372 sit
651 316 868 370 liberior
926 315 1034 377 illa,
1070 326 1191 380 qua}
1244 308 1313 363 ad
1369 317 1660 375 utrumque
1705 319 1765 361 se
1808 305 1992 368 habet,
2024 306 2072 362 Α
2101 316 2218 355 rum
2248 301 2339 333 3‘“
2366 299 2675 364 arbitrium,
2708 309 2763 355 et
2794 315 2901 353 non
2944 316 3011 354 ex
3042 299 3378 361 neerssilnlc,
3414 310 3598 354 nos:ra
3631 313 3692 355 ιιι

404 425 513 464 non
534 409 711 464 video.
752 406 891 460 Mtte.
920 407 1000 459 An
1027 419 1133 456 non
1163 401 1314 457 rides
1340 400 1595 469 quoniam
1618 396 1813 469 quisic
1833 395 1998 452 habet

407 500 552 569 quod
575 500 754 561 decet,
785 495 1008 564 etquod
1052 493 1293 563 expedit,
1348 500 1412 547 ut
1458 492 1562 547 hoc
1586 492 1839 546 amittere
1889 505 1997 544 non

407 596 570 654 queat
604 585 727 646 ’ως
761 584 981 636 liberior
1001 591 1272 651 estquam
1303 581 1414 646 ille,
1435 581 1529 651 qui
1559 585 1639 637 sic
1698 579 1862 634 habet
1896 581 1999 633 hoc

408 674 605 739 ipsum,
643 679 701 723 ut
724 671 893 739 possit
921 671 1173 740 perdere,
1218 679 1274 724 et
1310 670 1379 725 ad
1435 670 1538 725 hoe
1586 670 1733 739 quod
1752 671 1996 732 dedecet,

405 771 460 815 et
481 775 587 815 non
613 762 863 832 expedit,
887 761 1067 815 valeat
1117 761 1358 815 adduci?
1383 760 1529 815 Dssc.
1582 761 1724 815 Nulli
1777 759 2001 815 dubium

406 853 506 911 hoc
527 865 648 906 esse
674 860 825 921 puto.
851 851 993 906 MAG.
1027 851 1139 906 Hoc
1183 865 1399 921 quoque
1436 865 1543 906 non
1574 850 1752 904 minus
1782 848 1999 904 indubi-

404 939 567 993 tabile
597 939 746 993 dices
774 939 899 1007 quia
951 954 1181 1006 peccare
1229 953 1448 1007 semper
1486 938 1757 992 dedecens
1806 946 1863 990 et
1898 950 1997 990 no-

404 1028 547 1079 xium
579 1028 702 1080 est?
756 1027 899 1080 DISC.
942 1025 1133 1081 Nullus
1161 1043 1310 1082 sanae
1338 1026 1538 1081 tuentis
1585 1025 1749 1082 aliter
1805 1025 1995 1081 sentit.

402 1113 542 1167 MAG.
570 1112 815 1167 Liberior
855 1112 1018 1178 igitur
1043 1121 1128 1167 est
1168 1112 1427 1169 voluntas
1448 1126 1573 1180 qua:
1614 1126 1644 1165 a
1678 1111 2000 1166 rectitudine

401 1219 507 1259 non
538 1203 798 1272 peccandi
827 1203 1104 1258 declinare
1135 1204 1342 1273 nequit,
1375 1219 1541 1272 quam
1583 1218 1707 1272 qua:
1737 1203 1882 1257 illaut
1907 1218 2000 1271 po-

403 1293 974 1350 testdeserere.Dtsc.
1024 1292 1166 1348 Nibil
1224 1293 1353 1349 mihi
1418 1292 1998 1348 rationabilinsasscri

400 1400 561 1455 posse
584 1384 821 1441 videtur.
850 1384 987 1441 Mtte.
1020 1386 1103 1438 An
1132 1394 1309 1453 putas,
1339 1386 1483 1453 quod
1514 1385 1756 1441 additum
1783 1387 1996 1453 minuit,

398 1488 455 1531 ct
486 1488 800 1547 separatum
848 1487 1010 1547 auget
1053 1477 1386 1545 libertatem,
1435 1477 1489 1532 id
1536 1488 1633 1535 aut.
1692 1477 1997 1537 libertatem

399 1581 543 1635 esse,
571 1575 666 1622 aut
688 1577 903 1637 partem
950 1568 1259 1625 libertatis?
1299 1569 1453 1627 Oisc.
1503 1569 1621 1627 Non
1683 1568 1787 1627 ltoe
1809 1580 2001 1639 putare

2102 391 2342 464 angelica
2377 402 2569 447 natura
2598 391 2846 461 primitus
2873 390 3137 459 mecavit,
3174 397 3231 443 et
3272 390 3477 445 setv‘re
3518 392 3696 459 potuit

2098 492 2430 554 peccato;et
2462 491 2641 537 tamen
2667 497 2772 535 non
2821 480 2892 535 illi
2949 490 3231 546 peccatum
3286 480 3557 534 dominari
3595 496 3695 550 po-

2100 583 2261 638 terat,
2291 575 2434 629 unde
2465 573 2553 629 illa
2584 588 2691 627 non
2737 573 2929 637 litera,
2983 580 3079 625 aut
3121 568 3240 638 ejus
3265 570 3551 625 arbitrium
3580 580 3695 626 non

2099 665 2328 723 liberum
2362 664 2470 722 diei
2490 664 2856 734 possit.oDtsc.
2878 662 3026 731 Opus
3053 662 3329 725 habeout,
3353 664 3497 731 quod
3532 664 3695 728 dicta,

2100 756 2342 825 aperias;
2374 756 2502 824 quia
2530 755 2770 809 clausum
2817 754 2946 808 mihi
2973 761 3081 808 est.
3119 752 3261 809 Mtc.
3300 752 3405 808 Per
3458 753 3694 811 liberum

2094 844 2386 898 arbitrium
2440 842 2684 912 peccavit
2736 849 2980 911 apostata
3043 842 3287 912 angelus,
3320 842 3436 898 sive
3484 846 3698 913 primus

2101 935 2285 997 homo,
2307 931 2433 1001 quia
2464 945 2560 1000 per
2602 944 2758 987 suum
2811 931 3101 987 arbitrium
3142 933 3412 1002 peccavit,
3444 935 3590 1003 quod
3615 934 3699 990 sic

2101 1022 2327 1077 liberum
2357 1031 2497 1086 erat,
2536 1031 2597 1075 ut
2616 1020 2762 1074 nulla
2791 1020 2896 1075 alia
2926 1036 2988 1077 re
3014 1022 3130 1091 cogi
3176 1024 3442 1092 possctad
3468 1038 3699 1091 peccan—

2101 1114 2265 1176 dum;
2299 1121 2357 1167 et
2394 1112 2517 1167 ideo
2557 1112 2705 1182 juste
2748 1116 3184 1184 reprehenditur,
3213 1118 3365 1186 quia,
3387 1130 3512 1172 cum
3553 1117 3698 1173 hanc

2101 1203 2551 1261 baberetarbitrii
2580 1205 2665 1261 sui
2690 1204 2995 1261 libertatem
3013 1247 3029 1271 ,
3059 1222 3165 1262 non
3198 1207 3377 1277 aliqua
3403 1223 3463 1262 re
3492 1221 3695 1277 cogen-

2102 1305 2176 1362 te,
2207 1311 2313 1351 non
2338 1296 2516 1364 aliqua
2550 1298 2900 1363 necessitate,
2931 1298 3028 1353 sed
3053 1308 3247 1368 sponte
3269 1300 3535 1369 peccarit.
3564 1297 3700 1353 Pec-

2102 1388 2250 1443 cavit
2272 1397 2459 1443 autem
2482 1403 2578 1458 per
2602 1388 2885 1444 arbitrium
2913 1404 3093 1454 stium,
3129 1391 3273 1459 quod
3293 1389 3701 1455 eratliberum;
3726 1432 3736 1441 .

2102 1480 2203 1535 sed
2225 1494 2335 1535 non
2368 1495 2467 1551 per
2515 1480 2618 1535 hoc
2645 1481 2788 1537 unde
2836 1481 3065 1538 liberum
3112 1492 3251 1546 erat,
3278 1482 3331 1537 id
3356 1492 3441 1538 est
3477 1497 3577 1554 per
3594 1497 3698 1553 po—

2105 1579 2381 1635 testatum,
2412 1572 2577 1643 ns
2601 1572 2733 1642 quia
2766 1583 2982 1643 poterat
3000 1588 3108 1629 non
3135 1588 3385 1645 peccare,
3413 1583 3471 1629 et
3500 1586 3697 1644 pecca-

400 1672 639 1728 possum.
670 1658 811 1714 Mtte.
834 1659 1082 1715 Potestas
1133 1676 1267 1731 ergo
1313 1660 1596 1730 peccandi,
1646 1677 1767 1731 quae
1815 1663 1994 1717 addita
2030 1657 2072 1712 B
2100 1672 2154 1717 to
2176 1677 2280 1718 non
2318 1665 2553 1729 servire;
2580 1666 2674 1718 sed
2719 1678 2817 1733 per
2866 1673 3188 1734 potestatem
3218 1664 3312 1703 ’δυ
3337 1679 3501 1735 quam
3529 1665 3695 1719 hahe-

403 1751 663 1809 voluntati
689 1752 887 1808 minuit
923 1753 1040 1822 ejus
1070 1752 1405 1817 libertatem,
1430 1761 1510 1819 et,
1532 1753 1577 1808 si
1605 1753 1855 1809 dematur
1878 1753 1996 1817 “".

400 1853 592 1915 auget,
651 1859 751 1903 nec
781 1844 1007 1900 libertas
1059 1854 1161 1909 est,
1217 1858 1318 1899 nec
1346 1858 1472 1913 pars
1518 1843 1803 1900 libertatis.
1851 1843 1994 1900 DlSC.

398 1935 541 1992 Nihil
576 1936 1020 2008 consequentius.
1250 1947 1283 2001 πῖ.
1408 1958 1459 1975 κο
1508 1948 1533 1989 ’ρ
1586 1952 1597 1961 ·

968 2022 1505 2104 carurttswt“
1582 2038 1597 2047 “

401 2159 554 2226 Quod
612 2172 787 2215 tamen
825 2160 1042 2229 angelus
1080 2172 1128 2213 ct
1170 2160 1324 2213 homo
1370 2159 1465 2192 ⁸⁵⁵⁸
1520 2170 1862 2261 peccaretur!
1906 2171 2029 2228 per,

474 2234 604 2261 1.-....
654 2241 955 2261 nnDA-lnlnan
1001 2242 1044 2261 nl
1067 2247 1159 2261 ..ιι-
1190 2231 1406 2261 “tum...”
1451 2230 1725 2261 ,η-Ιιὸιιοειηι.
1765 2229 1834 2261 au
1899 2242 1911 2255 -
1952 2240 1997 2261 ιι

468 2234 604 2285 lianc
652 2241 1044 2299 potestatem,ct
1067 2247 1159 2299 per
1187 2231 1408 2283 liberum
1448 2230 1726 2284 arbitrium
1765 2229 1859 2261 W’
1894 2242 1911 2280 :
1948 2240 1997 2283 et

473 2302 711 2372 quamvis
731 2302 995 2370 potuerint
1020 2304 1212 2354 servire
1245 2312 1478 2370 peccato,
1530 2315 1632 2353 non
1694 2310 1867 2353 tamen
1926 2300 1999 2353 eis

466 2372 631 2442 potuit
660 2372 925 2425 dominari
951 2380 1245 2439 peccatum.
1388 2416 1393 2421 .
1562 2424 1569 2429 _
1616 2392 1623 2397 -

471 2481 610 2538 Mtte.
647 2480 760 2536 Non
787 2495 918 2550 ergo
955 2479 1189 2549 pertinet
1217 2479 1311 2510 “°°
1334 2478 1401 2533 ad
1432 2480 1738 2534 libertatem
1761 2480 1997 2543 arbitrii,

401 2574 543 2643 quod
577 2574 656 2627 sic
679 2580 764 2627 est
787 2582 1107 2626 extraneum
1141 2586 1170 2624 a
1201 2570 1468 2626 libertate.
1502 2571 1647 2625 Dtsc.
1677 2570 2001 2626 Rationibns

402 2662 510 2716 tuis
532 2660 843 2715 nullatenus
881 2659 1263 2714 contradicere
1314 2674 1475 2730 queo.
1528 2659 1634 2714 Sed
1655 2675 1761 2716 non
1809 2676 1999 2730 parum

403 2767 488 2807 me
514 2760 691 2806 movet
728 2750 854 2822 quia
882 2760 935 2805 et
965 2750 1207 2821 angelica
1230 2762 1283 2805 ct
1311 2760 1496 2806 nostra
1529 2762 1722 2807 natura
1757 2755 1810 2808 in
1849 2754 1999 2823 prin-

403 2844 544 2913 cipio
576 2842 765 2897 habuit
791 2849 1115 2912 potestatem
1161 2843 1442 2912 peccandi,
1475 2857 1638 2913 quam
1682 2842 1726 2898 si
1774 2857 1879 2898 non
1912 2844 2002 2898 ha.

403 2935 624 2996 buisset,
660 2948 765 2987 non
799 2940 1122 3004 peccasset:
1157 2947 1327 3002 quare
1373 2934 1418 2989 si
1459 2948 1559 3003 per
1605 2934 1743 2991 hanc
1766 2943 2003 3005 potesta-

2100 1753 2195 1809 bat
2228 1754 2493 1824 peccandi
2520 1754 2640 1821 ”°°,
2668 1769 2777 1826 qua
2804 1769 2908 1812 nec
2933 1756 3003 1811 ad
3026 1770 3134 1811 non
3179 1756 3441 1825 peccandi
3470 1755 3699 1810 libertae

2103 1850 2210 1899 tem
2231 1843 2549 1914 juvabatur,
2582 1860 2681 1900 nec
2715 1845 2781 1899 ad
2821 1845 3081 1916 peccandi
3125 1845 3439 1900 servitutem
3469 1844 3697 1915 cogeba-

2102 1932 2605 2019 tur-,a-Qt-pd'm
2632 1934 2890 2012 msegti
2923 1935 3016 1989 tibi
3046 1936 3262 1991 videtur
3289 1935 3414 2005 quia
3443 1937 3488 1990 si
3520 1937 3698 2007 potuit

1720 2040 1735 2049 -
1764 2040 1775 2053 =
1830 2038 1845 2043 -
1868 2036 1903 2053 ι-
2006 2024 2053 2055 -“
2102 2020 2441 2078 sefruﬂsse
2459 2022 2686 2092 peccati,
2721 2025 2896 2093 potuit
2931 2023 2979 2078 ei
2997 2024 3261 2079 dominari
3287 2035 3570 2095 peccatum
3596 2042 3613 2092 ;
3642 2035 3700 2081 et

2103 2114 2223 2169 ideo
2254 2130 2353 2171 nec
2376 2115 2555 2182 illum,
2584 2131 2682 2172 nec
2730 2116 2847 2187 ejus
2891 2103 3175 2171 arbitrium
3225 2116 3451 2172 liberum
3478 2116 3649 2173 fuisse
3680 2136 3697 2171 :

2086 2178 2223 2261 ⁵ιιὸιιῖ
2249 2205 2319 2261 ita
2366 2214 2470 2262 est.
2515 2207 2729 2261 Etenim
2769 2209 2861 2278 qui
2915 2223 3027 2263 suae
3062 2209 3345 2276 potestatis
3394 2218 3562 2265 estut
3591 2226 3697 2263 non

2101 2298 2323 2365 serviat,
2360 2315 2456 2353 nec
2487 2299 2675 2354 alicam
2702 2299 2988 2370 potestatis
3010 2309 3095 2356 est
3123 2309 3178 2355 ut
3208 2300 3700 2371 serviat,quamvis

2102 2398 2371 2461 potestne
2417 2406 2513 2445 sua
2571 2394 2777 2449 servire
2820 2389 3023 2461 posit;
3046 2392 3293 2461 =quandin
3325 2407 3430 2446 non
3460 2391 3550 2447 illa
3578 2407 3701 2462 quae

2102 2493 2185 2535 est
2208 2480 2499 2547 serviendi,
2524 2480 2617 2535 sed
2651 2478 2736 2534 illa
2762 2496 2880 2550 qua:
2901 2489 2985 2535 εει
3025 2492 3129 2535 non
3155 2481 3423 2536 serviendi
3449 2480 3562 2545 Μ’,
3589 2482 3699 2536 uti-

2107 2582 2511 2642 turpntestate,
2548 2571 2690 2626 nulla
2717 2586 2801 2625 res
2841 2581 3018 2640 potest
3064 2571 3137 2626 illi
3171 2573 3462 2639 dominari,
3495 2584 3552 2627 ut
3580 2589 3702 2629 ser-

2104 2665 2232 2719 viat.
2266 2664 2398 2718 Nam
2450 2666 2548 2718 etsi
2594 2665 2745 2719 dives
2776 2664 2913 2721 liber
2964 2665 3133 2736 possit
3176 2680 3235 2720 se
3263 2662 3444 2721 facere
3478 2680 3707 2727 servum

2103 2758 2393 2827 pauperis:
2423 2754 2658 2825 quanditt
2707 2752 2809 2810 hoc
2868 2769 2976 2810 non
3035 2754 3184 2820 facit,
3217 2770 3315 2810 nec
3371 2756 3460 2812 ille
3500 2772 3701 2812 nomen

2104 2846 2306 2900 amittit
2352 2844 2649 2911 libertatis,
2699 2859 2801 2900 nec
2837 2859 3044 2917 pauper
3068 2846 3143 2901 illi
3171 2847 3370 2901 dicitur
3396 2847 3489 2880 'm
3520 2849 3706 2903 domis

2107 2940 2259 3003 nari;
2308 2945 2397 2991 aut
2423 2936 2468 2991 si
2493 2936 2708 2999 dicitur,
2746 2934 3039 3007 improprie
3068 2935 3291 3002 dicitur,
3313 2937 3438 3006 quia
3464 2937 3567 2992 hoc
3592 2954 3705 2993 non

404 3035 534 3092 tem,
570 3040 689 3096 quae
712 2996 1002 3081 sic‘aliena
1048 3034 1131 3080 est
1171 3040 1201 3079 a
1243 3024 1413 3081 libero
1460 3024 1706 3091 arbitrio,
1760 2996 2002 3097 peccavit
2029 2996 2074 3058 Ο
2107 3029 2160 3083 in
2180 3025 2318 3095 ejus,
2364 3027 2458 3081 sed
2494 3028 2545 3080 in
2599 2996 2943 3083 alterius-esi
3003 3036 3285 3098 potestate.
3333 2996 3707 3096 Quamobrem

404 3126 632 3188 utraque
653 3117 908 3188 przedieta
937 3125 1153 3185 natura,
1174 3117 1444 3188 quomodo
1465 3116 1709 3172 dicemus
1729 3131 1848 3173 eam
1872 3132 2001 3188 pec-

402 3222 553 3267 canse
576 3223 672 3279 per
693 3207 927 3265 liberum
966 3209 1290 3265 arbitrium?
1322 3210 1394 3264 At
1419 3209 1465 3265 si
1504 3223 1602 3281 per
1646 3208 1875 3267 liberum
1910 3210 2001 3249 εισι

403 3302 687 3358 arbitrium
715 3318 822 3357 non
853 3302 1118 3372 peccavit,
1144 3317 1210 3359 ex
1233 3303 1557 3359 necessitate
1573 3318 1831 3374 peccasse
1852 3304 2003 3360 vidc-

406 3403 514 3449 tur.
540 3393 742 3463 Nempe
769 3406 863 3448 aut
896 3402 1108 3463 sponte,
1153 3403 1248 3448 aut
1291 3410 1353 3449 ex
1405 3394 1770 3450 necessitate:
1797 3409 1919 3448 nam
1956 3396 2003 3450 si

405 3494 599 3554 sponte
642 3484 885 3554 peccavit
929 3483 1045 3549 ³⁵η,
1070 3484 1342 3554 quomodo
1392 3500 1495 3540 non
1529 3501 1627 3557 per
1649 3486 1745 3518 ³⁸⁸³
1768 3487 2001 3543 liberum

407 3574 738 3631 arbitrium?
768 3574 975 3642 Quare,
1024 3576 1069 3631 si
1104 3591 1208 3632 non
1263 3592 1361 3648 per
1412 3577 1643 3635 liberum
1691 3580 2000 3647 arbitrium,

406 3666 592 3737 utique
614 3682 680 3722 ex
718 3668 1042 3724 necessitate
1068 3683 1326 3739 peccasse
1360 3671 1593 3727 videtur.
1625 3671 1720 3727 Est
1748 3682 1803 3727 et
1830 3673 1999 3741 aliud,

407 3758 551 3828 quod
580 3758 635 3813 in
660 3759 761 3815 hac
800 3759 1055 3830 peccandi
1086 3769 1355 3830 potestate
1383 3777 1469 3817 me
1496 3771 1696 3817 movet.
1730 3762 1831 3831 Qui
1857 3764 2000 3819 enim

406 3865 633 3923 peccare
656 3858 853 3921 potest,
890 3864 1081 3905 servus
1111 3859 1289 3920 potest
1314 3866 1437 3907 esse
1467 3852 1714 3922 peccati;
1747 3853 2001 3923 quoniam

407 3943 496 4015 qui
526 3941 653 4013 facit
676 3952 969 4013 peccatum,
1006 3958 1187 3998 servus
1211 3953 1287 3998 est
1316 3946 1518 4014 peccati
1538 3942 1719 4015 (Joau.
1754 3942 1998 4014 vttt,54).

407 4036 507 4106 Qui
536 4046 715 4093 autem
752 4044 929 4109 potest
952 4051 1143 4092 servus
1195 4051 1317 4091 esse
1373 4036 1601 4106 peccati,
1653 4036 1777 4090 huic
1827 4044 2005 4107 potest

409 4125 674 4181 dominari
707 4137 988 4196 peccatum
1017 4143 1028 4177 :
1057 4124 1331 4194 quomodo
1363 4140 1494 4196 ergo
1532 4125 1700 4181 libera
1733 4126 1874 4181 facta
1903 4124 2005 4180 fuit

410 4218 505 4251 "“
541 4219 629 4273 illa
678 4229 901 4281 natura;
943 4228 1037 4270 aut
1075 4217 1374 4286 cujnsmodi
1427 4219 1655 4274 liberum
1715 4221 2001 4276 ariitrium

408 4310 539 4365 illud
558 4319 699 4374 erat.
726 4312 809 4367 cui
834 4321 1112 4381 peccatum
1152 4309 1418 4364 dominari
1464 4319 1675 4380 poterat
1706 4309 1835 4365 “"2
1858 4309 1997 4365 MAG.

409 4402 476 4458 Et
505 4419 599 4474 per
633 4413 955 4474 potestatem
1002 4402 1283 4474 peccandi,
1316 4410 1371 4456 ct
1408 4410 1600 4471 sponte
1649 4413 1703 4456 et
1745 4416 1841 4473 per
1864 4402 1995 4458 libe-

2107 3120 2241 3176 nihil
2267 3119 2519 3191 prohibet
2570 3118 2818 3188 angelum
2845 3127 2901 3174 et
2931 3119 3203 3175 hominem
3249 3130 3375 3176 ante
3418 3131 3703 3190 peccatum

2106 3211 2304 3268 liberos
2331 3209 2519 3277 fuisse,
2546 3218 2639 3264 aut
2677 3209 2905 3264 liberum
2942 3211 3229 3266 arbitrium
3259 3212 3533 3269 habuisse.

2724 3316 2955 3378 CAPUT
2995 3321 3079 3376 ιιι.

2108 3435 2262 3502 Quod
2288 3445 2561 3506 postquam
2615 3434 2707 3465 "7‘
2739 3451 2793 3506 se
2828 3433 3059 3506 [uerunt
3109 3451 3279 3489 servos
3324 3435 3698 3503 parcam-libe—

2178 3502 2296 3630 ruga
2337 3502 2627 3588 {rubuerunt
2671 3504 2950 3558 arbitrium
2982 3502 3072 3535 “7’
3100 3519 3117 3557 .'
3147 3517 3194 3559 et
3221 3506 3345 3574 quid
3378 3516 3444 3557 ut
3476 3505 3699 3560 liberum

2177 3594 2239 3629 ar
2272 3586 2473 3631 unum.

2180 3667 2327 3722 Disc.
2366 3666 2687 3722 Satisfecisli
2722 3667 2875 3735 tuihi,
2905 3667 3029 3737 quia
3074 3665 3208 3721 nihil
3254 3676 3403 3720 certe
3439 3666 3542 3722 hoe
3574 3682 3701 3736 pro<

2106 3757 2259 3814 bibet
2312 3766 2439 3814 ante
2485 3765 2804 3827 peccatum;
2856 3757 2948 3813 sed
3001 3765 3287 3826 postquam
3331 3771 3391 3812 se
3451 3756 3697 3812 fecerunt

2106 3863 2293 3906 servos
2324 3849 2556 3920 peccati,
2591 3848 2859 3918 quomodo
2883 3848 3111 3903 lil‘erum
3150 3846 3431 3901 arbitrium
3474 3863 3701 3904 servare

2105 3940 2441 4011 potuerunt?
2471 3938 2612 3995 MAG.
2667 3938 2831 3994 Licet
2870 3951 3094 4010 peccato
3118 3957 3177 3996 se
3209 3941 3596 4006 subdidissent,
3632 3940 3697 3995 li-

2107 4036 2369 4089 bertatem
2399 4042 2577 4088 tamen
2608 4032 2818 4088 arbitrii
2865 4033 3167 4089 naturalem
3198 4036 3249 4089 in
3293 4047 3351 4087 se
3382 4035 3697 4089 interimere

2106 4125 2507 4195 nequiverunt;
2539 4127 2631 4179 sed
2673 4122 2850 4179 faccre
2874 4135 3165 4195 potuerunt
3190 4134 3247 4180 ut
3280 4127 3391 4197 jam
3432 4140 3539 4180 non
3580 4124 3697 4180 sine

2105 4216 2207 4270 alia
2249 4217 2445 4289 gratia,
2510 4230 2672 4286 quam
2701 4225 2822 4272 erat
2881 4216 2967 4272 illa
3000 4232 3163 4287 quam
3203 4217 3351 4288 prius
3374 4216 3701 4280 habuerant,

2109 4308 2196 4363 illa
2222 4309 2471 4364 libertate
2522 4309 2598 4364 uti
2641 4324 2744 4364 non
2795 4307 3025 4363 valeant.
3071 4307 3212 4364 Disc.
3250 4306 3467 4363 Credo:
3500 4307 3595 4362 sed
3624 4306 3698 4360 in-

2106 4399 2351 4472 telligere
2386 4399 2653 4457 desidero.
2708 4398 2847 4455 Mtte.
2875 4394 3295 4455 Consideremus
3338 4399 3570 4467 primum
3605 4411 3699 4451 eu-

1706 4628 1937 4683 V.\ll|AE
1976 4627 2381 4684 LECTIONES.

482 4822 579 4895 “f‘
604 4822 874 4895 AAtnittcre
907 4836 1137 4893 nequeat
1167 4842 1266 4881 ms.
1301 4825 1422 4883 Bac.
1456 4846 1561 4884 non
1596 4827 1848 4880 amittere
1873 4837 2035 4895 queat
2078 4827 2173 4864 ³⁸⁵⁸
2226 4824 2291 4879 Et
2318 4825 2362 4879 si
2391 4824 2664 4895 dividatur
2688 4825 2832 4878 bdtt.
2863 4818 3043 4879 Venet.
3075 4822 3234 4878 1547.
3260 4826 3444 4895 baton.
3470 4832 3516 4875 et
3539 4821 3700 4878 Gotk'.

412 4892 477 4949 Et
501 4892 868 4965 siderivatur
895 4892 1021 4949 ms.
1050 4905 1107 4948 et
1135 4895 1185 4950 si
1206 4897 1459 4952 dematur
1532 4897 1625 4931 "'7
1665 4895 1730 4950 In
1764 4892 2083 4965 muiincipi
2114 4896 2179 4950 ab
2203 4895 2284 4950 Itis
2314 4895 2481 4965 aet-bis
2519 4894 2589 4949 Μ.
2615 4894 2732 4950 Non
2756 4895 3147 4965 ergopertinct
3174 4896 3242 4948 ad
3268 4894 3570 4965 libertatem
3586 4906 3696 4947 etc.

480 4963 574 4998 ’“'
608 4965 770 5038 Quod
810 4975 1015 5038 tantum
1050 4966 1211 5021 homo
1262 4976 1318 5023 et
1363 4968 1599 5038 Angelus
1628 4983 1752 5020 nus.
1777 4965 1932 5038 Quod
1964 4962 2147 5038 tamen
2178 4964 2411 5038 Angelus
2436 4967 2596 5038 homo
2669 4965 2763 4997 ’δ”
2796 4962 2863 5019 Et
2881 4962 3123 5038 liberum
3165 4981 3294 5038 ῃιεε.
3327 4975 3381 5017 ut

411 5051 531 5109 rum
606 5036 699 5070 'W
728 5034 843 5090 Non
875 5036 1109 5109 pertinet
1156 5054 1280 5091 uris.
1338 5034 1476 5109 non'
1491 5055 1622 5109 ergo
1650 5036 1899 5109 pertinet;
1964 5037 2055 5070 ³³⁸⁸
2085 5038 2195 5109 Aut
2221 5034 2285 5109 si
2308 5048 2406 5105 per
2436 5035 2669 5109 liberum
2706 5053 2832 5109 me}.

1867 5107 2151 5174 Quomodo
2182 5106 2284 5161 nisi
2309 5102 2552 5174 perum.
2584 5104 2717 5161 Tltu.
2751 5103 2903 5163 Gem.
2955 5102 3080 5159 Βεὲ.
3122 5107 3395 5174 quomodo
3440 5120 3550 5159 non
3595 5120 3692 5174 per

410 5106 475 5178 si
505 5116 697 5177 spente
739 5108 985 5178 pecu-wit
1024 5123 1150 5178 mss.
1209 5124 1332 5162 nam
1371 5108 1423 5161 si
1474 5104 1669 5178 sponte
1743 5104 1837 5178 ’Ὗ

411 5176 506 5217 me
533 5175 1006 5248 Quomodolibera
1033 5177 1127 5230 fuit
1156 5195 1281 5232 utra.
1314 5175 1593 5244 Quomodo
1613 5192 1745 5248 ergo
1774 5175 1944 5231 libera
1975 5175 2114 5232 facta
2145 5175 2244 5231 fuit
2321 5176 2418 5208 m‘
2449 5177 2723 5248 Dominari

2895 4964 3123 5019 liberum
3166 4981 3294 5018 nm.
3327 4975 3381 5017 ut
3428 4978 3525 5033 per
3561 4964 3699 5019 libe-

2865 5034 2935 5101 ᾼι
2960 5036 3007 5107 si
3037 5049 3134 5107 per
3165 5033 3395 5090 liberum
3471 5033 3562 5066 ⁸⁸⁸¹
3589 5037 3700 5090 Aut

2827 5176 3001 5232 terat"
3026 5192 3123 5229 ms.
3145 5172 3213 5229 Β.
3239 5174 3404 5230 ΜὶεΙι.
3425 5172 3703 5230 dorttinari

404 5248 619 5323 potuit?
691 5246 785 5279 ’m
816 5247 881 5300 Et
908 5258 1099 5315 sponte
1128 5264 1223 5316 per
1253 5249 1482 5303 liberum
1510 5266 1637 5303 mss.
1669 5245 1725 5303 et
1749 5257 1942 5315 sponte
1962 5258 2017 5302 et
2047 5264 2146 5318 per
2178 5248 2409 5323 liberum
2440 5264 2538 5302 ms.
2583 5246 2716 5323 Yict.
2747 5245 2799 5303 9.
2846 5250 2999 5301 omit.
3027 5258 3085 5300 et
3122 5254 3314 5314 sponte
3373 5245 3482 5323 ff"
3517 5245 3573 5323 id
3613 5256 3700 5302 est

412 5333 510 5386 per
546 5327 1010 5415 patﬁstatctnrqna
1043 5328 1253 5415 [Pl'tllel’dl
1302 5335 1407 5372 non
1446 5334 1675 5388 peccare
1708 5326 1764 5373 et
1810 5328 2037 5387 peccato
2081 5334 2190 5415 n'ouI
2222 5318 2475 5415 s't-rvire;
2508 5318 2604 5372 sed

414 5385 668 5454 peccandi
725 5404 823 5439 ms.
868 5385 1015 5439 chi.
1046 5385 1141 5449 ιιι.
1176 5388 1226 5440 id
1268 5398 1351 5441 est
1393 5385 1489 5454 per
1539 5385 1862 5457 potestatein
1902 5403 2065 5455 quam
2104 5389 2339 5443 habebat
2368 5403 2474 5442 non
2522 5385 2781 5457 peccandi

1375 5458 1468 5490 ³⁵⁸³
1497 5455 1627 5525 Qum
1671 5475 1775 5511 non
1828 5467 1912 5511 est
1965 5459 2236 5513 serviendi
2287 5475 2411 5512 mss.
2455 5455 2588 5511 Vict.
2615 5457 2749 5512 Tha.
2777 5455 2924 5511 (λιιι.
2975 5473 3097 5527 qua:
3150 5465 3236 5513 est
3276 5473 3380 5510 non
3422 5456 3697 5527 servit-udi

415 5473 539 5526 utar.
566 5473 727 5523 quant
759 5458 1010 5516 habebat,
1044 5458 1298 5526 peccandi

414 5524 509 5597 ἤδη
542 5527 615 5579 Illi
666 5528 881 5596 proprie
926 5524 1123 5581 dicitur
1165 5544 1293 5581 mss.
1350 5528 1426 5582 Illi
1466 5524 1668 5583 dicitur
1720 5542 1880 5597 posse

2654 5334 2750 5387 per
2772 5388 2775 5389 ν
2797 5326 3125 5389 potestatem
3178 5332 3353 5389 quant
3373 5315 3562 5369 habuit
3592 5331 3699 5389 non

2859 5386 2954 5419 ⁸³⁸⁸
2991 5387 3163 5453 Quam
3196 5388 3402 5448 habuit,
3434 5387 3700 5454 peccandi

1957 5529 2053 5565 ³⁸η
2092 5530 2209 5597 Quo
2237 5531 2375 5582 modo
2421 5540 2704 5598 postquam
2744 5545 2840 5582 ms.
2872 5526 3001 5581 Bac.
3042 5531 3185 5596 quod
3234 5537 3522 5596 postquam
3601 5526 3702 5559 Μ’

414 5594 712 5648 Arbitrium
750 5613 872 5648 tnss.
908 5599 1190 5651 arbitrium
1219 5616 1233 5651 :
1262 5607 1315 5653 et
1360 5599 1488 5668 quid
1542 5600 1611 5653 sit
1641 5594 1881 5653 liberum
1912 5594 2199 5654 arbitrium
