3940 6046
284 235 388 288 435

1386 225 1660 282 DlALOG.
1699 225 1784 281 DE
1828 222 2073 278 LIBERO
2110 218 2450 275 ARBITRIO.

3459 219 3560 278 69‘

281 345 515 417 jusmodi
566 346 656 377 ⁸⁸⁷³
722 341 929 397 arbitrii
978 341 1285 394 libertatem
1315 339 1587 391 habebant
1629 338 1722 368 ³³⁷⁸
1753 344 1879 392 ante
1910 344 1952 400 Λ
1985 333 2360 403 negligentiam
2401 332 2650 384 servandi
2701 330 2963 385 habitam.
3017 329 3358 402 Quapropter
3396 345 3565 388 restat

285 448 569 511 peccatum
613 436 832 505 qnando
890 441 1096 486 certum
1148 441 1231 485 est
1263 425 1355 460 3"”
1405 445 1513 504 eos,
1535 430 1763 483 liberum
1785 429 1878 460 ³⁸⁷⁸

290 531 572 585 arbitrium
607 528 880 582 habuisse.
929 527 1071 580 [ηπ.
1129 524 1239 577 Iloc
1301 519 1574 593 exspecto.
1631 521 1767 577 Μλε.
1798 521 1877 575 Ad

288 625 418 695 quid
445 623 539 678 tibi
563 621 818 674 vitientur
849 619 992 672 illam
1021 617 1278 672 habuisse
1306 615 1608 670 libertatem
1633 615 1878 669 arbitrii?

288 717 371 770 An
409 716 476 769 ad
514 711 913 781 assequendum
937 709 1076 778 quod
1126 706 1360 769 vellent;
1396 723 1462 760 an
1500 706 1566 759 ad
1593 706 1874 760 vol'endum

290 805 432 875 quod
467 805 746 865 deberent,
789 809 844 856 et
872 800 1013 870 quod
1069 797 1174 852 illis
1198 796 1333 850 velle
1385 795 1666 864 expediret
1683 797 1707 848 ?
1732 796 1873 849 Dtsc.

289 896 367 950 Ad
433 894 716 949 volendum
775 890 916 962 quod
987 887 1260 950 deberent,
1320 886 1536 954 etquod
1600 885 1877 954 expediret

288 988 445 1043 velle.
496 987 635 1041 Mm.
672 985 812 1053 Ergo
849 983 916 1038 ad
986 980 1366 1036 rectitudinem
1428 978 1719 1033 Voluntatis
1782 977 1876 1031 ha-

289 1075 866 1131 bueruntlibertatem'
917 1070 1170 1125 arbitrii:
1205 1069 1439 1138 quandiu
1503 1081 1736 1138 namque
1775 1081 1872 1122 vo-

286 1166 505 1222 luerunt
542 1165 704 1235 ,quod
773 1163 1078 1218 debuerunt
1129 1161 1506 1214 rectitudinem
1569 1159 1876 1214 habuerunt

287 1257 772 1311 Voluntati~s.Dtsc.
811 1253 885 1307 lta
936 1262 1038 1307 est.
1088 1249 1227 1306 ΜΑε.
1259 1250 1489 1304 Dubium
1544 1259 1627 1304 cst
1675 1250 1872 1314 adhuc,

290 1365 413 1403 cum
444 1349 645 1402 dicitur
671 1345 798 1416 quia
827 1343 1128 1399 libertatem
1172 1343 1474 1397 habitarunt
1536 1342 1604 1396 ad
1654 1343 1874 1398 rectitu-

289 1441 467 1495 diuem
499 1439 592 1470 'm
633 1438 947 1504 voluntatis,
1007 1439 1051 1492 si
1113 1451 1220 1492 non
1278 1437 1508 1492 addatur
1535 1436 1736 1506 aliquid
1759 1433 1872 1488 ³⁸⁷⁸.

284 1519 482 1597 Quaero
519 1530 684 1601 igitur
734 1529 1004 1599 quomodo
1065 1529 1336 1584 habebant
1391 1527 1534 1583 illam
1569 1528 1871 1585 libertatem

287 1622 354 1676 ad
385 1622 763 1677 rectitudinem
817 1621 1154 1676 voluntatis:
1190 1635 1256 1673 an
1283 1619 1349 1674 ad
1385 1619 1702 1689 capiendum
1749 1635 1870 1675 eam

1983 423 2287 477 libertatem
2311 420 2520 473 arbitrii
2544 423 2727 475 datam
2783 435 2903 474 esse
2935 421 3183 475 rationali
3211 434 3416 478 naturae.
3470 424 3565 456 ωδ

1980 515 2047 566 ad
2114 511 2436 567 servandam
2491 521 2768 581 acceptam
2822 512 3199 567 rectitudiuem
3249 515 3560 574 voluntatis.

1981 603 2118 657 MAG.
2144 602 2286 656 Bene
2324 602 2388 655 ad
2442 601 2773 672 interrogata
2831 603 3174 672 respondisti.
3238 604 3344 659 Sed
3382 608 3561 662 adhuc

1978 708 2114 762 opus
2149 700 2233 747 est
2273 700 2331 745 ut
2355 691 2756 746 consideremus
2805 702 3024 763 propter
3076 695 3204 762 quid
3233 695 3376 750 illam
3404 703 3563 754 recti-

1981 784 2220 837 tmliuem
2251 796 2470 838 servare
2502 783 2698 839 debeat
2750 785 3032 839 rationalis
3078 796 3269 840 natura
3311 788 3446 842 3"”:
3481 792 3563 844 An

1979 883 2200 941 propter
2237 873 2407 942 ipsam
2433 873 2813 928 rectitudinem
2876 889 2942 926 an
3009 884 3229 944 propter
3256 877 3399 930 aliud
3431 878 3566 932 “3‘?

1983 967 2125 1022 [ηδε.
2156 966 2210 1020 Si
2244 981 2346 1022 non
2385 965 2472 1020 illa
2501 965 2722 1021 libertas
2775 965 2900 1020 data
2946 977 3085 1022 esset
3119 967 3190 1021 illi
3245 978 3468 1036 παίω-πε,
3509 983 3568 1026 ut

1978 1061 2272 1115 voluntatis
2301 1059 2675 1115 rectitudinem
2695 1068 2916 1128 propter
2942 1059 3111 1128 ipsam
3139 1073 3379 1117 servaret
3409 1065 3568 1119 recti-

1980 1152 2242 1218 tudinem,
2268 1167 2372 1205 non
2410 1150 2613 1205 valeret
2643 1149 2711 1203 ad
2737 1147 3002 1218 justitiam
3033 1167 3046 1214 ;
3076 1152 3327 1220 quoniam
3356 1163 3568 1209 constat

1969 1241 2236 1310 justitiam
2265 1227 2418 1298 'esse
2457 1241 2835 1298 rectitudinem
2887 1243 3181 1299 voluntatis
3229 1256 3449 1318 propter
3509 1265 3568 1304 se

1976 1343 2246 1389 servatam
2277 1351 2289 1388 :
2328 1334 2421 1390 sed
2449 1334 2516 1388 ad
2551 1333 2821 1403 justitiam
2860 1336 3114 1406 prodesse
3165 1339 3374 1392 arbitrii
3404 1341 3566 1396 liber-

1977 1437 2141 1483 tatem
2165 1429 2455 1484 credimus.
2487 1427 2670 1494 Quare
2715 1427 3082 1484 indubitanter
3109 1435 3456 1486 asserendum
3483 1445 3570 1489 est

1977 1519 2293 1574 rationalem
2317 1526 2564 1573 naturam
2597 1534 2704 1575 non
2739 1532 2856 1574 eam
2904 1523 3198 1591 accepisse,
3234 1525 3333 1579 nisi
3358 1528 3424 1580 ad
3451 1542 3569 1582 ser‘

1974 1610 2205 1663 vandam
2223 1608 2606 1664 rectitudinem
2634 1609 2929 1665 voluntatis
2956 1618 3178 1681 propter
3212 1614 3380 1682 ipsam
3410 1617 3570 1671 recti-

274 1714 406 1768 δῖηε
426 1714 639 1780 ἀέκονθ’
688 1729 812 1768 cum
854 1712 1000 1767 mam
1061 1712 1302 1767 nondum
1327 1711 1629 1777 haberem;
1683 1725 1750 1766 an
1804 1714 1870 1766 ad
1905 1697 1945 1755 Β
1975 1701 2240 1756 tudinem.
2267 1700 2408 1754 ΜΑο.
2435 1701 2575 1772 Ergo
2606 1702 2859 1770 quoniam
2905 1704 3084 1758 omnis
3114 1703 3204 1736 “8’
3237 1705 3457 1762 libertas
3485 1719 3570 1764 est

283 1804 660 1873 accipiendum
714 1805 952 1860 nondum
993 1804 1256 1870 habitam,
1303 1804 1347 1859 si
1386 1804 1610 1859 daretur
1627 1799 1873 1860 ut'habe-

286 1905 403 1948 rent
430 1911 444 1957 ;
478 1911 546 1948 an
576 1895 642 1948 ad
668 1895 1208 1965 deserendum-quam
1234 1905 1578 1965 acceperant,
1608 1905 1662 1950 et
1693 1911 1792 1967 per
1811 1910 1873 1952 re

284 1983 663 2038 restituendum
723 1986 1034 2050 desertam;
1090 1999 1156 2039 an
1184 1986 1252 2039 ad
1286 1997 1501 2054 semper
1547 1979 1870 2040 servandum

206 2143 217 2152 .
280 2073 614 2142 acceptam?
655 2075 801 2130 Dtsc.
831 2075 910 2129 Ad
966 2074 1287 2144 Capiendum
1343 2075 1718 2130 rectitudinem
1755 2076 1873 2132 sine

284 2166 475 2219 dature
509 2179 613 2220 non
652 2175 781 2236 puto
809 2167 929 2222 illos
956 2167 1212 2222 habuisse
1238 2165 1576 2232 libertatem;
1615 2167 1871 2236 quoniam

281 2255 418 2310 nihil
446 2257 647 2311 habere
689 2267 982 2328 patuerunt
1035 2258 1180 2327 quod
1227 2271 1334 2311 non
1401 2267 1746 2326 acceperunt.
1790 2257 1870 2313 Ad

283 2347 655 2416 accipiendum
716 2363 843 2403 vero
875 2364 902 2401 a
944 2349 1156 2414 datore,
1199 2361 1362 2418 quam
1417 2349 1652 2403 nondum
1706 2349 1872 2403 habe-

283 2437 431 2502 bant,
471 2445 533 2491 ut
569 2450 689 2492 eam
725 2438 1008 2505 haberent,
1055 2446 1263 2494 nonest
1299 2437 1582 2494 dicendum
1632 2453 1728 2494 eos
1776 2439 1874 2494 ha-

281 2526 465 2581 buisse
516 2526 856 2593 libertatem;
889 2529 1014 2598 quia
1040 2543 1145 2583 non
1187 2538 1269 2584 est
1316 2528 1644 2584 credendum
1674 2544 1767 2585 eos
1791 2527 1872 2584 fa-

278 2629 398 2674 ctos
447 2619 565 2674 sine
605 2629 750 2676 recta
795 2621 1092 2688 voiuutate,
1131 2621 1381 2691 quamvis
1423 2635 1528 2676 non
1568 2622 1868 2693 negandum

277 2709 354 2761 sit
383 2723 479 2762 eos
503 2709 760 2765 habuisse
788 2710 1095 2765 libertatein
1111 2711 1405 2781 recipiendi
1442 2713 1690 2767 eamdem
1716 2712 1871 2766 recti-

280 2799 544 2863 tudinem,
575 2800 618 2854 si
669 2815 786 2855 eam
841 2803 1175 2869 desererent,
1218 2810 1272 2857 et
1310 2804 1379 2858 ab
1409 2805 1525 2873 ipso
1571 2803 1746 2872 primo
1771 2804 1868 2856 da-

282 2897 398 2943 tore
436 2889 541 2944 illis
593 2891 911 2946 redderetur
944 2893 1126 2962 :quod
1185 2892 1237 2946 in
1271 2893 1581 2948 hominibus
1624 2907 1766 2964 saepe
1792 2894 1871 2948 vi-

277 2979 492 3048 demus,
532 2981 621 3051 qui
660 2982 724 3036 de
750 2981 1010 3051 iniustitia
1043 2983 1396 3051 adjustitiam
1424 3000 1656 3056 superna
1695 2987 1867 3055 gratia

278 3067 637 3125 reducuntur.
678 3069 816 3126 MAG.
877 3070 1072 3126 Verum
1121 3081 1205 3127 est
1249 3073 1393 3149 quod
1442 3053 1577 3129 dicis
1626 3053 1720 3106 ’δτδ
1771 3090 1867 3130 eos
1895 3053 1936 3112 (ἶ

275 3171 437 3226 posse
479 3161 720 3230 recipere
759 3163 1024 3231 perditm
1058 3164 1460 3230 rectitudinem,
1499 3164 1541 3220 si
1569 3163 1861 3219 reddatur:

276 3249 371 3301 sed
400 3265 502 3304 nos
524 3251 665 3304 illam
692 3253 1018 3319 libertatem,
1048 3269 1209 3324 quam
1243 3255 1548 3309 habuerunt
1573 3263 1863 3326 antequam

274 3348 590 3406 peccarent,
621 3343 935 3411 qurerimus,
961 3359 1081 3397 cum
1111 3344 1228 3398 sine
1250 3343 1413 3398 dubio
1440 3343 1668 3398 liberum
1700 3344 1866 3399 habe-

275 3428 412 3482 bant
449 3432 734 3486 arbitrium
764 3433 859 3464 "'"
901 3449 1005 3488 non
1063 3435 1232 3500 illam,
1285 3450 1392 3504 qua
1432 3435 1611 3490 nullus
1665 3436 1865 3507 indige-

280 3531 364 3575 ret
393 3523 506 3589 “3',
553 3525 596 3578 si
647 3539 922 3595 nunquam
978 3529 1262 3581 veritatem
1303 3528 1671 3584 deseruisset?
1721 3530 1861 3583 Dtsc.

279 3611 589 3684 Prosequar
615 3617 822 3686 itaque,
853 3627 906 3670 et
933 3617 1269 3687 respondebo
1314 3621 1380 3671 ad
1411 3634 1476 3673 ea
1509 3631 1628 3688 qua:
1657 3630 1866 3677 restant

278 3707 344 3762 de
377 3707 462 3762 his
484 3723 602 3776 qum
624 3709 994 3779 interrogasti.
1025 3710 1104 3764 Ad
1128 3710 1483 3766 deserendum
1509 3721 1687 3766 autem
1718 3727 1864 3766 eam-

275 3799 400 3852 dem
430 3801 830 3866 rectitudiuem,
857 3816 950 3856 eos
986 3800 1291 3855 libertatem
1357 3801 1614 3857 habuisse
1654 3819 1757 3857 non
1782 3814 1866 3859 est

276 3905 500 3956 verum;
533 3893 658 3962 quia
718 3893 969 3949 deserere
1036 3893 1331 3948 voluntatis
1381 3893 1756 3948 rertitudiuem
1780 3906 1864 3949 est

271 3995 524 4051 peccare,
551 3992 605 4038 ct
634 3991 956 4054 potestatem
981 3985 1261 4055 peccandi,
1284 4000 1384 4039 nec
1412 3983 1738 4051 libertatem,
1766 4001 1863 4039 nec

277 4086 484 4145 partem
515 4092 634 4134 esse
663 4077 925 4133 libertatis
957 4095 1116 4150 supra
1144 4079 1456 4135 monstrasti
1491 4080 1632 4152 (cap.
1670 4083 1742 4149 l).
1780 4081 1861 4137 Ad

273 4172 656 4222 rcsumendum
683 4183 819 4223 vero
876 4185 972 4240 per
1004 4185 1062 4224 se
1093 4171 1360 4226 desertam
1387 4171 1764 4224 rcctitudinem
1794 4171 1859 4223 li-

270 4262 539 4315 bertatem
573 4277 678 4317 non
737 4272 1251 4334 acceperunt:cum
1305 4263 1372 4317 ad
1436 4264 1539 4317 hcc
1600 4263 1863 4318 recti-mdo

1975 1798 2240 1860 potestas;
2279 1791 2368 1845 illa
2399 1791 2624 1849 libertas
2663 1793 2874 1848 arbitrii
2921 1802 3003 1848 est
3028 1803 3270 1864 potestas
3313 1800 3566 1853 servandi

1975 1881 2356 1938 rectitudiuem
2379 1881 2671 1940 voluntatis
2697 1894 2919 1953 propter
2959 1884 3128 1952 ipsam
3160 1887 3565 1944 reetitudinem.

1974 1974 2118 2029 DISC.
2155 1975 2280 2030 Non.
2314 1984 2494 2046 potest
2515 1975 2660 2030 aliud
2698 1990 2836 2031 esse.
2891 1976 3033 2032 illac.
3076 1977 3194 2032 Jam
3252 1971 3432 2051 itaque
3459 1983 3568 2036 clas

1975 2083 2090 2122 rum
2120 2078 2206 2123 est
2237 2068 2468 2123 liberum
2495 2069 2780 2122 arbitrium
2809 2083 2912 2124 non
2940 2083 3064 2124 esse
3089 2070 3250 2136 aliud,
3283 2089 3443 2142 quam
3482 2087 3568 2130 ar-

1971 2156 2192 2213 bitrium
2230 2169 2419 2228 potens
2446 2171 2666 2214 servare
2713 2159 3091 2215 rectitudi‘netn
3127 2163 3416 2219 voluntatis
3440 2180 3566 2234 pro-

1972 2260 2092 2320 pter
2152 2252 2324 2320 ipsam
2381 2250 2778 2305 reetitudinem.
2835 2251 2983 2304 [ηδε.
3018 2253 3232 2307 Clarum
3263 2255 3447 2324 utique
3473 2253 3566 2289 “3‘

1971 2350 2073 2397 est.
2104 2341 2210 2396 Sed
2240 2343 2474 2412 quandiu
2506 2342 2674 2412 ipsam
2704 2353 2777 2396 re.
2799 2343 3077 2396 t'ttniinetn
3109 2345 3316 2411 habri',
3347 2363 3567 2405 servare

1971 2435 2310 2506 potuitquod
2336 2437 2524 2491 habuit
2569 2436 2682 2489 ⁸⁸⁸⁸.
2717 2435 3008 2506 Postquam
3045 2449 3225 2492 autem
3268 2439 3414 2493 illam
3474 2441 3567 2496 de-

1972 2527 2162 2594 seruit,
2188 2528 2456 2596 quomodo
2483 2537 2660 2599 potest
2687 2544 2904 2585 servare
2931 2532 3070 2601 quod
3099 2547 3204 2586 non
3237 2533 3432 2587 habet?
3455 2533 3566 2588 Ab-
3620 2542 3626 2549 '

1970 2626 2124 2671 sente
2144 2632 2274 2688 ergo
2303 2619 2642 2684 rectitudine,
2680 2635 2800 2690 quae
2854 2622 3063 2676 servari
3113 2622 3284 2690 possit
3311 2621 3428 2687 ³⁸⁸⁸,
3457 2639 3561 2678 tton

1970 2718 2054 2763 est
2091 2709 2321 2764 liberum
2352 2711 2676 2780 arbitrium,
2717 2713 2859 2782 quod
2909 2728 3028 2770 eam
3089 2727 3309 2770 servare
3340 2716 3513 2770 valeat
3545 2735 3560 2772 :

1972 2817 2076 2856 non
2099 2803 2244 2857 enim
2258 2813 2476 2858 servare
2497 2803 2639 2859 valet
2663 2805 2806 2874 quod
2833 2820 2939 2859 non
2959 2805 3138 2861 habet.
3164 2805 3302 2860 ΜΑε.
3339 2805 3563 2862 Etiamsi

1969 2893 2111 2948 absit
2136 2894 2400 2949 rectitude
2437 2895 2746 2961 voluntatis,
2793 2910 2897 2951 non
2933 2903 3109 2950 tamen
3139 2895 3419 2951 rationalis
3468 2913 3565 2951 na--

1971 2994 2090 3039 tura
2116 2985 2292 3040 minus
2342 2986 2504 3042 habet
2532 2987 2675 3055 quod
2723 3002 2880 3040 suum
2926 2997 3027 3041 est.
3071 2985 3278 3042 Nullam
3331 2999 3563 3059 namque

1971 3084 2292 3145 potestatem
2319 3076 2600 3140 habemus,
2633 3084 2688 3129 ut
2712 3084 2860 3146 puto,
2890 3091 3010 3145 quae
3036 3074 3148 3131 sola
3172 3076 3419 3141 sulliciat,
3458 3079 3562 3133 sibt

1969 3167 2034 3221 ad
2067 3173 2246 3222 actum
2281 3188 2294 3222 :
2327 3177 2381 3221 et
2411 3179 2614 3236 tamen,
2639 3183 2761 3223 cmn
2789 3183 2850 3222 ea
2903 3170 3100 3223 desunt
3125 3170 3241 3224 sine
3277 3171 3386 3238 (ιιιῘί
3411 3186 3473 3224 us
3493 3173 3559 3224 ad

1970 3267 2148 3312 actum
2173 3255 2395 3311 minime
2417 3258 2784 3327 perducuntur
2801 3267 2997 3313 nostra:
3013 3257 3101 3290 ’δ”
3119 3269 3430 3329 potestates,
3453 3276 3559 3315 non

1970 3347 2146 3401 minus
2169 3360 2279 3410 eas,
2308 3355 2564 3416 quantum
2594 3346 2646 3400 in
2687 3346 2844 3401 nobis
2897 3353 3002 3412 est,
3059 3347 3260 3402 habere
3305 3347 3554 3403 dicimur.

1968 3437 2124 3494 Sicut
2171 3439 2372 3494 nullum
2423 3441 2841 3495 instrumentum
2886 3439 3058 3494 solum
3117 3441 3216 3494 sibi
3246 3441 3437 3495 sullicit
3491 3446 3559 3493 ad

1966 3531 2332 3598 operandum;
2370 3538 2567 3596 tamen,
2602 3543 2724 3585 cum
2754 3531 2950 3585 desunt
2980 3530 3066 3584 illa
3099 3530 3216 3585 sine
3245 3532 3440 3602 quibus
3463 3531 3557 3563 ⁸⁸⁹¹

1969 3621 2324 3676 instrumento
2378 3622 2453 3675 ttti
2491 3621 2798 3690 nequimus,
2857 3621 3275 3677 instrumentum
3317 3637 3414 3677 nos
3466 3638 3558 3677 cu-

1962 3712 2185 3780 juslibet
2205 3713 2385 3782 operis
2409 3713 2608 3767 habere
2633 3713 2752 3767 sine
2781 3713 3012 3768 falsitate
3043 3713 3296 3768 fatemur.
3320 3714 3471 3781 Quod
3501 3725 3559 3769 ut

1967 3805 2020 3858 in
2045 3804 2226 3858 ntttltis
2251 3804 2668 3868 animadvertas,
2703 3804 2756 3856 in
2785 3819 2892 3857 uno
2925 3802 3017 3858 tibi
3045 3806 3380 3859 monstrabo.
3423 3805 3555 3858 Nul-

1967 3894 2050 3948 lus
2085 3895 2252 3947 risum
2299 3893 2504 3947 habens
2552 3893 2751 3948 dicitur
2803 3894 3109 3947 nullatenus
3159 3910 3317 3964 posse
3377 3897 3556 3950 videte

1967 3994 2225 4039 montem.
2263 3983 2406 4039 Dtsc.
2429 3983 2528 4049 Qui
2591 3991 2825 4037 montem
2870 3984 3052 4037 vidrre
3082 3999 3186 4038 non
3210 3994 3403 4053 potest,
3434 4001 3556 4054 pro-

1967 4075 2326 4131 l'rctonullum
2360 4075 2521 4130 habet
2546 4074 2741 4130 visum.
2778 4074 2918 4130 MAG.
2949 4073 3122 4131 Habet
3147 4092 3276 4146 ergo
3318 4088 3554 4145 potesta~

1967 4177 2070 4219 tem
2104 4175 2160 4218 et
2207 4166 2624 4219 instrumentum
2654 4164 2866 4219 ridendi
2921 4173 3182 4231 montem,
3247 4166 3336 4235 qui
3381 4167 3552 4220 risum

1965 4257 2128 4310 habet
2159 4274 2171 4309 :
2203 4266 2256 4310 et
2279 4265 2458 4310 tamen
2475 4257 2517 4311 si
2536 4271 2690 4310 mons
2712 4257 2881 4320 abest,
2911 4265 2964 4310 et
2987 4256 3123 4312 dicis
3149 4258 3217 4320 ei,
3251 4256 3380 4310 Vide
3405 4274 3554 4311 lllOll-

271 4352 363 4406 ma
392 4354 512 4407 dum
553 4355 644 4386 sses
669 4356 763 4420 si"
811 4364 870 4409 ul
915 4370 1190 4424 umquam
1230 4355 1575 4411 descreremr
1600 4355 1713 4408 εδει,
1744 4355 1860 4425 Ipsa
1894 4391 1942 4448 Β
1969 4357 2096 4435 tem,
2139 4348 2431 4417 respondet
2472 4347 2608 4402 tibi:
2652 4345 2767 4400 Non
2808 4362 3046 4416 possum,
3079 4346 3204 4415 quia
3268 4348 3458 4412 abest;
3508 4350 3552 4402 si

271 4460 509 4515 namque
563 4456 804 4516 potestas
855 4450 1157 4502 resumendi
1220 4449 1486 4501 desertam
1516 4488 1528 4509 ,
1577 4458 1858 4515 generaret

1967 4430 2201 4505 adesset,
2228 4455 2439 4510 possem
2474 4439 2676 4493 videre.
2740 4439 2869 4492 Item
2903 4453 2918 4491 :
2957 4437 3013 4492 Si
3045 4453 3151 4492 non
3221 4439 3454 4502 adesset,
3499 4448 3556 4490 et

1561 4575 1795 4628 \‘ARIAS
1828 4575 2230 4631 LECTIONES.

352 4687 445 4724 ³⁵⁷³
477 4689 900 4746 Consideremns
927 4691 1228 4754 cujusmodi
1263 4709 1360 4745 ms.
1408 4694 1528 4744 Ber.
1585 4692 1618 4745 ἒ)
1699 4693 2104 4747 consideremus
2156 4707 2283 4760 ergo
2328 4692 2560 4760 prirnum
2607 4690 2904 4760 cujusmodi
2963 4706 3086 4744 mss.
3142 4693 3550 4746 consideremus

271 4760 515 4830 primunt
551 4761 854 4830 cuiusmodi
934 4761 1026 4792 ³⁵⁷⁸
1058 4761 1395 4816 Libertatem
1450 4764 1758 4818 habuerunt
1807 4780 1931 4816 mss.
1983 4757 2288 4817 lilrertalem
2330 4757 2612 4830 habebant
2673 4757 2783 4791 ⁷³⁸⁷⁸
2836 4761 2970 4826 Quia
3019 4769 3227 4814 certum
3286 4772 3368 4816 est
3422 4779 3545 4818 mss.

268 4829 494 4898 {quando
519 4845 733 4883 eertum
766 4841 850 4885 est
923 4829 1019 4863 "7°
1047 4831 1154 4885 Eos
1200 4832 1429 4887 liberum
1467 4851 1565 4886 ms.
1610 4834 1800 4888 Cister.
1841 4848 1934 4887 eos
1969 4845 2096 4886 ante
2142 4831 2366 4884 liberum
2445 4831 2536 4864 “77
2575 4829 2896 4885 Habuerunt
2937 4831 3006 4885 ad
3040 4831 3417 4886 rectitudiqu
3448 4850 3545 4887 ms.

277 4899 423 4972 Vicit.
450 4899 686 4972 5._omit.
719 4902 784 4955 ad
861 4900 958 4933 ³⁸⁷⁸
994 4900 1240 4972 Addatur
1274 4904 1414 4956 aliud
1445 4921 1570 4957 mss.
1602 4905 1837 4958 addatur
1865 4903 2069 4972 aliquid
2143 4902 2234 4972 ἕδη
2268 4899 2417 4954 Unde
2450 4910 2533 4954 est
2574 4905 2715 4968 quod
2746 4902 3035 4972 dicisimss.
3070 4917 3256 4956 verum
3300 4914 3379 4957 est
3407 4906 3548 4970 quod

272 4971 420 5042 diris
496 4968 591 5042 "ﬁ"
637 4968 894 5025 Liberum
928 4971 1238 5042 habuerunt
1280 4973 1564 5028 arbitrium
1604 4991 1729 5028 mss.
1787 4968 2012 5029 lihet'uin
2069 4970 2344 5026 habebant
2395 4971 2677 5042 arbitrium
2714 5041 2719 5042 ν
2755 4971 2845 5004 ³³⁸¹
2895 4971 3086 5026 Nullus
3128 4972 3388 5042 indigeret
3417 4968 3542 5025 mss.

269 5037 419 5110 Tim.
455 5039 634 5094 nullus
681 5042 884 5110 indiget
957 5039 1054 5074 ⁸⁸⁸³
1095 5041 1384 5098 Rectitudo
1431 5043 1505 5097 illi
1537 5045 1663 5098 data
1715 5063 1840 5098 mss.
1898 5044 2164 5097 rectitudo
2221 5042 2306 5095 illa
2360 5043 2482 5094 data
2559 5039 2653 5072 ³⁸⁸³
2696 5041 2982 5096 Deseratur
3018 5060 3141 5097 mss.
3203 5037 3546 5096 dC-sereretur

265 5109 365 5140 ³³³³
395 5108 666 5164 Rationali
711 5108 976 5167 creatura:
1007 5113 1090 5166 vel
1123 5123 1330 5168 natura:
1371 5130 1499 5168 mss.
1533 5115 1786 5168 ra-tiouali
1816 5124 2022 5168 naturae
2098 5112 2191 5144 ³⁵⁸⁵
2230 5112 2530 5166 Rationalis
2578 5122 2826 5167 creatura
2868 5130 2992 5166 mss.
3039 5111 3316 5166 rationalis
3355 5124 3543 5166 natura

264 5180 363 5210 ³⁸⁸⁸
397 5180 506 5234 Aut
542 5191 763 5249 propter
803 5182 950 5236 aliud
993 5199 1119 5236 mss.
1180 5182 1320 5238 Vict.
1378 5183 1502 5238 Bec.
1537 5185 1673 5239 Tim.
1723 5203 1790 5238 an
1826 5195 2044 5253 pmptcr
2084 5184 2228 5237 aliud
2306 5181 2396 5214 ⁸⁸⁵⁷
2447 5181 2709 5248 Quoniam
2743 5184 2920 5238 omnis
2962 5199 3084 5235 mss.
3119 5196 3245 5250 ergo
3282 5183 3541 5304 ἇιιιυιιίειιη

264 5250 448 5303 unmis
522 5251 615 5285 ³⁸³⁸
640 5245 862 5304 Clarum
897 5253 1080 5304 itauue
1109 5271 1235 5304 mss.
1265 5255 1471 5304 clartnn
1506 5258 1691 5304 ntinne
1760 5254 1852 5285 ³⁸⁸9
1887 5255 2064 5304 Potuit
2095 5255 2238 5304 quod
2269 5252 2453 5304 debuit
2484 5269 2609 5304 ntss.
2653 5251 2789 5304 Vict.
2816 5251 2939 5304 Bec.
2975 5251 3039 5304 S.
3083 5251 3244 5304 Mt'ch.
3324 5255 3413 5304 Im.
3450 5267 3541 5304 uo-

262 5250 448 5324 umnis
522 5245 615 5324 ξλέα
640 5245 866 5324 Clarum
889 5253 1080 5324 itaque
1109 5271 1235 5309 nias.
1265 5255 1471 5308 clarum
1506 5258 1691 5324 utique
1760 5245 1852 5285 ³⁸⁸⁵
1886 5245 2064 5308 Potuit
2095 5255 2238 5323 quod
2269 5245 2789 5324 delinitfmss.Vict.
2816 5251 2939 5324 Bec.
3083 5245 3244 5305 Μετῖι.
3282 5245 3413 5304 Tim.
3450 5267 3542 5320 po.

265 5319 372 5373 tuit
393 5321 538 5394 quod
572 5322 785 5394 habu'it
833 5322 927 5354 "9°
956 5319 1130 5391 Quam
1163 5339 1382 5380 servare
1406 5326 1573 5393 possit
1599 5319 1726 5379 nisa.
1755 5337 1875 5394 qua:
1901 5319 2125 5380 servari
2148 5324 2317 5394 possit
2395 5322 2486 5394 "‘3‘
2519 5322 2895 5394 Suﬂiciatisibi
2924 5322 3198 5394 adactum
3223 5340 3242 5394 ⁸;
3276 5332 3329 5375 et
3363 5319 3538 5376 tamen

263 5407 395 5464 cum
420 5407 482 5444 ea
511 5393 708 5458 desint,
747 5393 864 5448 sine
891 5390 1085 5464 quibus
1113 5397 1177 5448 ad
1209 5390 1650 5450 actum'mit’time
1679 5390 2044 5464 perducuntur
2076 5390 2271 5449 noStrte
2300 5409 2394 5446 ms.
2421 5391 2544 5447 Bec.
2577 5395 2676 5449 sibi
2701 5392 2946 5464 sufﬁciat.
2975 5390 3234 5464 Namﬂetsi
3259 5395 3324 5464 ad
3360 5406 3539 5446 aetum

262 5461 492 5516 minime
521 5459 942 5532 perduccreutu'r
972 5475 1169 5520 nostrae
1200 5481 1324 5518 mss.
1357 5464 1586 5520 suliiciat
1625 5459 1728 5520 sibi
1760 5466 1824 5518 ad
1857 5475 2032 5518 actum
2063 5482 2076 5518 :
2109 5477 2160 5518 et
2193 5477 2369 5518 tamen
2401 5479 2522 5517 cum
2550 5480 2613 5520 ea
2641 5464 2854 5528 desunt,
2880 5459 3229 5532 sinequibus
3261 5463 3336 5532 ad
3359 5472 3537 5516 actum

265 5533 1118 5658 ﬂumine.pfrducunturlttostrm
1193 5533 1282 5568 “9’
1314 5534 1446 5590 Cum
1477 5534 1671 5591 desunt
1701 5535 1811 5601 illa,
1851 5535 2046 5604 quibus
2089 5551 2213 5588 mss.
2246 5549 2366 5589 cum
2401 5534 2596 5590 desunt
2625 5533 2732 5601 illa,
2779 5533 2895 5589 sine
2937 5531 3132 5600 quibus
3168 5547 3264 5584 ms.
3315 5531 3434 5587 Bac.
3491 5536 3536 5588 si

307 5614 466 5656 esunt
511 5620 524 5656 ι
571 5621 635 5658 a.
664 5619 782 5658 sme
811 5620 900 5658 mn
943 5620 1006 5658 us

307 5614 466 5656 esunt
511 5605 598 5657 illa
619 5643 635 5668 ,
664 5605 782 5658 sine
811 5605 1006 5671 quibus
