3936 6048
397 206 503 262 495

925 201 992 255 S.
1037 195 1332 256 ANSEM‘II
1373 197 1721 254 CANTUAR.
1767 191 2086 250 ARCHIEP.
2125 196 2275 252 OPP.
2313 197 2488 254 PARS
2516 197 2554 251 1.
2580 227 2646 237 --
2690 196 3109 254 DOGMATICA.

3565 197 3672 256 £96

397 320 485 372 lux
514 321 758 381 abesset;
787 311 1131 384 responderet
1167 330 1226 368 se
1250 322 1482 366 montem
1511 311 1690 365 videre
1718 311 1979 377 monenti.
2015 317 2054 373 Α
2088 312 2268 366 invitis
2337 313 2600 366 rcctitudo
2666 312 2954 367 voluntatis
3013 331 3117 367 non
3187 323 3394 382 polt'rat
3445 315 3670 370 auferri.

399 411 522 478 quia
589 407 682 438 ³⁸³³
736 422 841 458 non
901 415 1080 472 posset
1129 403 1350 456 absente
1391 400 1484 432 ""‘
1523 399 1638 452 luce
1666 415 1678 461 ;
1711 401 1802 452 sed
1829 401 1871 453 si
1895 399 1982 452 lux

397 499 634 560 adesset,
678 506 803 549 tunc
833 502 1012 564 posset
1041 493 1152 544 ³⁸⁸⁸.
1186 491 1418 545 Rursum
1451 507 1462 541 :
1490 490 1535 543 si
1566 490 1739 544 visum
1769 487 1985 542 habenti

401 601 554 640 mons
581 567 747 639 et'lux
781 597 1015 652 praesens
1069 590 1173 643 est,
1201 589 1253 634 et
1307 579 1508 649 aliquid
1535 579 1670 633 visui
1709 579 1904 640 obstet,
1929 586 1988 631 ut

398 680 442 731 si
467 677 588 746 quis
615 676 690 730 illi
721 674 909 729 oculos
930 673 1167 735 claudat,
1196 673 1338 726 dicet
1390 687 1449 727 se
1496 672 1589 702 ⁸⁸⁸⁸
1624 687 1780 742 posse
1803 671 1986 726 videre

397 775 634 822 montem
662 781 676 819 :
707 766 801 820 sed
831 765 876 819 si
901 763 1034 818 nihil
1058 764 1194 818 visui
1221 763 1338 833 ejus
1366 762 1674 822 obsisteret,
1710 771 1837 816 tunc
1866 763 1983 815 sine

395 858 559 912 dubio
613 865 850 912 montem
905 855 1119 911 videndi
1187 864 1509 925 potestatem
1557 855 1807 910 haberet.
1834 854 1980 909 [ηδε.

399 947 594 1002 Totum
641 947 744 1001 hoc
769 945 1021 1000 omnibus
1076 955 1261 998 notum
1291 954 1396 1000 est.
1451 944 1592 998 MAG.
1652 943 1811 998 Vides
1857 957 1985 1012 ergo

395 1040 519 1108 quia
541 1046 779 1109 potestas
808 1037 1020 1092 videndi
1055 1036 1271 1106 aliquod
1317 1050 1538 1104 corpus,
1566 1035 1668 1089 alia
1697 1044 1782 1089 est
1821 1035 1872 1087 itt
1906 1035 1984 1086 vi-

393 1132 582 1197 dente;
614 1129 718 1184 alia
751 1130 802 1182 in
834 1143 893 1184 re
923 1128 1180 1193 videnda;
1213 1127 1314 1181 alia
1365 1127 1416 1180 in
1444 1127 1640 1191 medio,
1689 1127 1739 1180 id
1771 1136 1855 1180 est
1885 1141 1983 1178 ne-

391 1238 497 1292 que
516 1222 568 1276 itt
597 1221 830 1284 vidente,
874 1234 1050 1290 neque
1083 1219 1133 1272 in
1161 1219 1390 1275 videndo
1413 1219 1502 1250 "9'
1540 1236 1552 1271 :
1581 1227 1634 1273 et
1663 1234 1725 1272 ea
1751 1232 1871 1286 quae
1901 1225 1985 1271 est

395 1315 447 1368 itt
476 1314 673 1378 medio,
703 1311 806 1366 alia
829 1321 910 1366 est
963 1311 1014 1364 in
1045 1307 1362 1380 adjuvante;
1394 1309 1495 1363 alia
1544 1309 1595 1362 in
1652 1324 1756 1362 non
1810 1308 1981 1377 impe-

393 1405 592 1470 diente,
617 1404 670 1460 id
698 1411 782 1459 est
802 1419 922 1458 cum
953 1402 1085 1456 nihil
1131 1402 1274 1471 quod
1297 1400 1560 1470 impedire
1617 1401 1786 1469 possit
1815 1400 1984 1468 impe-

391 1498 490 1552 dit.
523 1497 668 1551 Disc.
703 1497 870 1551 Video
899 1495 1078 1564 plane.
1114 1493 1254 1548 MAG.
1287 1493 1532 1560 Quatuor
1553 1495 1718 1563 igitur
1746 1494 1859 1548 ista:
1890 1506 1982 1562 po-

394 1598 615 1645 testates
638 1597 785 1652 sunt,
817 1602 1048 1656 quarum
1076 1587 1119 1641 si
1147 1601 1250 1640 una
1275 1585 1528 1656 quaelibet
1543 1587 1707 1652 desit,
1729 1586 1846 1640 aliae
1871 1596 1982 1640 tres

2713 401 2938 456 CAPUT
2980 403 3041 456 γ.

2254 489 2404 554 Quod
2435 489 2580 543 nulla
2608 491 2821 542 letttutio
2849 500 2997 559 cogat
3029 490 3243 544 invitum
3271 508 3509 559 peccare.

2158 579 2264 634 Sed
2310 595 2451 633 nunc
2492 580 2762 648 quomodo
2791 591 2874 634 est
2921 581 3172 635 humana:
3202 581 3495 636 voluntatis
3522 580 3672 639 arbi—

2091 671 2251 724 trittttt
2286 672 2387 725 hac
2415 681 2680 740 potestate
2710 671 2973 737 liberum;
3008 687 3129 726 cum
3163 688 3305 740 saepe
3336 683 3538 728 rectam
3571 674 3673 728 ba-

2089 762 2220 815 bt'ns
2247 761 2406 815 homo
2435 761 2788 826 voluntatem,
2836 762 3009 830 ipsam
3039 763 3418 817 rectitudinem
3449 764 3673 828 invitus,

2087 859 2312 921 cogente
2343 851 2657 916 tentatione,
2691 851 2944 906 deserat?
2974 851 3112 906 MAG.
3145 851 3314 906 Nemo
3349 852 3495 905 illam
3521 853 3675 906 dese-

2087 941 2176 1005 rit,
2206 942 2308 997 nisi
2334 941 2581 997 volentlo.
2632 943 2687 998 Si
2733 958 2863 1012 ergo
2895 944 3095 998 invitus
3122 944 3320 998 dicitur
3343 944 3530 997 nolens
3555 943 3673 1007 3'",

2087 1047 2245 1086 nemo
2267 1032 2469 1086 deserit
2503 1032 2648 1086 illam
2680 1033 2881 1088 invitus
2911 1052 2926 1089 :
2957 1032 3108 1104 ligari
3136 1034 3280 1088 enim
3309 1034 3470 1088 homo
3499 1045 3678 1104 potest

2088 1123 2306 1186 invitus,
2345 1125 2472 1192 quia
2510 1125 2701 1180 nolens
2741 1135 2919 1194 potest
2965 1125 3153 1194 ligari;
3209 1127 3446 1194 torqueri
3497 1136 3677 1195 potest

2086 1211 2312 1277 invitus,
2345 1214 2472 1282 quia
2509 1214 2699 1270 nolens
2742 1225 2922 1285 potest
2959 1215 3240 1284 torqueri;
3274 1215 3448 1270 occidi
3495 1225 3678 1286 potest

2086 1301 2306 1366 invitus,
2335 1304 2462 1373 quia
2495 1304 2681 1359 nolens
2710 1314 2888 1374 potest
2913 1305 3119 1372 occidi;
3171 1305 3306 1361 velle
3346 1315 3528 1360 autem
3566 1321 3674 1360 non

2085 1404 2258 1465 potest
2284 1396 2505 1463 invitus,
2529 1397 2654 1465 quia
2677 1397 2815 1452 velle
2843 1413 2948 1452 non
2963 1407 3141 1468 potest
3158 1398 3275 1462 ³⁸⁸⁸,
3293 1398 3480 1451 nolens
3505 1397 3674 1462 velle;

2085 1501 2212 1541 nam
2279 1487 2454 1540 omnis
2499 1486 2685 1542 volens
2731 1488 2905 1558 ipsum
2952 1503 3110 1542 suum
3160 1489 3296 1543 velle
3342 1487 3476 1541 vult.
3526 1487 3672 1543 Dtsc.

2085 1575 2366 1643 Quomodo
2391 1593 2520 1647 ergo
2545 1578 2744 1632 dicitur
2767 1579 2862 1610 ³⁵⁰⁷
2889 1578 3090 1634 invitus
3121 1578 3362 1644 mentiri,
3396 1578 3486 1647 qui
3515 1593 3675 1633 mett-

395 1681 486 1712 ‘m
523 1695 620 1734 nec
642 1655 886 1750 singultu,
937 1692 1037 1734 nec
1089 1655 1304 1733 omnes
1328 1677 1486 1732 simul
1533 1677 1735 1747 aliquid
1758 1684 1982 1748 possunt
2015 1655 2058 1710 Β
2085 1669 2216 1724 titur
2237 1682 2307 1723 ne
2327 1668 2643 1723 occidatur:
2669 1671 2920 1726 cumhoe
2944 1670 3157 1725 nonnisi
3185 1669 3369 1724 volens
3393 1669 3519 1724 facit
3544 1668 3679 1722 ’κη

388 1771 604 1826 ellicere
643 1789 655 1822 ι
687 1783 786 1824 nec
818 1778 1022 1832 tamen,
1069 1767 1387 1823 absentibus
1411 1767 1550 1833 aliis,
1601 1781 1860 1836 negamus
1889 1776 1983 1822 aut

392 1877 512 1915 eum
539 1860 629 1930 qui
657 1860 830 1914 visum
864 1858 957 1892 ’δ”
987 1858 1150 1912 habet
1199 1859 1403 1913 habere
1442 1857 1638 1923 visum,
1670 1867 1762 1912 aut
1785 1857 1985 1912 instru-

394 1959 632 2004 mentum
662 1950 779 2004 sive
805 1955 1128 2018 potestatem
1177 1945 1424 2013 videndi;
1455 1954 1549 2002 aut
1574 1963 1686 2002 rem
1719 1946 1980 2002 visibilem

392 2057 548 2111 poste
587 2040 787 2106 videri;
827 2048 920 2092 aut
943 2038 1117 2094 lucem
1147 2053 1309 2109 posse
1345 2039 1520 2094 visum
1553 2038 1767 2108 jovare.

906 2147 1067 2218 119
1103 2146 1334 2203 eaeor
1375 2146 1465 2202 tv.

391 2238 664 2305 Quomodo
704 2246 1013 2306 potestatem
1049 2237 1274 2291 habeant
1316 2237 1557 2292 servandi
1600 2238 1979 2297 rectitudinem,

924 2324 1083 2378 quam
1113 2324 1214 2361 non
1241 2309 1447 2362 habent.

462 2398 601 2455 Illae.
651 2398 855 2466 Quarta
902 2406 1080 2450 autent
1128 2405 1369 2465 potestas
1412 2397 1704 2466 itnpr0pric
1736 2395 1979 2450 dicitur:

394 2488 535 2559 quod
566 2488 711 2543 enim
740 2486 873 2542 solel
919 2486 1181 2554 impedire
1206 2484 1404 2548 visum,
1431 2500 1535 2538 non
1565 2485 1634 2539 ob
1672 2484 1813 2538 aliud
1847 2483 1983 2538 dici-

395 2593 481 2636 tur
507 2581 636 2634 dare
679 2586 1000 2648 potestatem
1047 2575 1282 2637 vivendi,
1315 2590 1438 2629 cum
1471 2591 1574 2628 non
1609 2575 1849 2644 impedit,
1883 2575 1984 2630 nisi

395 2671 517 2740 quia
543 2685 648 2723 non
683 2667 883 2722 aufert.
918 2665 1166 2720 Potestas
1188 2673 1365 2719 autem
1389 2666 1602 2720 vivendi
1632 2665 1827 2733 lucem,
1853 2683 1987 2720 non-

395 2763 494 2816 nisi
530 2763 582 2815 in
619 2760 788 2814 tribus
814 2759 977 2814 rebus
1008 2767 1123 2823 est;
1152 2758 1276 2827 quia
1312 2768 1438 2812 tunc
1461 2768 1544 2812 est
1569 2758 1732 2824 idem,
1762 2768 1818 2814 et
1844 2759 1986 2828 quod

397 2855 632 2917 videtur,
657 2863 713 2907 et
739 2853 882 2923 quod
904 2849 1142 2919 adjuvat.
1174 2849 1361 2905 Nonne
1389 2851 1490 2904 hoc
1517 2852 1769 2905 omnibus
1790 2862 1872 2906 est
1892 2850 1986 2881 ³¹⁶⁰⁰

396 2946 612 3002 notum!
666 2946 810 3000 Dtsc.
845 2942 981 2997 Nulli
1018 2942 1204 3012 utique
1233 2941 1326 2972 ³⁵⁰¹
1353 2950 1435 2996 est
1467 2941 1725 3011 ignotum.
1757 2941 1894 2996 MAG.
1926 2942 1982 2996 Si

395 3051 541 3108 ergo,
567 3037 792 3090 absente
822 3049 880 3088 re
901 3048 1022 3102 quae
1049 3032 1213 3086 videri
1240 3033 1428 3100 possit,
1461 3033 1511 3085 itt
1543 3032 1778 3086 tenebris
1805 3033 1982 3103 positi,

393 3139 449 3184 et
477 3126 693 3183 clausos
721 3126 835 3181 sive
868 3125 1059 3196 ligatos
1091 3122 1277 3178 oculos
1318 3123 1597 3184 habentes,
1631 3133 1890 3193 quantum
1918 3123 1984 3178 ad

396 3235 496 3276 nos
533 3219 786 3290 pertinet,
817 3215 1034 3272 videndi
1065 3214 1361 3287 quamlibet
1393 3230 1504 3269 rem
1536 3214 1804 3270 visibilem
1835 3223 1987 3284 pote-

396 3321 590 3367 statem
619 3311 713 3342 ³⁵⁰²
743 3309 1036 3375 habemus;
1080 3310 1210 3381 quid
1252 3309 1499 3380 prohibet
1528 3324 1626 3363 nos
1665 3309 1863 3363 habere
1889 3324 1984 3378 po-

400 3410 648 3458 testatem
701 3401 954 3456 servandi
1001 3401 1384 3456 rectitudinem
1429 3399 1723 3454 voluntatis
1769 3409 1987 3471 propter

400 3494 571 3562 ipsam
603 3491 1002 3556 rectitudinem,
1036 3491 1199 3546 etiam
1240 3492 1463 3546 absente
1494 3490 1607 3560 ipsa
1641 3491 1984 3555 rectitudine,

399 3582 636 3653 quandiu
685 3590 740 3637 et
793 3581 930 3636 ratio
973 3581 1026 3635 in
1077 3581 1232 3636 nobis
1265 3589 1384 3646 est,
1435 3597 1538 3651 qua
1575 3596 1696 3635 eam
1749 3581 1989 3638 valemus

399 3686 769 3743 cognoscere;
809 3679 863 3726 et
900 3670 1167 3735 voluntas,
1217 3685 1322 3740 qua
1378 3670 1522 3724 illam
1571 3680 1753 3726 tenere
1795 3685 1986 3740 possu-

402 3766 557 3820 mus?
592 3764 668 3818 ΕΚ
701 3765 785 3819 his
815 3764 958 3819 enim
987 3775 1198 3818 constat
1237 3762 1456 3833 prmfata
1491 3763 1712 3819 libertas
1753 3764 1986 3819 arbitrii.

405 3857 546 3911 Dtsc.
598 3853 917 3909 Satisfecisti
969 3854 1264 3909 intellectui
1307 3868 1446 3919 meo,
1495 3863 1816 3924 potestatem
1849 3855 1989 3909 hanc

402 3946 648 4002 servandi
674 3946 768 3977 ³⁸⁰³
795 3945 1172 4000 rectitudinem
1199 3945 1490 3999 voluntatis
1512 3945 1762 3999 rationali
1785 3954 1990 3998 natura:

402 4054 615 4108 semper
657 4038 856 4104 inesse,
888 4045 1049 4106 atque
1091 4035 1232 4090 hanc
1267 4043 1586 4105 potestatem
1621 4036 1672 4089 in
1713 4035 1870 4104 primi
1896 4035 1990 4066 ³⁵⁸³⁵

2085 1757 2242 1826 Nam,
2278 1759 2418 1813 sicut
2444 1758 2646 1814 invitus
2689 1759 2971 1822 mentitur,
2997 1759 3079 1816 sic
3120 1760 3323 1814 invitus
3355 1761 3470 1814 vult
3513 1775 3670 1816 men-

2086 1850 2173 1909 tiri
2197 1866 2212 1916 ;
2237 1860 2293 1906 et
2317 1851 2411 1920 qui
2445 1851 2645 1906 invitus
2670 1850 2786 1905 vult
2809 1851 3049 1918 mentiri,
3078 1851 3268 1908 nolens
3291 1852 3408 1907 vult
3432 1851 3673 1908 mentiri.

2087 1939 2227 1998 MAG.
2251 1939 2376 1996 Ideo
2399 1939 2630 1996 forsitan
2657 1941 2750 1972 '“’
2781 1941 2986 1997 invitus
3013 1942 3230 1997 mentiri
3256 1943 3488 2010 dicitur;
3520 1945 3673 2016 quia,

2085 2046 2208 2087 eum
2244 2030 2325 2085 sic
2357 2030 2473 2084 vult
2511 2030 2798 2086 veritatem
2844 2039 2903 2084 ut
2941 2045 3047 2086 non
3092 2032 3386 2087 mentiatur
3429 2034 3533 2090 nisi
3578 2035 3675 2067 'm

2003 2162 2007 2166 ,
2086 2130 2305 2191 propter
2337 2122 2524 2188 vitam,
2565 2129 2621 2175 et
2651 2119 2764 2175 vult
2789 2120 3151 2189 mendacium,
3182 2123 3308 2192 quia
3338 2136 3559 2194 propter
3586 2126 3672 2180 vi-

2089 2218 2229 2271 tam;
2263 2219 2319 2264 et
2347 2226 2452 2264 non
2480 2209 2594 2264 vult
2621 2209 2964 2264 mendacium
2997 2221 3219 2281 propter
3243 2212 3417 2281 ipsum
3449 2215 3676 2270 menda-

2086 2301 2251 2364 cium,
2298 2302 2556 2372 quoniam
2593 2301 2708 2357 vult
2748 2302 3076 2358 veritatem:
3109 2314 3165 2358 et
3207 2305 3329 2359 ideo
3371 2307 3579 2372 volens,
3619 2317 3676 2362 et

2088 2392 2274 2446 nolens
2309 2393 2587 2447 mentitur.
2618 2392 2738 2446 Alia
2767 2408 3002 2462 namque
3025 2403 3110 2450 est
3138 2394 3413 2461 voluntas,
3442 2413 3548 2468 qua
3582 2415 3680 2452 vo-

2086 2481 2264 2536 lumus
2294 2482 2496 2552 aliquid
2533 2492 2752 2553 propter
2779 2499 2859 2544 se,
2892 2491 2949 2536 ttt
2987 2499 3109 2539 cum
3164 2487 3412 2542 volumus
3442 2489 3672 2544 salutem

2087 2585 2308 2645 propter
2351 2591 2454 2639 se;
2489 2586 2543 2631 et
2584 2576 2709 2642 alia,
2753 2593 2875 2632 cum
2922 2579 3125 2648 aliquid
3167 2579 3416 2636 volumus
3455 2591 3678 2652 propter

2088 2667 2252 2733 aliud,
2305 2677 2362 2720 ut
2407 2683 2528 2722 cum
2559 2668 2810 2723 volumus
2841 2670 3171 2724 absinthium
3221 2671 3405 2726 bibere
3456 2683 3681 2742 propter

2088 2757 2340 2812 salutem.
2376 2756 2528 2812 Unde
2579 2768 2754 2827 potest
2805 2759 3033 2815 forsitan
3075 2761 3183 2816 dici
3234 2764 3530 2815 secundum
3579 2763 3678 2818 bas

2089 2851 2332 2905 diversas
2380 2851 2704 2915 voluntates,
2757 2852 2880 2920 quia
2934 2853 3165 2918 invitus,
3215 2864 3268 2907 et
3313 2868 3420 2906 non
3473 2854 3679 2908 invitus

2092 2945 2374 2998 mentitur.
2415 2942 2756 3010 Quapropter
2787 2957 2912 2997 cum
2952 2942 3148 2996 dicitur
3190 2943 3388 2998 invitus
3436 2943 3676 3008 mentiri,

2092 3038 2218 3106 quia
2252 3051 2355 3089 non
2389 3034 2440 3089 id
2476 3034 2586 3087 vult
2613 3033 2932 3103 inquanlum
2967 3035 3080 3087 vult
3110 3035 3416 3095 veritatem,
3457 3051 3559 3086 non
3591 3050 3679 3088 re-

2091 3138 2292 3200 pugnat
2336 3129 2410 3183 illi
2457 3130 2740 3183 sententia:
2787 3146 2891 3200 qua
2940 3131 3060 3184 dico
3132 3130 3403 3183 neminem
3450 3130 3680 3182 invitum

2093 3224 2346 3277 deserere
2395 3220 2772 3275 rectitudinem
2820 3219 3146 3284 voluntatis;
3195 3219 3321 3288 quia
3371 3218 3683 3273 mentiendo

2091 3314 2207 3367 vult
2241 3327 2359 3367 eam
2401 3311 2651 3366 deserere
2699 3321 2916 3382 propter
2946 3313 3110 3367 vitam
3142 3329 3156 3365 :
3188 3311 3485 3367 secundum
3515 3325 3680 3381 quam

2093 3404 2421 3458 voluntatem
2457 3418 2562 3457 non
2601 3403 2801 3458 invitus
2830 3419 2946 3458 eam
2977 3404 3199 3468 deserit,
3229 3404 3324 3459 sed
3359 3403 3578 3467 volens;
3613 3405 3682 3457 de

2090 3511 2194 3565 qua
2221 3495 2494 3549 voluntate
2522 3510 2662 3549 nunc
2690 3495 2980 3565 loquimur.
3010 3497 3085 3550 De
3115 3495 3202 3549 illa
3235 3510 3470 3563 namque
3497 3494 3681 3563 loqui-

2092 3603 2234 3652 mur,
2261 3602 2364 3656 qua
2398 3587 2508 3640 vult
2537 3588 2749 3642 mentiri
2794 3597 3013 3657 propter
3057 3587 3250 3652 vitam;
3303 3603 3408 3640 nott
3453 3587 3520 3640 de
3568 3586 3679 3651 illa,

2093 3693 2195 3748 qua
2244 3692 2348 3731 non
2385 3676 2500 3730 vult
2544 3677 2883 3732 mendacium
2933 3685 3152 3746 propter
3197 3691 3273 3730 se.
3325 3677 3433 3729 Aut
3477 3675 3682 3729 idcirco

2091 3779 2241 3822 certe
2274 3768 2535 3822 mentitur
2583 3767 2801 3829 invittts,
2853 3766 2976 3836 quia
3026 3765 3227 3821 invitus
3264 3777 3353 3820 aut
3391 3764 3680 3827 occiditur,

2094 3867 2185 3912 aut
2217 3858 2506 3922 mentitur,
2543 3857 2594 3911 id
2631 3868 2710 3911 est
2751 3856 2952 3910 invitus
2987 3862 3069 3909 est
3101 3855 3152 3908 in
3190 3856 3292 3908 hac
3319 3852 3592 3923 angustia,
3625 3860 3684 3906 ut

2093 3961 2160 4000 ex
2210 3947 2532 4001 necessitate
2582 3960 2746 3998 unmn
2784 3946 2974 3998 horum
3010 3941 3288 4012 quodlibet
3323 3941 3416 3994 fiat
3445 3958 3459 3991 :
3488 3956 3686 4009 quam-

2095 4040 2177 4093 vis
2203 4039 2348 4092 enim
2386 4052 2604 4092 necesse
2643 4037 2714 4091 sit
2757 4035 2906 4090 illum
2950 4043 3044 4090 aut
3087 4034 3259 4089 occidi
3304 4043 3397 4087 aut
3438 4032 3682 4098 mentiri,

405 4129 638 4185 hominis
660 4138 712 4183 et
736 4127 1046 4196 angelorum
1076 4126 1303 4182 arbitrio
1329 4125 1554 4180 liberam
1583 4125 1768 4190 fuisse,
1799 4125 1993 4194 quibus
2023 4097 2069 4154 ί)
2098 4142 2202 4181 non
2236 4136 2416 4180 tamen
2450 4141 2671 4181 necesse
2695 4134 2772 4180 est
2808 4125 2955 4180 illutn
2982 4124 3177 4188 occidi,
3211 4124 3337 4194 quia
3368 4130 3547 4192 potest
3575 4136 3682 4175 non

806 4263 837 4293 σο
1696 4239 1791 4295 VA
1807 4239 1943 4294 RUE
1986 4236 2390 4293 LECTlONES.

481 4360 572 4391 3‘”
603 4356 1056 4428 Rcsponderet‘se
1085 4363 1323 4428 montem
1352 4366 1456 4406 non
1487 4366 1642 4421 posse
1667 4352 1872 4414 videre,
1903 4351 2028 4420 quia
2058 4366 2192 4428 ηιδῇ
2205 4348 2340 4403 Vict.
2369 4348 2493 4402 Bec.
2527 4347 2660 4428 Tim.
2689 4346 3325 4428 Gent.§tl._responderet
3356 4362 3413 4428 se
3441 4354 3681 4399 montem

405 4432 590 4486 videre
615 4418 872 4492 monenti,
898 4426 1025 4496 quia
1049 4441 1150 4479 ms.
1175 4424 1362 4478 Cister.
1388 4418 1729 4496 se‘jnqntem
1781 4437 1888 4476 non
1920 4418 2076 4491 posse
2109 4420 2290 4496 videre
2321 4421 2558 4496 monenti
2583 4459 2596 4480 .
2627 4419 2753 4488 quia
2829 4418 3071 4496 "’meon
3109 4426 3294 4492 posset
3321 4418 3546 4471 absente
3583 4433 3680 4468 tm.

417 4484 676 4554 vanis.
711 4515 816 4553 non
855 4484 1072 4567 possunt
1132 4497 1357 4549 absente
1432 4493 1523 4567 “1‘”
1558 4484 2075 4567 Tuttc__posse_t'___ms.
2127 4489 2280 4567 Yirt._
2314 4490 2402 4567 15.
2443 4499 2569 4543 tunc
2594 4484 2818 4567 possunt
2895 4488 2988 4523 “’6
3017 4484 3131 4543 Lui
3175 4484 3230 4541 et
3259 4500 3684 4567 mous_pra~sens

352 4592 358 4598 ·
409 4579 586 4632 esset,
625 4579 681 4623 et
707 4557 908 4636 aliquid
939 4565 1078 4620 visui
1111 4567 1375 4636 obstaret,
1405 4561 1553 4636 velut
1591 4563 1651 4636 si
1674 4557 1867 4636 aliquis
1911 4561 1984 4636 illi
2019 4561 2205 4636 oculos
2235 4559 2540 4636 clauderet,
2573 4560 2861 4636 diceret_s_e
2890 4575 3014 4636 tttss.
3049 4568 3104 4612 et
3135 4573 3289 4611 mons
3319 4568 3373 4636 et
3419 4557 3508 4608 lux
3540 4571 3682 4624 pra:-

411 4655 541 4692 setts
569 4627 680 4703 est,
705 4648 759 4692 et
787 4627 983 4706 aliquid
1026 4636 1160 4689 visui
1189 4635 1389 4706 obstet,
1415 4641 1474 4687 ιιι
1494 4635 1536 4688 si
1567 4634 1688 4702 quis
1711 4627 1782 4706 illi
1811 4632 1999 4706 oculos
2032 4629 2269 4706 claudat,
2298 4630 2440 4684 dicet
2469 4644 2527 4706 se
2555 4644 2652 4706 ms.
2686 4629 2746 4682 δ.
2781 4627 2943 4706 ΜὶεζιἸ
2975 4637 3029 4681 et
3057 4643 3212 4682 mons
3241 4636 3294 4680 et
3326 4628 3412 4706 lux
3442 4639 3686 4706 pra-scus

412 4717 527 4772 est,
556 4696 751 4762 etcfttt
781 4707 831 4758 in
864 4696 980 4757 aliis
1007 4721 1129 4758 mss.
1210 4703 1301 4735 ³⁸⁵³⁷
1342 4696 1485 4758 Idem
1519 4696 1691 4772 neque
1723 4703 1773 4755 in
1806 4704 2019 4755 vidente
2049 4701 2308 4772 nequein
2351 4714 2411 4772 re
2439 4698 2667 4772 videnda
2711 4714 2834 4751 mss.
2893 4698 3073 4772 id_est
3109 4698 3392 4772 n_eque__i_n
3425 4696 3683 4772 _videttte,

414 4759 688 4846 ith'ttewin
740 4773 1017 4846 videndo“
1042 4773 1136 4846 '_"_‘°
1164 4774 1296 4846 Alia:
1343 4782 1453 4827 tres
1483 4759 1618 4846 sunt.
1636 4788 1762 4825 mss.
1805 4774 1972 4826 omitt.
2006 4759 2150 4846 sunt.
2202 4768 2295 4800 ³⁸³⁸
2334 4770 2441 4846 aut
2473 4769 2562 4838 qui
2589 4768 2762 4846 visum
2782 4784 2918 4846 fisa.
2948 4759 3081 4846 _Tltu.
3113 4759 3260 4820 Gem.
3293 4767 3382 4820 54.
3402 4765 3539 4846 λζεε.
3561 4776 3681 4845 .aut

414 4836 537 4901 cum
565 4847 654 4907 qui
685 4847 855 4900 visum
932 4843 1024 4878 ³⁸⁰⁰
1049 4842 1180 4896 Nam
1213 4845 1314 4897 hoc
1343 4853 1426 4897 est
1448 4844 1697 4898 omnibus
1718 4858 1844 4894 mss.
1881 4855 2058 4896 nonne
2089 4841 2191 4892 hoc
2216 4839 2466 4894 omnibus
2490 4836 2585 4893 est
2661 4837 2753 4869 "“
2779 4836 2917 4890 Nulli
2951 4839 3131 4907 itaque
3160 4853 3283 4890 mss.
3323 4836 3451 4890 nulli
3491 4836 3686 4907 polique

418 4919 511 4950 ³⁸⁰¹
567 4906 701 4972 Rem
758 4921 1076 4985 potestatem
1137 4929 1260 4967 mss.
1311 4912 1618 4985 Timaul‘elll
1664 4912 1952 4985 visibilem,
2003 4919 2128 4963 tunc
2167 4917 2518 4985 potestatenr
2561 4909 2654 4985 “f”
2691 4907 2832 4985 Dleo,
2876 4906 3198 4985 potestatem
3253 4906 3501 4985 servandi
3555 4921 3682 4985 mss.

414 5003 556 5054 meo,
589 4973 1398 5072 potestittemnhanq‘servandi.
1450 4982 1574 5072 3”“.
1602 4981 1656 5064 In
1697 4982 1885 5072 prim‘is
1938 4973 2342 5072 ὺιδξὲυξιξβάὶι..
2397 4977 2558 5072 Gelli.l
2593 4977 2645 5032 in
2673 4978 2834 5047 primi
2877 4973 3006 5010 “³⁸⁰⁸
3038 4978 3240 5059 invitus
3272 4976 3473 5056 dicitur
3500 4973 3685 5072 violens

414 5045 715 5113 mssithm.
749 5056 867 5108 Bec.
910 5053 1042 5106 Vict.
1072 5051 1258 5105 Cister.
1293 5053 1492 5106 invitus
1527 5045 1725 5106 dicitur
1752 5051 1942 5105 nolens
2020 5050 2116 5081 ³⁸⁰⁶
2156 5049 2333 5119 Ligari
2365 5049 2508 5102 enim
2546 5045 2706 5102 homo
2743 5056 2919 5118 potest
2956 5057 3009 5103 et
3039 5048 3256 5119 invitus,
3291 5048 3415 5116 quia
3455 5045 3682 5119 nolens:

413 5139 592 5201 potest
634 5126 870 5201 torqueri
897 5124 1140 5201 _ittvitus,
1172 5122 1300 5201 quia
1350 5123 1536 5201 nolens
1567 5137 1580 5174 :
1615 5130 1789 5201 potest
1829 5121 1999 5201 occidi
2022 5119 2207 5201 ;chlle
2223 5115 2419 5201 'autent
2459 5135 2563 5172 non
2593 5115 2767 5201 potest
2798 5133 2922 5172 mss.
2954 5119 3105 5198 ligari
3133 5116 3278 5201 enim
3321 5123 3498 5201 potest
3524 5115 3686 5201 homo

419 5185 641 5265 invitus,
669 5185 795 5268 quia
825 5194 1008 5249 nolens
1037 5185 1210 5268 potest
1237 5192 1388 5268 ligari
1425 5210 1436 5246 :
1464 5185 1702 5261 torqueri
1731 5201 1908 5260 potest
1935 5191 2301 5268 ittt'ittts,_qttja
2334 5188 2524 5268 nolens
2546 5185 2722 5268 potest
2751 5185 3031 5258 torqueri':
3063 5187 3232 5268 cecidi
3253 5194 3428 5256 potest
3461 5185 3686 5268 invitus,

416 5273 538 5339 quia
582 5255 770 5325 nolens
815 5273 989 5339 potest
1022 5255 1192 5339 occidi
1222 5280 1235 5315 :
1267 5255 1401 5316 velle
1440 5255 1621 5339 autem
1661 5255 1797 5339 .nott
1836 5271 2027 5339 potest_
2068 5255 2502 5339 _"°"___Qtto‘m_odo
2547 5255 2763 5339 'di‘citur
2807 5255 3263 5339 mss.__qu_o‘mod'o
3303 5270 3432 5336 ergo
3485 5255 3690 5339 dicitur
3747 5300 3750 5302 γ

421 5321 663 5393 ἓὠέίίδῖὸῇ
686 5321 829 5391 "nisi.
860 5335 1044 5388 nolens
1095 5333 1218 5386 facit
1265 5348 1389 5386 mss.
1431 5348 1536 5386 non
1571 5332 1672 5384 nisi
1716 5321 1899 5385 volens
1928 5331 2090 5385 facit?
2165 5321 2264 5360 ’δοδ
2301 5327 2501 5383 Nolens
2539 5331 2654 5381 vult
2683 5328 2919 5382 mentiri.
2950 5321 3018 5382 ΜΣ
3051 5328 3172 5381 Ideo
3199 5321 3422 5380 forsitan
3454 5339 3583 5376 mss.

421 5391 815 5482 Micltanolens
843 5405 954 5482 vult
989 5404 1200 5482 tt_t_cnt_iri
1236 5420 1248 5454 ε
1285 5403 1538 5482 quoniam
1574 5403 1887 5482 priusquam
1926 5401 2105 5481 veniat
2139 5398 2379 5482 ad.ltanc
2413 5400 2812 5479 necessitatem,
2845 5415 2956 5480 non
2996 5398 3108 5479 vult
3161 5396 3400 5458 mentiri,
3434 5409 3535 5482 nec
3577 5391 3691 5482 vult

423 5489 478 5530 ut
510 5480 622 5548 hoc?
639 5477 926 5548 aliquando
956 5473 1253 5548 velitalde‘o
1285 5468 1404 5526 eum
1439 5468 1864 5548 hac__.occasio‘n‘e
1895 5473 2178 5548 mentitur,
2213 5469 2418 5548 iudicat
2447 5485 2506 5523 se
2537 5469 2761 5548 invitum
2797 5469 3007 5548 tttentiri
3042 5475 3265 5539 propter
3291 5468 3690 5548 przecedcntem

423 5532 821 5602 necessitatem.
852 5545 917 5597 Μ.
957 5544 1076 5598 Ideo
1102 5544 1353 5608 forsitan,
1379 5551 1483 5597 etc.
1516 5534 1646 5596 Herc
1675 5542 1875 5594 additio
1925 5541 1990 5595 ab
2026 5532 2548 5610 aliqu—o'erscriptore
2583 5540 2667 5610 Itic
2699 5540 2896 5593 inserta
2919 5532 3174 5592 videt—ur?
3219 5532 3335 5589 cuin
3386 5536 3437 5588 in
3482 5532 3691 5586 cwteris

425 5632 545 5667 mss.
575 5632 678 5668 non
709 5617 979 5668 habeatur.
1061 5615 1153 5645 ³³¹⁰
1187 5613 1255 5670 Ut
1286 5613 1599 5679 mentiatur,
1639 5612 1738 5666 nisi
1773 5628 1896 5666 mss.
1942 5621 1998 5664 ut
2025 5609 2128 5667 non
2163 5612 2475 5675 mentiatur,
2513 5609 2614 5662 nisi
