3940 6046
245 357 344 414 197

1345 345 1612 402 DlALOG.
1651 344 1738 400 DE
1781 346 2032 403 [ΑΒΕΒο
2067 345 2415 402 ARBITRIO.

3428 351 3532 406 498

246 473 444 540 occidi,
479 468 524 526 si
555 467 846 532 mentitur;
883 479 984 520 nec
1029 477 1252 520 necesse
1280 473 1364 519 est
1397 463 1548 518 illum
1599 466 1837 528 mentiri,
1871 466 1915 521 Α
1943 462 2136 516 falsum
2165 475 2285 516 esse
2313 461 2488 516 video.
2523 459 2658 516 litae.
2686 459 2816 528 Quis
2847 475 2974 530 ergo
3003 469 3180 530 potest
3207 463 3536 520 voluntatem

247 567 374 638 quia
421 570 600 634 potest
646 574 754 614 non
785 557 1028 622 mentiri,
1071 557 1114 612 si
1144 555 1410 612 occiditur
1435 557 1549 610 3"”.
1585 554 1842 610 Neutrum

248 656 392 712 enim
423 661 503 708 cst
537 649 901 706 determinate
949 648 1004 702 in
1053 646 1408 712 necessitate;
1461 647 1586 716 quia
1635 655 1846 700 utrum-

247 747 378 802 libet
403 753 488 798 est
518 741 570 796 in
605 747 874 810 potestate
905 739 1020 791 3‘“.
1053 737 1126 791 Ita
1162 752 1396 807 quoque,
1431 737 1556 792 licet
1583 737 1678 769 ³⁸⁵³
1709 737 1844 791 invi-

247 843 336 891 tus
379 843 473 888 aut
503 832 818 896 mentiatur,
864 837 957 884 aut
999 829 1298 896 occidatur,
1348 844 1452 883 non
1497 838 1676 884 tamen
1725 829 1844 884 ideo

247 923 604 993 consequitur
627 930 684 976 ut
716 923 918 976 invitus
954 921 1266 984 mentiatur,
1307 931 1400 974 aut
1431 929 1490 974 ut
1521 921 1720 976 invitus
1753 937 1845 975 oc-

247 1013 482 1070 cidatur.
539 1013 636 1066 Est
683 1020 740 1066 et
793 1011 896 1066 alia
955 1011 1118 1076 ratio,
1171 1025 1330 1079 quam
1382 1009 1636 1080 frequens
1681 1012 1844 1066 habet

243 1120 398 1170 usus,
429 1119 528 1158 cur
557 1104 760 1158 invitus
785 1112 842 1158 et
875 1101 1062 1156 nolens
1091 1109 1146 1157 et
1175 1117 1242 1157 ex
1287 1105 1610 1157 necessitate
1645 1104 1844 1160 dicitur

245 1197 446 1268 aliquis
481 1197 682 1261 facere,
715 1197 858 1265 quod
891 1203 1066 1248 tamen
1105 1193 1293 1248 volens
1339 1194 1488 1249 facit.
1535 1193 1667 1250 Nam
1700 1198 1842 1266 quod

248 1290 462 1344 nonnisi
491 1287 706 1342 diilicile
734 1287 914 1341 facere
939 1285 1200 1350 valemus,
1227 1296 1281 1340 et
1315 1287 1328 1339 i
1353 1289 1433 1340 Ico
1459 1302 1562 1341 non
1592 1286 1840 1348 facimus.

246 1381 478 1436 dicimus
507 1381 610 1434 hoc
641 1393 740 1434 nos
767 1378 948 1433 facere
983 1393 1088 1432 non
1119 1393 1298 1448 posse,
1337 1376 1399 1432 et
1421 1394 1485 1432 ex
1520 1379 1844 1436 necessitate

245 1490 371 1536 nos,
398 1473 512 1529 sive
541 1473 758 1535 invitos,
786 1471 1040 1525 deserere
1068 1488 1082 1523 :
1111 1479 1163 1524 et
1189 1471 1330 1538 quod
1357 1471 1452 1502 3‘”
1479 1472 1594 1524 sine
1621 1470 1842 1525 diflicul-

247 1573 360 1617 tate
391 1563 664 1616 dimittere
695 1559 1000 1630 nequimus,
1032 1567 1086 1614 et
1115 1559 1318 1613 idcirco
1347 1559 1580 1614 facimus
1601 1559 1712 1619 ’5",
1741 1560 1842 1614 huc

245 1670 350 1708 nos
398 1655 616 1718 invitos,
661 1662 716 1706 et
764 1652 1032 1716 nolentes,
1082 1661 1136 1705 et
1175 1665 1241 1704 ex
1291 1652 1614 1706 necessitate
1663 1650 1842 1706 facere

244 1748 562 1803 asserilnus.
593 1746 707 1800 Hoc
733 1746 896 1816 igitur
928 1745 1105 1810 modo,
1135 1745 1226 1813 qui
1259 1745 1520 1798 mentitur
1547 1759 1616 1798 ne
1646 1744 1838 1798 moria-

1947 555 2129 610 dicere
2155 567 2260 606 non
2289 567 2408 606 esse
2434 552 2656 607 liberam
2683 553 2747 607 ad
2777 555 3102 608 servandam
3131 555 3534 620 rectitudincm,

1947 656 2002 701 et
2037 647 2261 703 liberam
2289 665 2317 702 a
2354 645 2654 701 tentatione
2682 655 2737 701 et
2761 655 2988 715 peccato
3017 664 3030 700 :
3061 647 3104 701 si
3137 647 3280 702 nulla
3315 651 3538 706 tentatio

1949 747 2125 808 potest
2156 739 2334 802 illam,
2377 737 2478 792 nisi
2512 735 2810 799 volentem,
2845 743 3092 790 avertere
3135 751 3166 790 a
3215 738 3538 794 rectitudine

1947 829 2011 884 ad
2043 838 2347 900 peccatum,
2395 829 2446 882 id
2479 837 2561 882 est
2601 829 2667 882 ad
2697 826 2978 882 volendmn
3019 829 3162 896 quod
3195 844 3300 882 non
3345 831 3548 885 debet?

1945 919 2080 976 Cum
2127 937 2256 990 ergo
2303 919 2555 986 vincitur,
2597 934 2702 974 non
2737 917 2911 974 aliena
2967 920 3201 976 vincitur
3245 932 3536 991 potestate.
3577 919 3582 924 ’

1946 1014 2040 1070 sed
2085 1029 2199 1068 sua.
2249 1013 2389 1068 Dtsc.
2425 1013 2538 1068 Hoc
2589 1023 2895 1069 monstrant
2929 1028 2992 1068 ea
3039 1029 3159 1084 qua':
3201 1016 3343 1071 dicta
3389 1025 3535 1072 sunt.

1947 1105 2086 1162 MAG.
2123 1105 2310 1160 Nonne
2337 1105 2489 1161 vides
2517 1121 2582 1161 ex
2621 1105 2706 1162 his
2741 1107 2996 1176 consequi
3029 1108 3152 1178 quia
3187 1109 3329 1162 nulla
3367 1119 3540 1164 lenta-

1947 1199 2020 1252 tio
2062 1207 2238 1266 potest
2263 1198 2354 1230 ’Μ’
2385 1199 2602 1254 vincere
2647 1209 2848 1254 rectam
2883 1197 3252 1254 voluntatem?
3293 1200 3455 1265 Nam,
3491 1201 3538 1258 si

1947 1297 2152 1358 potest,
2186 1289 2349 1344 habet
2387 1298 2710 1361 potestatem
2749 1289 3028 1357 vincendi,
3061 1301 3116 1346 et
3145 1306 3239 1346 sua
3273 1301 3540 1361 potestate

1944 1383 2114 1436 vincit
2139 1383 2264 1448 ³⁸¹⁸ς
2293 1385 2386 1438 sed
2415 1384 2518 1439 hoc
2547 1399 2668 1439 esse
2697 1399 2803 1438 non
2834 1393 3032 1454 potest,
3062 1385 3318 1454 quoniam
3353 1385 3541 1440 volun-

1950 1483 2030 1529 tas
2057 1476 2272 1532 nonnisi
2309 1491 2404 1531 sua
2433 1477 2670 1532 vincitur
2699 1483 2988 1546 potestate.
3022 1475 3204 1546 Quare
3234 1477 3540 1534 nullatenus

1905 1577 1914 1588 '
1946 1576 2124 1634 potest
2162 1569 2386 1622 tentatio
2425 1568 2644 1623 vincere
2677 1576 2883 1624 rectam
2915 1569 3282 1634 voluntatem;
3329 1579 3383 1624 et
3417 1585 3539 1625 cum

1947 1658 2168 1722 dicitur,
2201 1659 2492 1729 improprie
2524 1659 2744 1713 dicitur.
2781 1657 2894 1714 Non
2926 1659 3070 1714 enim
3105 1658 3250 1714 aliud
3293 1659 3544 1730 intelligi-

1947 1763 2054 1816 tur,
2088 1767 2250 1821 quam
2290 1753 2414 1820 quia
2445 1751 2700 1806 voluntas
2743 1759 2922 1821 potest
2961 1767 3021 1807 se
3059 1753 3328 1824 subjicere
3371 1761 3544 1807 tenta—

247 1849 358 1901 tur,
397 1837 618 1891 mentiri
655 1837 858 1892 invitus
893 1844 946 1892 et
979 1835 1166 1890 nolens
1201 1835 1420 1898 dicitur,
1454 1845 1509 1889 et
1546 1851 1612 1890 ex
1653 1851 1840 1890 ueces-
1877 1826 1919 1880 Β
1949 1841 2113 1906 ιίοιιί;
2147 1841 2286 1896 sicut
2309 1855 2340 1896 e
2361 1855 2648 1906 converso,
2677 1856 2802 1896 cum
2833 1841 3122 1898 imbecillis
3155 1843 3354 1898 dicitur
3383 1857 3544 1912 posse

247 1930 444 1990 sitale,
477 1929 602 1997 quia
637 1929 976 1983 mendacium
1009 1929 1183 1982 vitare
1237 1943 1342 1982 non
1363 1929 1519 2000 .valet
1553 1930 1668 1982 sine
1701 1945 1844 1982 utor-

249 2021 322 2075 tis
353 2018 692 2074 dillicultate.
725 2018 878 2074 Sicut
903 2019 1066 2089 igitur
1091 2019 1180 2088 qui
1221 2020 1484 2074 mentitur
1515 2030 1732 2088 propter
1767 2023 1842 2074 vi-

247 2121 389 2174 tam,
441 2111 732 2178 improprie
782 2110 980 2164 dicitur
1033 2110 1234 2164 invitus
1285 2111 1533 2177 mentiri,
1587 2112 1842 2179 quoniam

247 2205 508 2258 mentitur
533 2205 748 2267 volens;
778 2201 850 2256 ita
882 2217 986 2256 non
1015 2204 1234 2271 proprie
1261 2203 1460 2257 dicitur
1487 2203 1688 2258 invitus
1709 2205 1844 2258 velle

247 2295 496 2355 mentiri,
548 2293 806 2362 quoniam
863 2293 968 2346 hoc
1014 2293 1230 2348 nonnisi
1285 2293 1470 2349 volens
1521 2295 1654 2349 vult.
1709 2295 1842 2350 Nam

245 2387 413 2450 sicut,
439 2401 562 2439 eum
609 2385 888 2448 mentitur,
921 2385 1034 2438 velt
1079 2385 1252 2454 ipsum
1303 2385 1557 2449 mentiri;
1591 2387 1690 2450 sic,
1719 2403 1842 2441 cum

245 2477 364 2532 vult
395 2479 632 2542 mentiri,
673 2477 785 2531 vult
832 2479 1003 2548 ipsum
1055 2477 1210 2532 velle.
1260 2477 1405 2532 Dtsc.
1461 2477 1576 2532 Non
1627 2493 1842 2546 possum

245 2585 450 2640 negare
475 2571 620 2640 quod
655 2571 810 2625 dicis.
857 2569 995 2624 MAG.
1029 2570 1312 2636 Quomodo
1341 2585 1470 2639 ergo
1513 2585 1620 2624 non
1666 2577 1750 2624 est
1781 2569 1844 2622 li-

245 2663 378 2716 bera
421 2663 691 2726 voluntas,
731 2679 896 2733 quam
939 2662 1113 2718 aliena
1167 2671 1408 2732 potestas
1449 2663 1567 2716 sine
1610 2677 1710 2717 suo
1759 2677 1844 2716 as-

244 2771 416 2810 sensu
453 2757 722 2824 subjicere
759 2771 862 2811 non
897 2755 1108 2824 potest?
1141 2755 1288 2810 Dtsc.
1329 2753 1520 2808 Nonne
1557 2753 1717 2808 simili
1760 2771 1844 2808 ra-

247 2847 400 2900 tione
425 2861 712 2916 possumus
734 2847 916 2901 dicere
937 2845 1270 2902 voluntatem
1297 2845 1422 2913 equi
1448 2859 1569 2898 esse
1597 2845 1840 2908 liberam,

245 2939 378 3008 quia
411 2953 516 2991 non
558 2939 815 3008 appetitui
857 2937 1042 2993 carnis
1074 2937 1263 3000 servit,
1303 2936 1404 2992 nisi
1445 2937 1670 2990 volens?
1703 2935 1837 2989 MAG.

247 3025 368 3082 Non
394 3035 478 3082 est
508 3027 596 3082 hic
637 3028 888 3082 similiter
911 3027 1033 3094 '5”;
1070 3028 1122 3081 in
1155 3041 1294 3096 equo
1325 3041 1561 3093 namque
1597 3041 1702 3080 non
1731 3027 1840 3095 ipsa

247 3119 502 3175 voluntas
530 3135 590 3175 se
616 3121 854 3191 subjicit,
887 3121 978 3176 sed
1008 3119 1328 3174 naturaliter
1350 3117 1594 3188 subjecta
1629 3133 1846 3188 semper

247 3213 580 3268 necessitate
607 3214 867 3284 appetitui
898 3213 1082 3268 carnis
1111 3213 1300 3268 servit.
1349 3212 1404 3266 in
1439 3212 1657 3268 homine
1687 3227 1839 3274 vero,

247 3302 493 3371 quandiu
526 3302 639 3371 ipsa
669 3302 916 3356 voluntas
943 3309 1089 3356 recta
1115 3315 1218 3372 εει,
1252 3317 1349 3357 nee
1377 3301 1562 3368 servit,
1589 3317 1688 3357 nec
1717 3303 1844 3358 sub-

247 3391 394 3462 jecta
423 3401 507 3446 est
535 3393 622 3446 cui
659 3409 766 3447 non
799 3393 978 3456 debet,
1013 3407 1112 3447 nec
1142 3392 1209 3447 ab
1232 3393 1344 3463 ipsa
1380 3393 1706 3449 rectitudine
1735 3395 1842 3450 ulla

248 3484 308 3536 vi
339 3483 512 3536 aliena
543 3483 828 3548 avertitur,
873 3484 974 3538 nisi
1007 3485 1144 3553 ipsa,
1181 3487 1266 3540 cui
1298 3501 1403 3544 non
1438 3487 1618 3555 debet,
1655 3487 1844 3543 volens

249 3573 600 3628 consentiat:
633 3589 792 3644 quem
837 3589 1160 3630 consensum
1203 3591 1310 3631 non
1356 3577 1696 3645 naturaliter,
1744 3594 1846 3635 nec

249 3679 322 3721 ex
353 3665 676 3722 necessitate
706 3666 848 3722 sicut
872 3681 1066 3736 equus,
1092 3668 1187 3722 sed
1212 3683 1280 3723 ex
1317 3681 1378 3723 se
1407 3680 1592 3738 aperte
1631 3669 1846 3726 videtur

249 3760 478 3818 habere.
525 3759 670 3818 Dtsc.
725 3759 1048 3817 Satisfecisti
1102 3761 1229 3816 huic
1269 3759 1560 3832 objectioni
1606 3779 1738 3819 mea:
1778 3764 1846 3819 de

249 3852 534 3909 voluntate
576 3854 722 3924 equi.
769 3853 905 3910 Redi
953 3853 1045 3908 ubi
1091 3868 1330 3910 eramus.
1372 3852 1512 3910 MAG.
1557 3853 1638 3908 Au
1681 3869 1846 3926 nega-

249 3943 342 4002 bis
367 3943 463 3976 ³³¹⁷
513 3959 728 4000 nuntiem
767 3961 880 4000 rem
921 3944 1149 4001 liberam
1187 3959 1308 4002 esse
1349 3945 1418 4001 ab
1459 3959 1522 4001 ea
1569 3961 1630 4001 re
1668 3961 1696 3999 a
1737 3961 1844 4016 qua

251 4035 374 4104 cogi
409 4034 510 4089 nisi
539 4035 720 4090 volens
747 4036 864 4103 πη,
893 4036 976 4090 vel
1007 4037 1281 4106 prohiberi
1318 4053 1424 4094 non
1463 4038 1673 4109 potest?
1697 4039 1843 4094 Dtsc.

249 4125 376 4180 Non
402 4127 558 4182 video
579 4129 847 4197 quomodo
869 4143 1078 4199 negem.
1107 4128 1247 4184 MAG.
1273 4130 1368 4186 Dic
1391 4131 1552 4186 etiam
1577 4129 1848 4201 quomodo

252 4222 482 4282 superat
506 4225 650 4270 recta
683 4217 950 4284 voluntas,
979 4227 1035 4272 et
1061 4221 1331 4289 quomodo
1353 4222 1672 4290 superatur?
1699 4222 1848 4277 Dtsc.

255 4306 411 4363 Velle
441 4306 610 4376 ipsam
641 4309 1014 4366 rectitudinem
1049 4319 1479 4381 perseveranter,
1504 4319 1588 4367 est
1625 4312 1701 4367 illi
1733 4313 1852 4368 vin-

255 4413 418 4460 cere;
471 4399 604 4453 velle
649 4409 830 4456 autem
876 4402 1020 4471 quod
1064 4418 1168 4458 non
1212 4403 1390 4468 debet,
1436 4414 1519 4459 est
1561 4404 1638 4460 illi
1683 4405 1849 4461 vinci.

1945 1933 2086 1989 vinci
2111 1953 2142 1987 a
2171 1933 2294 1988 forti
2312 1975 2327 2000 ,
2359 1949 2462 1988 non
2493 1949 2586 1991 sua
2609 1945 2881 2005 potestate
2907 1951 3064 2006 posse
3087 1937 3306 2002 dicitur,
3332 1937 3426 1993 sed
3449 1935 3544 1970 ³³⁸⁸

1943 2028 2149 2092 aliena;
2191 2027 2446 2097 quoniam
2496 2042 2600 2084 non
2649 2029 2988 2100 significatur
3037 2029 3206 2094 aliud,
3259 2031 3361 2085 nisi
3411 2031 3538 2100 quia

1945 2119 2102 2176 fortis
2127 2119 2292 2175 habet
2319 2119 2414 2151 ³⁵³³
2444 2129 2768 2194 potestatem
2797 2120 3046 2176 vincendi
3079 2121 3419 2176 imbecillem.

2473 2231 2632 2301 120
2667 2229 2896 2286 CAPUT
2935 2233 3023 2290 vt.

1947 2319 2220 2386 Quomodo
2241 2319 2307 2374 sit
2331 2331 2508 2390 nostra
2533 2320 2769 2375 voluntas
2789 2332 2968 2390 potens
2990 2329 3171 2386 contra
3195 2321 3506 2376 tentatione:
3523 2362 3546 2384 ι

2400 2389 2519 2444 licet
2551 2389 2795 2444 videatur
2813 2393 3086 2460 impotens.

2018 2482 2164 2538 Dtsc.
2209 2481 2468 2548 Quamvis
2517 2482 2596 2536 sic
2637 2482 2818 2536 omnia
2865 2483 3234 2550 impugnantia
3278 2482 3562 2537 voluntati.
3601 2510 3606 2514 -

1947 2582 2143 2628 nostra:
2191 2573 2470 2641 subjicias,
2502 2582 2664 2641 atque
2711 2571 2910 2625 nullam
2943 2574 3292 2628 tentatiouem
3339 2573 3413 2627 illi
3448 2573 3566 2628 dom

1947 2661 2156 2714 mittarr
2185 2661 2494 2730 permittas,
2532 2669 2590 2714 ut
2634 2659 2686 2714 in
2719 2661 2864 2717 nullo
2889 2661 3090 2732 possim
3116 2662 3339 2717 obviare
3365 2677 3541 2718 asser-

1949 2753 2182 2808 tionibus
2212 2753 2350 2816 tuis;
2385 2767 2491 2806 non
2523 2760 2698 2805 tamen
2731 2766 2948 2820 possunt
2979 2751 3323 2806 dissimulare
3352 2765 3546 2821 quam-
3581 2787 3586 2792 -

1945 2847 2066 2900 dam
2115 2845 2484 2914 impotentiam
2529 2859 2649 2901 esse
2697 2843 2750 2897 in
2794 2844 2982 2898 eadem
3028 2845 3323 2909 voluntate,
3375 2859 3540 2914 quam

1947 2935 2060 2992 fere
2089 2951 2278 2991 omnes
2304 2935 2638 3006 experimur,
2670 2949 2792 2990 cum
2825 2933 3078 2990 violentia
3111 2935 3422 2992 tentationis
3449 2933 3544 2992 su-

1950 3044 2230 3099 peramur.
2278 3027 2620 3098 Quapropter
2673 3027 2777 3082 nisi
2833 3026 2980 3080 illam
3033 3027 3327 3098 potentiam
3365 3043 3539 3098 quam

1947 3119 2173 3190 probas,
2200 3127 2256 3174 et
2285 3119 2445 3174 istam
2473 3119 2842 3189 impotentiam
2869 3131 3031 3188 quam
3063 3118 3347 3184 sentimus,
3375 3117 3544 3174 facias

1946 3209 2241 3265 convenire
2267 3225 2280 3262 :
2313 3224 2417 3264 non
2441 3217 2619 3278 potest
2645 3207 2862 3262 animus
2891 3221 3044 3262 meus
3075 3207 3141 3262 ad
3173 3207 3410 3276 quietem
3439 3208 3543 3262 hu-

1933 3304 2030 3376 jus
2068 3300 2384 3372 qutcstionis
2425 3299 2729 3370 pervenire.
2773 3297 2914 3354 MAG.
2961 3298 3124 3354 Istam
3166 3298 3556 3370 impotentiam

1944 3392 2255 3458 voluntatis,
2289 3407 2448 3461 quam
2481 3390 2641 3456 dicis,
2683 3390 2736 3445 in
2778 3406 2886 3461 quo
2927 3399 3086 3462 putas
3125 3391 3278 3446 esse?
3313 3393 3454 3445 Dtsc.
3487 3391 3546 3444 In

1943 3502 2009 3542 eo
2057 3486 2184 3556 quia
2239 3501 2346 3540 non
2397 3493 2578 3555 potest
2625 3492 3041 3555 perseveranter
3087 3483 3394 3538 rectitudini
3440 3483 3537 3537 ad-

1945 3579 2172 3634 hmrere.
2225 3577 2365 3633 Mss.
2419 3576 2476 3633 Si
2533 3592 2630 3648 per
2681 3578 3052 3647 impotentiam
3108 3593 3214 3631 non
3261 3578 3531 3641 adhaeret,

1949 3670 2124 3725 aliena
2153 3670 2206 3724 vi
2244 3670 2507 3724 avertitur
2535 3685 2566 3722 a
2597 3669 2942 3724 rectitudine.
2975 3669 3120 3724 Dtsc.
3148 3667 3398 3724 Concedo
3428 3667 3545 3722 ³⁶¹⁶.

1948 3759 2092 3815 Mss.
2134 3757 2264 3826 Quae
2303 3769 2387 3814 est
2419 3757 2535 3813 hate
2564 3757 2682 3812 vis?
2725 3759 2872 3814 Dtsc.
2904 3759 2998 3820 Vis
3030 3759 3369 3814 tentationis.
3401 3757 3544 3815 Μιις.

1949 3849 2076 3906 Haec
2105 3849 2187 3904 vis
2217 3863 2324 3904 non
2353 3862 2474 3902 eam
2521 3848 2718 3902 avertit
2745 3847 2840 3882 ³⁸¹⁷
2864 3863 2895 3902 a
2943 3849 3289 3914 rectitudine,
3335 3847 3377 3903 si
3427 3849 3544 3918 ipsa

1948 3957 2055 3998 non
2086 3939 2200 3996 vult
2239 3939 2384 4010 quod
2423 3938 2663 4009 suggerit
2697 3938 2944 3994 tentatio.
2981 3939 3124 3993 Dtsc.
3173 3939 3250 3992 Ita
3291 3947 3393 3992 est.
3433 3936 3541 3993 Sed
3575 3949 3580 3954 ‘

1949 4036 2064 4108 ipsa
2091 4035 2320 4092 tentatio
2363 4049 2462 4089 sua
2491 4031 2544 4087 vi
2573 4032 2719 4103 cogit
2750 4045 2871 4085 eam
2907 4029 3044 4086 velle
3087 4032 3230 4101 quod
3277 4030 3564 4102 suggerit.-

1950 4131 2092 4187 Msc.
2117 4127 2362 4196 Qomodo
2389 4125 2534 4197 cogit
2557 4139 2677 4180 eam
2707 4121 2876 4179 velle?
2923 4125 3006 4177 An
3033 4123 3105 4178 ita
3139 4133 3197 4178 ut
3226 4121 3393 4193 possit
3419 4122 3546 4192 qui-

1951 4222 2073 4279 dem
2119 4219 2260 4276 nolle
2284 4218 2400 4284 ³⁵¹⁸,
2449 4218 2544 4273 sed
2571 4231 2676 4271 non
2706 4216 2824 4271 sine
2859 4215 3010 4287 gravi
3061 4215 3334 4280 molestia;
3369 4229 3437 4268 an
3469 4213 3566 4268 ita-

1953 4323 2011 4370 ut
2037 4313 2340 4368 nullatenus
2382 4310 2554 4382 possit
2596 4309 2774 4364 nolle?
2805 4309 2948 4364 !)tsc.
2983 4307 3240 4376 Quamvis
3269 4307 3426 4361 fateri
3459 4320 3564 4360 mev

1953 4415 2202 4477 oporteat
2233 4419 2330 4460 nos
2371 4402 2661 4474 aliquando
2702 4401 2782 4456 sic
2827 4401 2994 4471 premi
3043 4400 3455 4463 tentationibus,
3492 4408 3564 4454 ut-

255 4490 402 4544 Blac.
436 4491 569 4547 Puto
606 4493 732 4562 quia
772 4495 998 4549 tentatio
1029 4505 1232 4550 rectam
1269 4495 1600 4551 voluntatem
1639 4499 1850 4555 nonnisi
1877 4536 1934 4596 D
1956 4496 2074 4552 sine
2101 4493 2414 4550 diﬂieultate
2440 4509 2545 4548 non
2579 4491 2854 4546 valeamus
2881 4490 3021 4544 nolle
3047 4491 3190 4559 quod
3217 4498 3556 4560 suggerunt;-

253 4581 553 4648 voleutem,
587 4593 678 4638 aut
701 4586 768 4641 ab
805 4586 917 4655 ipsa
949 4586 1271 4641 rectitudine
1297 4586 1390 4619 ³⁵¹⁹
1417 4587 1728 4656 prohibere,
1756 4597 1850 4644 aut

257 4671 332 4726 ad
363 4673 442 4738 id,
472 4675 614 4744 quod
646 4691 750 4730 non
785 4677 972 4744 debet,
1009 4691 1202 4748 cegere
1231 4685 1405 4748 potest
1435 4695 1448 4731 :
1484 4685 1544 4732 ut
1578 4679 1722 4734 illam
1753 4695 1850 4734 no—

257 4763 344 4829 lit,
377 4775 432 4820 et
459 4767 602 4822 istud
628 4769 760 4825 velit
781 4769 896 4824 ³⁸³⁸.
941 4769 1086 4826 Dtsc.
1115 4767 1226 4826 Nec
1252 4770 1354 4826 hoc
1383 4769 1488 4824 ulla
1512 4769 1608 4802 ³⁵η
1637 4770 1848 4828 ratione

1957 4604 2062 4644 non
2093 4597 2267 4642 tamen
2301 4599 2516 4655 possum
2547 4584 2727 4638 dicere
2758 4583 2902 4652 quod
2932 4581 3010 4636 sic
3045 4596 3144 4636 nos
3185 4595 3420 4649 unquam
3451 4595 3547 4649 0p-

1958 4680 2216 4750 primant,
2245 4687 2304 4731 ut
2333 4675 2476 4745 quod
2502 4683 2723 4729 monent
2745 4674 2838 4706 ³⁸³³
2865 4672 3172 4727 nullatenus
3201 4672 3340 4726 nolle
3375 4671 3548 4741 possi-

1955 4783 2098 4826 mus.
2129 4769 2270 4824 Mso.
2299 4766 2494 4822 Nescio
2522 4765 2793 4835 quomodo
2822 4765 2993 4835 possit
3018 4763 3142 4818 dici.
3175 4761 3231 4818 Si
3263 4763 3405 4819 enim
3435 4761 3562 4816 vult-

1561 4927 1796 4982 VARUE
1838 4923 2248 4984 LECTIONES.

339 5085 430 5118 ³³³⁵
467 5083 580 5138 Νοιι
613 5087 851 5150 mentiri,
878 5088 972 5142 sed
998 5087 1170 5142 occidi
1199 5104 1325 5142 mss.
1357 5103 1463 5142 non
1497 5085 1738 5149 mentiri,
1766 5085 1808 5140 si
1833 5083 2100 5138 occiditur
2173 5083 2269 5113 ³⁵³³
2298 5077 2624 5150 Utrumlibet
2648 5085 2733 5150 est
2765 5077 2815 5130 in
2847 5075 3122 5150 voluntate
3148 5073 3229 5128 vel
3260 5079 3558 5150 potestate.-

259 5173 394 5211 νεεδ.
423 5155 736 5228 utrumlibet
765 5144 850 5212 est
877 5157 930 5212 in
961 5167 1245 5226 potestate.
1323 5159 1416 5191 ³⁵³³
1445 5159 1632 5228 Itaque
1663 5144 1789 5228 licet
1814 5171 1940 5228 mss.
1970 5152 2044 5206 Ita
2071 5151 2444 5228 quoquehi-et
2519 5147 2923 5228 ‘_'_'“*_l)esere_t_'e2
2949 5145 3092 5228 quod
3121 5159 3246 5228 mss.
3270 5144 3549 5228 deserere,

263 5209 495 5294 etquod
571 5226 663 5258 ⁸⁵¹⁵
693 5209 1307 5284 tttc'iied'eﬁﬁi'eiéi'ﬁius
1334 5209 1956 5285 mssZ-itl'cireo'faeimus
1986 5209 2110 5294 mss'.
2142 5209 2504 5294 Béeaidcireo
2528 5219 2757 5294 fecimus
2819 5217 2924 5294 _”“‘
2955 5209 3182 5294 Nonest
3216 5213 3318 5268 hoc
3359 5209 3552 5265 simili-

262 5310 352 5354 ter
371 5284 503 5368 inss.
535 5312 639 5368 non
668 5305 750 5350 est
779 5298 865 5351 hic
885 5297 1148 5368 similiter
1221 5299 1312 5331 ⁸⁵¹⁹¹
1345 5284 1424 5352 An
1459 5299 1778 5368 negavimus
1810 5313 1935 5349 mss.
1976 5292 2319 5368 Anp‘negabis
2394 5289 2486 5322 ³⁶¹⁸
2514 5291 2687 5368 A_‘l“§!
2717 5289 2834 5358 εοὲί
2866 5303 2973 5342 ¹¹⁰¹¹
3002 5284 3187 5368 *ἶυιίξηῗ
3225 5295 3560 5368 ⁷⁷⁸³³ΪῘᾸΠΫ³

260 5367 386 5436 cogi
422 5367 520 5439 nisi
553 5367 737 5439 volans
765 5384 888 5421 mss.
925 5367 985 5439 S.
1027 5367 1190 5422 Mich.
1215 5371 1280 5424 ad
1311 5385 1470 5439 quam
1495 5355 1610 5437 cogi
1638 5367 1962 5439 nisivolens
2033 5365 2134 5439 "’°_
2159 5355 2264 5439 Ᾰιιι
2296 5363 2407 5439 ipsa
2443 5355 2762 5439 ree_t_i_tit_tlitte
2788 5355 2914 5439 "nias.
2949 5365 3044 5410 aut
3073 5355 3306 5439 alzjinp‘sttw
3321 5355 3563 5439 τεςιῑιιιτς

269 5419 404 5492 dine
477 5437 572 5468 ³δ¹⁶
609 5419 685 5490 lit
707 5419 1279 5494 illamvelitet
1293 5419 1590 5494 nolit-inse?
1622 5419 2012 5490 ntillamnolit
2040 5443 2094 5488 et
2123 5434 2264 5506 istud
2299 5419 2425 5486 velit
2761 5429 2864 5481 ulla
2889 5443 3011 5480 mss.
3039 5436 3084 5479 et
3266 5419 3420 5475 Goth.
3453 5435 3554 5506 nec
3633 5503 3638 5506 _

264 5509 374 5579 hoc
403 5507 510 5579 ulla
587 5507 680 5540 ³⁸³⁸
712 5509 846 5575 Quia
875 5508 1018 5562 nulla
1051 5519 1290 5579 potestas
1322 5517 1498 5576 potest
1528 5522 1651 5560 mss.
1683 5509 1809 5574 quia
1841 5507 1985 5579 nulla
2021 5505 2250 5579 tentatio
2283 5511 2460 5572 potest
2534 5501 2626 5531 ³⁵⁵³
2655 5501 3566 5579 Suapotestatc‘vinciturmas;

267 5577 400 5648 fidit
433 5576 589 5648 (50th.
627 5563 1028 5648 sua~potestate
1051 5563 1222 5634 'vincit
1276 5563 1392 5611 7’3“
1425 5579 1530 5632 Sua
1570 5563 1837 5648 potestate
1865 5577 2081 5648 dicitur,
2131 5574 2220 5626 sed
2253 5563 2379 5648 mss.
2421 5563 2812 5648 stripitu-state
2836 5581 3013 5648 posse
3039 5566 3257 5626 dicitur,
3285 5563 3380 5617 sed

267 5647 386 5720 Nisi
422 5647 578 5720 furtis
607 5640 914 5704 habetmss.
942 5649 1042 5720 nisi
1072 5651 1212 5720 quia
1231 5651 1382 5704 fortis
1413 5640 1585 5706 habet
1653 5647 1747 5720 im
1771 5645 1946 5720 ilredo
1973 5662 2104 5720 ntss_._
2127 5645 2400 5720 concedo"
2442 5643 2532 5674 ³⁵³⁷
2561 5640 2686 5720 Non
2697 5641 2891 5720 avertit
2918 5653 3044 5720 mss.
3073 5653 3175 5720 non
3203 5649 3322 5688 eam
3353 5640 3556 5720 avertit

268 5719 370 5750 ³³⁹⁸
429 5718 498 5773 Ut
547 5703 736 5788 possit
762 5734 834 5773 ea
867 5703 1402 5787 quidem'nollermss.
1436 5703 1495 5773 ut
1527 5719 1696 5788 possit
1737 5718 1952 5786 quidem
1998 5716 2141 5788 nolle
2175 5713 2320 5768 Etliz.
2361 5713 2538 5768 Venet.
2584 5721 2628 5763 et
2668 5707 2852 5760 Colon.
2895 5718 2955 5760 ut
2985 5708 3155 5777 possit
3179 5720 3298 5762 eam
3329 5703 3562 5774 quidem-

267 5789 414 5845 nolle
491 5787 584 5822 3m
613 5791 766 5856 Quod
799 5799 1015 5846 movent
1045 5791 1348 5846 nuliatenus
1373 5807 1498 5844 mss.
1531 5787 1670 5860 quod
1704 5799 1924 5843 nionent
1951 5787 2279 5842 nullatenus.
