3936 6048
372 345 478 403 ΝΟ

876 347 932 403 S.
975 349 1276 405 ANSELlll
1316 349 1662 406 CANTUAR.
1718 353 2035 409 ARCIIIEP.
2080 356 2228 412 OPP.
2271 356 2450 414 PARS
2490 358 2526 411 l.
2557 388 2625 397 —-
2659 357 3074 415 DOG.\l.\TlC.\.

3553 343 3665 399 500

374 465 534 518 homo
563 463 796 525 mentiri,
821 470 879 514 ut
904 478 1007 517 non
1039 466 1302 518 sustineat
1328 476 1556 520 mortem
1584 477 1637 521 et
1661 478 1840 523 servet
1863 468 1958 500 ³⁸³⁰
1991 475 2036 529 Α
2068 481 2304 526 mentum
2335 471 2568 525 videndi.
2597 471 2750 526 Sicut
2780 471 2943 541 igitur
2968 473 3161 536 visura,
3191 473 3285 540 qui
3321 479 3407 526 est
3448 471 3652 528 instru-

371 551 536 604 vitam
580 550 645 603 ad
679 557 920 620 tempus;
965 551 1091 621 quis.
1126 552 1268 606 dicet
1310 553 1640 621 impossibile
1681 555 1812 612 velle
1838 571 1960 610 eum

369 656 478 698 non
512 643 747 705 mentiri,
777 652 834 696 ut
865 643 996 698 vitet
1025 653 1288 708 (sternam
1323 653 1573 709 mortem,
1606 656 1659 700 et
1699 647 1818 702 sine
1855 647 1962 702 line

371 734 549 790 vivat?
583 733 1049 804 Quapropterjam
1079 735 1328 790 dubitare
1361 752 1464 791 non
1496 736 1658 790 debes
1699 738 1838 794 hanc
1869 738 1958 771 ³⁸³³

368 824 742 893 impotentiam
783 825 1033 879 servandi
1086 827 1486 893 rectitudiuem,
1533 846 1695 900 quam
1743 831 1877 884 dicis
1911 832 1961 883 in

356 926 552 972 'nostra
580 915 853 971 voluntate
878 915 971 947 ³⁸³³
996 930 1117 970 cum
1152 918 1542 973 tentationibus
1569 922 1959 983 consentimus,

370 1021 478 1062 non
511 1020 628 1061 esse
654 1021 719 1062 ex
757 1007 1210 1078 impossibilitate,
1241 1009 1332 1063 sed
1364 1024 1427 1062 ex
1463 1010 1793 1066 difficultate.
1829 1011 1959 1064 Fre-

368 1097 552 1166 quenti
588 1111 819 1164 namque
847 1088 945 1152 usu
976 1099 1205 1152 dicimus
1232 1114 1330 1154 nos
1376 1115 1480 1154 non
1529 1115 1685 1170 posse
1724 1101 1954 1171 aliquid;

368 1203 477 1244 non
503 1189 628 1258 quia
654 1189 809 1244 nobis
828 1197 911 1243 est
938 1190 1288 1260 impossibile,
1315 1193 1406 1245 sed
1431 1192 1556 1262 quia
1583 1192 1710 1246 illud
1737 1193 1965 1246 sine3m

369 1281 684 1337 difﬁcultate
711 1296 816 1336 non
846 1295 1154 1351 possumus.
1181 1282 1306 1336 l-lzee
1333 1293 1512 1337 autem
1542 1282 1827 1338 dillicultas
1853 1300 1962 1342 non

368 1377 588 1439 perimit
623 1374 927 1430 libertatem
968 1374 1257 1431 voluntatis
1289 1393 1300 1426 ;
1337 1375 1654 1445 impugnare
1685 1375 1778 1406 ³⁸³⁵
1812 1391 1960 1428 nam-

368 1481 472 1537 que
517 1476 693 1537 potest
740 1467 963 1520 invitam
1009 1466 1373 1531 voluntatem,
1419 1482 1732 1538 expugnare
1776 1468 1962 1535 nequit

369 1559 613 1614 invitam.
645 1557 756 1612 Hoc
789 1558 967 1626 itaque
997 1557 1174 1622 modo,
1208 1567 1338 1627 puto
1364 1567 1414 1612 te
1436 1572 1594 1627 posse
1622 1558 1803 1612 videre
1829 1573 1962 1627 quo-

369 1651 529 1708 modo
576 1651 902 1706 conveniant
949 1653 1187 1722 potentia
1232 1651 1553 1718 voluntatis,
1610 1667 1773 1721 quam
1824 1653 1962 1706 ratio

372 1741 617 1796 verita:is
666 1741 894 1806 asserit;
945 1751 998 1797 et
1053 1743 1391 1812 impotentia,
1440 1758 1602 1812 quam
1655 1743 1963 1798 humanitas

368 1843 551 1893 nostra
583 1834 768 1890 sentit.
818 1832 970 1896 Sicut
999 1835 1141 1889 enim
1173 1833 1458 1892 difﬁcultas
1491 1850 1829 1905 nequaquam
1865 1850 1957 1888 vo-
1994 1813 2038 1872 Β

368 1925 596 1982 Funtatis
644 1927 910 1981 interimit
959 1927 1297 1993 libertatem;
1353 1928 1424 1981 ita
1483 1926 1574 1982 illa
1623 1927 1960 1997 impotentia,

373 2033 664 2086 quamnon
698 2016 767 2070 ob
795 2017 939 2081 aliud
987 2019 1038 2072 in
1083 2018 1355 2074 voluntate
1400 2019 1631 2074 dicimus
1673 2034 1815 2085 esse,
1859 2021 1958 2076 nisi

371 2109 495 2178 quia
529 2124 633 2162 non
666 2117 840 2178 potest
874 2118 1057 2164 tenere
1089 2125 1242 2164 suam
1273 2110 1652 2166 rectitudinem
1682 2112 1800 2168 sine
1827 2112 1962 2165 ditii-

373 2198 589 2262 sultate,
624 2213 726 2252 non
765 2197 940 2252 aufert
986 2199 1160 2254 eidem
1193 2199 1451 2260 voluntati
1499 2201 1874 2270 perseverandi
1909 2201 1959 2254 in

367 2290 693 2354 rectitudine
723 2299 1065 2359 potestatem.

979 2400 1206 2457 CAPUT
1252 2400 1358 2454 Vll.

377 2493 645 2561 Quomodo
689 2491 928 2547 voluntas
979 2491 1167 2559 fortior
1212 2493 1277 2546 sit
1316 2509 1472 2562 quant
1516 2494 1762 2555 latitatio;
1805 2495 1960 2550 etiam

870 2578 987 2614 cum
1017 2562 1080 2614 ab
1112 2561 1204 2614 illa
1235 2561 1474 2616 vineitur.

443 2656 586 2710 Dtsc.
619 2655 770 2709 Sicut
797 2668 1135 2722 nequaquam
1164 2653 1314 2707 valeo
1341 2654 1480 2722 quod
1512 2653 1704 2722 probas
1732 2669 1956 2722 negare;

395 2757 445 2810 ta
486 2747 791 2802 nullatenus
832 2761 971 2815 queo
1002 2745 1328 2800 voluntatem
1363 2745 1642 2799 fortiorem
1687 2760 1805 2800 esse
1848 2755 1962 2798 tcu-

396 2837 596 2900 atione.
627 2853 747 2892 cum
775 2837 842 2891 ab
870 2851 931 2891 ea
966 2846 1275 2906 superatur,
1304 2833 1589 2893 affirmare.
1623 2834 1755 2889 Nam
1789 2837 1832 2889 si
1868 2851 1959 2889 vo-

394 2940 552 2986 .rntas
574 2929 822 2986 servandi
856 2928 1230 3005 rectitudinem
1263 2927 1454 2982 fortior
1480 2937 1629 2984 esset
1651 2944 1812 2996 quam
1848 2939 1965 2986 ten-

396 3020 594 3074 ationis
643 3020 906 3088 impetus;
961 3018 1156 3072 fortius
1201 3017 1289 3070 illa
1333 3015 1563 3071 volendo
1607 3017 1748 3086 quod
1797 3027 1960 3081 tenet,

401 3113 654 3174 esisteret
697 3125 858 3181 quam
908 3109 993 3166 illa
1046 3109 1343 3170 insisteret.
1395 3105 1510 3162 Non
1557 3109 1700 3162 enim
1747 3107 1963 3163 alinnle

381 3203 486 3258 ‘cio
516 3218 600 3257 me
627 3202 797 3273 magis
829 3200 917 3256 vel
936 3201 1116 3256 minus
1145 3199 1343 3255 fortem
1370 3199 1464 3232 ³⁸⁸⁸
1493 3198 1694 3254 habere
1721 3199 1965 3254 volunta-

382 3313 505 3363 .em,
540 3295 643 3351 nisi
681 3294 807 3365 quia
851 3296 1022 3364 magis
1055 3293 1139 3351 vel
1182 3293 1361 3350 minus
1405 3290 1618 3348 fortiter
1650 3291 1788 3347 volo.
1825 3292 1967 3359 Qua-

388 3397 594 3459 sropter
627 3403 750 3443 cum
786 3388 963 3451 minus
1010 3386 1222 3442 fortiter
1259 3387 1377 3444 volo
1405 3387 1546 3458 quod
1584 3387 1774 3451 debeo,
1803 3404 1964 3460 quam

380 3481 603 3540 :entatio
647 3479 780 3534 mibi
826 3477 1068 3551 suggerit
1108 3478 1252 3548 quod
1301 3496 1404 3534 non
1450 3479 1651 3545 debeo;
1697 3481 1968 3550 quomodo

380 3572 606 3630 .entatio
643 3571 838 3626 fortior
866 3585 976 3628 non
1022 3570 1094 3627 sit
1138 3571 1414 3626 voluntate
1461 3585 1604 3642 mea,
1644 3586 1748 3626 non
1792 3571 1964 3625 video.

382 3664 518 3719 ulte.
550 3661 620 3718 Ut
646 3663 824 3726 video.
849 3661 1208 3736 :equivocatio
1234 3660 1528 3717 voluntatis
1560 3671 1612 3716 te
1641 3661 1792 3716 fallit.
1820 3661 1965 3718 Dtsc.

378 3768 551 3826 ipsum
611 3753 804 3810 vellem
865 3753 1350 3823 tequivecationem
1411 3769 1761 3825 cognoscere.
1827 3753 1965 3822 Mss.

383 3846 534 3904 Sicut
574 3848 723 3904 visus
759 3848 1034 3918 tequivoce
1074 3847 1306 3915 dicitur;
1360 3850 1430 3904 ita
1475 3859 1530 3905 et
1559 3849 1829 3914 voluntas.
1865 3851 1969 3912 Yo-

378 3959 564 4000 camus
583 3942 735 3999 enim
765 3943 968 4010 visum,
993 3943 1170 4010 ipsum
1200 3943 1621 4002 instrumentum
1646 3943 1884 4009 videndi,
1919 3945 1969 3998 id

379 4047 462 4094 est
491 4039 700 4094 radium
743 4037 1127 4108 procedentem
1171 4051 1267 4106 per
1309 4036 1522 4100 oculos,
1554 4051 1663 4106 quo
1709 4037 1973 4094 sentimus

376 4130 555 4186 Lucem
583 4137 639 4184 et
685 4143 805 4198 quae
830 4136 957 4184 sunt
991 4128 1045 4186 in
1077 4126 1196 4181 luce
1223 4144 1237 4180 :
1268 4135 1323 4181 et
1348 4125 1577 4182 dicimus
1608 4126 1804 4193 visum,
1838 4143 1972 4198 opus

378 4219 728 4276 instrumenti
767 4218 952 4288 ipsius,
983 4219 1198 4286 quando
1222 4217 1314 4274 illo
1347 4217 1571 4284 utimur,
1607 4219 1660 4273 id
1687 4229 1771 4276 est
1804 4221 1986 4275 visio--

381 4326 530 4368 nem.
565 4311 770 4366 Eodem
815 4309 973 4365 modo
1002 4308 1198 4364 dicitur
1232 4309 1497 4377 voluntas,
1547 4311 1722 4380 ipsum
1766 4312 1970 4367 instru-

383 4413 623 4460 mentum
660 4400 896 4469 volendi,
939 4401 1082 4471 quod
1123 4409 1208 4456 est
1245 4400 1301 4458 in
1341 4401 1541 4467 anima,
1572 4410 1628 4457 et
1663 4404 1805 4472 quod
1845 4419 1972 4459 con-

381 4495 648 4550 vertimus
675 4494 741 4548 ad
773 4493 1058 4548 volcndum
1086 4494 1188 4549 hoc
1219 4492 1301 4550 vel
1333 4493 1492 4559 illud;
1524 4495 1660 4553 sicut
1697 4496 1868 4552 visum
1902 4496 1970 4551 ad

384 4585 674 4641 videndum
701 4585 916 4647 diversa
951 4585 1318 4642 convertimus
1346 4603 1359 4639 :
1391 4594 1446 4640 et
1476 4583 1673 4640 dicitur
1702 4587 1972 4654 voluntas,

386 4689 516 4730 usus
546 4673 662 4742 ejus
699 4675 1015 4740 voluntatis,
1043 4690 1162 4742 (pne
1185 4684 1267 4729 est
1292 4676 1710 4732 instrumentum
1739 4676 1968 4743 volendi,

387 4766 526 4822 sicut
559 4765 758 4820 dicitur
795 4764 971 4833 visus,
996 4783 1123 4820 usus
1163 4767 1279 4836 ejus
1321 4767 1488 4834 visus,
1531 4768 1622 4838 qui
1653 4777 1735 4824 est
1771 4769 1972 4825 instrn-

2067 571 2306 618 mentum
2337 562 2573 626 videndi,
2607 561 2867 617 habemus
2893 562 3056 616 etiam
3091 576 3214 616 eum
3242 577 3348 616 non
3377 563 3648 628 videmus;

2064 657 2211 712 visus
2246 664 2446 720 autem,
2489 655 2580 724 qui
2628 665 2708 710 est
2735 669 2872 724 opus
2918 653 3053 723 ejus,
3101 669 3206 710 non
3256 663 3341 709 est
3380 657 3479 711 nisi
3528 672 3650 711 cum

2067 749 2311 804 videmus
2348 766 2361 802 :
2408 748 2482 802 ita
2529 748 2802 812 voluntas,
2850 749 3265 802 instrumentum
3310 747 3519 803 scilicet
3559 764 3649 802 vo—

2065 841 2230 905 lendi,
2258 854 2472 910 semper
2507 848 2590 894 est
2621 838 2674 892 in
2700 839 2880 892 anima
2909 837 3026 902 ³⁸³⁸,
3052 838 3222 893 etiam
3245 853 3368 892 cum
3405 853 3510 893 non
3543 839 3652 892 vult

2063 932 2291 1002 aliquid,
2321 931 2470 987 velut
2501 947 2623 986 cum
2657 929 2886 996 dormit;
2929 928 3271 985 voluntatem
3309 943 3458 993 vero,
3492 944 3652 998 quant

2063 1021 2185 1078 dico
2213 1037 2366 1077 usum
2397 1022 2514 1076 sive
2543 1035 2678 1090 opus
2706 1019 2950 1091 ejusdem
2988 1019 3364 1086 instrumenti,
3411 1033 3519 1074 non
3561 1021 3652 1072 ha-

2064 1113 2254 1168 bemus
2281 1112 2383 1167 nisi
2433 1112 2652 1182 quando
2677 1110 2928 1167 volumus
2971 1110 3193 1180 aliquid.
3237 1110 3331 1165 Illa
3364 1103 3529 1182 igitur
3559 1111 3648 1143 ³⁵³⁷

2065 1204 2337 1266 voluntas,
2369 1220 2529 1274 quam
2561 1217 2696 1258 voco
2746 1204 3163 1258 instrumentum
3194 1203 3430 1269 volendi,
3465 1220 3570 1258 una
3598 1217 3653 1258 et

2064 1299 2250 1354 eadem
2283 1313 2498 1366 semper
2524 1307 2630 1360 est,
2663 1296 2925 1366 quidquid
2953 1296 3200 1351 velimus.
3241 1296 3331 1350 illa
3361 1311 3508 1360 vero,
3534 1313 3662 1367 quas

2063 1404 2199 1458 opus
2223 1387 2340 1454 ejus
2362 1397 2446 1443 est
2468 1388 2584 1452 ³⁵³⁸,
2620 1395 2726 1442 tam
2759 1387 3036 1456 multiplex
3064 1397 3166 1448 est,
3198 1402 3359 1456 quam
3409 1389 3572 1442 multa
3599 1398 3656 1444 et

2064 1495 2224 1550 quam
2271 1494 2412 1549 smpe
2455 1478 2734 1544 volumus;
2781 1479 3234 1547 quemadmodum
3280 1479 3446 1545 visus,
3493 1496 3656 1550 quem

2028 1584 2038 1600 ‘
2065 1571 2226 1626 etiam
2259 1570 2310 1624 in
2341 1569 2578 1624 tenebris
2601 1568 2685 1624 vel
2709 1569 2911 1624 clausis
2934 1569 3106 1624 oculis
3129 1568 3412 1634 habemus,
3441 1584 3656 1640 seraper

2066 1663 2205 1718 idem
2247 1672 2351 1727 est,
2397 1662 2660 1732 quidquid
2705 1663 3004 1717 videamus.
3053 1661 3211 1716 Visus
3245 1671 3447 1740 autem,
3483 1661 3536 1716 id
3569 1672 3655 1716 est

2064 1768 2200 1824 opus
2229 1753 2362 1822 ejus,
2410 1755 2500 1822 qui
2529 1763 2586 1810 et
2621 1754 2757 1810 visio
2797 1754 3131 1818 nominatur,
3177 1762 3288 1808 tam
3334 1768 3656 1808 numerosus

2066 1855 2150 1902 est
2186 1862 2348 1916 quam
2395 1860 2705 1912 numerosa,
2752 1853 2809 1900 et
2849 1859 3011 1914 quam
3063 1859 3348 1900 numerose
3386 1844 3653 1899 videmus.

2065 1937 2209 1994 DISC.
2241 1936 2405 1991 Plane
2439 1936 2620 2013 video,
2667 1945 2720 1991 et
2770 1951 2894 1992 amo
2927 1936 3066 1990 hanc
3110 1934 3402 1990 voluntatis
3446 1934 3654 1990 discre-

2065 2030 2264 2088 tionem
2289 2028 2383 2061 ⁸⁸³⁹
2408 2047 2419 2080 :
2445 2025 2626 2096 etiam
2654 2027 2784 2082 mihi
2816 2027 2999 2082 videor
3027 2027 3229 2090 videre,
3253 2041 3414 2096 quam
3443 2042 3511 2082 ex
3537 2025 3656 2094 ejus

2066 2123 2365 2193 ignorantia
2423 2121 2696 2191 patiebar,
2748 2119 3156 2189 deceptionem;
3213 2121 3309 2196 sed
3363 2128 3540 2174 tamen
3598 2129 3652 2173 tu

2065 2227 2396 2284 prosequere
2425 2212 2567 2280 quod
2617 2209 2905 2279 iucmpisti.
2948 2208 3086 2265 Mss.
3122 2209 3254 2264 Cum
3298 2225 3427 2280 ergo
3472 2210 3657 2264 videas

2067 2307 2201 2360 duas
2230 2303 2536 2358 voluntates
2561 2317 2701 2365 esse,
2731 2301 3151 2356 instrumentum
3183 2301 3391 2356 scilicet
3419 2301 3658 2366 volendi.l

2067 2405 2122 2452 et
2158 2411 2294 2466 opus
2325 2396 2460 2464 ejus,
2495 2395 2548 2447 in
2593 2409 2698 2461 qua
2730 2394 2921 2447 harum
2955 2392 3185 2446 duarum
3221 2391 3474 2463 intelligis
3505 2391 3659 2447 forti-

2068 2485 2312 2540 tudinem
2340 2495 2593 2538 constare
2627 2482 2874 2538 volendi?
2903 2483 3047 2538 DISC.
3082 2483 3134 2536 ln
3166 2483 3263 2542 illa,
3292 2498 3412 2552 quae
3453 2495 3536 2539 est
3570 2486 3659 2538 in-

2067 2581 2422 2628 strumentum
2453 2571 2681 2626 volendi.
2730 2569 2868 2626 MAG.
2909 2569 2966 2630 Si
3011 2586 3140 2641 ergo
3185 2573 3327 2627 scias
3357 2575 3536 2628 virum
3583 2575 3658 2630 ita

2068 2666 2295 2729 fortem,
2344 2674 2402 2718 ut
2445 2680 2511 2720 eo
2557 2673 2777 2720 tenente
2813 2673 3025 2751 taurum
3077 2665 3421 2726 indomitum.
3474 2674 3662 2722 taurus

2069 2773 2173 2812 non
2205 2757 2376 2826 possit
2404 2771 2462 2810 se
2489 2771 2705 2810 movere
2737 2771 2751 2810 :
2791 2765 2843 2809 et
2874 2755 3054 2813 videas
3082 2757 3329 2811 euuulen't
3375 2757 3550 2811 virum
3585 2757 3660 2811 ita

2068 2857 2336 2905 tenentem
2384 2849 2478 2887 ⁵³η
2511 2849 2762 2914 arietem,
2813 2859 2870 2904 ut
2900 2849 3015 2920 ipse
3042 2850 3186 2908 aries
3228 2865 3346 2906 sese
3383 2851 3449 2906 de
3487 2853 3662 2906 maui~

2066 2943 2166 2997 bus
2193 2941 2311 3012 ejus
2341 2942 2608 3006 excutiat,
2635 2940 2852 3010 putabis
2880 2954 2947 2995 ne
2975 2939 3120 2994 illum
3167 2941 3344 2995 minus
3373 2940 3566 2996 fortem
3603 2944 3657 2996 in

2069 3032 2302 3086 tenendo
2336 3031 2564 3086 arietem
2607 3046 2770 3100 quam
2820 3031 2870 3085 in
2929 3031 3161 3086 tenendo
3211 3032 3463 3088 taurum?
3516 3033 3660 3086 Dtse.

2068 3121 2221 3176 Illum
2253 3120 2468 3189 quidem
2503 3135 2609 3175 non
2635 3119 2976 3176 dissimiliter
3002 3119 3197 3174 fortem
3229 3120 3281 3174 in
3312 3131 3541 3189 utroque
3569 3121 3665 3176 illo

2068 3227 2232 3284 Opere
2275 3212 2368 3243 ³⁸³¹
2409 3211 2680 3280 iudicabo,
2727 3209 2822 3266 sed
2871 3225 2994 3266 eum
3043 3226 3138 3266 sua
3194 3211 3507 3267 fortitudine
3555 3228 3664 3266 non

2069 3303 2350 3373 mqualiter
2404 3305 2477 3356 uti
2539 3303 2749 3358 fatebor
2797 3321 2809 3355 :
2872 3302 3065 3357 fortius
3113 3303 3256 3357 enim
3305 3316 3563 3372 operatur
3611 3306 3665 3359 iu

2073 3403 2249 3458 tauro,
2291 3408 2452 3461 quam
2493 3393 2544 3446 in
2578 3379 2768 3448 ariete.
2815 3393 2918 3447 Sed
2966 3394 3053 3446 ille
3098 3393 3252 3448 fortis
3277 3405 3381 3459 est,
3415 3397 3539 3464 quia
3569 3396 3666 3430 ³³³³

2074 3482 2443 3548 fortitudinem
2493 3483 2685 3545 habet;
2739 3483 2880 3537 actio
2928 3498 3054 3537 vero
3101 3482 3216 3550 ejus
3263 3482 3429 3541 furtis,
3467 3485 3667 3540 dicitur

2072 3575 2199 3646 quia
2246 3573 2461 3630 fortiter
2491 3573 2583 3606 ³⁸⁸³
2616 3573 2692 3628 lit.
2733 3574 2872 3636 Mss.
2917 3573 3006 3630 Sic
3044 3575 3282 3646 intellige
3314 3575 3666 3640 voluntatem,

2072 3681 2234 3736 quam
2259 3681 2390 3721 voco
2418 3665 2838 3722 instrumentum
2867 3665 3100 3730 volendi,
3132 3667 3550 3736 inseparabilem
3572 3669 3669 3704 ’Μ

2074 3765 2129 3810 ct
2171 3754 2316 3809 nulla
2355 3754 2460 3818 alia
2501 3755 2549 3809 vi
2592 3754 2952 3825 superabilem
2999 3754 3372 3813 fortitudinem
3411 3759 3613 3813 habere
3652 3777 3668 3818 ε,

2075 3862 2178 3920 qua
2214 3846 2505 3918 aliquando
2535 3847 2627 3881 ³⁵⁸⁵
2661 3847 2852 3918 magis,
2877 3847 3176 3918 aliquando
3205 3849 3382 3905 minus
3413 3851 3583 3904 utitur
3614 3853 3670 3906 in

2077 3939 2324 3998 valendo.
2372 3939 2521 4007 Unde
2555 3941 2699 4010 quod
2743 3940 2936 3996 fortius
2962 3941 3078 3997 vult
3111 3942 3414 3998 nullatenus
3443 3945 3669 4010 deserit,

2073 4033 2256 4088 oblato
2281 4047 2346 4088 eo
2368 4032 2462 4063 ³⁵⁸⁸
2483 4033 2626 4102 quod
2653 4033 2830 4088 minus
2860 4032 3073 4088 fortiter
3100 4035 3246 4089 vult:
3272 4045 3325 4090 et
3355 4051 3488 4102 cum
3507 4035 3674 4089 offer-

2078 4136 2164 4180 tur
2194 4124 2338 4195 quod
2368 4125 2481 4177 vult
2511 4125 2601 4156 ’5"
2632 4126 2847 4190 fortius,
2880 4127 3060 4181 statim
3107 4127 3328 4188 dimittit
3371 4128 3511 4194 quod
3559 4143 3668 4182 non

2077 4217 2282 4288 pariter
2310 4216 2423 4270 vult
2452 4231 2467 4269 :
2495 4226 2550 4274 et
2582 4227 2709 4272 tunc
2738 4217 3019 4285 voluntas,
3048 4233 3210 4287 quam
3247 4219 3427 4272 dicere
3474 4233 3666 4286 possu-

2078 4325 2197 4366 mus
2215 4307 2482 4363 actionem
2517 4307 2858 4370 instrumenti
2891 4307 3081 4377 hujus;
3116 4309 3372 4378 quoniam
3397 4309 3506 4377 agit
3531 4324 3671 4376 opus

2077 4415 2234 4455 suum
2261 4399 2379 4464 “is,
2409 4414 2528 4454 cum
2562 4398 2763 4468 aliquid
2792 4397 2934 4464 vult;
2965 4408 3110 4463 tunc,
3143 4400 3388 4469 inquam,
3420 4400 3673 4453 voluntas

2079 4492 2223 4547 actio
2253 4491 2425 4563 magis
2456 4491 2536 4548 vel
2569 4491 2748 4548 minus
2778 4490 2932 4547 fortis
2961 4491 3180 4559 dicitur,
3208 4493 3461 4562 quoniam
3495 4492 3676 4560 magis

2078 4585 2167 4639 vel
2214 4584 2393 4639 minus
2422 4582 2640 4638 fortiter
2675 4583 2752 4636 fit.
2792 4583 2933 4640 Dtsc.
2973 4584 3171 4652 Aperta
3207 4581 3320 4650 jam
3365 4583 3493 4636 mihi
3526 4599 3674 4644 esse,

2081 4694 2201 4748 quae
2231 4679 2487 4748 explicas.
2520 4691 2738 4750 necesse
2769 4685 2854 4730 est
2881 4685 2936 4731 ut
2981 4677 3168 4732 fatear.
3203 4675 3344 4738 Mss.
3379 4674 3538 4729 Vides
3574 4675 3676 4743 ἰδία

2083 4780 2169 4826 tur
2199 4771 2344 4839 quia,
2375 4786 2495 4832 eum
2528 4771 2694 4832 homo.
2722 4768 2959 4829 habitam
2986 4768 3361 4824 rectitudinetn
3380 4765 3679 4820 voluntatis

1669 4883 1898 4940 νΑιὶιΑῑ
1938 4880 2353 4950 LECTIONES.

455 5017 547 5048 ³⁶³⁰
584 5015 650 5071 Ut
677 5026 848 5070 servet
884 5033 1006 5069 mss.
1038 5026 1088 5068 ιιι
1113 5025 1288 5069 servet
1369 5017 1461 5049 “3‘
1497 5017 1750 5071 Dubitare
1797 5020 1950 5073 hanc.
1990 5057 2002 5070 .
2036 5033 2140 5072 non
2172 5017 2336 5071 debes
2368 5031 2497 5074 mss.
2538 5015 2792 5069 dubitare
2822 5029 2926 5068 non
2964 5011 3128 5067 debes
3153 5015 3311 5066 hanc.
3343 5052 3355 5065 .

389 5090 603 5158 luutate
639 5102 804 5158 esse:
837 5103 960 5142 cum
1002 5104 1126 5158 mss.
1175 5089 1323 5140 omit.
1353 5102 1475 5141 esse
1552 5089 1645 5120 ³³³³
1678 5088 1783 5142 Sed
1815 5090 1939 5158 quia
1971 5089 2090 5144 sine
2131 5104 2256 5158 mss.
2278 5087 2383 5158 sed
2420 5086 2545 5155 quia
2576 5085 2704 5158 illud
2740 5085 2858 5140 sine
2891 5083 2985 5114 ³³³⁸
3015 5083 3417 5158 Nou_p_e_rtttittit
3447 5081 3676 5139 liberta-

388 5170 495 5214 tem
525 5157 818 5216 voluntatis
843 5158 1007 5212 vinci.
1050 5155 1369 5226 [inpugnare
1409 5174 1534 5211 mss.
1571 5175 1676 5214 non
1709 5153 1926 5227 perimit
1956 5157 2250 5212 voluntatis
2277 5153 2583 5210 libertatem
2615 5171 2629 5209 :
2669 5157 2987 5226 impugnare
3010 5155 3165 5227 “fi”?
3189 5153 3364 5211 Minus
3395 5156 3682 5212 fortiorem

385 5245 512 5291 mss.
544 5228 721 5283 minus
749 5227 943 5284 fortem
1020 5223 1369 5295 am'Seinper
1389 5237 1472 5282 est
1498 5230 1675 5282 anima
1707 5223 1830 5283 mss.
1861 5239 1907 5283 et
1933 5227 2078 5283 Edit.
2105 5227 2263 5283 Goth.
2297 5235 2623 5296 sen‘tpcrrst
2663 5227 2718 5279 in
2748 5223 2972 5296 enimah
3007 5223 3098 5259 ³⁸⁸²
3133 5225 3222 5280 Illa
3252 5228 3438 5296 utique
3465 5244 3592 5280 mss.
3629 5237 3679 5279 et

388 5297 534 5358 Edit.
567 5297 724 5352 Gotlt.
769 5298 859 5353 illa
892 5299 1056 5368 igitur
1097 5297 1392 5368 voluntas“
1420 5297 1515 5368 ³⁸ξέ
1550 5299 1680 5365 Quae
1715 5315 1850 5368 opus
1877 5309 1960 5354 est
2007 5316 2132 5352 mss.
2162 5312 2459 5368 qureopus
2482 5295 2601 5362 ejus
2647 5306 2733 5352 est
2808 5296 2904 5328 ⁸⁵³⁸
2941 5295 3244 5353 Voluntatis
3273 5295 3681 5352 distinctionem

386 5385 512 5428 mss.
544 5368 841 5424 voluntatis
875 5365 1258 5424 discretionem
1334 5366 1430 5399 ³⁸⁸⁰
1465 5366 1648 5421 Virum
1684 5365 1957 5426 tenentem
1987 5386 2112 5422 mss.
2145 5365 2191 5420 ei
2219 5366 2362 5421 Edit.
2388 5365 2544 5419 liotlt.
2579 5368 2756 5421 virum
2793 5369 2865 5421 ita
2894 5379 3164 5427 tenentem
3240 5369 3332 5400 ³⁸η
3360 5368 3414 5420 In
3445 5377 3685 5436 utroque

387 5452 550 5506 Opere
573 5455 702 5496 mss.
735 5438 858 5496 Bec.
906 5438 1043 5493 Vict.
1072 5438 1220 5494 Gem.
1258 5436 1347 5491 54.
1392 5436 1526 5492 Thu.
1559 5439 1647 5494 90.
1686 5450 1732 5494 et
1780 5439 1966 5495 Cister.
2025 5440 2075 5492 in
2114 5450 2341 5504 utrumne
2371 5437 2458 5490 illo
2507 5452 2672 5560 urere
2748 5439 2843 5470 ³⁵⁸³
2877 5438 3055 5492 Fortis
3093 5448 3195 5500 est,
3227 5440 3317 5506 qui
3355 5454 3480 5490 mss.
3519 5437 3688 5489 fortis

388 5518 499 5560 est:
529 5508 655 5560 quia
730 5508 823 5541 '5“
859 5509 960 5560 Oui
1000 5508 1216 5560 fortiter
1261 5523 1386 5560 mss.
1437 5518 1484 5560 et
1531 5509 1674 5560 Edit.
1715 5509 1873 5560 Gotli.
1924 5509 2051 5560 atria
2103 5509 2318 5560 fortiter
2395 5506 2488 5539 '5'“
2565 5508 2968 5560 inseparabilem
3015 5509 3388 5560 fortitudinem
3427 5522 3554 5558 mss.
3599 5507 3686 5558 in-

313 5519 320 5526 ’
388 5518 499 5571 est;
529 5508 655 5578 quia
730 5508 823 5541 'W
859 5509 960 5577 Qui
1000 5508 1228 5578 fortiter
1261 5523 1386 5561 mss.
1437 5518 1484 5561 et
1531 5509 1674 5564 Edit.
1715 5509 1873 5564 Gotlt.
1924 5509 2051 5578 quia
2103 5509 2318 5578 fortiter
2395 5506 2488 5578 ³⁵ξι⁸
2538 5506 2968 5576 lnseparabilem
3015 5509 3388 5578 fortitudinem
3427 5522 3558 5578 mss.
3599 5507 3686 5558 in-

390 5576 752 5647 separabilent
779 5587 834 5632 et
865 5575 1006 5634 utilla
1041 5579 1142 5632 alia
1184 5577 1234 5630 vi
1268 5577 1628 5644 superabilem
1660 5575 2032 5636 fortitudinem
2061 5597 2186 5633 mss.
2242 5577 2376 5647 Vict.
2426 5577 2480 5630 9.
2532 5588 2578 5629 et
2608 5578 2696 5631 l5.
2730 5579 3150 5647 inseparabilem
3184 5585 3240 5629 et
3267 5575 3468 5629 Iuillam
3512 5576 3690 5630 aliam

392 5646 812 5719 inseparabilem
839 5649 1209 5719 fortitudinem
1286 5649 1380 5680 ³⁸⁵⁸
1407 5648 1540 5716 Quia
1569 5650 1859 5719 aliquando
1891 5668 2017 5705 mss.
2049 5660 2096 5703 et
2144 5646 2573 5719 Editioﬂothit‘a
2611 5664 2720 5717 qua
2757 5646 3049 5719 aliquando
3125 5649 3218 5678 ³⁵⁸⁸
3238 5647 3432 5701 Ablato
3460 5663 3526 5699 eo
3551 5664 3685 5698 mss.

390 5714 574 5791 oblato
601 5730 667 5768 eo
695 5715 786 5791 ³⁵⁸7
824 5718 1058 5791 Olfertur
1095 5719 1285 5774 fortior
1322 5714 1465 5790 quod
1505 5719 1615 5776 vult
1661 5714 1790 5776 'mss.
1823 5723 2048 5776 offertur
2077 5719 2219 5790 quod
2257 5717 2368 5772 vult
2399 5717 2590 5778 fortius
2628 5714 2642 5717 ⁷
2671 5719 2766 5750 3m
2822 5714 3007 5787 llujus,
3042 5720 3150 5791 agit
3185 5735 3320 5790 opus
3359 5733 3518 5773 suum
3552 5734 3690 5773 mss.

392 5784 574 5857 hujus,
607 5789 862 5855 quoniam
900 5789 1007 5857 agit
1038 5804 1193 5844 suum
1220 5784 1355 5864 opus

3435 5011 3528 5042 asas
3565 5008 3675 5062 νο,
