3940 6046
269 321 372 376 δω

1247 317 1518 375 DIALOG.
1564 319 1658 373 DE
1699 315 1950 372 LlBERO
1989 313 2324 368 Alllll'llllt).

3447 317 3552 370 Si}?

259 437 444 508 aliqua
485 435 774 506 ingruente
801 433 1002 490 deserit
1044 434 1358 498 lentatione,
1395 431 1538 486 nulla
1579 433 1630 486 vi
1677 433 1852 488 aliena
1887 434 1930 486 Α
1959 428 2044 480 cui
2075 425 2218 479 nulla
2237 427 2315 477 vis
2341 425 2511 477 aliena
2537 433 2708 492 potest
2734 441 2886 478 suam
2911 425 3126 480 auferre
3153 427 3548 482 rectitudinem.

259 525 627 590 ahstrahitur;
676 523 769 578 sed
817 522 931 592 ipsa
977 523 1366 578 convertitam
1394 539 1452 578 se
1499 523 1564 577 ad
1593 523 1663 596 .id
1713 522 1858 591 quod

264 617 463 671 fortius
491 614 626 668 vult.
1235 609 1242 616 ”

865 701 1090 758 CAPUT
1135 702 1262 756 V'lll.

267 798 423 860 Quod
451 814 543 852 nec
571 796 714 850 Deus
741 807 903 860 potest
930 795 1142 866 auferre
1167 795 1452 851 voluntatis
1476 795 1856 850 rectitudinem.

343 887 488 940 Dtsc.
518 884 771 956 Nunquid
800 885 881 940 vel
909 884 1050 940 Deus
1077 893 1254 956 potest
1281 885 1356 938 illi
1388 888 1605 940 auferre
1637 884 1860 940 rectitu-

271 975 493 1031 dinem?
528 975 668 1031 MAG.
693 975 826 1030 Vide
853 977 1124 1045 quomodo
1152 990 1257 1032 non
1291 977 1482 1045 possit.
1510 975 1702 1030 Totam
1737 974 1859 1046 qui-

269 1067 392 1120 dem
427 1066 808 1132 substantiam,
841 1081 1004 1137 quam
1036 1065 1102 1122 de
1139 1065 1308 1122 nihilo
1337 1066 1486 1132 fecit,
1511 1075 1692 1138 potest
1717 1066 1860 1122 redi-

269 1174 400 1230 gere
435 1159 488 1213 in
527 1159 788 1224 nihilum;
829 1172 861 1212 a
900 1157 1174 1214 voluntate
1207 1174 1336 1214 vero
1370 1158 1602 1214 habente
1637 1159 1862 1214 rectitu-

270 1252 476 1318 dinem,
517 1267 622 1306 non
663 1251 810 1306 valet
853 1250 996 1305 illam
1042 1265 1316 1321 separare.
1363 1251 1508 1307 DISC.
1553 1251 1721 1322 Hujus
1761 1259 1864 1306 tua:

271 1341 404 1396 mihi
439 1341 696 1397 inaudita:
721 1343 1040 1398 assertionis
1071 1343 1296 1398 multum
1331 1358 1360 1398 a
1391 1353 1441 1398 te
1476 1344 1740 1398 rationem
1771 1358 1864 1398 ex-

269 1441 478 1502 specto.
513 1431 653 1488 MAG.
685 1431 794 1488 Nos
819 1432 1092 1502 loquimur
1118 1434 1183 1488 de
1211 1433 1298 1488 illa
1325 1435 1617 1490 voluntatis
1644 1435 1866 1490 rectitu-

273 1521 420 1588 dine,
451 1537 556 1591 qua
579 1521 728 1590 justa
766 1523 966 1578 dicitur
999 1523 1272 1589 voluntas,
1303 1525 1353 1580 id
1384 1534 1466 1580 est
1496 1541 1614 1596 qua:
1645 1535 1866 1595 propter

274 1625 333 1665 se
357 1622 628 1668 servatur.
659 1611 810 1668 Nulla
835 1623 1014 1670 autem
1039 1625 1123 1671 est
1143 1613 1288 1684 justa
1321 1618 1588 1682 voluntas,
1615 1617 1718 1674 nisi
1747 1633 1865 1687 quae

273 1703 389 1759 vult
417 1705 570 1776 121
603 1707 748 1776 quod
785 1708 926 1762 Deus
957 1708 1070 1763 vult
1097 1723 1218 1764 eam
1244 1709 1402 1766 velle.
1431 1711 1574 1767 DISC.
1606 1711 1737 1778 Quae
1763 1711 1865 1768 hoc

1963 515 2162 585 Nempe
2193 515 2234 569 si
2265 516 2492 570 dicimus
2515 517 2638 584 quia
2663 556 2678 580 ,
2709 532 2830 570 cum
2859 517 3054 586 aliquis
3081 518 3192 572 vult
3231 522 3444 574 mentiri
3461 521 3552 552 3""

1963 619 2030 660 ne
2058 605 2246 673 perdat
2265 607 2424 658 vitam
2453 613 2548 657 aut
2577 605 2830 668 salutem,
2857 607 3068 675 cogitur
3086 607 3338 662 deserere
3362 611 3558 662 timore

1965 695 2179 760 mortis,
2209 695 2712 749 auttormentis'w
2744 696 3029 750 veritatem
3064 713 3079 748 :
3112 713 3218 751 non
3243 707 3325 752 est
3346 713 3554 752 verum.

1963 783 2078 837 Non
2105 785 2246 838 enim
2271 783 2481 855 cogitur
2505 783 2673 852 magis
2698 783 2836 839 velle
2857 785 3022 839 vitam
3045 801 3206 855 quam
3239 787 3554 854 veritatem;

1964 874 2058 928 sed
2111 874 2368 943 quoniam
2421 873 2471 928 vi
2519 873 2691 928 aliena
2751 876 3070 945 prohibetur
3115 887 3401 948 utramque
3447 895 3560 934 ser-

1965 981 2097 1022 vare
2127 965 2222 998 ⁸⁵⁴³²
2246 967 2438 1034 simul,
2466 967 2578 1037 ipsa
2608 967 2758 1038 eligit
2803 970 2944 1038 quod
2978 971 3201 1036 mavult,
3234 981 3424 1041 sponte
3456 974 3561 1027 uti-

1964 1071 2089 1126 que,
2135 1068 2189 1112 et
2238 1073 2342 1112 non
2377 1057 2572 1123 invita;
2605 1061 2855 1127 quamvis
2884 1059 2932 1113 in
2981 1061 3309 1116 necesSitate
3355 1071 3558 1117 utram-

1967 1148 2094 1204 libet
2116 1149 2394 1205 deserendi
2417 1151 2589 1220 posita
2617 1151 2688 1205 sit
2719 1166 2824 1205 non
2861 1159 3072 1222 sponte,
3105 1153 3197 1207 sed
3225 1153 3410 1207 invita.
3445 1152 3559 1208 Non

1968 1238 2114 1293 enim
2145 1238 2324 1294 minus
2355 1237 2511 1295 fortis
2539 1250 2621 1295 est
2653 1241 2719 1294 ad
2751 1241 3036 1296 voleudum
3069 1243 3378 1308 veritatem,
3398 1259 3560 1313 quam

1967 1331 2034 1385 ad
2061 1331 2347 1385 volentium
2379 1333 2742 1397 salutem;.sed
2773 1331 2968 1390 fortius
2997 1333 3110 1388 vult
3135 1335 3384 1390 salutem.
3405 1335 3561 1404 Nam,

1968 1423 2012 1476 si
2043 1431 2361 1491 praesentem
2385 1424 2590 1479 videret
2624 1425 2848 1494 gloriam
2880 1436 3167 1492 :eteruam,
3193 1443 3353 1497 quam
3380 1429 3564 1482 statim

1969 1525 2089 1584 post
2139 1524 2408 1570 servatam
2472 1517 2754 1571 veritatem
2803 1528 3223 1588 assequeretur,
3261 1531 3314 1574 et
3365 1519 3564 1577 inferni

1971 1616 2263 1673 tormenta,
2295 1609 2494 1678 quibus
2545 1620 2667 1680 post
2715 1611 3052 1665 mendacium
3103 1613 3222 1666 sine
3269 1628 3418 1666 mora
3459 1622 3566 1666 tra-

1972 1702 2192 1756 deretur
2211 1701 2334 1768 ³³⁶²;
2365 1702 2557 1772 procul
2589 1703 2752 1758 dubio
2785 1717 2906 1757 mox
2949 1703 3144 1758 virium
3191 1702 3566 1758 suilicientiam

276 1812 384 1852 non
433 1775 566 1864 vult,
609 1775 768 1870 plane
815 1799 1010 1870 injusta
1061 1809 1164 1857 est.
1213 1801 1354 1857 MAG.
1407 1775 1651 1859 Servare
1687 1803 1869 1874 itaque
1901 1775 1944 1834 Β
1973 1791 2040 1845 ad
2087 1793 2412 1847 servandam
2457 1793 2742 1849 veritatem
2787 1793 2988 1850 habere
3035 1803 3369 1850 cerneretur.
3423 1795 3563 1849 Drsc.

278 1888 660 1944 rectitudinem
696 1889 992 1946 voluntatis
1019 1901 1240 1962 propter
1265 1893 1434 1961 ipsam
1465 1893 1864 1961 rectitudinem,

277 1988 362 2032 est
411 1979 704 2050 unicuique
747 1995 867 2036 eam
919 1983 1154 2037 servanti
1198 1981 1336 2039 velle
1385 1986 1528 2054 quod
1581 1983 1721 2040 Deus
1759 1985 1872 2038 vult

281 2073 432 2126 illum
479 2073 635 2130 velle.
689 2075 834 2131 Dtsc.
880 2074 972 2132 Sic
1015 2085 1229 2146 oportet
1275 2077 1434 2132 fateri
1463 2077 1578 2130 ³³⁵⁸.
1627 2076 1766 2133 MAG.
1813 2075 1869 2132 Si

279 2165 426 2220 Deus
453 2165 544 2197 ³³⁸⁸
577 2174 796 2236 separat
829 2167 970 2224 hanc
1003 2167 1384 2223 rectitudinem
1413 2167 1480 2222 ab
1511 2166 1740 2237 alicujus
1771 2182 1868 2222 vo-

281 2256 514 2322 luntate,
553 2266 646 2312 aut
685 2259 869 2314 volens
898 2257 1026 2314 facit
1069 2259 1189 2324 hoc,
1217 2269 1311 2316 aut
1343 2259 1548 2314 nolens.
1589 2260 1734 2315 DtsG.
1761 2259 1870 2316 No-

282 2349 398 2405 lens
425 2366 534 2404 non
571 2360 768 2420 potest.
805 2351 922 2408 ΜΑυ
984 2350 1040 2406 Si
1078 2353 1261 2422 itaque
1306 2351 1482 2408 aufert
1527 2351 1754 2423 alicujus
1779 2367 1876 2406 vo-

281 2440 476 2494 luntati
505 2443 784 2512 praefatam
816 2443 1196 2499 rectitudinem
1231 2444 1342 2498 vult
1368 2443 1513 2515 quod
1541 2445 1688 2500 facit.
1725 2443 1868 2500 DISC.

283 2531 502 2600 Absque
530 2531 693 2587 dubio
723 2534 851 2587 vult.
886 2533 1023 2588 MAG.
1059 2533 1256 2604 Utique
1288 2535 1354 2588 ab
1383 2536 1544 2605 cujus.
1563 2534 1654 2566 ³⁸⁸³
1687 2534 1874 2590 volun-

284 2629 396 2674 tate
429 2621 542 2674 vult
585 2637 840 2691 separare
871 2625 1116 2680 eamdem
1165 2626 1578 2692 rectitudinem,
1625 2643 1730 2680 non
1764 2627 1876 2682 vult

283 2727 406 2766 cum
459 2710 554 2744 ³³⁸³
607 2715 984 2772 rectitudinem
1036 2732 1258 2772 servare
1315 2717 1606 2772 voluntatis
1657 2727 1878 2788 propter

285 2803 457 2873 ipsam
505 2806 910 2862 rectitudinem.
962 2807 1108 2865 Dtsc.
1142 2809 1232 2865 Sic
1267 2811 1530 2880 sequitur.
1579 2811 1720 2866 MAG.
1771 2811 1878 2866 Sed

285 2911 390 2963 jam
421 2896 655 2965 positum
687 2907 770 2953 est
796 2915 1018 2956 servare
1041 2902 1141 2956 hoc
1173 2902 1332 2957 modo
1378 2904 1754 2960 rectitudinem
1787 2919 1877 2957 vo-

285 2989 509 3046 luntatis
553 3005 672 3046 esse
717 2993 862 3047 omni
915 2995 1153 3050 servanti
1206 2996 1339 3052 velle
1384 2999 1526 3068 quod
1577 2999 1718 3054 Deus
1765 2998 1879 3054 vult

287 3081 434 3136 illum
471 3083 626 3138 velle.
661 3083 808 3140 DISC.
855 3084 912 3139 Si
945 3088 1179 3156 positum
1214 3104 1317 3144 non
1357 3099 1533 3154 esset,
1577 3091 1652 3146 ita
1695 3099 1874 3148 tamen
1904 3114 1948 3172 ρ

285 3180 452 3230 esset.
493 3173 632 3230 MAG.
675 3176 814 3246 Ergo
844 3178 888 3232 si
930 3177 1072 3234 Deus
1103 3179 1197 3210 ³⁵⁸⁸⁵
1225 3195 1367 3250 saepe
1399 3181 1565 3236 fatam
1597 3181 1878 3238 rectitudi-

290 3281 410 3322 nem
449 3267 584 3322 tollit
612 3269 681 3323 ab
721 3268 930 3338 aliquo,
965 3286 1072 3328 non
1110 3271 1226 3328 vult
1262 3287 1386 3328 eum
1420 3274 1554 3328 velle
1589 3275 1730 3344 quod
1769 3274 1882 3328 vult

289 3373 410 3412 cum
441 3357 596 3412 velle.
635 3359 776 3414 DlSC.
805 3358 950 3414 Nihil
977 3366 1416 3436 consequentius,
1447 3375 1502 3420 et
1524 3365 1658 3420 nihil
1685 3367 1882 3434 impos-

292 3450 520 3506 sibilius.
563 3450 700 3506 MAG.
739 3450 902 3524 Igitur
932 3453 1062 3506 nihil
1107 3455 1280 3522 magis
1327 3455 1678 3526 impossibile,
1718 3472 1880 3526 quam

298 3541 460 3594 Deum
491 3543 868 3598 rectitudinem
898 3543 1202 3602 voluntatis.
1233 3546 1462 3602 auferre.
1509 3547 1658 3616 Quod
1703 3557 1882 3606 tamen

295 3627 476 3684 facere
501 3629 722 3696 dicitur,
756 3633 974 3700 quando
1007 3649 1112 3690 non
1142 3633 1272 3692 facit
1302 3645 1358 3690 ut
1393 3637 1578 3694 eadem
1617 3639 1884 3696 rectitude

296 3731 399 3772 non
432 3717 733 3773 deseratur.
771 3719 938 3776 Porro
965 3721 1232 3788 diabolus,
1265 3725 1345 3778 vel
1379 3727 1624 3789 teutatio,
1658 3727 1776 3782 ideo
1806 3727 1886 3784 di-

295 3803 435 3858 citur
458 3806 560 3860 hoc
592 3804 796 3874 facere,
821 3808 936 3864 sive
967 3809 1298 3866 voluntatem
1323 3812 1418 3844 ³⁵⁸⁸
1443 3814 1614 3882 ipsam
1649 3817 1884 3880 vincere,

294 3905 350 3950 et
388 3912 418 3950 a
465 3897 804 3963 rectitudine,
838 3915 1003 3970 quam
1051 3911 1193 3956 tenet
1237 3904 1588 3971 abstrahere;
1633 3908 1886 3974 quouinu

297 3989 396 4042 nisi
427 3990 770 4060 promitteret
791 3991 884 4023 ³⁸⁸⁸
907 3994 956 4048 ei
981 3993 1184 4066 aliquid
1209 4007 1304 4052 aut
1325 3999 1626 4054 minaretur
1649 4001 1884 4068 auferre,

296 4081 440 4148 quod
487 4081 658 4152 magis
696 4097 858 4153 quam
905 4083 1077 4162 ipsam
1128 4090 1510 4146 rectitudinem
1542 4092 1682 4158 vult;
1719 4094 1890 4148 nulla-

299 4183 458 4228 tenus
501 4175 614 4244 ipsa
658 4191 718 4230 se
758 4177 828 4230 ab
874 4177 964 4233 illa
995 4179 1111 4244 ⁸⁸⁸⁷,
1157 4197 1320 4251 quam
1368 4184 1708 4254 aliquatenus
1753 4187 1887 4254 vult,

298 4277 569 4319 averteret
593 4265 707 4318 ³⁸⁵⁸.
745 4266 891 4320 Dtsc.
939 4265 1030 4324 Sic
1063 4271 1281 4340 planum
1327 4274 1536 4328 videtur
1577 4275 1708 4330 mihi
1749 4277 1891 4346 quod

298 4353 456 4420 dicis,
480 4365 536 4411 ut
556 4357 690 4411 nihil
712 4367 900 4413 contra
927 4375 1086 4430 posse
1107 4363 1212 4418 dici
1236 4361 1330 4394 ³⁵³³
1353 4363 1678 4420 existiment.

907 4453 1136 4510 CAPUT
1165 4454 1252 4509 IX.

519 4541 672 4607 Quod
702 4545 833 4598 nihil
866 4547 932 4600 sit
969 4546 1182 4601 liberius
1221 4555 1360 4600 recta
1396 4545 1676 4602 voluntate.

1973 1881 2171 1952 Aperte
2199 1883 2302 1938 hoc
2327 1883 2560 1950 videtur,
2600 1899 2721 1938 cum
2746 1884 2980 1954 majores
3009 1885 3152 1940 vires
3177 1885 3457 1940 exhiberet
3473 1883 3570 1916 "“

1975 1973 2040 2027 ad
2084 1973 2370 2029 volendum
2403 1975 2629 2034 salutem
2669 1985 2926 2032 :eternam
2961 1987 3180 2048 propter
3209 1993 3287 2043 se,
3321 1985 3376 2032 et
3421 1977 3568 2032 veri-

1976 2073 2138 2120 tatem
2171 2071 2393 2135 propter
2415 2066 2718 2136 praemium,
2752 2083 2911 2138 quam
2944 2067 3010 2122 ad
3040 2067 3268 2123 salutem
3299 2079 3568 2135 tempora-

1976 2153 2078 2207 lem
2109 2157 2450 2209 servandam.

2597 2265 2826 2321 CAPUT
2865 2267 2931 2320 Χ.

1982 2377 2256 2454 Quomodo
2283 2398 2501 2454 peccans
2523 2381 2589 2454 sit
2615 2381 2707 2412 ³⁸³⁵
2728 2398 2904 2454 seruus
2933 2385 3134 2454 peccati
3159 2400 3178 2448 ;
3210 2393 3258 2438 et
3283 2389 3421 2454 quod
3457 2403 3570 2440 ma-
3636 2387 3644 2394 ’

2041 2449 2134 2520 jus
2175 2451 2489 2504 miraculum
2527 2452 2610 2520 ﬁt,
2649 2469 2766 2505 cum
2813 2449 2953 2506 Deus
3001 2453 3168 2506 reddit
3208 2449 3569 2510 rectitudinem

2048 2519 2194 2573 illaut
2223 2520 2674 2593 deserenti,quam
2709 2537 2828 2575 cum
2855 2531 3062 2576 mortuo
3089 2524 3257 2578 reddit
3288 2527 3466 2579 vitam.

2057 2629 2195 2686 “AG.
2233 2630 2458 2704 Semper
2505 2632 2688 2702 itaque
2737 2633 2901 2688 habet
2950 2635 3234 2690 rationalis
3258 2635 3352 2667 ³⁸⁸⁸
3382 2647 3574 2692 natura

1983 2723 2208 2780 liberum
2253 2725 2570 2788 arbitrium;
2606 2725 2730 2796 quia
2773 2739 2988 2798 semper
3037 2725 3196 2782 habet
3253 2738 3574 2797 potestatem

1981 2814 2232 2869 servandi
2269 2815 2650 2870 rectitudinem
2697 2814 3012 2884 voluntatis,
3045 2827 3265 2888 propter
3293 2817 3461 2887 ipsam
3491 2835 3575 2871 re-

1983 2903 2322 2972 ctitudinem,
2350 2905 2595 2974 quamvis
2625 2905 2912 2976 aliquando
2937 2921 3060 2960 cum
3084 2905 3419 2964 diﬂicultate.
3447 2907 3576 2974 Sed,

1981 3011 2105 3052 cum
2143 2997 2310 3052 libera
2339 2997 2590 3053 voluntas
2623 2999 2822 3053 deserit
2863 2999 3267 3066 rectitudinem,
3303 3017 3399 3070 per
3437 3000 3577 3056 ditii-

1981 3088 2236 3143 cultatem
2278 3089 2560 3155 servandi;
2599 3089 2790 3160 utique
2829 3101 2953 3160 post
2984 3091 3150 3146 servit
3205 3101 3448 3162 peccato,
3485 3108 3578 3164 per

1983 3178 2469 3248 impossibilitatem
2503 3195 2600 3250 per
2633 3195 2692 3234 se
2730 3181 3104 3252 recuperandi.
3141 3182 3196 3234 Si
3227 3197 3356 3252 ergo
3384 3183 3442 3236 lit
3474 3184 3581 3252 spi-

1985 3269 2114 3321 ritus
2145 3267 2354 3332 vadens,
2388 3279 2435 3321 et
2487 3285 2588 3324 non
2629 3270 2832 3324 rediens
2869 3269 3042 3342 (Psal.
3079 3273 3412 3342 Lxxvn,39),
3445 3289 3578 3343 quo-

1986 3359 2129 3410 niam
2155 3357 2248 3426 qui
2277 3357 2402 3424 facit
2433 3367 2720 3427 peccatum,
2740 3375 2918 3414 servus
2942 3371 3016 3415 cst
3039 3363 3234 3431 peccati
3255 3361 3438 3433 (Joen.
3455 3377 3606 3426 vm,.

1984 3449 2096 3520 54).
2126 3449 2353 3520 Quippe,
2373 3449 2512 3504 sicut
2539 3449 2680 3503 nulla
2710 3449 2956 3504 voluntas
2979 3492 2993 3518 ,
3027 3459 3316 3520 antequam
3357 3451 3582 3508 haberet

1988 3540 2387 3607 rectitudinem,
2430 3541 2603 3610 potuit
2639 3557 2794 3606 eam,
2835 3543 2946 3598 Deo
2978 3559 3084 3600 non
3127 3543 3312 3610 dante,
3345 3559 3578 3616 capere;

1989 3630 2060 3684 ita
2087 3646 2207 3686 cum
2238 3631 2440 3686 deserit
2470 3641 2772 3702 acceptam,
2805 3649 2909 3687 non
2956 3643 3130 3704 pote5t
3165 3649 3285 3689 eam
3333 3635 3434 3690 nisi
3475 3635 3584 3690 Deo

1988 3722 2246 3777 reddente
2294 3725 2556 3794 recipere.
2605 3725 2672 3778 Et
2717 3725 2892 3793 majus
2937 3725 3258 3782 miraculum
3306 3727 3582 3794 existimo,

1989 3829 2110 3868 cum
2153 3812 2298 3868 Deus
2345 3815 2606 3870 voluntati
2641 3815 2918 3871 desertam
2956 3817 3134 3874 reddit
3181 3818 3581 3884 rectitudinem,

1990 3920 2152 3974 quam
2183 3893 2312 3962 cuni
2354 3915 2568 3964 mortuo
2608 3907 2787 3962 reddit
2837 3909 3002 3964 vitam
3053 3910 3330 3968 amissam.
3375 3910 3584 3982 Corpus

1991 3995 2136 4051 enim
2169 3997 2496 4053 necessitate
2523 3997 2804 4054 moriendo
2825 4013 2930 4052 non
2952 4008 3161 4068 peccat,
3189 4009 3246 4052 ut
3272 4001 3434 4056 vitam
3455 4018 3588 4056 nun-

1992 4101 2154 4158 quam
2185 4087 2448 4156 recipiat;
2485 4085 2734 4142 voluntas
2786 4103 2915 4142 vero
2963 4103 3059 4156 per
3103 4103 3161 4142 se
3207 4089 3584 4145 rectitudinem

1995 4179 2313 4244 deserendo,
2333 4189 2573 4236 meretur
2595 4165 2651 4234 ut
2677 4179 2762 4234 illa
2788 4195 3002 4250 semper
3025 4181 3283 4250 indigeat.
3301 4181 3364 4236 Et
3391 4182 3436 4237 si
3465 4183 3586 4252 quis

1995 4281 2190 4342 sponte
2221 4271 2323 4327 sibi
2361 4281 2588 4328 mortem
2634 4273 2818 4334 infert.
2851 4291 2954 4328 non
2987 4273 3164 4330 aufert
3195 4275 3298 4329 sibi
3340 4275 3583 4346 quod'w

2000 4380 2278 4434 nunquam
2309 4373 2428 4420 erat
2477 4365 2782 4422 amissurus
2813 4383 2828 4431 ;
2860 4368 2951 4436 qui
2986 4381 3114 4421 vero
3163 4367 3459 4422 voluntatis
3505 4382 3588 4422 re-

1924 4449 1970 4507 D
1997 4457 2311 4511 ctitudinem
2335 4457 2554 4522 deserit,
2581 4458 2681 4512 hoc
2709 4457 2892 4526 abjicit
2912 4459 3054 4526 quod
3075 4473 3144 4512 ex
3163 4459 3344 4513 debito
3373 4472 3590 4528 semper

1999 4558 2118 4603 erat
2139 4547 2236 4581 ³⁸⁸⁸
2261 4558 2594 4604 servaturus.
2641 4549 2785 4603 DISC.
2821 4547 3019 4602 Verum
3063 4547 3218 4604 valde
3249 4547 3405 4604 video
3444 4549 3588 4620 quod

375 4632 513 4690 MAG.
555 4636 747 4694 Cernis
787 4639 970 4712 itaque
1005 4639 1140 4696 nihil
1167 4639 1390 4696 liberius
1418 4650 1564 4696 recta
1595 4639 1894 4711 voluntate,
2000 4640 2093 4673 ⁸⁵⁸⁸
2123 4641 2258 4696 dicis
2303 4641 2368 4698 de
2422 4637 2706 4695 servitute.
2749 4654 2850 4707 qua
2880 4653 3070 4694 servus
3115 4639 3189 4694 sit
3221 4639 3315 4673 ³⁸⁷⁰
3345 4640 3586 4712 peccati,

1609 4795 1838 4852 VARIIE
1880 4797 2281 4853 LECTIONES.

381 4933 474 4968 3"”
507 4933 628 5001 Ipse
651 4933 921 5010 cet‘lvertit
949 4948 1074 5010 ms_s_.
1103 4933 1215 5010 ipsa
1242 4941 1524 5010 convertit
1601 4933 1696 4966 ³⁸⁸⁰
1733 4932 1847 5010 Dis.
1883 4933 1974 4988 Sic
2003 4941 2236 5010 oportet
2257 4929 2412 5010 lateri
2435 4970 2447 4992 ,
2490 4945 2609 5010 qua:
2643 4944 2772 5010 ruas.
2810 4927 2952 5010 lfict2
2977 4925 3136 5010 (iam:
3159 4926 3584 5010 Bcc.__._S_._ll_fic/z.

308 4997 580 5081 [linquat
650 5002 746 5081 _"“
777 5003 930 5058 lllum
959 4997 1209 5081 velleISi
1241 5001 1590 5081 itaqueDeus
1631 5021 1760 5081 mss.
1787 5004 1936 5058 Illum
1985 4997 2282 5081 velleallis.
2317 5001 2422 5081 Sic
2450 4997 2664 5081 oportet
2693 4999 2874 5054 lateri.
3005 5001 3061 5054 Si
3101 4997 3588 5081 Densum-"Utique

305 5077 354 5132 si
395 5067 885 5150 ab'alicujuslnss.
916 5073 1102 5150 utique
1125 5089 1154 5126 a
1181 5067 1503 5150 cujus—ﬂ"?
1531 5075 1648 5130 Non
1676 5073 1788 5150 vult
1813 5089 1938 5130 eum
1991 5072 2338 5150 ηιεολβίειεις.
2385 5070 2446 5126 S.
2479 5067 2818 5150 Mltil.__ltOll
2852 5071 2967 5125 vult
2995 5086 3114 5150 eam
3191 5069 3284 5150 “il
3334 5069 3390 5121 Si
3439 5069 3588 5150 [Deus

307 5149 450 5216 hanc
473 5133 600 5216 mss.
631 5133 692 5202 Si
745 5145 885 5216 Deus
906 5133 1048 5216 saepe
1076 5133 1281 5216 latam:
1319 5144 1416 5176 ³⁵⁵⁸
1448 5143 1578 5200 Siue
1605 5145 1880 5200 voluntate
1913 5161 2038 5198 mss.
2081 5143 2219 5216 Sive
2237 5141 2566 5216 voluntatem
2643 5140 2737 5172 ³⁸⁵⁸
2773 5139 2888 5196 Νοιι
2921 5141 3256 5210 permitteret
3281 5153 3406 5216 mss.
3436 5133 3582 5191 Gem.

307 5215 434 5272 Bec.
479 5213 616 5272 Vict.
658 5215 770 5270 Nisi
795 5205 1138 5288 promitteret
1212 5213 1306 5248 ³³⁵⁷
1338 5216 1455 5286 Ipse
1481 5216 1550 5270 ab
1581 5217 1666 5270 illa
1701 5234 1835 5288 mss.
1857 5214 2145 5288 ipsa_se_ab
2169 5214 2280 5288 illa__
2333 5211 2429 5244 ³⁸⁵⁸
2461 5209 2600 5288 vult,
2631 5223 2816 5288 posset
2843 5205 3087 5288 avertere
3110 5225 3234 5262 mss.
3263 5205 3589 5288 vulgaver-

311 5296 454 5342 terel
528 5287 620 5322 ³⁸⁵⁸
651 5279 960 5342 Contradiei
1001 5301 1162 5358 posse
1187 5279 1528 5358 msstc'ontra
1552 5303 1711 5358 posse
1738 5279 1890 5358 dici:
1918 5285 2011 5318 ³⁵⁸⁸⁸
2034 5285 2166 5340 Cum
2195 5281 2308 5338 vult
2340 5279 2719 5358 tuentiri__ui_s_s.
2749 5282 2896 5336 Geor.
2935 5281 3061 5334 Bec.
3097 5295 3220 5332 cum
3251 5279 3448 5345 aliquis
3475 5279 3594 5333 vult.

309 5357 532 5412 mentiri
609 5358 700 5390 ³⁵⁶ι
729 5358 843 5431 Au_t_
869 5351 1118 5431 tormenti
1151 5373 1280 5431 mss.
1313 5355 1446 5412 Vict.
1479 5351 1628 5412 Gc'm.
1673 5356 1805 5431 Βίης.Δ
1827 5355 2012 5411 Cister.
2037 5363 2132 5409 aut
2168 5352 2623 5431 tormentisﬂf‘“:
2647 5351 2944 5428 Utrumque
2974 5364 3192 5431 servare
3221 5365 3345 5431 mss.
3373 5360 3584 5403 utram-

309 5441 418 5497 que
457 5442 680 5483 servare
753 5425 845 5502 f’"
879 5425 1183 5502 Siuemora
1213 5428 1584 5502 deputantur,
1611 5443 1734 5502 mss.
1764 5427 1882 5482 sine
1907 5427 2386 5502 moratraderetur
2459 5421 2716 5502 ³³¹⁶⁸Εειιῃ
2741 5419 2980 5502 majores
2999 5421 3141 5502 vires
3170 5419 3428 5502 exhibere
3453 5435 3578 5473 mss.

309 5489 435 5553 eum
463 5499 698 5568 majores
718 5498 860 5552 vires
889 5497 1172 5572 eihiberet
1247 5489 1342 5572 'f“
1368 5489 1606 5572 l’eccaus
1647 5499 1722 5572 sit.
1745 5497 1968 5572 mss._S.
1995 5497 2165 5572 Hicin.
2183 5505 2228 5550 et
2269 5493 2398 5572 [ὕει.
2429 5495 2745 5572 peccans-lit
2818 5490 2911 5572 ³⁵ξ⁸
2941 5489 3578 5572 Βιιςξριιίιιίεοειοιξιρῆηιξξ.

313 5559 598 5624 rationalis
649 5579 842 5623 natura
918 5567 1008 5598 ³⁵⁸⁷
1043 5566 1159 5622 Νοιι
1189 5565 1368 5623 aufert
1391 5569 1492 5624 sibi
1523 5568 1722 5638 aliquid
1748 5568 1890 5636 quod
1921 5584 2050 5621 nm.
2106 5565 2235 5620 Vict.
2272 5559 2442 5638 Gem."
2465 5565 2590 5638 Bac.
2627 5563 2744 5618 Non
2792 5561 2972 5638 aufert.
2999 5561 3100 5638 sibi
3142 5561 3282 5638 quod
3327 5559 3584 5638 _ls‘_x

313 5639 636 5694 debitoerat
659 5656 786 5692 mss.
809 5653 872 5691 ex
905 5638 1086 5692 debito
1115 5653 1331 5708 semper
1367 5647 1486 5693 erat
1559 5630 1651 5673 ³⁸⁵³
1679 5630 1842 5694 Valde
1869 5653 2054 5694 verum
2081 5644 2166 5692 est
2192 5637 2336 5706 quod
2364 5653 2488 5691 mss.
2521 5634 2718 5690 Verum
2744 5631 2896 5688 valde
2925 5631 3080 5689 video
3107 5630 3250 5703 quod
3325 5630 3418 5664 ³³⁷⁸
3449 5631 3602 5698 (λιιίειΔ

317 5723 508 5766 servus
541 5711 600 5765 lit
633 5726 758 5764 mss.
789 5724 894 5778 qua
927 5723 1116 5764 servus
1137 5709 1214 5763 lit.
