3940 6046
306 350 309 357 ’
372 345 478 404 503

873 345 929 399 S.
987 336 1287 401 ANSELMI
1331 334 1681 393 CANTUAR.
1715 330 2038 388 ARCIIIEP.
2078 327 2231 386 ΟΡΡ.
2262 327 2443 383 PARS
2468 327 2511 382 l.
2539 359 2608 370 —
2644 327 3056 385 DOGllATICA.

3538 326 3648 385 5οῐ

372 471 464 536 qui
494 466 623 522 facit
649 471 927 535 peccatum
958 477 972 523 ;
1006 468 1060 513 et
1076 449 1955 526 deimpossibilitaterecuperandi
1994 451 2033 506 Λ
2067 453 2361 536 utsemper
2392 445 2553 498 habet
2582 444 2724 498 illaut
2750 444 3082 508 libertatem;
3111 447 3181 500 ita
3213 461 3426 517 semper
3447 449 3656 507 habere

372 566 641 617 desertam
672 555 1072 631 rectitudiuem,
1105 552 1206 607 nisi
1237 550 1305 603 ab
1325 564 1412 611 eo,
1451 563 1480 601 a
1516 561 1623 616 quo
1660 545 1811 614 prius
1835 545 1957 599 data

371 655 464 689 ³⁸⁷⁸
493 661 610 709 erat
637 651 924 724 reddatur;
962 655 1019 700 et
1049 656 1105 697 ιιι
1138 644 1281 698 illam
1315 654 1529 722 semper
1560 645 1783 721 teneant
1811 634 1956 689 inde-

371 746 630 806 sinenter,
663 738 1113 798 considerandum
1143 746 1223 791 est
1257 734 1509 789 omnibus
1547 731 1746 803 quibus
1777 729 1954 784 datur.

982 828 1210 886 CAPUT
1250 825 1341 881 Xl.

405 930 559 999 Quod
584 931 685 984 ista
719 928 937 982 servitus
981 941 1085 977 non
1127 924 1334 992 auferat
1365 919 1653 974 libertatem
1694 917 1917 972 arbitrii.

440 1023 547 1079 Sed
576 1023 681 1077 hac
723 1017 990 1075 sententia
1033 1013 1259 1069 multum
1297 1010 1601 1082 repressisti
1637 1008 1956 1066 exsultatio-

366 1131 491 1172 nem
544 1128 747 1176 mcam,
782 1110 909 1183 quia
959 1108 1072 1178 jam
1124 1107 1381 1176 putabam
1408 1106 1502 1141 "7’
1541 1119 1662 1160 esse
1704 1117 1954 1158 securum

367 1208 642 1266 hominem
701 1218 916 1273 semper
965 1201 1169 1259 habere
1205 1199 1301 1233 ³⁸⁷³
1348 1198 1658 1255 libertatem
1721 1196 1952 1253 arbitrii.

368 1301 548 1369 Quare
575 1301 743 1367 ipsam
768 1297 1081 1354 servitutem
1104 1295 1298 1365 exponi
1320 1294 1447 1349 mihi
1474 1293 1708 1361 postulo,
1730 1308 1798 1347 ne
1818 1291 1957 1348 forte

369 1393 603 1448 libertati
631 1390 727 1424 ³⁸⁷⁸
769 1389 1010 1460 prtel‘atte
1056 1402 1356 1459 repugnare
1393 1388 1663 1441 videatur.
1715 1382 1956 1452 Utraque

369 1485 535 1549 enim,
566 1484 776 1540 scilicet
809 1484 924 1538 haec
962 1480 1185 1535 libertas
1210 1487 1265 1533 et
1295 1479 1549 1539 servitus,
1578 1484 1663 1532 est
1691 1477 1743 1530 in
1768 1474 1930 1530 volun

370 1586 499 1642 tate,
528 1576 821 1632 secundum
846 1588 1009 1645 quam
1040 1574 1179 1629 liber
1202 1582 1295 1628 aut
1317 1573 1412 1605 ³⁸⁷⁸
1443 1586 1635 1626 servus
1665 1578 1750 1625 est
1770 1571 1950 1625 homo.

371 1670 428 1726 Si
452 1684 582 1739 ergo
623 1683 812 1723 servus
834 1708 847 1728 ,
883 1668 1152 1737 quomodo
1198 1665 1387 1721 liber?
1413 1664 1515 1717 Aut
1543 1663 1590 1718 si
1620 1662 1787 1725 liber,
1820 1677 1954 1732 quo-

368 1761 530 1815 modo
555 1776 746 1815 servus
773 1760 797 1813 ?
822 1758 959 1814 Mss.
994 1756 1049 1813 Si
1077 1756 1221 1812 bene
1249 1757 1561 1821 discernas;
1596 1753 1816 1825 quando
1845 1768 1951 1808 non

322 1846 328 1853 ”
370 1852 533 1907 habet
572 1849 852 1920 praefatam
902 1848 1305 1914 rectitudinem,
1350 1847 1468 1903 sine
1512 1844 1867 1915 repugnantia
1904 1852 1960 1899 et

370 1956 562 1996 servus
587 1949 692 2004 est,
722 1948 777 1995 et
806 1941 962 1996 liber.
994 1938 1278 2008 Nunquam
1311 1938 1456 1994 enim
1481 1945 1565 1992 est
1584 1934 1700 2004 ejus
1722 1943 1961 2005 potesta-

369 2032 443 2088 tis
471 2032 849 2088 rectitudinem
873 2045 1094 2100 capere.
1122 2045 1243 2087 cum
1272 2044 1379 2084 non
1403 2028 1597 2092 habet;
1625 2028 1718 2083 sed
1745 2040 1961 2095 semper

369 2133 453 2179 cst
474 2122 591 2191 ejus
611 2126 896 2193 potestatis
919 2138 1162 2187 servare,
1189 2137 1312 2178 eum
1340 2119 1526 2177 habet.
1558 2120 1661 2175 Per
1682 2119 1807 2186 hoc,
1833 2120 1958 2189 quia

370 2215 550 2269 redire
596 2230 700 2269 nou
743 2222 921 2284 potest
954 2230 981 2267 a
1018 2221 1264 2284 peccato,
1290 2226 1479 2266 servus
1506 2219 1619 2274 est;
1646 2218 1698 2265 et
1734 2223 1830 2279 per
1858 2209 1961 2263 hoc

370 2307 488 2374 ³⁸⁷⁸,
543 2307 669 2379 quia
720 2306 961 2364 abstrahi
996 2320 1100 2361 nou
1144 2313 1333 2376 potest.
1373 2319 1399 2360 a
1438 2302 1781 2365 rectitudine,
1824 2300 1961 2355 liher

369 2409 475 2456 est.
509 2400 617 2456 Sed
657 2415 686 2455 ιι
722 2410 948 2470 peccato
989 2410 1046 2455 ct
1089 2397 1207 2468 ejus
1254 2398 1551 2459 servitute,
1594 2395 1806 2450 nouuisi
1863 2410 1961 2466 per

369 2492 534 2549 alium
582 2501 759 2564 potest
813 2491 1054 2554 reverti;
1096 2508 1125 2544 a
1178 2489 1502 2545 rectitudine
1553 2503 1700 2552 vero,
1743 2488 1956 2543 nonnisi

367 2599 467 2655 per
495 2599 554 2638 se
587 2591 760 2654 potest
809 2581 1003 2646 averti,
1029 2590 1085 2637 et
1124 2596 1154 2636 a
1188 2581 1439 2636 libertate
1477 2595 1571 2633 sua
1601 2593 1702 2633 nec
1746 2592 1840 2646 per
1877 2591 1955 2643 se,

368 2688 473 2729 nec
502 2688 599 2742 per
628 2672 792 2727 alium
837 2680 1015 2741 potest
1039 2670 1265 2740 privari.
1295 2669 1524 2741 Semper
1559 2668 1704 2725 enim
1732 2679 1955 2725 natura-

367 2763 496 2823 liter
524 2766 663 2821 liber
697 2773 781 2822 est
820 2766 887 2820 ad
937 2764 1256 2821 servandam
1296 2761 1697 2823 rectittulincm,
1737 2762 1780 2818 si
1835 2777 1956 2818 eam

369 2859 536 2917 habet
563 2876 577 2915 :
611 2859 781 2914 etiam
806 2857 1049 2928 quando,
1075 2872 1237 2928 quam
1269 2865 1475 2923 servet,
1508 2871 1614 2912 non
1649 2855 1813 2913 habet
1836 2856 1953 2912 ⁸³³⁷⁷.

369 2945 517 3004 Dtsc.
553 2947 761 3005 Sullicit
797 2946 927 3004 mihi
961 2948 1076 3005 hare
1103 2948 1198 2981 ³⁸⁷⁸
1228 2947 1389 3018 hujus
1414 2949 1677 3006 libertatis
1702 2961 1758 3008 et
1782 2951 1956 3008 servi-

372 3039 523 3101 tutis.
546 3047 605 3095 ut
632 3037 685 3093 in
713 3037 904 3096 eodem
946 3036 1167 3094 homine
1191 3039 1400 3109 possint
1429 3043 1581 3107 csse',
1612 3039 1774 3099 simul
1808 3041 1954 3098 facta

370 3128 679 3187 concordia.

975 3240 1206 3300 CAPUT
1243 3241 1355 3298 XII.

373 3329 504 3406 Cur,
527 3347 651 3387 cum
667 3331 823 3406 homo
844 3348 949 3406 non
969 3334 1122 3406 habet
1164 3333 1549 3401 acritudinem,
1573 3336 1745 3406 magis
1765 3336 1963 3392 dicitur

444 3402 604 3466 liber;
621 3401 767 3475 quia,
790 3418 907 3475 cum
929 3403 1100 3465 habet,
1115 3419 1218 3458 non
1245 3414 1409 3475 potest
1438 3406 1488 3459 ei
1515 3401 1717 3470 aufer—ri
1736 3419 1757 3459 :
1777 3423 1959 3475 quam,

443 3487 561 3525 cum
587 3487 702 3525 eam
725 3472 904 3535 habet,
928 3489 1138 3535 servus;
1169 3474 1317 3541 quia.
1338 3542 1341 3543 ν
1361 3490 1481 3528 cum
1518 3491 1622 3530 non
1651 3472 1826 3543 habet,
1855 3472 1962 3533 non

443 3549 613 3610 potest
638 3556 732 3611 per
752 3557 815 3596 se
833 3558 951 3596 eam
977 3557 1286 3612 recuperare
1299 3542 1416 3598 “".

444 3653 552 3711 Sed
580 3653 808 3710 multum
838 3668 997 3711 nosse
1025 3654 1277 3712 desidero
1301 3672 1401 3713 cur
1426 3659 1645 3729 quando
1670 3674 1776 3715 non
1798 3658 1964 3716 habet

371 3742 775 3803 rectitudincm.
811 3744 987 3816 magis
1029 3742 1228 3801 dicitur
1257 3745 1423 3812 liber;
1452 3746 1579 3817 quia
1631 3763 1735 3803 non
1782 3757 1963 3820 potest

372 3833 423 3891 ci
462 3834 529 3890 ab
553 3833 661 3890 alio
685 3832 909 3900 auferri,
937 3849 1059 3890 cum
1098 3836 1281 3903 habet,
1312 3852 1471 3908 qnam
1507 3852 1629 3893 eum
1678 3839 1960 3905 rectitudi-

371 3940 497 3982 nem
530 3926 713 3993 habet,
743 3939 961 3993 servus;
991 3928 1247 3998 quoniam
1286 3943 1407 3984 eam
1453 3945 1556 3985 non
1582 3940 1761 4000 potest
1809 3946 1963 3987 recu-

372 4032 568 4089 perare
604 4032 702 4090 per
730 4032 809 4083 se,
850 4033 976 4074 eum
1030 4035 1135 4075 non
1182 4019 1361 4076 habet.
1392 4019 1496 4076 Per
1524 4021 1626 4077 hoc
1656 4021 1802 4076 enim
1831 4023 1957 4093 quia

373 4112 555 4168 redire
597 4128 702 4168 nou
751 4120 932 4181 potest
967 4125 998 4166 a
1038 4122 1278 4182 peccato,
1329 4127 1522 4167 servus
1562 4122 1686 4170 est:
1721 4129 1819 4184 per
1860 4115 1961 4170 hoc

372 4202 517 4271 quod
553 4201 795 4256 abstrahi
849 4215 955 4255 non
983 4208 1162 4269 potest
1210 4215 1238 4255 a
1284 4200 1626 4265 rectitudine,
1672 4203 1810 4259 liber
1836 4212 1916 4259 est
1944 4244 1958 4257 .

372 4301 450 4357 et,
478 4291 619 4347 sicut
648 4306 922 4362 nunquam
951 4289 1190 4346 abstrahi
1214 4299 1413 4362 potest.
1437 4292 1480 4346 si
1514 4290 1702 4359 habet;
1731 4292 1801 4346 ita
1826 4309 1962 4349 nun-

375 4399 538 4454 quam
567 4393 747 4456 potest
788 4382 987 4450 redire,
1016 4381 1064 4438 si
1101 4397 1206 4438 non
1250 4381 1433 4438 habet.
1463 4382 1824 4453 Quapropter,
1857 4384 1963 4440 sic-

1980 3143 2029 3209 C

2064 535 2275 588 videtur
2301 534 2444 589 illam
2470 537 2807 590 servitutem.
2834 537 2969 592 ΜΑσ.
3012 537 3114 591 ista
3147 539 3382 595 servitus
3414 557 3519 596 non
3569 553 3654 597 est

2061 623 2163 678 nisi
2219 624 2533 693 impotentia
2579 641 2683 679 non
2733 628 3012 696 peccandi.
3057 627 3184 682 Sive
3217 628 3468 684 euim‘m
3498 631 3655 687 diea-

2064 731 2182 769 mus
2228 731 2346 770 eam
2390 717 2761 787 impotentiam
2803 733 2924 773 esse
2963 720 3220 777 redeundi
3269 723 3655 782 ad‘rectitudi-

2063 821 2183 860 nem
2204 806 2316 859 sive
2356 806 2732 877 impotentiam
2783 809 3159 879 recuperandi,
3192 819 3286 867 aut
3316 812 3509 867 iterum
3555 815 3654 871 ha-

2059 895 2219 951 bcudt
2252 897 2634 953 rectitudinem
2666 915 2679 953 :
2721 914 2827 954 non
2856 899 2927 954 ob
2956 899 3098 954 aliud
3127 908 3211 956 est
3264 901 3427 958 homo
3458 919 3655 959 servus

2059 989 2283 1061 peccati,
2316 990 2418 1046 nisi
2449 989 2706 1061 quoniam
2741 1005 2838 1063 per
2860 992 2961 1047 hoc
2985 993 3109 1062 quia
3124 992 3215 1027 ³⁸⁸¹
3238 994 3422 1066 nequit
3469 998 3652 1052 redire

2058 1080 2124 1135 ad
2154 1083 2555 1147 rectitutlincm,
2590 1092 2687 1140 aut
2718 1098 3067 1153 recuperare,
3100 1094 3192 1141 aut
3241 1086 3446 1141 habere
3501 1086 3647 1142 illam

2059 1175 2175 1242 ηδ’,
2200 1192 2306 1231 nou
2344 1185 2523 1245 potest
2551 1192 2657 1231 non
2704 1191 2933 1246 peccare
2953 1176 3066 1231 ⁸⁸⁸³.
3100 1175 3234 1231 Cum
3277 1186 3457 1231 autem
3488 1178 3657 1234 habet

2057 1269 2304 1323 eamdem
2349 1269 2753 1331 rectitudiuem,
2797 1284 2901 1323 non
2934 1270 3093 1325 habet
3125 1268 3495 1350 impotentiam
3543 1285 3651 1323 non

2057 1360 2339 1432 peccandi.
2374 1361 2553 1427 Quare
2592 1361 2809 1430 quando
2848 1361 3014 1417 habet
3062 1362 3438 1417 rectitudiuem
3478 1361 3651 1429 illam,

2058 1470 2163 1509 non
2191 1464 2274 1511 est
2295 1470 2483 1510 servus
2518 1454 2751 1523 peccati.
2798 1452 3129 1509 Potestatem
3163 1463 3345 1509 autem
3396 1459 3651 1511 servandi

2058 1546 2436 1603 rectitudinem
2463 1561 2680 1615 semper
2707 1546 2889 1610 habet,
2910 1555 2963 1602 et
2989 1561 3110 1603 cum
3146 1546 3525 1604 rectitudincm
3554 1551 3654 1605 ha-

2056 1641 2167 1704 bet,
2192 1640 2349 1710 122
2377 1648 2431 1694 et
2459 1655 2581 1693 cum
2614 1646 2719 1692 non
2751 1638 2915 1694 habet
2941 1638 3068 1704 um;
3097 1647 3151 1694 et
3178 1639 3299 1694 ideo
3335 1654 3549 1710 semper
3567 1650 3654 1695 est

2061 1731 2214 1785 liber.
2265 1728 2418 1796 Quod
2467 1738 2647 1783 autem
2684 1743 2885 1798 qumns
2916 1744 3016 1782 cur
3069 1727 3288 1798 quando
3322 1744 3427 1784 non
3487 1730 3651 1786 habet

2064 1822 2463 1885 rcctitudinem,
2523 1820 2694 1889 magis
2724 1820 2924 1875 dicitur
2956 1819 3092 1875 liber
3140 1820 3344 1876 idcirco
3392 1821 3649 1892 quoniam

2063 1914 2131 1968 ab
2178 1912 2389 1967 alio'm
2428 1926 2531 1965 non
2582 1912 2631 1967 ei
2676 1919 2851 1981 potest
2892 1910 3119 1975 auferri,
3167 1912 3386 1982 quando
3435 1912 3646 1968 habet:

2062 2018 2224 2074 quam
2251 2011 2378 2056 tunc
2407 2016 2615 2066 servus,
2643 2016 2763 2057 cum
2795 2001 3067 2057 habet’m
3099 2002 3496 2069 rectitudinem,
3527 2002 3653 2060 ideo

2061 2094 2186 2164 quia
2215 2109 2319 2147 non
2350 2102 2531 2164 potest
2561 2108 2682 2148 eam
2715 2108 3039 2164 recuperare
3065 2109 3162 2164 per
3184 2109 3264 2159 se,
3296 2095 3511 2164 quando
3542 2111 3649 2151 non

2062 2185 2269 2240 habet:
2304 2182 2410 2239 tale
2441 2192 2543 2248 est,
2597 2200 2661 2239 ac
2708 2186 2751 2239 si
2801 2199 3014 2253 qureras
3049 2200 3146 2238 cur
3197 2183 3361 2239 homo
3408 2201 3531 2241 cum
3571 2187 3654 2240 sol

2062 2277 2325 2331 abestm'
2353 2277 2529 2348 magis
2575 2276 2774 2332 dicitur
2826 2277 3027 2331 habere
3077 2285 3396 2346 potestatem
3435 2277 3651 2332 videndi

2062 2367 2253 2435 solem,
2283 2380 2506 2442 pmpter
2560 2369 2663 2426 hoc
2701 2369 2826 2440 quia
2861 2367 3055 2425 intueri
3100 2367 3249 2423 illum
3298 2376 3495 2439 potest,
3526 2383 3649 2423 cum

2061 2463 2237 2527 adest,
2269 2477 2430 2531 quam
2461 2462 2660 2517 dicitur
2690 2477 2812 2517 cum
2837 2462 2915 2517 sol
2938 2462 3117 2524 adest,
3152 2459 3353 2516 habere
3388 2461 3651 2531 impoten-

2062 2554 2190 2609 tiam
2219 2554 2433 2610 videndi
2459 2554 2557 2587 ‘m
2587 2554 2777 2619 solem.
2813 2554 3072 2625 quoniam
3110 2554 3326 2624 quando
3359 2553 3512 2608 abest
3544 2567 3649 2607 non

2061 2655 2242 2717 potest
2269 2662 2391 2701 cum
2419 2645 2597 2701 lacere
2628 2646 2727 2700 sibi
2753 2652 3091 2716 praesentem.
3133 2644 3286 2700 Sicut
3307 2645 3449 2699 enim
3479 2643 3644 2698 etiam

2059 2737 2276 2808 quando
2301 2735 2379 2791 sol
2407 2737 2581 2801 abest,
2609 2736 2870 2791 habemus
2901 2735 2954 2790 in
2985 2735 3140 2792 nobis
3167 2736 3342 2790 visum
3371 2750 3478 2806 quo
3501 2733 3648 2788 illum

2058 2828 2463 2893 videmus,eutu
2492 2827 2676 2893 adest;
2709 2829 2788 2883 sic
2816 2828 2981 2882 etiam
3003 2829 3220 2896 quando
3244 2826 3541 2882 voluntatis
3568 2841 3652 2881 re-

2059 2919 2265 2976 etitudo
2314 2918 2472 2973 nobis
2522 2918 2695 2982 deest,
2741 2918 3005 2974 habemus
3054 2929 3230 2975 tamen
3278 2919 3331 2973 in
3362 2917 3455 2950 ³¹⁸⁹
3497 2918 3654 2972 nobis

2059 3010 2417 3082 aptitudluem
2477 3009 2810 3082 intelligendi
2841 3020 2896 3065 et
2947 3009 3180 3079 volendi,
3216 3024 3322 3081 qua
3360 3024 3479 3065 eam
3527 3024 3655 3078 pos-

2059 3115 2246 3157 sumus
2292 3113 2515 3155 servare
2562 3108 2783 3170 propter
2818 3115 2898 3166 se,
2924 3114 3045 3156 cum
3085 3113 3206 3155 eam
3250 3098 3531 3156 habemus.
3564 3097 3651 3158 Et,

2064 3201 2205 3257 sicut
2234 3200 2450 3270 quando
2481 3200 2638 3256 nobis
2680 3199 2814 3255 nihil
2838 3200 2993 3257 deest
3035 3199 3102 3255 ad
3137 3197 3428 3256 videndum
3460 3197 3653 3260 solem,

2063 3292 2167 3349 nisi
2197 3292 2486 3362 pmsentia
2526 3289 2665 3363 ejus,
2695 3300 2824 3348 tunc
2869 3291 3210 3348 solummodo
3235 3305 3342 3347 non
3391 3290 3657 3347 habemus

2064 3379 2211 3436 illam
2248 3387 2595 3451 potestatem,
2624 3393 2790 3450 quam
2826 3379 2983 3436 nobis
3009 3367 3140 3435 facit
3172 3377 3290 3447 ejus
3317 3376 3604 3449 pmsentia
3632 3390 3649 3442 ;

2062 3471 2144 3529 sic
2175 3471 2550 3527 tantummodo
2581 3471 2801 3542 quando
2845 3471 3002 3527 nobis
3033 3470 3121 3527 illa
3169 3469 3436 3527 rectitude
3478 3469 3655 3534 deest,

2066 3571 2196 3618 tunc
2221 3563 2485 3619 habemus
2524 3560 2669 3617 illam
2699 3561 3097 3634 impotentiam,
3127 3575 3290 3634 quam
3334 3560 3467 3618 fecit
3495 3559 3655 3617 nobis

2062 3654 2179 3725 ejus
2207 3654 2469 3711 absentia.
2505 3653 2733 3724 Semper
2772 3654 2936 3725 igitur
2961 3654 3124 3710 homo
3151 3653 3316 3709 habet
3342 3651 3554 3708 arbitrii
3584 3650 3653 3706 li-

2063 3748 2353 3813 bertatem,
2383 3745 2475 3802 sed
2522 3761 2626 3801 non
2656 3760 2873 3817 semper
2902 3761 3092 3803 servus
3138 3754 3223 3802 est
3272 3744 3478 3817 peccati
3508 3761 3523 3811 ;
3554 3744 3651 3799 sed

2064 3836 2280 3907 quando
2329 3851 2435 3891 non
2469 3836 2635 3892 habet
2677 3845 2879 3892 rectam
2911 3837 3263 3892 voluntatem.
3300 3837 3445 3891 Dtsc.
3473 3834 3531 3892 Si
3571 3836 3655 3890 iu-

2065 3936 2212 3983 teule
2265 3928 2590 3999 cogitassem
2643 3942 2764 3996 quae
2815 3943 2976 3998 supra
3022 3928 3166 3984 dicta
3223 3936 3348 3983 sunt
3372 3927 3516 4000 (cap.
3560 3927 3652 4000 3),

2063 4018 2279 4087 quando
2311 4017 2523 4073 videndi
2550 4026 2872 4088 potestatem
2895 4018 2948 4073 in
2970 4028 3207 4088 quatuor
3221 4027 3519 4089 potestates
3543 4019 3653 4075 dis-

2066 4107 2324 4174 tribuisti,
2362 4125 2467 4163 non
2510 4108 2602 4163 hic
2627 4109 2956 4165 dubitassem
2978 4110 3076 4142 ³⁸⁹⁰
3104 4124 3119 4165 :
3147 4126 3314 4180 quare
3342 4110 3515 4166 fateor
3538 4110 3654 4166 cul-

2063 4213 2187 4267 pam
2216 4197 2375 4267 hujus
2400 4199 2751 4255 dubitationis
2773 4216 2925 4257 mem.
2950 4202 3089 4258 MAG.
3117 4201 3339 4258 Parcam
3363 4203 3454 4257 tibi
3487 4217 3650 4269 nunc,

2062 4288 2106 4340 si
2137 4287 2229 4319 ⁸⁸⁹¹
2267 4287 2524 4357 deinceps
2572 4304 2635 4343 ea
2665 4304 2788 4359 qua:
2836 4290 3064 4347 dicimus
3109 4292 3187 4347 sic
3227 4291 3510 4361 praesentia
3533 4291 3651 4355 ³⁸⁸⁸.

2063 4396 2184 4435 cum
2213 4395 2349 4450 opus
2373 4382 2496 4446 erit,
2527 4382 2816 4448 habueris;
2844 4391 2903 4437 ut
2923 4399 2985 4438 ea
3022 4383 3175 4439 nobis
3201 4397 3421 4441 necesse
3448 4398 3552 4438 non
3582 4382 3650 4438 sit

1660 4532 1892 4590 VARUE
1929 4534 2338 4593 LECTIONES.

446 4651 540 4683 ³⁸⁷¹
598 4651 730 4706 Data
764 4663 845 4721 ea
902 4664 1052 4721 mss;
1083 4648 1211 4721 data
1263 4654 1415 4721 erat
1454 4648 1549 4681 ³³”
1598 4646 1736 4715 Quia
1782 4645 1898 4717 jam
1945 4649 2203 4721 putabam
2250 4665 2379 4721 mss.
2417 4650 2557 4721 quia
2592 4665 2685 4721 me
2716 4649 2830 4719 jam
2858 4720 2861 4721 ν
2885 4650 3139 4721 putabam
3167 4666 3275 4721 ms.
3307 4648 3433 4704 Bcc.
3452 4648 3518 4721 Δ1.
3543 4662 3650 4721 qua

375 4736 463 4777 me
485 4722 596 4791 jam
629 4720 889 4791 putabam
960 4716 1056 4750 ³⁸⁷³
1079 4717 1309 4786 Semper
1333 4717 1622 4791 habentem
1636 4716 2032 4791 Antss.’setnper
2062 4719 2263 4791 habere
2338 4716 2630 4791 8m’l"‘_ortc
2645 4716 2866 4791 liberati
2886 4716 3021 4791 'mgs.
3054 4719 3193 4791 forte
3227 4718 3467 4791 libertati
3551 4719 3651 4752 ⁸⁸⁷⁸

376 4787 681 4860 Quamlibet
714 4788 974 4860 aut_liber
998 4803 1124 4842 mss.
1152 4801 1312 4854 quam
1346 4787 1484 4860 liber
1554 4788 1651 4819 ³⁸⁷⁸
1679 4788 1879 4860 Servus
1892 4787 2023 4860 est,
2034 4804 2135 4860 per
2165 4789 2269 4843 hoc
2298 4806 2424 4844 mss.
2470 4788 2605 4845 Tim.
2633 4789 2723 4845 90.
2765 4789 2899 4845 Vict.
2930 4788 3081 4860 Gem.
3112 4790 3200 4843 54.
3231 4788 3434 4860 Servus
3463 4798 3566 4853 est,
3594 4801 3653 4846 et

374 4857 471 4933 per
497 4862 597 4933 hoc
626 4860 762 4933 u'f"
792 4858 964 4933 Quam
997 4866 1215 4933 serva_t_._
1250 4872 1353 4933 non
1384 4857 1786 4933 liabetntss.__et
1818 4857 1965 4912 Edit.
1998 4858 2157 4933 _(.'otli.
2183 4873 2346 4933 quam
2379 4868 2579 4933 servet,
2613 4875 2719 4933 non
2733 4860 2932 4933 habet.
3011 4859 3110 4933 "f3
3144 4859 3511 4933 Stt_llieit__milti
3546 4860 3650 4933 hoc

372 4926 498 4988 inse.
539 4928 746 4986 Sullicit
773 4929 905 4984 mihi
935 4929 1048 4983 haec
1082 4998 1090 5000 4
1121 4928 1218 5000 ³³’ξ
1249 4926 1378 5000 Mss.
1411 4927 1473 4983 S.
1507 4927 1672 4983 mea.
1698 4928 1809 4984 Cur
1836 4942 1960 4983 eum
1998 4929 2160 4984 homo
2193 4926 2298 4983 non
2328 4928 2490 4985 habet
2516 4930 2891 4986 rectitudiuem
2923 4930 3094 5000 magis
3122 4930 3322 4985 dicitur
3342 4928 3490 4992 libet,
3523 4930 3651 5000 quia

373 5018 496 5058 cum
530 5002 693 5057 habet
721 5016 823 5055 non
849 5009 1026 5070 potest
1045 4998 1093 5054 ei
1116 4997 1359 5070 auferri;
1390 5012 1555 5070 quam
1583 5013 1855 5070 eumeum
1881 5000 2045 5070 habet
2070 5013 2288 5066 servus,
2331 5001 2458 5070 quia
2483 5015 2607 5055 cmn
2633 5016 2738 5054 non
2782 5000 2945 5056 habet
2971 4997 3077 5054 non
3108 5007 3284 5069 potest
3311 5014 3431 5070 eam
3461 4997 3558 5070 per
3581 5015 3642 5055 se

373 5066 863 5144 recuperare.__nts.'
882 5068 1072 5144 Qister.
1102 5067 1214 5125 Cur
1232 5083 1354 5144 cum
1387 5066 1568 5144 homo.
1598 5069 1763 5144 .quia
1791 5083 1914 5124 cum
1945 5069 2128 5131 habet.
2159 5084 2263 5123 non
2291 5066 2470 5138 potest
2494 5071 2543 5125 ei
2567 5071 2792 5137 auferri,
2824 5085 2983 5144 quam
3016 5066 3162 5136 cum,
3193 5080 3302 5144 etc.
3331 5069 3467 5144 utin
3490 5066 3642 5144 Edit.

372 5138 677 5198 mssCGem.
711 5141 800 5197 54.
823 5151 869 5196 et
906 5140 995 5195 ἆυ.
1029 5154 1151 5194 cur.
1183 5178 1197 5192 .
1222 5138 1347 5208 quia
1378 5154 1502 5194 cum
1530 5139 1712 5199 habet.
1737 5154 1919 5208 perse
1941 5154 2044 5193 non
2087 5148 2261 5208 potest
2289 5154 2409 5193 eam
2440 5154 2761 5208 recuperare
2834 5141 2930 5173 ³⁸⁵⁸⁰
2961 5140 3301 5208 lmpoteutia.
3350 5139 3483 5208 Sive
3502 5139 3648 5194 enim

372 5231 501 5268 mss.
543 5211 856 5283 impotentia
889 5226 993 5265 non
1023 5207 1302 5283 peccandi.
1331 5208 1461 5283 Siv_e_
1478 5208 1624 5263 enim
1699 5208 1791 5283 f“_'
1822 5207 1933 5263 Nisi
1960 5224 2057 5283 per
2082 5207 2185 5265 hoc
2212 5208 2340 5283 quia
2364 5227 2491 5264 mss.
2538 5207 2641 5265 nisi
2668 5210 2923 5283 quoniam
2964 5207 3062 5281 per
3086 5212 3188 5265 hoc
3220 5210 3345 5281 quia
3422 5207 3514 5241 ³⁸⁸²
3541 5208 3651 5263 Ant

374 5278 699 5353 recuperare
722 5291 809 5337 aut
836 5278 1039 5353 habere
1075 5279 1222 5353 illam
1249 5295 1371 5333 mss.
1397 5278 1588 5353 Cister.
1612 5279 1923 5353 omittit_aut
1959 5278 2161 5353 habere
2235 5279 2330 5313 ³⁸⁸³
2357 5296 2462 5353 qua
2493 5288 2673 5353 potest
2691 5281 2856 5353 homo
2878 5278 2984 5353 non
3006 5278 3251 5353 peccare
3268 5296 3394 5353 mss.
3421 5294 3527 5353 non
3553 5294 3653 5348 po-

377 5298 699 5353 rccuperare
722 5294 809 5337 aut
838 5294 1039 5336 habere
1080 5294 1222 5332 utam
1249 5295 1371 5333 mss.
1397 5294 1588 5335 ustor.
1612 5294 1802 5333 omum
1829 5294 1923 5333 aut
1959 5294 2161 5336 nabere
2235 5294 2330 5313 ""
2357 5296 2462 5352 qua
2493 5294 2673 5351 p0teSI.
2693 5294 2856 5337 nomo
2878 5294 2984 5334 non
3081 5295 3241 5335 ceare
3268 5296 3394 5335 mss.
3422 5294 3527 5334 non
3553 5294 3647 5348 po-

377 5363 482 5423 t_est
511 5369 615 5407 non
652 5367 877 5423 peccare
944 5351 1049 5423 7'73”
1074 5351 1283 5423 l_1_t_cu_m
1309 5364 1412 5423 non
1445 5348 1608 5404 habet
1634 5365 1762 5403 mss.
1793 5347 1930 5403 Tha.
1956 5347 2048 5423 9Q.
2073 5358 2129 5423 et
2155 5366 2279 5405 cum
2306 5351 2471 5407 etiam
2502 5366 2609 5407 non
2638 5352 2801 5407 habet
2873 5349 2970 5383 m'
2992 5294 3260 5423 (ﬁouiam
3288 5351 3357 5405 ab
3384 5348 3492 5423 alio
3517 5365 3647 5423 mss.

378 5420 513 5492 Tha.
541 5417 795 5492 quoniam
821 5423 889 5476 ab
919 5422 1009 5475 illo
1082 5418 1177 5492 “"f
1203 5417 1468 5492 Quoniam
1492 5434 1687 5492 servus
1715 5428 1842 5492 tunc
1876 5433 1982 5473 non
2015 5419 2174 5475 habet
2199 5436 2327 5474 mss.
2350 5434 2513 5492 quam
2543 5430 2673 5492 tunc
2697 5435 2890 5492 servus
2912 5435 3035 5476 eum
3061 5419 3224 5475 habet
3249 5436 3345 5492 ms.
3385 5419 3647 5492 Victoria.

375 5490 429 5561 ρ,
457 5488 617 5561 quain
644 5502 771 5548 tunc
796 5508 917 5546 cum
945 5505 1134 5548 servus
1162 5488 1324 5543 habet
1347 5504 1445 5541 ms.
1476 5488 1666 5561 (gister.
1707 5490 2198 5561 quiaservustunc
2222 5503 2346 5561 eum
2373 5488 2534 5545 habet
2607 5491 2700 5561 ιω
2739 5491 2851 5546 Cur
2870 5491 3033 5561 homo
3070 5505 3194 5561 cum
3224 5491 3304 5545 sol
3335 5491 3491 5561 talest
3515 5505 3640 5561 mss.

376 5556 523 5613 Gem.
561 5558 696 5615 Vict.
723 5562 910 5616 Cisler.
956 5577 1052 5616 cur
1095 5562 1257 5615 homo
1284 5574 1406 5613 eum
1434 5558 1512 5613 sol
1553 5561 1708 5614 abest
1778 5558 1874 5593 ³⁸⁸⁸
1897 5559 2165 5627 Quoniam
2193 5560 2416 5624 dicitur,
2442 5575 2564 5614 eum
2592 5560 2672 5617 sol
2703 5562 2857 5616 abest
2881 5602 2895 5622 ,
2944 5559 3143 5616 habere
3170 5559 3544 5627 impotentiam
3569 5559 3651 5612 vi-

375 5627 535 5686 ﬂendi
559 5646 682 5683 mss.
720 5629 852 5685 Vict.
890 5630 1038 5685 Gem.
1066 5630 1189 5685 Bec.
1221 5628 1274 5683 l.
1302 5643 1463 5699 quam
1488 5628 1703 5699 dicitur,
1729 5646 1852 5684 cum
1882 5629 1965 5684 sol
1993 5630 2165 5696 adest,
2194 5631 2396 5686 habere
2428 5630 2797 5699 impotentiam
2823 5629 3035 5686 videndi
3108 5628 3208 5699 7"”
3231 5627 3504 5685 Habemus
3529 5637 3650 5683 tau-

374 5710 487 5757 tum
525 5702 577 5755 in
608 5714 731 5768 nus.
768 5700 1029 5755 habemus
1059 5710 1236 5755 tamen
1263 5698 1333 5754 iu
1389 5698 1482 5731 ³⁸³⁸
1514 5698 1628 5754 Non
1654 5700 1771 5756 iure
1796 5700 2125 5755 dubitassem
2157 5717 2280 5755 tua.
2313 5717 2417 5755 nou
2460 5698 2548 5757 hic
2570 5701 2903 5755 dubitassem
2980 5700 3070 5734 ³³³³
3101 5698 3260 5768 Tibi,
3290 5711 3468 5757 tanton
3500 5714 3646 5755 nunc

376 5772 465 5828 sed
502 5786 627 5827 mss.
659 5767 752 5828 tibi
782 5782 946 5835 nunc,
979 5770 1025 5825 si
1099 5771 1190 5804 ³⁵⁸³
1219 5772 1307 5831 Sic
1339 5771 1444 5829 sint
1477 5770 1783 5843 praesentia.
1815 5807 1829 5824 .
1854 5769 2164 5840 hujusmodi
2198 5788 2321 5827 mss.
2353 5770 2433 5826 sic
2472 5771 2779 5841 praesentia.
2811 5810 2825 5826 .
2862 5770 3141 5826 habueris.
