3940 6046
304 314 408 371 505

1390 316 1667 373 DIALOG.
1708 318 1797 373 DE
1837 317 2099 376 LIBERO
2138 323 2486 380 ARBlTltIO.

3475 334 3581 391 806

306 436 575 497 repetere.
626 425 768 482 Dtsc.
808 427 1026 483 Gratam
1073 429 1245 482 habeo
1290 439 1432 483 tuam
1477 431 1881 501 itnlulgentiam.
1918 440 1960 495 Α
1993 437 2216 502 nitione,
2251 442 2394 508 quod
2425 460 2528 495 non
2554 446 2620 497 sit
2661 446 3024 500 necessarium
3055 451 3119 500 ad
3156 454 3580 506 conclmtendam

307 521 412 574 Sed
439 536 504 574 ne
531 522 766 585 mireris,
792 523 835 575 si
869 537 929 576 ea
961 537 1080 589 qua:
1110 537 1214 575 non
1250 525 1611 576 consuevi'm
1633 526 1891 593 cogitare,

308 626 411 663 non
466 619 593 663 sunt
647 611 774 664 mihi
828 620 1046 680 propter
1097 627 1256 664 unam
1308 611 1636 666 auditionem
1683 628 1898 684 semper

305 700 484 754 omnia
522 702 588 755 ad
626 701 941 755 intuendum
961 701 1055 732 "9“
1088 702 1140 755 iu
1180 702 1341 756 corde
1372 704 1679 771 praesentia.

890 812 1119 867 CAPUT
1162 811 1295 866 XIII.

308 918 461 980 Quod
491 930 716 983 potestas
762 923 1003 995 servandi
1045 924 1401 995 rectitudinem
1458 924 1738 979 voluntatis
1784 943 1899 995 pro-

373 990 665 1063 pteripsam
684 991 1068 1056 rectitudinem,
1081 994 1143 1044 ait
1157 995 1385 1061 perfecta
1400 995 1635 1063 (li/[initio
1648 990 1898 1050 libertatis

376 1058 604 1110 arbitrii.

376 1168 515 1222 MAG.
553 1170 644 1223 Dic
668 1171 842 1224 adhuc
874 1172 915 1224 si
941 1173 1069 1241 quid
1096 1174 1146 1225 in
1173 1172 1488 1227 dilliuitiune
1521 1176 1786 1230 libertatis
1810 1193 1897 1231 ar-

305 1259 476 1321 bitrii,
504 1274 664 1328 quam
700 1258 946 1323 fecimus,
967 1261 1180 1315 dubitas
1208 1262 1230 1313 ?
1258 1262 1401 1318 Disc.
1436 1263 1608 1317 Unum
1637 1265 1901 1333 est,quod

306 1353 582 1404 adhucme
607 1350 995 1421 aliquantulum
1026 1351 1079 1405 in
1106 1367 1166 1404 ea
1196 1352 1462 1406 sollicitat.
1483 1352 1617 1406 Nam
1641 1370 1779 1423 smpe
1810 1356 1897 1409 ha-

307 1441 498 1496 bemus
519 1450 837 1510 potestatem
863 1444 1113 1497 servandi
1134 1444 1363 1512 aliquid;
1390 1462 1508 1514 qua:
1529 1457 1702 1501 tamen
1734 1448 1899 1503 libera

308 1544 414 1583 non
447 1541 549 1592 est,
591 1540 647 1583 ut
677 1531 850 1584 aliena
884 1531 931 1584 vi
966 1533 1211 1601 impediri
1246 1550 1351 1587 non
1410 1532 1598 1603 possit.
1631 1535 1903 1603 Quamob-

309 1638 447 1686 rem,
495 1639 617 1675 cum
663 1624 797 1677 dieis
843 1624 968 1692 quia
1010 1624 1233 1679 libertas
1278 1627 1491 1681 arbitrii
1535 1639 1616 1683 est
1666 1638 1904 1698 potestas

309 1711 561 1764 servandi
604 1713 983 1766 rectitudinem
1026 1713 1317 1770 voluntatis
1348 1727 1565 1787 propter
1618 1719 1786 1788 ipsam
1819 1736 1904 1773 re-

311 1803 631 1857 ctitudinem
652 1843 667 1865 ,
700 1803 823 1858 vide
849 1818 915 1859 ne
955 1804 1092 1859 forte
1119 1806 1420 1862 addendum
1452 1809 1545 1874 sit,
1580 1812 1720 1880 quod
1756 1810 1899 1864 illam

311 1902 631 1961 potestatem
677 1903 783 1948 tam
829 1895 1052 1949 liberam
1094 1897 1337 1967 designet
1377 1896 1516 1965 esse,
1558 1912 1615 1955 ιιι
1667 1903 1809 1975 nulla
1855 1905 1901 1956 vi

309 1983 555 2051 superari
580 1985 765 2052 possit.
812 1984 951 2038 MAG.
987 1984 1041 2039 Si
1069 1996 1307 2050 potestas
1343 1993 1593 2045 servamli
1628 1994 1903 2047 rectitudi-

311 2090 433 2127 nem
490 2075 815 2143 voluntatis,
862 2088 1083 2147 propter
1126 2099 1296 2152 Ipsam
1349 2085 1764 2148 rectitudinem,
1803 2087 1903 2139 ali-

311 2166 527 2233 quando
578 2167 805 2221 inveniri
839 2180 1020 2237 posset
1060 2172 1262 2241 absque
1310 2174 1396 2227 illa
1431 2191 1589 2243 quam
1626 2179 1903 2246 perspexi-

312 2271 433 2308 mus
480 2255 752 2323 libertate,
784 2262 1064 2328 expediret
1112 2275 1169 2316 ut
1208 2266 1349 2332 quol
1405 2266 1542 2320 dicis
1575 2268 1902 2322 adderetur:

312 2344 405 2396 sed
437 2360 559 2398 cum
598 2346 740 2400 dicta
770 2348 1017 2404 dilliuitio
1049 2352 1126 2404 sic
1165 2352 1400 2421 perlecta
1432 2355 1505 2408 sit
1534 2371 1597 2409 ex
1629 2372 1673 2426 gl
1697 2372 1824 2411 nere
1855 2368 1909 2411 et

314 2434 651 2501 dilTereutiis,
683 2446 742 2492 ut
786 2454 887 2493 nec
936 2441 1113 2495 minus
1141 2444 1340 2512 aliquid
1384 2446 1628 2508 Claudat,
1663 2463 1761 2500 nec
1791 2448 1909 2516 plus

316 2542 477 2595 quam
508 2528 594 2580 illa
628 2545 789 2598 quam
828 2534 1121 2602 quaarimus
1152 2535 1394 2599 libertas,
1422 2538 1549 2590 nihil
1584 2538 1658 2591 illi
1710 2539 1911 2594 adden-

316 2618 467 2683 dmu,
497 2629 590 2674 aut
620 2622 943 2677 demendum
992 2626 1212 2696 intelligi
1256 2638 1450 2696 potesl.
1488 2629 1582 2683 Est
1623 2632 1765 2684 enim
1815 2648 1910 2702 po,-

317 2720 507 2775 testas,
551 2712 809 2769 libertatis
852 2731 1040 2786 genus.
1086 2718 1236 2785 Quod
1288 2730 1466 2774 autem
1517 2723 1753 2776 additum
1804 2734 1908 2781 est,

314 2803 590 2867 servandi,
623 2813 841 2872 separat
887 2821 1005 2858 eam
1054 2808 1121 2859 ab
1151 2810 1295 2861 ()lllttl
1334 2819 1603 2877 potestate
1644 2829 1763 2879 quae
1804 2830 1909 2866 non

316 2900 396 2945 est
429 2894 951 2957 servandi,sieutest
977 2907 1214 2965 potestas
1243 2898 1448 2953 ridendi
1472 2901 1907 2955 autamhulamli.

313 2983 574 3038 Addendo
605 3000 755 3051 vero,
805 2987 1201 3051 rectitudinem,
1254 2990 1583 3043 secrevimus
1613 3005 1733 3044 eam
1764 2990 1860 3023 "9‘
1882 3007 1910 3046 a

2001 529 2302 583 libertatem
2358 531 2569 586 arbitrii
2626 535 2903 589 rationalis
2934 537 3245 603 voluntatis,
3277 548 3330 593 et
3371 541 3435 593 ad
3478 543 3584 595 alia

2000 623 2353 687 exeludemla,
2405 626 2742 683 sufﬁcienter
2780 630 2863 682 illa
2904 631 3219 694 includitur,
3264 645 3315 688 et
3362 634 3462 688 alia
3490 652 3582 689 ex—

1999 713 2289 766 c-lndnntnr
2322 731 2334 765 :
2381 732 2477 770 nec
2511 717 2793 773 abundans
2827 722 3030 789 utique.
3068 738 3166 777 nec
3213 724 3458 794 indigens
3499 732 3587 779 est

2003 805 2117 859 hzec
2146 815 2325 859 nostra
2366 807 2635 862 difﬁuitio.
2688 810 2836 865 Itane
2871 813 2961 867 tibi
2988 814 3199 867 videtur
3225 815 3247 867 ?
3278 816 3422 869 DISC.
3457 815 3585 870 Mihi

2001 896 2185 964 utique
2228 897 2463 967 perfecta
2509 900 2738 954 videtur.
2782 902 2920 957 Mac.
2962 904 3053 958 Dic
3084 921 3232 974 ergo,
3262 908 3306 960 si
3334 906 3427 940 ³⁸³⁸
3457 908 3586 976 quid

2002 986 2083 1040 vis
2120 988 2347 1056 amplius
2380 990 2444 1042 de
2472 989 2720 1045 libertate
2758 994 2878 1059 hac,
2909 1005 3309 1064 propterquam
3353 998 3587 1065 imputa-

2003 1086 2092 1129 tur
2139 1076 2280 1129 illam
2314 1079 2559 1142 habenti,
2593 1081 2707 1134 sive
2758 1082 2919 1136 faciat
2961 1086 3177 1149 bomnn,
3210 1088 3325 1143 sive
3361 1090 3585 1145 malum.

2007 1168 2078 1221 De
2108 1167 2207 1221 hac
2232 1168 2374 1222 enim
2406 1169 2514 1222 sola
2550 1186 2691 1225 IIIIIIC
2719 1183 2901 1227 noster
2930 1186 3011 1228 est
3040 1192 3242 1231 sermo.

2590 1260 2819 1317 CAPUT
2866 1263 3001 1319 XIV.

2414 1350 2613 1404 Divisio
2644 1354 2876 1421 ejusdem
2905 1356 3178 1412 libertatis.

2077 1440 2220 1495 DISC.
2258 1439 2446 1495 Restat
2490 1459 2632 1497 nunc
2663 1454 2719 1497 ut
2746 1446 2953 1501 dividas
2980 1450 3223 1503 eamdem
3260 1451 3587 1506 libertatem.

2006 1529 2263 1596 Quamvis
2305 1532 2469 1592 enim,
2518 1536 2815 1589 secundum
2850 1538 2987 1592 hanc
3020 1539 3410 1605 diliinitionem,
3438 1560 3591 1598 eom-

2008 1623 2186 1675 mnnis
2217 1623 2283 1676 sil
2311 1625 2453 1677 oumi
2488 1625 2740 1681 rationali
2772 1639 3005 1694 natune;
3044 1635 3268 1689 multum
3286 1637 3375 1667 ³⁸⁹⁷
3414 1649 3589 1691 tamen

2008 1712 2191 1765 diliert
2223 1713 2304 1765 illa
2331 1730 2450 1781 qua:
2487 1715 2575 1768 Dei
2609 1728 2711 1783 est,
2739 1720 2805 1772 ab
2842 1721 2945 1774 illis
2977 1724 3109 1792 qnm'
3135 1727 3410 1781 rationalis
3441 1743 3594 1782 crea—

2010 1810 2143 1858 turze
2178 1804 2440 1867 ειιιιι³⁸⁹⁸ς
2469 1818 2521 1859 et
2554 1806 2654 1861 illa:
2679 1810 2746 1862 ah
2778 1810 3028 1865 invicem.
3055 1813 3193 1869 MAG.
3237 1815 3484 1871 Libertas
3507 1833 3593 1871 ar-

2006 1896 2152 1950 bitrii
2185 1896 2285 1950 alia
2319 1907 2397 1951 est
2439 1914 2466 1949 a
2500 1913 2579 1962 se,
2619 1915 2738 1968 qua:
2789 1916 2886 1955 nec
2918 1903 3060 1957 facta
3088 1914 3193 1968 est,
3241 1921 3338 1960 nec
3382 1909 3449 1960 ah
3488 1907 3594 1961 alio

2008 1996 2249 2054 accepta,
2283 2002 2400 2054 qum
2435 1997 2517 2040 est
2559 1989 2729 2043 solius
2752 1990 2883 2056 Dei;
2920 1994 3022 2046 alia
3057 2009 3085 2047 a
3115 1996 3221 2049 Deo
3254 1997 3391 2049 facta
3417 2006 3470 2050 et
3499 2013 3591 2050 ac-

2008 2087 2185 2145 cepta,
2215 2092 2333 2145 quae
2379 2085 2461 2130 est
2494 2080 2806 2149 angelorum
2851 2093 2904 2137 et
2959 2085 3256 2138 hominum.
3307 2086 3469 2140 Facta
3501 2088 3593 2120 ³³³⁸

2009 2178 2188 2221 autem
2240 2166 2352 2219 sive
2390 2177 2638 2237 accepta,
2695 2170 2799 2225 alia
2834 2184 2915 2227 est
2958 2176 3163 2229 habens
3213 2178 3592 2233 rectitudinem

2009 2272 2168 2326 quam
2202 2266 2421 2323 servet;
2457 2258 2559 2311 alia
2589 2274 2799 2315 carens.
2839 2262 3071 2326 llabens,
3099 2266 3201 2319 alia
3234 2275 3402 2332 tenet,
3512 2283 3595 2321 se—

2010 2345 2366 2415 parabiliter;
2413 2347 2516 2401 alia
2572 2348 3024 2419 inseparabiliter.
3074 2355 3164 2408 Illa
3211 2358 3426 2425 quidem
3477 2374 3597 2426 qua!

2010 2435 2379 2507 scparabililer
2429 2448 2640 2506 tenent,
2671 2442 2769 2495 fuit
2806 2444 3115 2514 angelorum
3144 2447 3406 2508 omnium,
3439 2458 3596 2502 aute-

2012 2546 2171 2599 qnam
2212 2529 2333 2585 boui
2368 2533 2822 2588 conﬁrmarentur
2841 2545 2895 2587 et
2930 2535 3053 2588 mali
3082 2539 3336 2589 caderent
3366 2554 3380 2601 ;
3417 2548 3471 2591 et
3514 2547 3597 2592 est

2012 2623 2249 2675 oumium
2292 2622 2568 2676 hominum
2611 2632 2733 2676 ante
2778 2633 3026 2688 mortem,
3058 2626 3147 2692 qui
3202 2625 3401 2680 habent
3434 2628 3598 2680 recti-

2017 2715 2253 2768 tudinem
2302 2714 2569 2768 eamdem.
2600 2716 2729 2780 Qua:
2756 2729 2882 2768 vero
2940 2724 3087 2769 tenet
3138 2716 3593 2786 inseparabiliter,

2013 2816 2097 2860 est
2125 2808 2421 2864 electormu
2464 2804 2775 2873 angelormu
2810 2813 2864 2856 et
2910 2804 3210 2858 hominum.
3242 2805 3345 2859 Sed
3380 2809 3600 2875 angelo-

2016 2912 2134 2949 rum
2157 2894 2473 2957 elcctorum,
2512 2899 2631 2960 post
2673 2890 2879 2942 ruinam
2916 2892 3303 2958 reproborum;
3337 2902 3389 2944 et
3425 2893 3601 2946 homi-

2017 3005 2142 3043 num
2173 2986 2286 3052 ποθ,
2316 2992 2436 3056 past
2467 2992 2696 3038 mortem
2742 2998 2915 3036 suam.
2965 2980 3051 3035 Illa
3102 2992 3279 3035 autem
3303 2998 3422 3051 qua:
3452 2996 3596 3038 caret

317 3088 581 3146 potestate
603 3080 854 3133 servandi
887 3097 1099 3145 aurum,
1133 3091 1188 3135 et
1211 3083 1471 3150 quidquid
1502 3099 1607 3136 non
1642 3093 1723 3137 est
1754 3085 1910 3140 recti-
1940 3102 1984 3162 ο
2017 3079 2341 3135 rectitudine
2370 3094 2381 3129 :
2418 3074 2521 3129 alia
2554 3082 2699 3128 caret
2750 3072 3215 3142 recuperahiliter,
3249 3074 3356 3126 alia
3396 3075 3600 3127 irreeu-

319 3168 466 3221 tudo.
516 3168 619 3223 Per
665 3170 1124 3235 additamentum,
1160 3172 1481 3236 voluntatis,
1528 3184 1841 3244 segregatnr
1875 3192 1902 3228 a

316 3267 584 3328 potestate
622 3260 877 3315 servandi
926 3262 1305 3317 rectitmlinem
1351 3262 1580 3317 aliarqu
1614 3279 1816 3331 rerum,
1850 3275 1909 3321 ut

318 3348 503 3420 virgze,
547 3358 641 3404 aut
668 3351 959 3420 opinionis.
993 3352 1094 3407 Per
1130 3353 1233 3407 hoc
1280 3366 1461 3407 autem
1499 3356 1643 3423 quod
1699 3357 1903 3411 dietum

314 3447 657 3510 est,pr0pter
686 3441 1061 3497 rectitudinem
1093 3443 1286 3512 ipsam,
1313 3442 1572 3499 dividitur
1592 3460 1621 3499 a
1644 3454 1915 3516 potestate

317 3531 569 3585 servandi
618 3532 998 3587 rectitudinem
1042 3532 1337 3589 voluntatis
1374 3547 1596 3606 propter
1637 3538 1815 3603 aliud,
1851 3549 1909 3594 ut

319 3638 439 3677 cum
483 3635 732 3679 servatur
776 3635 997 3694 propter
1044 3626 1358 3695 pecmdam,
1408 3635 1502 3682 aut
1536 3630 1907 3695 ,uaturaliter.

319 3712 513 3767 Servat
554 3714 699 3769 enim
750 3716 1074 3771 naturaliter
1101 3718 1254 3772 cauis
1288 3718 1665 3774 rectitudinem
1716 3722 1905 3776 volun-

322 3806 467 3871 tatis,
487 3822 606 3860 cum
636 3817 782 3861 amat
807 3808 1014 3863 catulos
1035 3820 1291 3874 suos,aut
1313 3810 1591 3865 dominum
1622 3826 1777 3866 suum
1806 3813 1904 3867 sibi

318 3896 1052 3965 benefacientem.Quoniam
1076 3898 1240 3969 igitur
1269 3899 1401 3954 nihil
1430 3909 1510 3954 est
1552 3901 1606 3954 iu
1641 3902 1741 3955 hac
1769 3899 1907 3954 ditii-

2009 3171 2342 3244 perabiliter.
2368 3167 2497 3234 Qua:
2531 3164 2972 3235 recuperabiliter
3000 3174 3170 3227 caret,
3203 3173 3287 3219 est
3318 3175 3523 3218 tantum
3549 3167 3600 3219 in

2009 3265 2111 3320 hac
2140 3265 2249 3318 vita
2274 3262 2511 3317 omnium
2536 3260 2811 3315 hominum
2835 3259 2920 3313 illa
2952 3260 3250 3314 carentium
3270 3260 3384 3326 ⁸⁶⁰¹,
3413 3277 3601 3331 quatu-

2011 3356 2092 3408 vis
2124 3353 2268 3407 illam
2310 3349 2461 3405 mtdti
2504 3364 2607 3404 non
2648 3356 2987 3417 recnpereut.
3019 3348 3150 3415 Quae
3178 3360 3366 3404 autem
3397 3350 3602 3404 irrecu-

2009 3443 2320 3515 perabiliter
2353 3450 2526 3506 caret,
2551 3448 2636 3495 est
2666 3440 3021 3510 reproborum
3052 3440 3328 3517 hominum
3352 3449 3409 3495 et
3435 3455 3601 3511 auge-

2011 3536 2207 3598 lorum.
2234 3532 2327 3588 sed
2369 3532 2792 3604 augelorum’m
2820 3540 2941 3602 post
2972 3533 3207 3598 ruinam,
3236 3542 3291 3588 et
3321 3530 3599 3587 homirnam

2016 3636 2137 3698 post
2182 3627 2322 3682 hanc
2361 3627 2547 3680 vitam.
2598 3622 2748 3678 Disc.
2780 3621 2856 3678 De
2879 3621 3198 3678 dillinitione
3228 3631 3283 3677 et
3334 3623 3602 3677 divisione

2016 3719 2283 3775 libertatis
2319 3718 2500 3786 hujus,
2538 3716 2647 3771 Deo
2696 3723 2994 3781 annuente,
3022 3715 3103 3771 sic
3126 3714 3255 3770 mihi
3287 3714 3598 3772 satisfecisti

2016 3812 2108 3850 ⁸⁸⁸³
2137 3822 2191 3863 ιιι
2222 3810 2349 3864 nihil
2380 3824 2572 3879 queam
2624 3808 2869 3862 invenire
2913 3809 3060 3878 quod
3107 3822 3328 3864 necesse
3371 3810 3598 3865 habeam

2018 3904 2085 3957 de
2113 3903 2215 3956 illis
2243 3902 2596 3970 interrogare.
2618 3899 2709 3929 ³⁶⁰⁵

1594 4038 1829 4095 ἾΑΒΙᾸΞ
1868 4035 2282 4094 LECTIONES.

392 4154 489 4185 "9’
515 4153 781 4209 Consuevi
809 4152 916 4207 noti
935 4168 1057 4205 mss.
1083 4151 1339 4206 consuevi
1356 4149 1617 4221 cogitare,
1637 4166 1743 4205 non
1819 4150 2007 4204 ""Ad
2032 4147 2499 4221 induendttutntss.
2521 4145 2585 4197 ad
2605 4140 2916 4221 intuendum
2994 4140 3088 4174 ³⁸⁸⁸
3104 4143 3596 4221 ῐξίεεετιιῑιιιιιεθειςη

318 4241 438 4278 mss.
458 4225 788 4277 secrevimus
807 4240 925 4276 eam
992 4223 1084 4254 ³⁵⁸⁸
1106 4211 1632 4291 Οἰειιιιοψιθνδίηιεέ.
1652 4223 1737 4276 dic
1759 4222 1942 4291 ergosi
2002 4221 2092 4296 "f"
2117 4216 2382 4296 Itationali
2408 4211 2773 4296 creatnrzevel
2794 4215 3258 4296 naturaaﬂndtuui
3284 4232 3407 4296 mss.
3436 4211 3599 4274 nitib-

314 4295 424 4349 nali
442 4304 647 4347 natura:
680 4293 906 4346 inultum
982 4293 1075 4323 "9“
1098 4280 1398 4345 llationaI'is
1427 4302 1634 4345 natura:
1663 4280 1932 4346 suntin“.
1960 4290 2242 4343 rationalis
2277 4296 2541 4340 creaturae
2563 4293 2688 4339 sunt
2708 4299 2831 4335 mss.
2862 4280 2996 4335 Tim.
3021 4283 3109 4336 90.
3136 4287 3422 4339 rationales
3443 4303 3597 4348 creao

324 4379 456 4416 turne
508 4372 635 4416 sunt
710 4363 803 4393 ³⁸9⁸
854 4364 947 4415 Est
996 4361 1342 4430 Angelorum.
1392 4360 1553 4414 Facta
1604 4379 1725 4415 mss.
1778 4372 1861 4415 est
1908 4360 2233 4440 Angelorutu
2279 4368 2337 4440 et.
2381 4356 2675 4440 hominum.
3267 4357 3594 4440 Angelornm

320 4434 644 4495 clectormu,
679 4441 796 4499 post
823 4425 1173 4510 reprobort'uu
1219 4431 1427 4483 ruinam
1452 4447 1472 4510 ;_
1495 4442 1549 4483 et
1583 4432 1859 4510 hominum
1895 4425 2022 4484 ιιιεεῖ
2054 4432 2142 4510 sed
2173 4426 2510 4510 Angelor‘un‘r
2538 4425 3298 4510 postruinamreprohortnu:
3324 4425 3376 4477 et
3421 4428 3593 4510 homi-

324 4519 453 4555 num
531 4490 944 4555 36°"l'lomiuu'm
969 4502 1269 4555 carentimn
1298 4518 1422 4553 mss.
1454 4490 1750 4574 hominum
1774 4502 2189 4574 il|a__c_arentium
2260 4490 2368 4574 ποί
2387 4490 2604 4574 Scilicet
2640 4490 2961 4574 Aingcloruu‘l
2988 4496 3596 4574 nassaseduAugelorutn

319 4571 415 4603 ⁸⁵⁸³
462 4572 589 4625 lllihi
641 4571 954 4625 satisfecisti
988 4588 1112 4623 mss.
1159 4570 1236 4623 sic
1286 4571 1413 4623 mihi
1442 4570 1752 4625 satisfecisti
1830 4570 1925 4601 ³⁶⁰³
1953 4569 2082 4623 Mss.
2114 4569 2298 4622 Cister.
2328 4566 2448 4619 Bec.
2484 4566 2532 4618 I.
2562 4562 2787 4632 Explieit
2823 4569 3083 4617 tractatus
3103 4561 3168 4618 de
3192 4561 3461 4621 Libertate
3488 4568 3593 4621 Ar-

320 4642 494 4709 bilrti,
522 4643 698 4697 editus
722 4642 789 4699 ah
835 4638 1092 4697 Ausclmo
1135 4640 1558 4712 Arehiepiscopo
1587 4640 1993 4695 Cantuariensi.
