3936 6048
357 235 462 290 509

1189 232 1274 288 ΒΕ
1307 234 1649 292 CONCORD.
1683 237 1955 294 PR.‘ESC.
1985 239 2098 294 DEI
2138 239 2278 296 CUM
2321 241 2446 294 LIB.
2490 238 2758 294 ARBITR.

3508 238 3610 296 510

357 343 658 406 necessitas
683 346 826 401 enim
857 345 1067 401 videtur
1100 362 1296 404 sonare
1312 351 1936 421 coactioncmvelprohi-
1965 359 2012 413 Α
2037 357 2139 409 crit
2167 355 2389 424 aliquid,
2418 369 2522 408 non
2549 369 2614 407 ex
2646 352 2994 415 necessitate,
3026 359 3078 406 et
3108 347 3234 420 quia
3283 365 3504 406 necesse
3532 364 3616 405 cst

356 437 640 492 hitionem.
674 433 852 502 Quare
874 435 917 488 si
978 449 1197 490 necesse
1241 447 1322 490 est
1352 453 1437 492 me
1467 453 1694 508 peccare
1752 456 1814 494 ex
1843 456 1936 495 vo-

359 526 836 596 luntate,intclligo
868 543 954 583 me
979 529 1093 600 cogi
1123 529 1298 600 aliqua
1331 532 1542 586 occulta
1575 533 1624 586 vi
1655 535 1720 587 ad
1749 535 1936 590 volun-

359 627 524 670 tatem
573 616 874 686 peccandi;
947 626 1000 670 et
1042 617 1087 671 si
1158 634 1263 671 non
1315 635 1524 689 pecco,
1586 637 1614 674 a
1679 623 1933 691 peccandi

355 707 632 760 voluntate
653 706 955 778 prohiberi.
978 706 1323 778 Quapropter
1377 710 1702 766 necessitate
1751 711 1938 765 videor

353 795 484 849 mihi
509 809 738 865 peccare
775 796 890 865 ³⁶¹⁶,
913 795 957 851 si
989 812 1182 868 pecco;
1213 797 1297 854 vel
1323 814 1426 852 non
1459 814 1705 868 peccare,
1740 801 1783 856 si
1825 818 1931 855 non

352 901 519 959 pecco
557 887 674 941 “".

348 1021 478 1076 CAP.
506 1021 566 1078 ΙΙ.
603 1021 974 1092 -ίραοηιοάο
1013 1039 1216 1078 necesse
1263 1024 1333 1078 sit
1371 1039 1480 1078 rem
1523 1039 1637 1078 esse
1680 1025 1918 1092 futuram

421 1093 632 1162 quando
674 1091 814 1146 Deus
838 1100 1045 1158 prwscu
1075 1109 1190 1146 eam
1219 1109 1329 1146 esse
1358 1093 1594 1162 futuram
1619 1111 1636 1158 ;
1669 1091 1716 1146 et
1755 1105 1929 1146 tanien

420 1161 742 1242 voluntatem
797 1163 1015 1216 liberant
1072 1179 1284 1218 manere
1314 1181 1326 1214 .'
1360 1161 1408 1214 et
1436 1166 1500 1228 de
1529 1163 1725 1228 duplici
1761 1179 1934 1217 neces-

421 1240 596 1284 suate.

423 1345 564 1416 Ergo
589 1345 866 1400 sciendum
900 1345 992 1376 ³⁸³⁸
1019 1355 1101 1399 εει
1132 1346 1255 1414 quia
1289 1361 1429 1416 saepe
1458 1346 1687 1400 dicimus
1710 1361 1933 1402 necesse

349 1447 472 1490 esse
501 1437 642 1504 quod
667 1435 810 1490 nulla
841 1435 890 1490 vi
932 1451 1050 1490 esse
1081 1437 1311 1506 cogitur,
1343 1446 1396 1492 et
1419 1453 1638 1493 necesse
1669 1454 1772 1492 non
1812 1451 1932 1492 esse

348 1522 490 1594 quod
523 1521 664 1576 nulla
699 1523 1062 1592 prohihilioue
1117 1536 1444 1580 removetur.
1484 1525 1618 1580 Nam
1679 1528 1928 1596 dicimus,

349 1627 576 1668 necesse
607 1619 691 1666 est
718 1612 884 1667 Deum
917 1613 1275 1670 immortalem
1319 1631 1460 1680 esse,
1492 1625 1546 1670 et
1581 1631 1802 1673 necesse
1845 1629 1930 1674 est

2039 443 2203 498 fuisse
2237 459 2394 496 onme
2424 443 2564 511 quod
2591 440 2712 506 fuit,
2743 451 2796 494 ct
2819 456 2940 496 csse
2964 441 3104 510 quod
3137 451 3220 495 est
3279 451 3334 494 et
3369 440 3616 496 futurum

2040 550 2160 590 esse
2185 536 2330 605 quod
2367 535 2490 590 erit.
2527 535 2736 603 Quippe
2765 548 2868 586 non
2898 543 2980 587 est
3004 533 3144 587 idem
3175 549 3286 588 rem
3318 548 3439 588 esse
3477 549 3614 602 prze-
3651 555 3668 570 -

2039 630 2273 694 tcritam,
2329 637 2385 684 et
2427 642 2539 696 rem
2577 627 2903 696 praeteritam
2935 641 3057 680 esse
3115 626 3480 695 praeteritam;
3521 636 3616 682 aut

2036 733 2146 771 rem
2172 733 2290 772 esse
2315 695 2657 786 praesentem,
2685 724 2742 770 et
2766 731 2876 768 rem
2899 723 3220 782 praesentem
3241 729 3361 769 esse
3381 730 3612 784 praesen-

2039 819 2176 872 tem;
2211 816 2305 862 aut
2339 823 2454 862 rem
2477 821 2598 862 esse
2621 805 2880 868 futuram,
2909 814 2966 860 et
2991 820 3104 860 rem
3120 804 3354 860 futuram
3383 820 3503 860 esse
3529 804 3614 859 fu-

2037 909 2238 962 turam,
2265 899 2405 952 sicut
2428 913 2533 953 non
2556 905 2641 954 est
2671 897 2810 951 idem
2845 911 2956 950 rem
2984 910 3103 950 esse
3135 895 3334 960 albam,
3381 905 3435 952 et
3494 909 3610 950 rem

2035 988 2213 1044 albam
2239 1002 2360 1042 esse
2390 987 2590 1042 albam.
2628 986 2855 1058 Lignum
2885 987 3028 1041 enim
3053 1001 3158 1040 non
3173 996 3254 1040 est
3275 1000 3488 1054 semper
3515 1001 3612 1040 ne-

2035 1077 2287 1133 cessitate
2310 1077 2654 1146 album,quia
2677 1076 2967 1146 aliquando
2997 1076 3308 1144 priusquam
3343 1074 3482 1128 licrit
3527 1073 3609 1126 al-

2034 1168 2183 1232 bum,
2213 1169 2504 1238 potuitnon
2531 1167 2644 1220 lieri
2677 1165 2856 1220 album
2880 1181 2895 1229 ;
2924 1173 2979 1218 et
3013 1172 3294 1233 postquam
3321 1173 3408 1218 est
3429 1163 3614 1218 album

2033 1267 2208 1328 potest
2237 1258 2352 1312 ﬁeri
2385 1275 2488 1312 non
2519 1259 2696 1312 alhum
2731 1275 2742 1310 :
2772 1257 2972 1328 lignum
3004 1271 3132 1310 vero
3172 1255 3374 1321 album,
3399 1269 3612 1324 semper

2034 1365 2254 1404 necesse
2281 1357 2366 1403 est
2385 1364 2506 1404 esse
2525 1349 2705 1402 album
2731 1365 2744 1412 ;
2779 1348 2904 1416 quia
2941 1363 3039 1402 nec
3069 1356 3362 1416 antequam
3389 1347 3481 1409 sit,
3503 1361 3601 1400 nec

2033 1451 2320 1512 postquam
2349 1451 2432 1496 est
2462 1442 2669 1508 album,
2701 1441 2814 1494 ﬁeri
2837 1449 3017 1509 potest
3041 1449 3098 1494 ut
3127 1441 3308 1494 album
3340 1439 3499 1493 simul
3541 1439 3612 1492 sit

2034 1549 2138 1588 non
2166 1533 2366 1588 album.
2403 1532 2666 1586 Similiter
2695 1546 2781 1586 res
2812 1545 2915 1584 non
2975 1529 3298 1584 necessitate
3347 1537 3431 1580 est
3479 1543 3608 1596 prm-

2036 1641 2192 1692 sens;
2221 1625 2479 1695 quoniam
2511 1635 2801 1695 antequam
2831 1631 2975 1677 esset
3009 1635 3268 1692 praesens,
3302 1619 3610 1690 potuitiicri

349 1707 518 1759 Deum
553 1719 657 1757 non
691 1719 812 1760 esse
840 1703 1134 1775 iniustum;
1168 1721 1276 1760 non
1307 1707 1450 1776 quod
1472 1709 1552 1762 vis
1585 1708 1762 1779 aliqua
1776 1722 1934 1780 cogat
1964 1687 2009 1745 Β
2041 1725 2100 1769 ιιι
2147 1730 2386 1785 praesens
2434 1730 2540 1768 non
2575 1687 2718 1768 esset
2744 1730 2758 1778 ;
2785 1722 2840 1769 et
2881 1721 3170 1782 postquam
3215 1687 3316 1764 esti
3353 1724 3612 1777 praesens,

348 1807 471 1847 eum
510 1805 630 1847 esse
659 1791 1042 1857 immortalem,
1076 1803 1169 1848 aut
1199 1795 1484 1866 prohibeat
1513 1812 1634 1852 esse
1666 1797 1923 1865 injustum

346 1881 460 1950 "‘9,
495 1885 588 1939 sed
619 1884 876 1954 quoniam
902 1885 1044 1939 nulla
1074 1901 1162 1940 res
1193 1896 1368 1957 potest
1397 1887 1575 1943 facere
1625 1897 1681 1942 ut
1713 1906 1816 1944 non
1852 1892 1925 1947 sit

347 1973 696 2038 immortalis,
732 1985 824 2027 aut
857 1985 916 2028 ut
949 1975 1022 2030 sit
1053 1974 1306 2043 injustus.
1337 1975 1426 2032 Sic
1453 1978 1632 2047 itaque
1678 1977 1724 2034 si
1775 1979 1929 2046 dico,

349 2078 576 2120 necesse
613 2075 834 2120 estesse
865 2051 932 2119 ιε’
947 2075 1320 2134 peccaturum,
1345 2068 1428 2122 vel
1453 2083 1558 2122 non
1583 2081 1929 2140 peccaturum

350 2157 464 2212 sola
493 2158 792 2222 voluntate,
821 2158 961 2212 sicut
995 2157 1136 2213 Deus
1192 2159 1428 2228 przescit,
1482 2175 1583 2214 non
1619 2171 1700 2214 est
1735 2161 1932 2217 intelli-

349 2252 582 2322 gendum
615 2249 754 2318 quod
787 2249 988 2320 aliquid
1005 2249 1287 2318 prohibeat
1326 2251 1656 2305 voluntatem
1672 2269 1792 2322 qua:
1819 2268 1924 2306 non

350 2339 477 2404 erit,
497 2347 769 2408 autcogat
800 2337 944 2392 illam
978 2353 1096 2394 esse
1123 2355 1241 2408 qua:
1275 2341 1412 2395 erit:
1442 2342 1542 2394 hoc
1573 2342 1748 2410 ipsum
1779 2359 1904 2396 nam

347 2447 453 2500 quc
481 2431 697 2500 praescit
722 2431 884 2492 Deus,
913 2431 1002 2499 qui
1041 2431 1297 2500 prmvidct
1348 2431 1548 2500 aliquid
1596 2433 1834 2488 l‘uulrum
1863 2451 1928 2489 ex

351 2520 466 2576 sola
497 2519 797 2585 voluntate,
826 2522 968 2588 quod
1001 2520 1247 2574 voluntas
1287 2536 1390 2575 non
1434 2521 1528 2553 ³⁶¹⁶
1553 2523 1784 2592 cogitur,
1839 2531 1932 2577 aut

359 2613 678 2683 prohibetur
701 2611 804 2664 ulla
833 2611 937 2665 alia
968 2626 1061 2676 re;
1093 2621 1146 2666 et
1179 2613 1258 2664 sic
1288 2627 1354 2666 cx
1383 2613 1633 2668 libertate
1684 2613 1776 2646 ’5“
1837 2615 1926 2682 fit,

348 2703 494 2773 quod
523 2703 582 2756 iit
607 2717 670 2757 ex
703 2688 990 2756 voluntate.
1027 2701 1084 2755 Si
1111 2701 1276 2771 igitur
1308 2703 1420 2757 haec
1447 2703 1730 2772 diligenter
1762 2705 1921 2759 intel-

351 2793 614 2864 liguntur,
649 2803 776 2862 puto
797 2794 920 2864 quia
956 2801 1010 2847 et
1037 2793 1430 2862 prmscientiam
1467 2795 1559 2848 Dei
1602 2806 1656 2848 ct
1711 2797 1930 2850 liberta-

351 2895 462 2944 tem
490 2885 699 2940 arbitrii
732 2885 888 2939 simul
911 2897 1032 2938 esse
1059 2883 1200 2937 nulla
1250 2884 1498 2952 prohibet
1549 2885 1929 2941 inconvenien-

355 2977 450 3032 tia.
477 2977 718 3044 Denique
745 2975 790 3032 si
813 2975 936 3044 quis
965 2973 1298 3030 intcllectum
1321 2975 1468 3030 verbi
1493 2977 1712 3044 proprie
1753 2977 1929 3032 consi-

351 3070 532 3134 derat,
559 3069 660 3124 hoc
683 3069 798 3138 ipso
837 3067 978 3140 quod
1026 3066 1268 3136 ιιι-αξεείτὶ
1297 3065 1498 3136 aliquid
1531 3068 1748 3133 dicitur,
1783 3067 1928 3122 fulu-

354 3181 472 3220 rum
497 3179 618 3219 esse
638 3164 1024 3234 pronuntiatur
1049 3179 1061 3214 :
1095 3177 1198 3215 non
1223 3162 1366 3215 enim
1399 3161 1501 3216 nisi
1533 3161 1672 3230 quod
1689 3160 1928 3216 futurum

350 3264 436 3310 est
485 3255 789 3323 przescitur,
845 3254 970 3324 quia
1021 3251 1247 3308 scientia
1273 3267 1379 3306 non
1407 3260 1492 3306 est
1523 3252 1621 3306 nisi
1665 3252 1930 3306 veritatis.

353 3347 532 3413 Quare
563 3361 689 3400 eum
719 3346 840 3401 dico
863 3345 988 3414 quia
1020 3345 1064 3400 si
1099 3345 1318 3414 praescit
1365 3346 1506 3400 Deus
1551 3345 1754 3414 aliquid
1803 3345 1930 3408 “",

357 3435 516 3508 Ι,εῇ
535 3451 760 3492 ιιεεεεεε
781 3443 866 3490 est
887 3435 1016 3488 illud
1045 3449 1164 3490 esse
1193 3433 1468 3500 futurum;
1495 3436 1635 3490 idem
1657 3444 1762 3500 est,
1797 3450 1860 3490 ac
1885 3437 1928 3490 si

352 3529 527 3584 dicam
557 3528 652 3564 ³⁸³³
677 3547 689 3581 :
717 3529 774 3582 Si
805 3529 942 3593 erit,"
970 3543 1034 3583 ex
1067 3529 1390 3590 necessitate
1407 3529 1548 3594 erit;
1583 3529 1674 3584 sed
1705 3530 1820 3583 haec
1833 3545 1932 3584 ue-

353 3620 580 3676 ccssitas
609 3633 716 3674 non
769 3623 931 3690 cogit,
985 3633 1088 3674 nec
1134 3619 1384 3689 prohibet
1408 3619 1612 3688 aliquid
1657 3633 1798 3683 esse,
1839 3629 1934 3674 ut

353 3724 460 3764 non
487 3723 632 3764 esse.
663 3708 788 3764 Ideo
813 3711 958 3764 enim
986 3709 1114 3780 quia
1145 3709 1364 3778 ponitur
1397 3725 1484 3763 res
1540 3725 1684 3774 esse,
1733 3710 1933 3770 dicitur

352 3813 418 3856 ex
437 3799 534 3832 ’⁸⁸⁵
554 3801 878 3857 necessitate
901 3817 1051 3868 esse;
1085 3810 1180 3855 aut
1201 3801 1330 3872 quia
1377 3801 1598 3870 ponitur
1637 3817 1742 3855 non
1769 3817 1890 3856 esse
1915 3841 1930 3867 ,

352 3893 651 3950 aﬂirmatur
682 3895 776 3928 ³⁸³⁸
833 3911 939 3951 non
987 3909 1108 3951 esse
1149 3909 1216 3950 ex
1259 3895 1612 3959 necessitate;
1666 3911 1772 3950 non
1807 3895 1934 3964 quia

359 3987 656 4044 necessitas
705 3997 864 4060 cogat
918 3996 1012 4042 aut
1058 3987 1345 4058 prohibeat
1393 3996 1794 4046 remesse,aut
1823 4002 1932 4041 non

357 4077 671 4134 εεεεεΝειιι
691 4093 814 4136 eum
858 4079 1022 4136 dico:
1051 4077 1110 4134 Si
1132 4079 1258 4142 erit,
1285 4078 1612 4133 necessitate
1649 4078 1789 4143 erit;
1845 4077 1934 4133 hic

353 4171 601 4242 sequitur
631 4171 926 4228 necessitas
948 4172 1026 4226 rei
1063 4171 1388 4241 positionem
1439 4171 1556 4237 ³⁵³⁸,
1591 4185 1698 4225 non
1731 4185 1934 4240 praece-

349 4259 450 4314 dit.
481 4259 626 4316 Idem
665 4261 828 4327 valet,
851 4261 896 4316 si
927 4261 1008 4315 sic
1033 4261 1414 4330 pronuntietur
1465 4279 1480 4313 :
1511 4260 1665 4326 Quod
1715 4261 1840 4324 erit,
1866 4276 1933 4314 cx

352 4353 674 4410 necessitate
693 4354 824 4408 erit.
853 4351 970 4408 Non
1005 4352 1154 4407 enim
1175 4351 1320 4406 aliud
1345 4351 1616 4422 signiﬁcat
1663 4353 1780 4408 haec
1832 4366 1927 4406 ne-

349 4445 576 4501 cessitas
605 4446 718 4510 ³⁶¹⁷,
740 4445 842 4500 nisi
861 4445 986 4514 quia
1010 4445 1152 4514 quod
1179 4445 1284 4499 erit
1299 4459 1408 4498 non
1417 4443 1614 4511 poterit
1635 4442 1796 4497 simul
1814 4459 1922 4498 non

349 4547 486 4592 esse.
520 4535 728 4592 Pariter
747 4545 928 4590 autent
953 4551 1138 4590 verum
1167 4543 1247 4590 est
1277 4535 1400 4606 quia
1433 4533 1558 4597 fuit,
1613 4541 1667 4588 et
1709 4545 1820 4598 est,
1859 4545 1920 4590 et

2036 1817 2214 1876 potest
2259 1807 2373 1862 ﬁeri
2428 1821 2534 1862 non
2591 1821 2850 1876 praesens.
2889 1807 3018 1859 Rem
3073 1817 3252 1858 autem
3283 1811 3601 1872 prmsentem

2035 1914 2256 1956 necesse
2279 1908 2364 1955 est
2390 1915 2510 1956 esse
2533 1909 2850 1969 praesentem
2879 1913 3122 1965 semper;
3167 1897 3292 1966 quia
3326 1911 3426 1950 nec
3453 1895 3606 1964 prius

2034 2005 2194 2061 quam
2223 1989 2314 2058 sit,
2337 2003 2437 2044 nec
2463 1996 2749 2057 postquam
2771 1996 2853 2042 est
2875 2001 3134 2057 praesens,
3165 1995 3340 2054 potest
3367 2000 3610 2053 praesens

2033 2073 2194 2136 simul
2220 2092 2339 2134 esse
2361 2093 2463 2132 non
2490 2091 2730 2147 praesens
2759 2076 2873 2130 ³⁸³⁸.
2913 2076 3112 2134 Eodem
3144 2077 3302 2129 modo
3355 2089 3442 2128 res
3505 2073 3602 2126 ali-

2033 2185 2158 2242 qua,
2193 2179 2250 2223 ut
2275 2168 2520 2237 quadam
2550 2167 2713 2231 actio,
2751 2182 2856 2221 non
2893 2167 3216 2222 necessitate
3259 2165 3438 2220 futura
3485 2175 3606 2228 est;

2036 2260 2192 2328 quia,
2220 2259 2532 2328 priusquam
2559 2256 2650 2318 sit,
2691 2256 2808 2310 ﬁeri
2835 2265 3012 2325 potest
3036 2265 3094 2309 ut
3119 2272 3224 2310 non
3253 2256 3324 2309 sit
3369 2253 3544 2308 futura
3587 2269 3602 2306 :

2035 2365 2146 2404 rem
2175 2363 2303 2404 vero
2341 2346 2577 2400 futuram
2613 2360 2836 2402 necesse
2889 2353 2973 2400 est
3013 2359 3134 2398 esse
3176 2343 3438 2407 futuram;
3474 2358 3611 2410 quo-

2034 2440 2178 2494 niam
2219 2437 2458 2492 futuruln
2491 2436 2679 2506 nequit
2723 2451 2843 2492 esse
2885 2435 3044 2511 simul
3069 2451 3173 2488 non
3219 2433 3454 2486 futurum
3495 2433 3608 2486 6°".

2035 2537 2110 2592 De
2139 2537 2414 2606 prmterito
2442 2541 2621 2588 autem
2645 2531 2898 2588 similiter
2927 2546 3114 2585 verum
3137 2539 3216 2584 est
3245 2529 3373 2596 quia
3397 2543 3482 2582 res
3513 2528 3612 2580 ali-

2035 2645 2140 2700 qua
2172 2643 2284 2682 non
2309 2636 2390 2682 est
2416 2625 2511 2658 ³⁸³⁸
2534 2623 2858 2680 necessitate
2888 2623 3158 2692 praeterita
3178 2639 3192 2686 ;
3215 2623 3492 2690 quoniam,
3519 2635 3614 2674 an-

2036 2729 2248 2790 tequam
2275 2727 2439 2783 esset,
2465 2716 2640 2787 potuit
2663 2715 2779 2768 ﬁeri
2811 2723 2868 2770 ut
2889 2729 2994 2768 non
3027 2721 3170 2767 esset
3198 2729 3211 2766 :
3251 2722 3305 2766 et
3334 2711 3610 2780 quiaprze-

2033 2812 2254 2866 teritum
2288 2824 2502 2878 semper
2531 2820 2755 2860 necesse
2789 2811 3020 2858 estesse
3053 2802 3422 2870 praeteritum;
3467 2817 3609 2870 quo-

2034 2904 2176 2958 niam
2207 2917 2312 2956 non
2339 2909 2516 2970 potest
2541 2896 2701 2952 simul
2725 2911 2830 2950 non
2853 2909 2974 2948 esse
3005 2893 3360 2962 praeteritum.
3391 2891 3498 2946 Sed
3517 2892 3614 2924 ³⁸³⁸

2035 2995 2088 3048 in
2117 3007 2175 3048 re
2199 2991 2472 3060 prmterita
2497 2997 2580 3044 est
2600 2985 2879 3056 quiddam,
2909 2983 3171 3052 quodnon
3198 2975 3284 3036 est
3319 2982 3371 3036 in
3391 2995 3448 3035 re
3469 2997 3616 3051 prae-

2034 3081 2172 3138 senti
2203 3083 2286 3134 vel
2318 3078 2518 3134 futura.
2541 3073 2827 3144 Nunquam
2857 3072 3002 3126 enim
3035 3069 3152 3124 ﬁeri
3177 3077 3353 3138 potest
3379 3077 3438 3122 ut
3494 3083 3606 3134 res,

2033 3188 2154 3244 qua
2179 3169 2450 3240 pmterita
2479 3176 2583 3232 est,
2613 3167 2703 3222 ﬁat
2739 3180 2842 3220 non
2857 3164 3130 3234 praeterita
3155 3177 3168 3214 :
3199 3161 3341 3216 sicut
3365 3175 3452 3214 res
3468 3173 3615 3229 quas-

2034 3265 2179 3326 dam,
2205 3276 2325 3331 quae
2345 3273 2583 3329 prmsens
2609 3265 2714 3322 est,
2744 3261 2922 3325 potest
2948 3253 3060 3307 ﬁeri
3093 3268 3198 3308 non
3240 3266 3508 3321 praesens;
3561 3259 3616 3306 et

2037 3355 2219 3424 aliqua
2273 3365 2378 3414 res,
2431 3365 2552 3420 qua:
2578 3363 2683 3404 non
2709 3347 3033 3402 necessitate
3057 3343 3236 3398 futura
3274 3351 3378 3406 est,
3425 3351 3610 3408 potest

2037 3446 2152 3502 ﬁeri
2195 3453 2254 3500 υι
2285 3457 2389 3500 non
2427 3442 2496 3498 sit
2523 3439 2728 3496 futura.
2755 3438 2964 3506 Itaque,
2993 3452 3116 3490 cum
3151 3435 3346 3488 dicitur
3375 3433 3618 3488 futurum

2035 3540 2100 3593 de
2143 3537 2349 3600 inituro,
2385 3547 2606 3589 necesse
2625 3540 2710 3588 est
2745 3545 2867 3586 esse
2919 3528 3063 3598 quod
3094 3527 3329 3588 dicitur;
3371 3525 3494 3592 quia
3530 3523 3614 3576 lu-

2037 3639 2215 3682 turum
2246 3639 2520 3693 nunquam
2545 3631 2631 3678 est
2653 3638 2758 3676 non
2775 3620 3014 3676 futurum
3043 3633 3058 3672 :
3089 3617 3234 3674 sicut
3247 3616 3458 3685 quoties
3473 3617 3616 3678 idem

2033 3720 2265 3774 dicimus
2313 3718 2380 3770 de
2423 3715 2637 3770 eodem.
2669 3712 2804 3768 Cum
2833 3713 2978 3766 enim
3009 3710 3244 3764 dicimus
3263 3708 3390 3778 quia
3436 3706 3620 3762 Omnis

2037 3811 2196 3865 homo
2217 3819 2301 3863 est
2325 3808 2506 3870 homo,
2533 3805 2694 3862 autsi
2725 3815 2808 3857 est
2833 3804 2993 3856 homo
3009 3802 3170 3856 homo
3195 3808 3310 3862 est;
3337 3805 3432 3850 aut
3454 3812 3618 3850 omne

2035 3899 2216 3955 album
2267 3907 2351 3952 est
2389 3897 2594 3960 album,
2619 3903 2676 3954 et
2701 3893 2748 3948 si
2783 3901 2868 3947 est
2925 3892 3107 3944 album
3141 3889 3320 3942 album
3349 3897 3432 3942 est
3469 3905 3483 3938 :
3515 3902 3606 3940 ne-

2035 4005 2188 4046 cesse
2211 3998 2297 4044 est
2326 4002 2440 4044 esse
2467 3985 2608 4056 quod
2641 3983 2856 4044 dicitur,
2901 3981 3028 4050 quia
3052 3996 3157 4034 non
3183 3987 3362 4046 potest
3409 3977 3614 4045 aliquid

2034 4083 2194 4140 simul
2231 4095 2350 4136 esse
2379 4087 2562 4134 etnon
2591 4090 2732 4132 esse.
2755 4073 2969 4142 Quippe
2997 4072 3043 4126 si
3102 4085 3206 4124 non
3261 4076 3346 4122 est
3395 4081 3618 4122 necesse

2033 4187 2196 4228 omne
2228 4170 2472 4226 futurum
2491 4183 2614 4225 esse
2641 4167 2880 4222 futurum
2909 4183 2924 4226 ;
2951 4163 3220 4235 quoddam
3250 4161 3344 4192 ³⁵³⁸
3379 4159 3618 4214 futurum

2037 4279 2143 4320 non
2168 4273 2254 4320 est
2275 4250 2553 4318 futurum:
2585 4259 2840 4330 quodest
2881 4255 3231 4324 impossibile.
3281 4252 3620 4307 Necessitate

2037 4369 2169 4424 ergo
2205 4368 2366 4410 omne
2386 4353 2648 4415 futurum,
2679 4349 2918 4404 futurum
2945 4357 3058 4408 est;
3100 4344 3212 4400 etsi
3245 4353 3328 4398 est
3349 4343 3614 4406 futurum,

2035 4445 2274 4500 futurum
2304 4452 2408 4508 est,
2435 4457 2558 4498 cum
2587 4439 2830 4492 futurum
2861 4436 3062 4490 dicitur
3120 4435 3186 4488 de
3239 4435 3422 4488 l'uturo
3453 4447 3467 4486 :
3517 4433 3618 4494 sed

2038 4537 2136 4570 ³⁵³³
2167 4535 2492 4591 necessitate
2519 4537 2804 4598 sequente,
2829 4542 2948 4598 quae
2971 4524 3107 4582 nihil
3133 4539 3256 4580 esse
3275 4523 3446 4590 cogit.

1623 4715 1860 4773 VARUS
1901 4715 2300 4772 LECTIONES.

443 4869 535 4910 ““
607 4875 803 4932 Videor
863 4875 986 4930 inde

353 4949 481 5002 deor

1059 4888 1283 4944 peccare
1351 4891 1447 4928 ms.
1504 4871 1650 4930 Gem.

1729 4877 1860 4930 mihi
1929 4879 2118 4931 videor
2187 4877 2311 4929 inde

534 4961 775 5018 peccare
805 4945 928 5018 4""
957 4945 1016 5002 Si
1061 4942 1411 5018 inon‘pecco.
1465 4961 1590 4999 mss.
1641 4946 1848 5018 si__non
1915 4963 2081 5018 pecco
2134 4957 2188 5018 ει
2237 4961 2348 5018 ego
2387 4942 2518 4976 ‘3‘"
2577 4945 2717 5015 Ergo
2772 4945 3050 5018 sciendum
3107 4942 3451 5018 ρξε’-σηιξη..
3491 4955 3626 5006 ergo

2385 4889 2614 4944 peccare
2686 4891 2810 4928 mss.
2885 4873 3016 4928 Vict.
3084 4873 3270 4927 Cister.
3337 4871 3465 4944 mihi
3538 4870 3618 4922 vi.

355 5015 446 5050 ""
495 5005 604 5072 A'ut
661 5005 946 5088 prohibeat
1016 5029 1138 5069 esse
1193 5005 1447 5088 iniustum
1483 5033 1630 5088 Amas.
1689 5015 1877 5088 Cister.
1915 5005 2021 5072 'aut
2069 5005 2356 5088 prohibeat
2396 5029 2535 5088 eum
2597 5005 2718 5088 esse
2771 5011 3204 5088 injust_un1__““
3232 5005 3624 5088 Scilvoluntas

353 5103 458 5142 non
488 5103 612 5140 mss.
643 5083 786 5156 quod
814 5089 1211 5156 voluntasnon
1270 5083 1362 5156 “ff

353 5173 476 5212 mss.
515 5156 560 5212 si
593 5154 812 5226 priescit
843 5157 982 5211 Deus
1012 5154 1235 5226 aliquid,

1393 5084 1538 5151 Quia.
1557 5087 1636 5140 sic
1685 5100 1748 5140 ex
1785 5085 2038 5143 libertate
2072 5083 2214 5141 'mss.
2255 5095 2308 5138 ct
2363 5086 2410 5140 si
2481 5100 2546 5139 ex
2599 5085 2852 5140 libertate
2927 5085 3020 5114 ³⁸³⁸
3049 5083 3105 5136 Si

1311 5154 1406 5186 ³⁸³³
1437 5154 1490 5208 ld
1519 5165 1602 5210 est
1631 5169 1696 5210 ac
1727 5157 1772 5210 si
1823 5157 2002 5212 dicam
2065 5175 2194 5210 mss.
2253 5156 2398 5210 idem
2449 5165 2534 5210 est
2564 5171 2628 5210 ac
2683 5155 2727 5209 si
2755 5156 2931 5210 dicam
2987 5170 3084 5206 ms.

3157 5079 3374 5202 praescii
3421 5061 3628 5145 aliquid

3198 5159 3286 5202 tcl.
3333 5149 3374 5200 E
3425 5147 3488 5200 E.
3533 5149 3620 5202 15.

3198 5151 3286 5202 ἱει.
3333 5149 3374 5200 E
3425 5147 3488 5200 E.
3533 5149 3620 5204 l5.

353 5227 494 5281 idem
525 5217 610 5281 est"
638 5241 702 5281 ac
726 5225 772 5280 si
799 5227 1010 5280 dicatur
1081 5217 1174 5256 ³³⁸⁸
1204 5225 1496 5295 Ponuntur
1523 5241 1614 5280 res
1647 5241 1798 5290 esse,
1822 5228 2078 5282 dicuntur
2111 5244 2176 5283 ex
2199 5243 2325 5280 mss.
2367 5223 2501 5279 Vict.
2535 5224 2723 5279 Cisler.
2767 5225 3124 5295 ponitur‘rcm
3157 5217 3534 5295 esse,__(l_ici_tl|r
3555 5233 3618 5272 ex

353 5297 446 5330 m'
499 5295 608 5350 Aut
652 5295 776 5366 quia
825 5302 1098 5365 ponuntur
1141 5308 1245 5348 non
1276 5309 1417 5358 esse,
1442 5285 1928 5366 adhortantur-mss.
1967 5299 2101 5353 Vict.
2129 5297 2362 5365 autquia
2391 5296 2610 5364 ponitur
2631 5309 2736 5366 non
2757 5285 3243 5366 esse,_allirmatur_
3300 5287 3396 5366 ’ξξθ
3423 5285 3628 5366 Νεεεερ.

353 5367 485 5422 sitas
509 5381 628 5436 qua:
649 5357 733 5436 r'ei
758 5357 1078 5436 positionem
1107 5380 1232 5418 mss.
1271 5357 1566 5419 neceSsitas
1621 5367 1696 5420 rei
1747 5369 2070 5435 positionem
2147 5357 2270 5402 κη’
2293 5357 2576 5436 Signiﬁcat
2599 5365 2688 5436 hic
2716 5364 3018 5436 necessitas
3043 5377 3172 5436 mss.
3199 5357 3472 5427 signiﬁcat
3505 5357 3621 5436 haec

355 5428 649 5492 necessitas
719 5428 812 5468 ³⁸³⁸
837 5434 1008 5489 Simul
1033 5449 1152 5489 esse
1168 5443 1359 5494 et,non
1392 5449 1630 5502 praesens
1658 5428 1782 5490 mss'.
1817 5439 1974 5492 simul
2003 5453 2124 5493 esse
2147 5453 2252 5492 non
2281 5428 2520 5504 praesens
2595 5434 2688 5466 ³⁸⁸³
2713 5433 2886 5488 Simul
2913 5441 3096 5485 etnon
3121 5429 3362 5484 futurum
3395 5443 3522 5480 mss.
3547 5428 3620 5481 si-

357 5507 468 5560 mul
497 5521 602 5576 non
628 5506 863 5558 futurum
941 5503 1242 5576 i‘”Aquua
1269 5520 1410 5558 nunc
1429 5513 1510 5576 est
1534 5522 1665 5576 mss:
1692 5505 1868 5576 aliqua
1896 5523 2000 5562 non
2032 5519 2116 5562 est
2189 5503 2472 5560 “"Simul
2493 5517 2616 5576 esse
2637 5504 3006 5576 przeteritum,
3021 5511 3075 5556 et
3121 5517 3226 5555 non
3246 5513 3368 5553 esse
3391 5505 3618 5576 praeter-

355 5579 508 5630 itum.
533 5573 638 5629 Sed
665 5592 787 5644 mss.
807 5575 961 5629 simul
989 5589 1092 5629 non
1115 5567 1233 5628 casse
1255 5575 1608 5644 prmioritnm.
1634 5573 1740 5628 Sed
1785 5567 1894 5610 ’³³³⁸
1913 5577 2336 5632 Ornnel'nturum
2369 5575 2510 5644 quod
2537 5567 2806 5644 futurum:
2829 5567 3248 5644 qttodtlamimss.
3281 5583 3442 5624 omne
3470 5567 3614 5644 ιυιυτ

357 5661 617 5710 ruma-sse
669 5643 906 5699 futurum
939 5663 950 5698 :
977 5643 1266 5707 quoddan

1347 5644 1441 5677 m'
1465 5644 1527 5700 Et
1553 5659 1674 5698 cum
1725 5645 1968 5704 futurum
1999 5649 2202 5706 dicitur
2229 5649 2295 5702 de
2349 5635 2548 5708 futuro,
2585 5643 2630 5697 si
2659 5653 2744 5699 est
2787 5635 3060 5708 l‘uiurum,
3107 5643 3346 5698 futurum
3391 5648 3498 5704 est,
3527 5635 3628 5690 sed.
