3940 6046
303 267 394 324 5H

838 270 897 326 S.
938 267 1234 326 ANSELMI
1271 268 1625 326 CANTUAR.
1667 270 1988 327 ARClllEP.
2033 270 2187 328 OPP.
2222 268 2402 329 PARS
2432 273 2470 327 1.
2496 303 2563 313 -
2605 270 3025 329 DOGMATICA.

3439 274 3544 330 5η

289 381 416 437 Cap.
462 380 544 435 lll.
580 411 651 421 --
690 380 841 455 Quod
877 382 1033 436 libere
1062 385 1260 450 futura,
1294 398 1417 455 non
1440 383 1539 435 sint
1577 384 1865 436 necessaria
1899 390 1941 443 Α
1972 393 2183 453 sponte,
2218 399 2321 439 non
2351 391 2692 454 operaretur,
2719 384 2964 454 quamvis
2988 383 3128 455 quod
3149 383 3298 448 facil,
3325 397 3550 440 necesse

525 453 827 506 necessitate
847 455 1187 522 pr-wredeme,
1214 452 1303 505 sed
1326 464 1592 521 sequente.

365 540 497 596 Cum
546 551 725 594 autem
752 539 992 595 futurum
1018 541 1218 596 dicitur
1250 542 1317 594 de
1354 556 1435 604 re,
1490 555 1597 595 non
1655 555 1870 607 semper

292 645 381 685 res
406 631 726 685 necessitate
747 640 847 694 est,
874 633 1121 701 quamvis
1142 632 1215 686 sit
1243 630 1612 706 futura..Nam
1645 631 1689 685 si
1714 632 1865 684 dico:

293 718 426 773 Cras
454 720 641 772 seditio
670 720 857 789 futura
893 731 967 774 est
999 722 1055 774 in
1076 722 1291 792 populo,
1327 737 1432 775 non
1459 729 1640 775 tamen
1676 736 1869 776 neces-

295 815 458 867 sitate
483 813 589 866 erit
619 813 833 868 seditio.
863 813 1047 869 Potest
1067 816 1210 869 enim
1230 814 1370 876 fieri,
1388 822 1679 882 antequam
1696 813 1788 880 sit,
1814 821 1871 868 ut

296 919 402 957 non
464 904 580 969 fiat,
626 905 841 958 etiamsi
883 915 967 958 est
1016 904 1195 958 futura
1228 904 1343 954 ³⁸³⁸.
1392 903 1697 972 Aliquando
1741 916 1872 957 vero

294 1002 400 1057 est,
450 1002 505 1045 ut
532 1007 622 1047 res
650 994 719 1048 sit
741 1010 804 1049 ex
836 996 1163 1051 necessitate
1192 1010 1313 1064 quae
1336 994 1535 1049 dicitur
1566 994 1772 1059 futura,
1806 1005 1864 1049 ιιι

294 1085 340 1137 si
383 1083 502 1136 dico
550 1098 667 1136 crus
695 1101 804 1137 esse
833 1083 1072 1152 futurum
1102 1095 1275 1138 ortum
1300 1083 1524 1138 solis.Si
1573 1098 1703 1153 ergo
1740 1099 1864 1138 cum

301 1175 633 1229 necessitate
689 1176 927 1228 futurum
987 1175 1281 1246 pronuntio
1328 1177 1393 1229 de
1428 1190 1486 1229 re
1544 1174 1721 1227 futura
1773 1178 1874 1230 hoc

297 1265 479 1332 modo,
510 1268 704 1321 seditio
766 1282 887 1321 cras
938 1267 1138 1331 futura,
1196 1267 1521 1321 necessitate
1549 1265 1726 1318 futura
1753 1275 1871 1332 est;

301 1354 413 1423 anl‘,
477 1370 632 1413 ortus
668 1359 799 1414 solis
831 1374 955 1413 cras
986 1358 1224 1423 futurus,
1275 1357 1602 1412 necessitate
1654 1355 1872 1413 futurus

295 1455 379 1500 est
412 1464 425 1500 :
455 1448 650 1502 seditio
675 1449 914 1517 quidem,
959 1463 1077 1516 quze
1126 1462 1231 1501 non
1260 1448 1367 1502 erit
1409 1461 1473 1500 ex
1528 1448 1872 1514 necessitate,

300 1537 414 1591 sola
447 1541 692 1607 sequenti
721 1539 1042 1593 necessitate
1072 1537 1256 1593 futura
1287 1540 1584 1602 asseritnr;
1634 1541 1760 1609 quia
1795 1540 1876 1594 fu-

300 1640 420 1681 tura
453 1629 518 1684 de
545 1630 723 1683 futura
743 1630 943 1685 dicitur
975 1646 988 1681 :
1027 1631 1071 1685 si
1090 1632 1233 1685 enim
1267 1647 1391 1686 cras
1415 1632 1597 1687 futura
1636 1643 1746 1698 est,
1779 1636 1899 1685 ne-‘

300 1720 558 1773 cessitate
598 1719 779 1774 futura
807 1730 889 1774 est
928 1730 1137 1776 :ortus
1176 1737 1303 1777 vero
1349 1723 1482 1778 solis
1520 1725 1730 1779 duabus
1781 1739 1877 1778 ne-

304 1810 655 1866 cessitatibus
703 1811 918 1869 futurus
963 1812 1304 1884 intelligitur,
1335 1815 1539 1869 scilicet
1588 1824 1642 1869 et
1673 1830 1878 1885 praece-

300 1900 446 1954 denti
474 1916 594 1970 qua:
619 1901 749 1957 facit
799 1917 912 1957 rem
980 1918 1123 1968 esse,
1172 1903 1293 1982 ideo
1321 1905 1466 1958 enim
1488 1907 1590 1959 erit
1620 1905 1745 1975 quia
1786 1920 1879 1959 ne-

299 2006 453 2045 cesse
493 1999 577 2045 est
623 2000 682 2045 ιιι
732 1993 830 2057 sit;
860 2002 916 2047 et
944 1994 1219 2063 sequenti,
1263 2009 1383 2063 quae
1409 1994 1539 2049 nihil
1562 1997 1705 2064 cogit
1736 2008 1877 2059 esse,

300 2077 557 2143 quoniam
579 2076 794 2132 idcirco
825 2078 1151 2134 necessitate
1186 2080 1401 2134 futurus
1429 2088 1534 2145 est,
1576 2080 1702 2149 quia
1736 2078 1882 2133 futu—

303 2183 397 2221 rus
428 2179 533 2224 eat.
563 2168 929 2240 Quapmpter,
961 2186 1085 2226 eum
1113 2172 1343 2227 dicimus
1399 2173 1524 2242 quia
1568 2174 1708 2242 quod
1741 2172 1884 2229 Deus

303 2261 520 2326 praescit
544 2258 808 2328 futurum,
843 2278 1065 2319 necesse
1098 2272 1182 2319 est
1204 2279 1323 2319 esse
1347 2263 1615 2328 futurum,
1655 2280 1760 2319 non
1793 2281 1881 2320 as-

302 2349 535 2404 serimus
562 2350 656 2383 ³⁶³⁸
687 2367 901 2421 semper
931 2368 1042 2408 rem
1070 2369 1190 2410 esse
1213 2358 1543 2411 necessitate
1602 2357 1840 2410 futuram
1864 2372 1879 2423 ;

303 2440 398 2493 sed
445 2457 556 2496 rem
593 2443 853 2506 futuram,
900 2446 1230 2502 necessitate
1276 2463 1398 2503 esse
1449 2449 1711 2504 futuram.
1767 2447 1883 2502 Non

302 2530 446 2584 enim
467 2542 644 2602 potest
667 2534 905 2588 futurum
926 2535 1088 2588 simul
1117 2551 1223 2590 non
1251 2550 1375 2591 esse
1396 2537 1663 2591 futurum.
1728 2537 1879 2591 Idem

304 2634 498 2676 sensus
524 2631 629 2689 est,
658 2625 703 2677 si
737 2625 817 2678 sic
840 2625 1041 2678 dicitur
1074 2643 1087 2677 :
1122 2625 1182 2680 Si
1213 2626 1354 2681 Deus
1409 2629 1617 2697 prtescit
1658 2627 1883 2695 aliquid,

307 2726 412 2765 non
433 2714 678 2767 addendo
694 2715 931 2784 futurum
946 2733 960 2781 ;
977 2717 1232 2787 quoniam
1248 2719 1301 2771 in
1313 2720 1556 2788 prtescire
1571 2719 1888 2790 intelligitur

307 2800 564 2867 futurum.
590 2802 721 2858 Nam
742 2821 847 2859 ιιοιι
866 2816 946 2860 est
974 2807 1116 2861 aliud
1144 2810 1396 2877 praescire
1408 2824 1570 2880 quam
1584 2809 1725 2865 scire
1742 2808 1886 2863 futu-

308 2904 451 2954 rtnn;
477 2901 533 2945 et
559 2893 676 2947 ideo
700 2894 743 2947 si
762 2896 976 2963 praeseit
1003 2896 1143 2952 Deus
1171 2897 1403 2967 aliquid,
1422 2908 1743 2954 necesseest
1760 2898 1890 2953 illud

306 2995 428 3036 esse
440 2982 551 3035 t'utu
563 3001 696 3037 rum.
724 2985 838 3040 Non
850 3002 982 3059 ergo
1002 3005 1218 3060 semper
1238 2992 1485 3061 sequitur
1499 2992 1888 3061 praescientiam

308 3073 423 3137 Dei,
458 3089 570 3128 rem
595 3078 918 3134 necessitate
941 3079 1179 3135 futuram
1202 3096 1358 3148 esse;
1390 3083 1886 3153 quoniam,quam-
1918 3087 1963 3150 C

310 3164 392 3216 vis
418 3168 596 3221 omnia
616 3167 796 3224 futura
826 3172 1095 3240 pt'tesciat,
1123 3189 1226 3227 non
1255 3183 1432 3229 tamen
1458 3176 1669 3246 pra‘scit
1689 3184 1885 3231 cuncta

308 3252 491 3307 futura
545 3259 890 3323 necessitate,
947 3260 1039 3315 sed
1081 3263 1327 3332 quaedam
1359 3264 1578 3333 praescit
1621 3279 1686 3319 ex
1719 3264 1889 3319 libera

311 3345 589 3401 rationalis
634 3359 902 3405 creatura:
953 3351 1231 3408 voluntate
1298 3353 1504 3410 futura.
1578 3353 1885 3410 Notandum

308 3437 509 3507 quippe
545 3440 812 3510 estquia,
856 3442 997 3498 sicut
1039 3457 1262 3499 necesse
1296 3459 1403 3499 non
1437 3452 1524 3500 est
1556 3443 1728 3500 Deum
1755 3443 1888 3499 velle

308 3528 453 3595 quod
490 3528 633 3594 vult;
665 3530 738 3584 ita
763 3545 985 3588 necesse
1003 3542 1088 3589 est
1129 3534 1182 3588 in
1210 3533 1397 3591 multis
1436 3535 1576 3590 velle
1608 3536 1885 3591 hominem

307 3619 453 3687 quod
484 3619 639 3682 vult;
678 3629 756 3686 et,
788 3622 933 3678 sicut
984 3639 1207 3682 necesse
1243 3633 1330 3682 est
1386 3626 1483 3658 ⁸⁸³⁸
1535 3640 1679 3694 esse,
1732 3626 1888 3697 quid-

311 3709 440 3778 quid
472 3710 615 3768 Deus
643 3713 784 3777 vult;
823 3713 896 3769 ita
916 3730 1138 3772 necesse
1161 3725 1246 3771 est
1261 3730 1405 3783 esse,
1421 3717 1565 3788 quod
1595 3718 1709 3773 vult
1722 3719 1886 3775 homo

311 3798 366 3853 in
392 3799 498 3864 bis,
527 3817 648 3872 qua:
688 3803 831 3861 Deus
856 3805 926 3860 ita
977 3805 1158 3863 subdit
1189 3807 1440 3864 humanas
1489 3807 1784 3874 voluntati,
1829 3818 1889 3864 ut

312 3890 405 3924 ³⁸⁸⁷
434 3893 479 3948 si
519 3894 631 3950 vult
654 3895 986 3963 tiant,sinon
1010 3898 1122 3954 vult
1147 3915 1252 3955 non
1281 3900 1432 3955 flant.
1456 3900 1723 3969 Quoniam
1738 3901 1884 3957 enim

312 3987 455 4052 quod
480 3985 621 4043 Deus
647 3988 780 4057 vult,
815 4005 920 4046 non
954 3998 1133 4060 potest
1162 4007 1268 4046 non
1297 4006 1445 4058 esse;
1473 4006 1597 4046 cum
1641 3990 1753 4045 vult
1791 3990 1891 4047 ho-

313 4075 477 4129 ntinis
500 4078 829 4132 voluntatem
854 4079 994 4132 nulla
1017 4080 1136 4148 cOgi
1167 4079 1250 4133 vel
1275 4080 1549 4150 prohiberi
1565 4080 1890 4137 necessitate

313 4166 380 4218 ad
412 4165 725 4233 volendntn;
781 4169 862 4222 vel
899 4170 965 4221 ad
1013 4183 1118 4221 non
1177 4169 1493 4234 volentium,
1530 4178 1588 4223 et
1619 4168 1732 4224 vult
1760 4168 1890 4225 elle-

314 4264 461 4310 ctum
493 4258 644 4327 sequi
676 4259 1034 4326 voluntatem;
1070 4269 1199 4315 tunc
1245 4274 1465 4316 necesse
1501 4271 1589 4317 est
1640 4261 1890 4319 volunta-

316 4353 423 4399 tem
456 4362 575 4402 esse
593 4345 839 4417 liberam,
880 4359 936 4406 et
963 4366 1083 4406 esse
1112 4350 1255 4420 quod
1308 4350 1444 4405 vult.
1473 4350 1531 4406 In
1574 4351 1882 4422 huiusmodi

1970 477 2041 531 sit
2069 474 2210 540 fieri,
2235 484 2291 530 ut
2314 491 2475 546 supra
2504 475 2637 531 dixi.
2661 473 2817 540 Nam,
2849 475 3102 546 quoniam
3129 490 3237 530 non
3264 484 3349 531 est
3402 475 3549 530 aliud

1973 568 2042 624 ibi
2072 584 2316 639 peccare,
2346 584 2507 638 quam
2535 568 2674 624 velle
2698 568 2839 638 quod
2866 583 2970 623 non
3001 568 3187 634 debet;
3216 568 3292 623 ita
3321 584 3427 623 non
3465 575 3551 623 est

1970 670 2248 728 peccatum
2298 659 2594 714 voluntatis
2627 660 3017 725 necessarium,
3063 660 3203 716 sicut
3250 660 3388 716 velle
3440 674 3549 715 non

1971 760 2054 809 est
2074 751 2438 807 necessarium
2471 767 2487 805 :
2517 760 2696 806 tamen
2722 766 2907 807 verum
2937 759 3022 807 est
3040 752 3165 821 quia
3193 752 3238 807 si
3262 751 3555 807 vulthomo

1973 855 2222 912 peccare,
2249 855 2474 896 necesse
2501 849 2583 896 est
2607 855 2729 895 eum
2760 856 3016 909 peccare;
3039 842 3133 898 sed
3153 856 3218 896 ea
3257 842 3553 898 necessita-

1976 947 2027 994 te
2055 954 2215 1008 quam
2244 953 2407 1008 supra
2452 938 2560 993 dixi
2590 937 2744 1010 (Cap.
2772 937 2830 1008 2)
2859 937 2993 993 nihil
3013 952 3207 1015 cogere
3241 948 3335 994 aut
3369 940 3553 1009 prohi-

1976 1029 2121 1083 bere.
2152 1027 2334 1098 Itaque
2359 1028 2501 1096 quod
2520 1027 2639 1080 vult
2661 1026 2830 1082 libera
2875 1026 3145 1094 voluntas,
3194 1038 3248 1083 et
3291 1037 3469 1098 potest
3496 1039 3555 1084 ee

1976 1135 2082 1175 non
2108 1127 2284 1188 potest
2336 1134 2442 1175 non
2484 1118 2641 1185 velle,
2663 1127 2719 1174 et
2759 1133 2986 1174 necesse
3008 1128 3091 1174 est
3122 1134 3241 1174 eam
3268 1120 3405 1176 velle
3434 1121 3555 1174 m’.

1977 1212 2157 1267 Potest
2182 1226 2414 1279 namque
2446 1225 2548 1265 non
2575 1209 2709 1266 velle
2736 1219 3025 1280 antequam
3057 1211 3205 1277 velit,
3228 1212 3351 1281 quia
3379 1212 3547 1267 libera

1976 1311 2087 1365 est;
2115 1311 2170 1355 et
2191 1317 2312 1355 cum
2333 1301 2444 1371 jam
2471 1300 2581 1354 vult
2613 1300 2734 1366 κδ’,
2768 1316 2873 1354 non
2898 1309 3077 1368 potest
3118 1316 3222 1355 non
3275 1302 3435 1369 velle,
3457 1303 3554 1358 sed

1977 1408 2096 1448 eam
2127 1389 2260 1445 velle
2290 1405 2513 1445 necesse
2548 1400 2659 1456 est;
2690 1390 2946 1459 quoniam
2972 1389 3306 1460 impossibile
3341 1390 3429 1444 ille
3470 1400 3558 1446 est

1979 1485 2207 1555 idipsum
2235 1483 2392 1539 simul
2415 1493 2469 1537 et
2497 1482 2632 1539 velle
2657 1492 2711 1537 et
2740 1498 2846 1536 non
2866 1482 3017 1537 velle.
3049 1481 3195 1549 Opus
3223 1497 3353 1538 vero
3365 1482 3559 1537 volun-

1980 1575 2122 1635 tatis.
2148 1576 2231 1630 cui
2250 1575 2429 1629 datum
2461 1582 2547 1629 est
2566 1582 2624 1628 ut
2646 1573 2787 1643 quod
2818 1572 2932 1627 vult
2958 1573 3048 1638 sit,
3083 1582 3138 1627 et
3163 1573 3306 1643 quod
3325 1588 3429 1627 non
3446 1572 3562 1628 vult

1981 1680 2087 1719 non
2148 1665 2239 1733 sit,
2292 1663 2653 1720 voluntarium
2699 1663 2815 1718 sive
2856 1676 3212 1734 spontaneum
3258 1673 3368 1730 est;
3423 1680 3561 1734 quo—

1911 1737 1955 1797 Β
1987 1756 2129 1811 niam
2156 1765 2449 1825 spontanea
2474 1754 2747 1811 voluntate
2774 1754 2836 1810 ﬁt
2864 1772 2878 1810 :
2908 1765 2962 1811 et
2992 1756 3239 1811 bifariam
3265 1771 3350 1810 est
3375 1770 3563 1811 neces-

1980 1848 2208 1911 sarium,
2242 1849 2367 1919 quia
2389 1856 2444 1905 et
2474 1848 2748 1905 voluntate
2767 1848 3196 1920 cogitnrtieri,et
3211 1848 3352 1919 quod
3369 1851 3429 1903 tit
3454 1863 3567 1904 non

1982 1953 2164 2012 poteSt
2191 1941 2353 1997 simul
2409 1956 2515 1996 non
2568 1940 2706 1996 fieri.
2742 1939 2847 1996 Sed
2888 1942 2988 1996 has
3030 1940 3382 1995 necessitates
3433 1938 3566 1997 facit

1982 2034 2275 2090 voluntatis
2302 2032 2541 2097 libertas,
2571 2047 2711 2102 quat,
2737 2031 3051 2101 priusquam
3081 2031 3211 2096 sint,
3240 2046 3333 2085 eas
3371 2045 3571 2085 cavere

1984 2133 2183 2195 potest.
2215 2124 2341 2179 llaec
2363 2124 2542 2179 omnia
2569 2122 2727 2185 Dens,
2750 2123 2838 2191 qui
2867 2122 2970 2177 scit
3024 2136 3240 2177 omnem
3278 2122 3563 2176 veritatem

1988 2225 2042 2270 ct
2075 2216 2285 2271 nonnisi
2317 2215 2616 2278 veritatem,
2645 2215 2783 2269 sicut
2808 2225 2930 2269 sunt
2957 2222 3255 2285 spontanea
3282 2212 3365 2269 vel
3381 2227 3568 2267 neces-

1985 2307 2145 2370 saria,
2162 2307 2324 2372 videt,
2339 2307 2541 2362 etsicut
2557 2305 2722 2373 videt,
2744 2306 2816 2360 ita
2829 2315 2974 2361 sunt.
2994 2306 3245 2376 llacergo
3259 2305 3571 2363 considera—

1988 2398 2133 2454 tione
2164 2398 2341 2468 palam
2355 2405 2437 2451 est
2467 2397 2591 2467 quia
2618 2397 2733 2453 sine
2760 2397 2906 2452 omni
2933 2396 3307 2468 repugnantia,
3330 2406 3385 2450 et
3426 2396 3572 2450 Deus

1988 2489 2204 2559 praescit
2246 2490 2451 2555 omnia,
2489 2500 2547 2543 et
2578 2472 2744 2543 multa
2773 2488 2911 2544 ﬁunt.
2937 2504 3004 2545 ex
3051 2480 3217 2544 libera
3266 2487 3567 2552 voluntate,

1988 2596 2144 2650 quae,
2218 2589 2507 2653 antequam
2552 2579 2706 2644 sint,
2767 2578 2881 2633 fieri
2930 2587 3108 2648 potest
3158 2584 3218 2633 ut
3294 2591 3569 2646 nunquam

1988 2673 2126 2737 sint;
2186 2680 2242 2726 et
2291 2681 2472 2726 tamen
2540 2670 2936 2741 quodammodo
2988 2680 3115 2726 sunt
3182 2669 3507 2725 necessitate
3552 2685 3568 2720 :

1989 2777 2110 2832 quae
2153 2761 2450 2817 necessitas
2475 2799 2491 2827 ,
2533 2768 2592 2814 ut
2619 2759 2753 2826 dixi,
2799 2759 3075 2816 descendit
3098 2759 3163 2815 de
3186 2758 3355 2814 libera
3385 2757 3573 2813 volun-

1992 2862 2121 2910 tate.
3492 2846 3513 2865 ‘

1993 2986 2120 3042 Car.
2135 2985 2364 3041 lV.—Si
2374 2985 2701 3051 prmseientia
2714 2984 2809 3055 Dei
2830 2986 3184 3040 necessitatem
3210 2985 3397 3055 ingerit
3420 2984 3574 3038 rebus

2062 3072 2195 3136 quas
2222 3057 2429 3125 prtescit
2448 3072 2478 3138 _;_
2514 3056 2623 3138 ipse
2650 3054 2786 3112 nihil
2816 3055 2944 3125 facit
2969 3071 3034 3109 ex-
3065 3054 3321 3120 libertate,
3343 3055 3435 3108 sed
3459 3070 3572 3109 om-

2066 3134 2153 3181 nia
2177 3141 2242 3179 ea:
2263 3134 2588 3180 ιιεσεσκὶιαιε.

2061 3250 2325 3322 Cognosci
2377 3258 2559 3322 potest
2597 3251 2764 3307 etiam
2807 3265 2915 3306 non
2977 3250 3161 3305 omnia
3193 3263 3315 3319 qua:
3354 3249 3578 3319 praescit

1989 3343 2134 3399 Deus
2151 3356 2273 3398 esse
2298 3356 2365 3398 es
2390 3341 2718 3398 necessitate
2736 3383 2753 3410 ,
2777 3341 2875 3398 sed
2901 3342 3149 3412 quadam
3178 3339 3293 3395 ﬁeri
3309 3354 3375 3394 ex
3407 3338 3575 3394 liber-

1991 3440 2103 3488 tate
2128 3431 2457 3500 voluntatis;
2508 3432 2660 3503 quia,
2704 3447 2830 3489 cum
2860 3431 2955 3469 ““
3004 3433 3121 3488 vult
3158 3440 3254 3487 aut
3277 3431 3406 3488 facit
3433 3431 3578 3488 Deus

1989 3517 2348 3589 aliquid,sive
2364 3517 2662 3575 secundum
2691 3517 3236 3576 aeternitatisdicatnr
3258 3517 3578 3573 immutabi-

1989 3616 2095 3671 lem
2117 3613 2465 3685 praesentiam
2485 3612 2604 3680 ⁸⁸⁵⁸.
2640 3613 2697 3670 ιιι
2725 3627 2835 3684 qua
2858 3611 2992 3669 nihil
3012 3620 3098 3669 est
3123 3612 3453 3684 praeteritum
3482 3620 3579 3667 aut

1994 3705 2156 3779 125
2171 3706 2411 3763 futurum
2423 3743 2444 3773 ,
2469 3704 2571 3763 sed
2590 3704 2774 3762 omnia
2785 3702 2946 3761 simul
2965 3712 3094 3761 sunt
3104 3703 3223 3761 sine
3235 3702 3382 3760 omni
3396 3710 3578 3768 motu;

1995 3789 2076 3861 ut,
2101 3797 2148 3854 si
2179 3797 2415 3854 dicimus
2433 3795 2562 3867 quia
2577 3810 2685 3853 non
2709 3794 2984 3852 voluitaut
3005 3794 3170 3860 volet,
3201 3808 3302 3851 nec
3321 3792 3450 3850 fecit
3482 3801 3581 3848 aut

1990 3892 2154 3951 faciet
2197 3893 2442 3966 aliquid.
2503 3891 2601 3950 sed
2653 3898 2863 3948 tanttnn
2919 3889 3038 3947 vult
3057 3890 3152 3924 "“
3178 3897 3234 3947 et
3276 3889 3437 3955 facit;
3462 3890 3579 3946 sive

1989 3983 2289 4039 secundum
2304 3992 2516 4054 tempus
2524 3981 2673 4037 velut
2694 3996 2819 4037 cum
2837 3980 3166 4053 proferimus
3174 3980 3303 4051 quia
3328 3979 3473 4036 volet
3485 3986 3579 4034 aut

1989 4074 2155 4130 thciet
2176 4075 2319 4144 quod
2339 4073 2578 4129 nondum
2590 4072 2794 4129 factum
2812 4071 3356 4145 essecognoscimus:
3389 4070 3575 4140 negari
3632 4094 3633 4097 η

1988 4169 2176 4240 nequit
2200 4168 2345 4225 scire
2367 4183 2487 4239 qua
2516 4168 2631 4224 vult
2653 4176 2709 4223 et
2736 4168 2897 4235 facit,
2932 4178 2988 4224 et
3015 4167 3413 4239 praescirequz
3432 4164 3578 4222 volet

1990 4270 2153 4331 atque
2177 4258 2361 4315 faetet.
2388 4259 2571 4328 Quare
2592 4261 2638 4316 si
2665 4259 2981 4331 sciremque
3002 4258 3256 4330 praescire
3266 4256 3360 4313 Dei
3384 4270 3577 4313 neces-

1990 4353 2209 4409 sitatem
2238 4352 2431 4424 ingerit
2460 4352 2734 4416 omnibus,
2757 4366 2880 4422 qua:
2907 4350 3011 4407 scit
3036 4359 3131 4406 ιιιιι
3151 4349 3407 4421 pressit;
3442 4347 3579 4404 nihil

315 4454 445 4511 ergo
468 4457 653 4496 verum
706 4452 787 4498 est
815 4445 940 4515 quia
993 4443 1321 4500 necessitate
1376 4444 1449 4498 sit
1481 4459 1616 4515 opus
1655 4446 1882 4514 peccati,
1917 4434 1964 4494 ι)
1989 4444 2283 4500 secundum
2313 4444 2671 4499 aeternitatem
2699 4450 2795 4496 aut
2823 4441 3119 4498 secundum
3140 4440 3308 4496 ullum
3340 4449 3574 4511 tempus.

314 4532 455 4599 quod
488 4532 600 4587 vult
652 4535 812 4588 homo
864 4536 1073 4598 facere;
1126 4534 1376 4603 quamvis
1402 4549 1510 4590 non
1559 4536 1886 4589 necessitate

316 4622 463 4677 Velit.
491 4624 643 4691 Quod
663 4626 708 4679 si
733 4625 994 4693 qumritur
1020 4626 1086 4680 de
1119 4637 1341 4696 peccato
1362 4628 1532 4697 ipsius
1566 4627 1889 4695 voluntatis,

314 4727 435 4767 cum
467 4712 926 4783 peccatvolendo,
970 4724 1148 4768 utrum
1184 4718 1257 4770 sit
1281 4717 1627 4780 necessitate,
1667 4730 1893 4786 respon-

314 4804 549 4860 dendum
579 4815 661 4860 est
686 4805 810 4876 quia
842 4806 979 4861 sicut
1014 4822 1117 4861 non
1147 4807 1262 4862 vult
1287 4809 1630 4873 necessitate,
1674 4809 1747 4862 ita
1780 4822 1887 4862 non

315 4906 400 4953 est
427 4906 704 4968 peccatum
738 4897 1028 4954 voluntatis
1053 4901 1395 4956 necessitate.
1416 4900 1524 4956 Nec
1540 4901 1889 4957 necessitate.

314 4999 571 5059 operatur
628 4990 818 5045 eadem
870 4990 965 5023 ⁸⁸³⁸
1015 4990 1291 5058 voluntas;
1331 4992 1456 5063 quia
1491 4993 1675 5048 sinon
1727 4992 1888 5047 vellet

1991 4534 2108 4588 vult
2140 4543 2234 4587 aut
2259 4531 2423 4587 faciet
2451 4533 2566 4602 ipse
2589 4546 2654 4587 ex
2682 4532 2932 4587 libertate
2952 4570 2968 4596 ,
2998 4531 3090 4587 sed
3110 4530 3292 4586 omnia
3316 4543 3381 4585 es
3397 4544 3581 4586 neces-

1992 4626 2199 4681 sitate':
2243 4624 2387 4695 quod
2445 4624 2491 4680 si
2542 4622 2838 4678 absurdum
2890 4632 2973 4678 est
3016 4622 3102 4676 vel
3161 4623 3403 4692 Opinari,
3469 4637 3575 4676 non

1992 4715 2320 4773 necessitate
2356 4723 2438 4769 est
2463 4722 2558 4767 aut
2587 4723 2830 4780 nonest,
2880 4729 3043 4769 omne
3090 4714 3232 4784 quod
3287 4712 3393 4767 scit
3437 4712 3579 4766 Deus

1992 4813 2086 4859 aut
2112 4802 2329 4874 praescit
2370 4818 2493 4859 esse
2527 4802 2611 4858 vel
2638 4818 2742 4858 non
2771 4818 2910 4859 esse.
2966 4802 3106 4875 Ergo
3143 4802 3277 4857 nihil
3326 4800 3577 4872 prohibet

1994 4895 2195 4966 aliquid
2224 4895 2351 4951 sciri
2381 4894 2463 4948 vel
2486 4894 2726 4964 praesciri
2750 4894 2821 4948 ab
2854 4893 2943 4947 illo
2997 4893 3049 4946 in
3106 4890 3305 4948 nostris
3331 4891 3580 4948 volunta-

2002 4989 2144 5044 tibus
2178 4996 2233 5044 et
2254 4986 2555 5043 actionibus
2579 4985 2693 5041 fieri
2715 5025 2732 5051 ,
2764 4995 2857 5040 aut
2880 4984 3118 5039 futurum
3146 4996 3264 5040 esse
3308 4995 3407 5054 per
3445 4982 3580 5039 libe-

1593 5143 1829 5200 VARLE
1868 5137 2278 5198 LECTIONES.

317 5296 446 5353 mss.
472 5292 529 5340 et
570 5283 614 5338 si
639 5292 725 5338 est
747 5281 1005 5342 futurum.
1036 5280 1276 5353 futurum
1302 5289 1406 5353 est,
1443 5296 1569 5336 eum
1626 5279 1867 5353 futurum
1896 5277 2099 5332 dicitur
2129 5276 2196 5331 de
2223 5271 2589 5353 futuro_;‘_se_d
2651 5271 2950 5353 f"f_l'_3tiam
2983 5286 3103 5340 qua:
3123 5270 3304 5326 futura
3334 5280 3422 5353 est
3446 5286 3574 5353 nus.

316 5351 528 5408 etiamsi
558 5364 640 5408 est
675 5354 853 5408 futura
931 5341 1025 5386 'm
1056 5351 1171 5406 Non
1223 5341 1522 5406 asserimus
1571 5367 1697 5405 mss.
1737 5349 1874 5404 Vict.
1915 5363 2024 5402 non
2069 5347 2335 5402 asseritur
2410 5343 2504 5376 ³⁸⁸⁸
2533 5342 2600 5397 Et
2622 5341 2877 5397 similiter
2924 5356 3147 5396 necesse
3190 5358 3321 5396 mss.
3354 5350 3410 5396 et
3436 5342 3580 5395 sicut

319 5435 541 5492 necesse
613 5425 706 5461 “’7
740 5423 999 5477 Humana:
1024 5431 1232 5477 naturai
1255 5431 1310 5475 et
1351 5420 1637 5492 voluntati,
1688 5430 1746 5473 ut
1794 5434 1920 5472 mss.
1972 5418 2220 5492 humana:
2269 5414 2559 5492 voluntati,
2592 5422 2650 5467 ut
2725 5411 2822 5492 "'_'
2852 5410 3184 5492 Operaretur
3213 5412 3402 5492 eadem
3447 5426 3577 5492 mss.

327 5487 830 5563 yict._operaretur
850 5494 1039 5549 eadem
1115 5492 1209 5525 ³⁸³⁸
1239 5491 1341 5563 Est
1367 5506 1493 5545 eum
1521 5480 1658 5544 velle
1687 5496 1928 5563 niss._est
1949 5502 2070 5542 eam
2103 5486 2241 5563 velle
2314 5485 2415 5563 “‘°_
2446 5484 2510 5538 Et
2567 5499 2691 5537 cum
2715 5480 3007 5563 vultnmss.
3035 5490 3091 5563 et
3141 5497 3266 5563 cum
3306 5481 3424 5563 jam
3450 5480 3582 5563 _vult

321 5559 414 5592 ’“‘
472 5548 578 5616 Per
627 5563 730 5616 hoc
754 5564 895 5684 quod
945 5579 1069 5618 cum
1092 5578 1219 5616 mss.
1253 5561 1381 5632 quia
1422 5576 1546 5615 cum
1598 5576 1725 5614 mss.
1774 5556 1967 5612 Cister.
2024 5572 2121 5624 per
2174 5557 2276 5610 hoc
2325 5555 2453 5624 quia
2515 5569 2637 5608 cum
2714 5550 2807 5583 ““
2838 5548 3151 5631 Secundum
3194 5548 3577 5631 mternitatetu.

321 5629 467 5684 dicat
491 5631 768 5684 immutabi
792 5646 877 5684 em
912 5632 1310 5684 uratscientiam
1344 5648 1471 5684 mss.
1505 5630 1799 5684 secundum
1854 5626 2177 5681 :eteruitatis
2199 5625 2414 5680 dicatur
2459 5621 2851 5677 immutabilem
2900 5630 3245 5684 praesentiam
3274 5637 3400 5675 mss.
3444 5617 3573 5674 VtCL

319 5629 467 5686 dicat
491 5631 752 5685 immutab

792 5646 877 5701 em
912 5617 1310 5701 prmscientiam
1344 5648 1471 5686 mss.
1505 5630 1799 5686 secundum
1854 5617 2177 5701 scierit-italis
2199 5617 2851 5701 dicat-unintmutabillem
2900 5620 3245 5701 praisenti-am
3274 5637 3400 5675 mss.
3444 5617 3573 5674 Vict.

320 5702 408 5757 5'5.
432 5700 623 5757 Cistcr.
652 5690 952 5757 secundum
980 5702 1320 5760 aeternitatis.
1358 5741 1369 5756 .
1398 5701 1790 5773 praescientiam
1872 5696 1966 5728 ³⁵³³
1999 5695 2105 5751 Sed
2142 5705 2320 5750 tamen
2356 5694 2470 5749 vult
2492 5710 2619 5748 mss.
2663 5691 2757 5747 sed
2813 5699 3023 5745 tantum
3068 5690 3182 5744 vult
