3940 6046
349 119 454 177 5ιὸ

1171 125 1258 180 DE
1297 122 1643 181 CONCORD.
1685 119 1958 178 PRIESC.
1997 119 2106 175 DEI
2147 117 2289 175 CUM
2330 115 2453 174 LIB.
2495 117 2769 174 ARBITR.

3183 97 3210 110 δ-

3514 123 3618 183 514

347 251 471 294 rum
499 238 826 293 arbitrium:
861 248 940 298 ut.
977 238 1226 308 quamvis
1248 253 1470 294 necesse
1515 239 1584 293 sit
1630 251 1751 293 esse
1796 234 1938 307 quod
1970 245 2014 302 Α
2043 231 2200 286 nibus
2241 249 2303 287 ex
2357 233 2606 288 libertate
2654 233 2862 287 arbitrii
2903 233 3192 303 aliquando
3221 245 3306 291 est
3344 239 3620 298 mutabile.

347 331 453 385 scit
473 337 564 382 aut
588 330 800 398 prtescit
825 371 839 395 ,
874 338 1052 384 tamen
1079 329 1242 382 multa
1265 329 1398 384 [iant
1422 329 1564 382 nulla
1591 331 1933 392 necessitate,

347 423 446 475 sed
491 419 662 474 libera
709 421 1022 486 voluntate,
1069 423 1524 490 quemadmodum
1575 437 1733 490 supra
1783 435 1937 475 mon-

345 510 514 565 stravi
547 510 687 580 (cap.
722 511 795 578 l).
829 510 1031 580 Nempe
1055 511 1182 580 quid
1209 512 1402 565 mirum
1421 552 1435 576 ,
1461 512 1504 566 si
1530 512 1632 567 hoe
1661 512 1820 566 modo
1841 511 1938 564 ali-

347 603 476 672 quid
517 611 596 656 est
648 619 712 656 ex
759 603 1009 656 libertate
1039 613 1094 657 et
1123 619 1189 657 ea
1216 605 1574 669 necessitate,
1611 619 1732 659 cum
1769 605 1936 658 multa

345 697 456 752 sint
497 695 590 728 ³⁸³⁸
631 711 751 765 qua:
800 697 1066 765 recipiunt
1111 699 1354 767 Opposita
1409 697 1624 751 diversa
1675 697 1938 750 ratione?

343 785 478 854 Quae
507 802 738 856 namque
765 787 937 854 magis
963 789 1206 857 opposita
1249 799 1410 854 sunt,
1473 804 1634 858 quam
1687 789 1838 842 adire
1883 797 1938 843 et

345 878 542 934 abire?
573 879 827 932 Videmus
857 887 1038 934 tamen
1061 918 1076 944 ,
1132 893 1253 934 cum
1285 879 1476 933 transit
1503 879 1698 948 aliquis
1723 879 1789 932 de
1819 879 1936 933 loco

344 968 412 1020 ad
437 967 646 1031 locum,
673 968 798 1038 quia
829 968 968 1021 idem
1004 968 1082 1022 ire
1109 1007 1124 1033 ,
1150 977 1232 1023 est
1254 970 1406 1023 adire
1421 967 1514 1000 ³⁸⁸⁸
1541 979 1596 1022 et
1618 969 1784 1022 abire.
1812 969 1936 1022 Abit

343 1060 486 1112 enim
512 1059 578 1112 de
606 1059 724 1114 loco
749 1099 763 1122 ,
801 1069 854 1112 et
890 1059 1001 1113 adit
1026 1061 1092 1113 ad
1115 1059 1312 1114 locum.
1344 1060 1474 1114 Item
1525 1077 1536 1113 :
1591 1061 1636 1114 si
1681 1059 1934 1113 conside-

344 1167 526 1206 remus
561 1151 728 1206 solem
760 1153 859 1206 sub
881 1152 1060 1222 aliqua
1109 1161 1264 1221 parte
1321 1152 1442 1207 caeli
1475 1192 1490 1218 ,
1548 1167 1670 1206 cum
1720 1165 1936 1220 semper

344 1239 538 1294 cmlum
557 1239 834 1296 IuStrando
856 1242 1180 1298 adeamdem
1203 1249 1410 1313 partem
1433 1241 1672 1306 festinet,
1687 1241 1936 1297 videmus

344 1331 471 1402 quia
507 1332 648 1388 idem
676 1333 825 1389 locus
848 1343 933 1389 est
960 1349 990 1389 a
1021 1349 1128 1404 quo
1157 1335 1362 1391 recedit
1382 1343 1438 1390 et
1481 1336 1548 1390 ad
1587 1350 1746 1406 quem
1769 1349 1932 1390 acce-

345 1421 451 1484 dit,
481 1429 536 1476 et
561 1421 931 1478 indesinenter
955 1424 1002 1478 ei
1032 1423 1220 1479 eodem
1243 1433 1486 1495 tempore
1506 1426 1930 1496 appmpinquat,

348 1521 379 1562 a
417 1521 524 1577 quo
555 1509 858 1579 elongatur.
891 1511 1048 1566 Patet
1073 1511 1236 1567 etiam
1266 1528 1486 1569 cursum
1511 1513 1629 1584 ejus
1650 1529 1756 1569 non
1779 1516 1934 1585 igno-

2039 321 2190 378 Sient
2216 325 2359 378 enim
2385 325 2634 392 quamvis
2662 325 2713 377 iu
2735 324 3041 380 teternitate
3069 341 3173 380 non
3223 327 3322 381 fuit
3377 341 3471 384 aut
3519 335 3624 388 erit

2038 415 2240 484 aliquid
2265 456 2279 479 ,
2311 416 2406 468 sed
2427 423 2636 468 tantum
2663 423 2782 478 est,
2811 427 2864 469 et
2889 424 3070 471 tamen
3096 417 3148 472 iu
3182 428 3419 488 tempore
3451 421 3549 477 fuit
3571 435 3626 478 et

2037 507 2142 562 erit
2165 506 2366 576 aliquid
2401 506 2520 562 sine
2551 509 2898 578 repugnantia
2927 527 2942 574 ;
2973 509 3041 563 ita
3075 511 3288 578 quodin
3319 515 3622 571 {eternitate

2037 599 2234 654 mutari
2270 599 2484 668 nequit,
2541 599 2594 653 in
2645 609 2886 669 tempore
2919 599 3207 670 aliquando
3255 619 3352 659 uer
3394 604 3622 662 liberam

2038 688 2370 743 voluntatem
2404 697 2694 758 antequam
2739 689 2838 754 sit,
2890 705 3010 745 esse
3061 693 3318 748 mutabile
3362 697 3624 764 probatur

2044 780 2247 850 absque
2279 781 2712 836 inconvenientia
2741 799 2754 836 :
2787 783 3032 852 quamvis
3063 793 3240 839 autem
3273 787 3344 842 ibi
3381 787 3519 842 nihil
3553 791 3626 844 sit

2038 871 2136 924 nisi
2163 885 2430 940 praesens,
2464 886 2568 925 non
2602 882 2685 926 est
2717 881 2893 926 tamen
2949 871 3078 928 illud
3128 889 3366 944 praesens
3413 891 3624 948 tempo-

2037 959 2148 1012 rale
2174 999 2189 1024 ,
2221 959 2359 1013 sicut
2385 969 2664 1024 nostrum;
2691 961 2784 1016 sed
2809 969 3071 1016 aeternum
3097 1003 3112 1026 ,
3157 964 3208 1018 in
3245 981 3350 1035 quo
3376 975 3618 1036 tempora

2035 1059 2232 1104 cuncta
2259 1049 2624 1105 continentur.
2653 1051 2930 1120 Siquidem
2952 1092 2966 1116 ,
3005 1055 3456 1122 quemadmodum
3485 1073 3622 1127 prae-

2037 1154 2161 1195 sens
2189 1150 2398 1211 tempus
2419 1141 2656 1197 continet
2685 1158 2900 1198 omnem
2936 1144 3110 1201 locum
3139 1157 3193 1202 et
3235 1163 3356 1217 quae
3387 1151 3437 1202 in
3483 1167 3622 1220 quo-

2037 1227 2166 1283 libet
2185 1228 2302 1284 loco
2328 1239 2483 1296 sunt;
2519 1231 2592 1286 ita
2630 1240 2833 1288 aeterno
2862 1236 3116 1303 praesenti
3159 1236 3320 1291 simul
3351 1239 3626 1294 clauditur

2035 1335 2196 1374 outne
2220 1327 2430 1388 tempus
2463 1329 2518 1375 et
2546 1336 2666 1390 qua:
2710 1333 2834 1376 sunt
2883 1323 2934 1378 in
2967 1326 3208 1393 quolibet
3238 1337 3477 1397 tempore
3500 1329 3620 1394 "3”.

2037 1405 2171 1461 Cum
2194 1421 2323 1478 ergo
2351 1408 2428 1462 ait
2470 1409 2756 1478 Apostolus
2786 1413 2910 1482 quia
2958 1413 3100 1469 Deus
3141 1419 3356 1484 praescit
3404 1429 3624 1478 sanctos

2037 1512 2195 1564 suos,
2227 1499 2661 1569 praedestinavit,
2705 1505 2953 1570 vocavit,
2999 1506 3358 1578 justiﬁravit,
3413 1513 3624 1581 magni-

345 1599 628 1666 mmibus,
685 1601 812 1672 quia
867 1603 912 1658 δε
956 1602 1152 1658 omium
1207 1605 1614 1660 consideremus
1640 1646 1656 1673 ’
1719 1619 1935 1677 semper
1967 1601 2010 1660 Β
2040 1587 2220 1642 ﬁcavit
2240 1627 2255 1653 ,
2287 1588 2420 1643 nihil
2449 1589 2640 1644 horum
2675 1593 2824 1661 prius
2865 1602 2958 1646 aut
2979 1595 3249 1663 posterius
3279 1601 3420 1668 apud
3449 1599 3622 1654 Deum

347 1694 542 1748 transit
571 1695 640 1749 ab
667 1695 988 1750 occidentali
1025 1705 1178 1766 parte
1216 1697 1283 1752 ad
1311 1697 1650 1754 orientalem.
1697 1697 1754 1754 Si
1805 1713 1935 1756 vero

345 1791 548 1838 terram
568 1785 929 1852 attendimus,
977 1801 1249 1858 nunquam
1297 1787 1400 1842 nisi
1457 1789 1538 1844 ab
1574 1789 1824 1846 orientali
1867 1789 1936 1846 ad

342 1875 776 1940 occidentalem,
813 1885 867 1932 et
903 1877 982 1932 sic
1037 1892 1251 1948 semper
1298 1887 1488 1934 contra
1536 1878 1936 1936 ﬁrmamentum

342 1963 514 2030 vadit,
546 1975 603 2020 et
628 1965 751 2022 licet
773 1967 1003 2032 tardius,
1033 1981 1154 2022 cum
1187 1969 1529 2024 ﬁrmamento
1556 1985 1570 2023 :
1601 1971 1744 2039 quod
1761 1971 1934 2041 ipsum

345 2054 400 2110 in
419 2055 672 2111 omnibus
701 2055 932 2126 planetis
960 2057 1220 2112 cernitur.
1271 2057 1349 2112 Ita
1398 2072 1531 2129 ergo
1575 2059 1721 2114 nulla
1761 2061 1938 2117 oritur

346 2145 702 2217 repugnantia
725 2185 741 2213 ,
775 2145 821 2202 si
847 2147 1142 2201 secundum
1173 2146 1458 2216 praedictas
1510 2148 1748 2204 rationes
1788 2163 1938 2205 asse-

347 2235 513 2291 rimus
543 2237 682 2292 idem
708 2237 913 2306 aliquid
959 2251 1079 2292 esse
1115 2238 1436 2293 necessitate
1485 2237 1725 2294 futurum
1747 2281 1764 2304 ,
1811 2246 1938 2311 quia

347 2336 430 2382 est
461 2326 731 2394 futurum;
759 2337 814 2382 et
837 2328 978 2382 nulla
1010 2329 1130 2398 cogi
1164 2330 1490 2386 necessitate
1513 2345 1635 2386 esse
1663 2329 1934 2399 futurum,

347 2418 448 2472 nisi
495 2433 556 2473 ea
591 2420 953 2485 necessitate,
995 2435 1158 2491 quam
1207 2435 1368 2492 supra
1411 2421 1522 2477 dixi
1556 2423 1698 2494 (cap.
1727 2421 1782 2494 5)
1822 2423 1935 2479 ﬁeri

347 2525 380 2564 ι
418 2509 582 2566 libera
623 2512 921 2568 voluntate.

346 2621 472 2677 CAP.
510 2623 571 2698 Υ.
603 2656 683 2698 —_
703 2625 854 2689 Quod
887 2626 1052 2698 multo
1083 2628 1135 2681 in
1165 2627 1454 2698 Scripturis
1481 2631 1730 2684 dicuntur
1759 2648 1938 2688 neces-

416 2695 561 2747 saria
583 2707 629 2747 et
669 2696 1014 2749 immutabilia
1042 2738 1056 2761 ,
1098 2715 1189 2763 per
1223 2695 1663 2767 cantpat'atimtem
1693 2701 1761 2754 ad
1784 2712 1936 2756 a'ter-

422 2767 635 2816 nitatem
665 2782 682 2829 ,-
739 2781 855 2833 qua:
901 2768 954 2818 in
1001 2775 1230 2836 tempore
1271 2779 1390 2822 sunt
1424 2770 1586 2824 libera
1611 2810 1623 2831 ,
1653 2780 1699 2822 et
1728 2781 1936 2840 possent

420 2850 522 2886 non
547 2851 679 2888 θεεε.

2035 1687 2159 1747 est;
2190 1680 2484 1736 sedomnia
2511 1682 2670 1738 simul
2700 1693 2903 1739 :eterno
2945 1689 3200 1756 prmsenti
3253 1699 3379 1743 sunt
3433 1687 3630 1745 intelli-

2038 1770 2232 1842 genda.
2262 1769 2434 1828 Habet
2466 1775 2610 1829 enim
2653 1775 2930 1832 aeternitas
2977 1792 3134 1833 suum
3181 1779 3380 1848 simul,
3425 1781 3478 1836 in
3516 1797 3626 1853 quo

2037 1871 2164 1918 sunt
2185 1864 2364 1919 omnia
2385 1879 2505 1934 qua:
2525 1865 2685 1921 simul
2711 1878 2837 1922 sunt
2863 1867 2985 1924 loco
3014 1871 3094 1926 vel
3121 1881 3365 1942 tempore
3384 1914 3400 1938 ,
3426 1883 3481 1930 et
3504 1891 3626 1946 qua:

2037 1965 2164 2011 sunt
2209 1955 2440 2012 diversis
2493 1957 2546 2012 in
2595 1957 2728 2014 locis
2785 1959 2868 2014 vel
2916 1961 3272 2032 temporibus.
3321 1961 3391 2020 Ut
3442 1975 3622 2021 autem

2035 2045 2346 2101 ostenderet
2381 2046 2522 2102 idem
2571 2047 2859 2118 Apostolus
2889 2065 2994 2104 non
3063 2051 3152 2106 illa
3209 2054 3371 2107 verba
3414 2068 3474 2110 se
3522 2069 3624 2126 pro

2040 2133 2321 2204 temporali
2361 2135 2754 2206 signiﬁcatione
2796 2137 3073 2207 posuisse;
3122 2140 3210 2195 illa
3257 2142 3450 2209 etiam,
3503 2161 3624 2215 qua:

2043 2225 2220 2280 futura
2247 2237 2411 2291 sunt,
2437 2228 2696 2297 prteteriti
2735 2232 2993 2300 temporis
3028 2231 3192 2285 verbo
3231 2235 3622 2302 pronuntiavit.

2041 2313 2288 2369 Nondum
2310 2317 2452 2370 enim
2481 2331 2616 2386 quos
2643 2318 2915 2387 praescivit
2945 2319 3121 2376 adhuc
3151 2321 3478 2387 nasciturus,
3504 2323 3619 2392 jam

2043 2405 2409 2474 temporaliter
2433 2410 2640 2461 voeavit
2658 2448 2672 2472 ,
2696 2407 3033 2477 justiﬁeavit,
3053 2411 3441 2481 magniﬁcavit.
3473 2413 3624 2468 Unde

2039 2498 2286 2566 cognosci
2334 2507 2512 2568 potest
2566 2515 2725 2566 eum,
2807 2509 3026 2570 pr0pter
3074 2499 3424 2569 indigentiam
3471 2503 3622 2558 verbi

2040 2588 2392 2658 signiﬁcantis
2417 2599 2673 2644 teternam
2697 2592 3070 2659 prtesentiam,
3105 2607 3262 2645 usum
3294 2607 3412 2647 esse
3441 2595 3621 2649 verbis

2039 2678 2326 2747 praeterita:
2369 2677 2812 2747 signiﬁcationis;
2879 2680 3131 2749 quoniam
3197 2697 3316 2750 qua:
3379 2691 3619 2754 tempore

2044 2767 2314 2835 praeterita
2339 2777 2501 2832 sunt,
2553 2770 2618 2822 ad
2656 2768 3062 2823 similitudinem
3110 2773 3295 2824 aeterni
3342 2774 3624 2842 praesentis

2041 2857 2260 2910 Omnino
2289 2851 2834 2912 imnmtabilia'mmt.
2885 2859 2942 2911 ln
2990 2859 3094 2913 hoc
3149 2860 3416 2929 siquidem
3455 2865 3624 2933 magis

417 2945 474 3000 Si
507 2963 636 3002 vero
665 2963 760 3017 per
792 2949 892 3002 hoc
918 2989 933 3012 ,
985 2949 1126 3018 quod
1159 2950 1224 3004 de
1251 2949 1470 3005 homine
1497 2951 1626 3005 dicit
1653 2950 1753 3006 Job
1782 2952 1928 3009 Deo:
1962 2951 2006 3011 C
2043 2948 2240 3002 similia
2265 2960 2391 3002 sunt
2415 2959 2617 3005 aeterno
2647 2949 2922 3019 prmsenli,
2954 2951 3321 3019 temporaliter
3349 2957 3620 3022 praeterita

347 3034 672 3090 Constituisti
697 3039 944 3092 terminos
979 3039 1121 3106 ejus,
1173 3039 1262 3108 qui
1284 3041 1543 3107 pra-teriri
1572 3057 1673 3092 non
1693 3051 1934 3109 poterunt

349 3125 490 3196 (Job.
529 3143 644 3192 χεν,
684 3128 781 3198 5),
831 3129 942 3182 vult
987 3129 1183 3199 aliquis
1241 3133 1526 3186 ostendere
1575 3133 1701 3202 quia
1757 3133 1935 3190 nullus

349 3219 522 3288 potuit
545 3219 850 3274 accelerare
873 3221 955 3275 vel
1001 3221 1216 3276 dill‘erre
1254 3222 1398 3276 diem
1450 3223 1502 3276 in
1532 3239 1634 3294 qua
1669 3225 1895 3280 moritur
1917 3266 1932 3292 ,

349 3309 598 3376 quamvis
626 3310 918 3379 aliquando
956 3311 1111 3366 nobis
1139 3313 1383 3366 videatur
1420 3313 1618 3383 aliquis
1661 3313 1842 3370 facere
1870 3330 1933 3369 ex

349 3396 516 3452 libera
547 3398 822 3455 voluntate
873 3401 1015 3455 umle
1059 3403 1321 3468 moritur,
1381 3420 1486 3458 non
1531 3414 1615 3460 est
1664 3407 1806 3474 quod
1845 3405 1938 3438 ³³⁸⁸

349 3491 809 3560 objicitureontra
839 3492 939 3545 hoc
963 3495 1104 3562 quod
1128 3509 1288 3563 supra
1314 3489 1571 3550 diximus.
1607 3495 1764 3561 Nam,
1797 3512 1935 3566 quo-

350 3583 496 3636 niam
551 3585 688 3636 Deus
741 3599 845 3639 μου
895 3585 1132 3648 fallitur,
1192 3601 1292 3641 nec
1321 3587 1463 3641 videt
1515 3587 1616 3642 nisi
1651 3589 1936 3643 veritatem

349 3670 466 3725 sive
489 3685 556 3725 ex
583 3671 831 3727 libertate
860 3673 972 3729 sive
996 3689 1059 3728 ex
1088 3676 1410 3730 necessitate
1436 3678 1684 3741 eveniat,
1737 3677 1940 3732 dicitur

351 3764 694 3819 constituisse
743 3765 834 3797 ³⁸⁵⁷
871 3766 1011 3835 apud
1059 3781 1118 3821 se
1169 3767 1578 3822 immutabiliter
1619 3769 1758 3838 quod
1797 3769 1937 3838 apml

353 3855 622 3909 hominem
673 3857 987 3926 priusquam
1045 3859 1136 3912 ﬁat
1181 3859 1378 3913 mutari
1435 3871 1610 3930 potest
1663 3859 1756 3892 “‘3
1809 3859 1938 3916 'l‘ale

349 3947 516 4000 etiam
549 3955 628 4002 est
655 3949 796 4017 quod
831 3949 1026 4004 Paulus
1056 3949 1148 3982 ³⁵⁵⁸
1176 3951 1450 4020 apostolus
1485 3951 1550 4007 de
1591 3953 1674 4007 bis
1697 3993 1710 4015 ,
1743 3953 1832 4023 qui
1857 3969 1938 4007 se-

351 4035 583 4089 cundum
623 4039 943 4106 propositum
983 4039 1150 4092 vocati
1189 4050 1306 4092 sunt
1340 4042 1510 4094 sancti
1533 4081 1546 4104 ,
1589 4041 1756 4096 dicit:
1794 4041 1938 4106 Quos

356 4125 556 4190 rrwscit
581 4138 626 4180 et
658 4128 1042 4196 pm’destiuavit
1066 4130 1356 4198 conformes
1394 4131 1512 4200 fieri
1536 4133 1780 4203 imaginis
1811 4131 1940 4186 Filii

351 4217 466 4283 sui,
492 4227 550 4270 ut
584 4219 650 4272 sit
677 4219 784 4285 ipse
805 4219 1181 4290 primogenitus
1207 4222 1260 4274 in
1288 4221 1462 4275 multis
1491 4221 1763 4291 fratribus.
1795 4221 1938 4288 Quos

2039 3055 2200 3108 quam
2233 3041 2516 3109 praesentia
2543 3057 2558 3106 ;
2590 3041 2844 3108 quoniam
2867 3056 2990 3110 qua:
3031 3040 3102 3094 ibi
3132 3052 3288 3104 sunt,
3343 3057 3622 3113 nunquuu

2039 3138 2266 3198 possunt
2295 3144 2400 3182 non
2429 3143 2550 3184 esse
2575 3129 2858 3198 ptensentia
2877 3169 2892 3194 ,
2923 3128 3060 3184 sicut
3087 3138 3325 3196 tempore
3349 3131 3623 3198 praeterita

2043 3233 2146 3274 non
2177 3219 2356 3273 valent
2393 3234 2627 3288 unquam
2655 3220 2929 3289 praeterita
2981 3235 3086 3274 non
3133 3235 3290 3275 esse:
3331 3222 3622 3289 prtesentia

2039 3326 2170 3365 vero
2199 3319 2438 3379 tempore
2466 3310 2645 3363 omnia
2679 3309 2769 3341 ³⁸⁵³
2814 3325 2936 3379 quae
2989 3320 3296 3377 transeunt,
3336 3309 3469 3364 ﬁunt
3513 3326 3623 3365 non

2042 3401 2351 3470 praesentia.
2389 3400 2500 3456 Hoc
2545 3415 2672 3470 ergo
2721 3401 2880 3455 modo
2925 3401 3184 3471 quidquid
3233 3401 3298 3456 de
3345 3401 3460 3467 his,
3503 3417 3624 3472 qua

2041 3488 2212 3544 libero
2244 3491 2376 3542 iinnt
2402 3488 2657 3553 arbitrio,
2695 3488 2837 3542 velut
2865 3491 3232 3543 necessarium
3271 3503 3422 3544 sacra
3475 3489 3625 3546 Scri-

2041 3591 2196 3653 ptura
2221 3583 2570 3652 pronuntiat;
2622 3583 2914 3636 secundum
2949 3583 3303 3637 atternitatem
3341 3582 3616 3652 loquitur,

2045 3677 2096 3730 in
2128 3691 2230 3744 qua
2260 3689 2497 3744 praesens
2524 3684 2608 3729 est
2640 3689 2801 3729 omne
2832 3689 3013 3727 verum
3048 3683 3101 3727 et
3130 3675 3342 3729 nonnisi
3391 3691 3574 3729 vermn
3603 3719 3617 3742 ,

2043 3763 2454 3819 immutabiliter
2482 3763 2576 3794 ³⁶⁵²
2601 3803 2616 3826 ,
2653 3779 2759 3816 ιιοη
2789 3762 3081 3817 secundum
3121 3771 3331 3833 tempus
3356 3805 3370 3829 ,
3421 3763 3475 3819 in
3517 3779 3623 3834 quo

2039 3871 2146 3910 non
2172 3867 2386 3924 semper
2414 3861 2538 3907 sunt
2568 3853 2868 3906 voluntates
2898 3861 2952 3904 et
2994 3853 3236 3907 actiones
3268 3863 3464 3908 nostra:
3489 3872 3504 3908 :
3543 3863 3620 3920 et,

2039 3946 2174 4002 sicut
2208 3944 2332 3998 dum
2355 3959 2461 3997 tton
2499 3951 2660 4004 sunt,
2699 3957 2802 3995 non
2830 3951 2912 3995 est
2956 3955 3179 3996 neceSse
3222 3957 3314 3997 eas
3355 3958 3512 4008 esse;
3549 3945 3622 3998 ita

2037 4053 2181 4107 saepe
2213 4053 2317 4091 non
2356 4045 2438 4091 est
2467 4049 2692 4090 necesse
2715 4043 2772 4087 ut
2795 4033 3086 4102 aliquando
3131 4035 3258 4088 sint.
3310 4033 3446 4088 Nam
3472 4076 3485 4100 ,
3517 4053 3620 4090 non

2039 4141 2254 4197 semper
2279 4125 2458 4180 scribo
2494 4131 2586 4178 aut
2613 4123 2731 4178 volo
2777 4123 3013 4177 scribere
3061 4141 3074 4176 :
3131 4131 3206 4188 et,
3267 4123 3436 4186 sicut,
3491 4125 3620 4178 dum

2041 4233 2146 4274 non
2170 4219 2348 4273 scribo
2369 4226 2462 4271 aut
2486 4231 2590 4270 non
2609 4216 2729 4270 volo
2755 4215 2994 4270 scribere
3017 4213 3136 4280 ⁸⁸³³,
3163 4230 3268 4270 non
3291 4225 3374 4270 est
3400 4231 3624 4272 necesse

353 4319 527 4362 amem
560 4310 950 4378 prtrdestinarit
975 4351 988 4373 ,
1021 4312 1114 4364 hos
1142 4321 1188 4364 et
1215 4313 1412 4366 vocavit
1437 4329 1458 4378 ;
1485 4323 1531 4366 et
1566 4330 1695 4384 quos
1719 4315 1938 4380 vocavit,
1973 4317 2018 4371 D
2045 4327 2128 4368 me
2166 4314 2403 4368 scribere
2430 4323 2524 4367 aut
2551 4311 2683 4367 velle
2709 4311 2979 4374 scribere;
3015 4309 3087 4363 ita
3131 4325 3354 4365 necesse
3402 4327 3506 4366 non
3541 4321 3624 4366 est

350 4399 446 4451 hos
475 4409 520 4452 et
543 4399 856 4468 justiﬁcaeit
881 4418 900 4465 ;
959 4418 1092 4470 quas
1141 4409 1316 4454 autem
1364 4400 1670 4470 justiﬁcuvit
1698 4440 1712 4464 ,
1739 4400 1858 4454 illos
1887 4409 1934 4454 et

353 4491 704 4560 nmgniﬁcavft
729 4491 902 4562 (Rom.
935 4509 1058 4557 vm,
1093 4493 1304 4561 28-50).
1357 4491 1468 4546 Hoc
1500 4494 1700 4562 quippe
1739 4505 1936 4562 propo-

354 4583 549 4647 situm,
579 4584 874 4638 secundum
905 4585 1044 4654 quod
1077 4585 1249 4640 vocati
1283 4593 1410 4640 sunt
1447 4585 1649 4648 sancti,
1691 4584 1744 4637 in
1773 4592 1936 4638 teter-

357 4677 528 4728 nitate
552 4715 566 4738 ,
595 4675 646 4728 in
669 4691 772 4745 qua
798 4691 902 4730 non
931 4685 1013 4732 est
1036 4677 1369 4748 praeteritum
1399 4675 1481 4731 vel
1522 4676 1762 4732 futurum
1789 4715 1803 4741 ,
1841 4675 1936 4731 sed

359 4773 566 4819 tantum
596 4781 867 4836 praesens,
895 4769 1232 4823 immutabile
1261 4779 1373 4836 est;
1403 4769 1498 4824 sed
1523 4768 1575 4822 in
1603 4767 1733 4838 ipsis
1759 4767 1934 4822 bomi-

2045 4415 2103 4460 ιιι
2123 4405 2414 4476 aliquando
2429 4403 2687 4466 scribam,
2711 4399 2792 4454 vel
2817 4399 2973 4453 velim
2998 4399 3255 4456 scribere.
3282 4400 3414 4457 Cum
3440 4413 3621 4456 autem

2045 4512 2130 4551 res
2181 4505 2286 4549 tam
2341 4493 2502 4546 aliter
2547 4505 2666 4545 esse
2717 4489 2812 4521 ’⁸⁸⁵
2858 4501 3221 4558 cognoscatur
3273 4490 3326 4544 in
3381 4501 3624 4561 tempore

2042 4601 2202 4656 quatn
2223 4581 2624 4638 inmternitate:
2659 4589 2717 4634 ut
2739 4579 3028 4650 aliquando
3055 4587 3248 4635 Verum
3272 4582 3343 4636 sit
3369 4584 3620 4652 quoniam

2041 4677 2240 4747 aliquid
2266 4683 2482 4730 nonest
2515 4673 2567 4726 in
2595 4681 2860 4743 tempore,
2893 4673 3034 4741 quod
3062 4681 3146 4728 est
3185 4673 3236 4728 in
3276 4675 3620 4742 :eternitate;

2043 4777 2097 4822 et
2125 4767 2266 4837 quod
2290 4765 2390 4820 fuit
2419 4765 2472 4819 in
2493 4763 2586 4795 ³⁸⁵⁵
2611 4773 2870 4833 tempore,
2899 4762 3040 4831 quod
3063 4761 3136 4819 ibi
3161 4763 3415 4832 nonfuit;
3438 4771 3492 4821 et
3521 4763 3627 4821 erit

1673 4965 1907 5024 VARl/E
1941 4961 2342 5020 LECTIONES.

427 5177 520 5208 ³⁸⁸⁸
543 5176 612 5230 Ει
631 5189 736 5230 non
759 5189 825 5230 ex
850 5176 1197 5240 necessitate,
1219 5189 1341 5246 cum
1365 5171 1826 5246 multasuntmss.
1841 5169 1910 5223 Et
1927 5183 1992 5222 ex
2014 5167 2355 5246 necessitate,
2373 5181 2496 5246 cum
2515 5162 2680 5246 multa
2698 5163 2806 5218 sint
2879 5161 3142 5246 “filistei
3159 5161 3310 5246 adire
3327 5175 3452 5246 mss.

359 5256 444 5300 est
467 5245 620 5300 adire
691 5245 784 5278 ““
813 5245 918 5300 Sed
951 5260 1056 5300 non
1086 5233 1338 5314 estquod
1367 5259 1494 5297 mss.
1533 5241 1665 5294 Vict.
1695 5256 1800 5296 non
1839 5241 2091 5308 estquod
2166 5237 2258 5270 ³⁶ν⁴
2291 5235 2510 5314 Veniat;
2545 5233 2762 5314 dicitur,
2788 5233 3038 5314 constitui
3061 5247 3188 5314 mss.
3220 5233 3626 5314 eveﬂiatLdici-

361 5325 449 5369 tur
477 5317 828 5372 constituisse
902 5315 994 5347 ⁸⁸⁸⁸
1015 5316 1172 5384 Apud
1209 5315 1476 5370 homines.
1496 5351 1529 5384 _.

1579 5320 1792 5366 mutare
1837 5302 2017 5378 potest
2061 5325 2188 5362 mss.
2251 5305 2390 5375 apud
2443 5305 2784 5378 ltotttittetn_._.
2817 5302 3012 5356 mutari

3063 5309 3238 5370 p0test
3309 5299 3405 5370 ’θ’
3449 5301 3620 5356 Etiam

359 5385 561 5440 Paulus
583 5369 901 5441 msssetiam
927 5369 1174 5454 estquod
1217 5383 1418 5438 Paulus
1481 5381 1587 5454 7""
1630 5381 1685 5435 In
1717 5369 1998 5450 quodlibet
2049 5387 2262 5454 tempus
2287 5369 2463 5454 ’πιεδεὶ
2493 5377 2546 5429 in
2601 5374 2841 5443 quolibet
2891 5369 3142 5454 tempore
3167 5371 3298 5454 "ff"
3325 5369 3625 5454 Praisen‘tia

363 5471 492 5509 vero
537 5457 796 5525 temporis
820 5459 1002 5530 omnia
1049 5441 1181 5509 'mss.
1241 5453 1532 5530 praesentia
1573 5467 1702 5507 vero
1723 5441 2225 5530 :temporenomn'ia
2302 5445 2396 5476 ³⁸⁵³
2423 5441 3316 5530 Omne;venturfiltltltulalﬂilg:
3508 5441 3624 5530 N‘u’lt

363 5527 600 5582 scribere
629 5511 751 5583 volo
777 5543 902 5582 mss.
938 5525 1072 5582 Vict.
1122 5511 1377 5580 non'volo
1406 5523 1648 5580 scribere
1723 5521 1816 5553 ³⁵⁵³
1843 5511 1949 5575 lies
1975 5518 2134 5574 aliter
2155 5531 2275 5573 esse
2305 5531 2432 5570 mss.
2469 5529 2558 5572 res
2605 5521 2714 5568 tam
2751 5513 2908 5566 aliter
2937 5525 3058 5567 esse
3132 5511 3226 5547 ³⁸⁸⁸
3257 5513 3323 5568 Ει
3345 5511 3488 5579 quod
3526 5511 3627 5567 fuit
