3940 6046
282 105 386 163 515

760 100 817 154 S.
853 95 1151 151 ANSELMl
1209 94 1555 149 CANTllAli.
1599 88 1912 146 ARCIIIEP.
1957 85 2105 142 OPP.
2149 85 2330 142 PARS
2370 87 2407 140 Ι.
2448 116 2513 126 -—
2551 83 2969 140 DOGMATICA.

3432 75 3556 133 SIG

280 215 647 287 temporaliter
673 253 687 276 ,
729 211 867 280 quod
919 209 1003 276 ibi,
1027 223 1130 260 non
1163 206 1305 258 erit:
1337 204 1479 258 nulla
1515 202 1723 256 ratione
1770 215 1862 254 ne-
1893 206 1941 260 Α
1972 198 2212 267 pervenit
2238 206 2451 252 mtatem
2478 238 2492 262 ,
2523 198 2638 252 sine
2673 211 2768 251 sna
2792 195 3001 265 jnstitia
3033 210 3043 246 :
3090 191 3158 245 ibi
3199 199 3282 246 est
3330 189 3560 246 investi-

278 312 394 382 gari
426 308 636 360 videtur
671 303 919 356 similiter
966 312 1121 370 posse
1149 297 1241 328 ³⁸⁸⁸
1268 295 1466 365 aliquid
1517 295 1567 348 in
1617 304 1860 362 tempore

281 415 400 455 esse
445 393 829 454 mutabilem’,
873 389 1014 459 quod
1052 388 1122 441 ibi
1159 396 1240 441 est
1273 383 1623 439 immutabile.
1653 382 1862 452 Quippe

285 507 389 545 non
435 487 607 557 magis
658 483 898 553 Opposita
952 483 1121 542 sunt',
1180 476 1436 531 mutabile
1472 476 1525 530 in
1575 484 1857 544 tempore,

281 595 338 640 et
400 577 730 636 immutabile
787 574 838 626 in
901 571 1244 630 :eternitate;
1294 583 1456 636 quam
1498 583 1601 621 non
1643 581 1763 620 esse
1808 565 1858 618 in

285 673 463 740 aliquo
511 679 791 734 tempore,
852 669 907 714 et
959 673 1080 715 esse
1128 673 1341 728 semper
1413 657 1465 709 in
1517 652 1864 709 aaternitatei

286 771 339 814 et
385 759 589 820 fuisse,
645 753 726 809 vel
785 751 1023 806 futurum
1083 763 1204 803 esse
1268 748 1560 802 secundum
1623 756 1864 815 tempus,

283 862 444 920 atque
493 863 599 902 non
643 845 840 905 fuisse,
897 841 975 895 vel
1021 855 1126 894 non
1175 839 1437 904 (futurum
1477 852 1597 891 esse
1632 839 1683 890 in
1711 843 1868 889 aeter-

281 944 469 997 nitate.
530 936 805 1006 Siquidem
858 949 961 988 non
993 933 1127 986 'dieo
1172 931 1370 998 aliquid
1427 943 1700 997 nunquam
1749 941 1870 980 esse

280 1033 334 1088 iu
392 1041 661 1100 tempore,
704 1025 846 1096 quod
901 1037 1114 1092 semper
1154 1029 1238 1076 est
1290 1020 1340 1072 in
1391 1017 1728 1079 azternitatc;
1776 1016 1868 1069 sed

281 1132 488 1178 tantum
548 1121 600 1173 in
656 1118 835 1186 aliquo
909 1126 1150 1184 tempore
1195 1126 1300 1164 non
1344 1123 1480 1163 esse.
1543 1106 1660 1161 Non
1722 1105 1867 1160 enim

282 1216 402 1269 dico
431 1211 698 1266 actionem
748 1222 921 1260 meant
951 1203 1244 1258 crastinam
1285 1199 1430 1254 nullo
1456 1209 1694 1267 tempore
1716 1209 1866 1259 esse;

280 1307 375 1367 sed
401 1304 559 1358 hodie
588 1309 956 1367 lanttnn'negn
987 1311 1106 1348 eam
1139 1307 1290 1357 esse,
1311 1307 1431 1360 quze
1460 1301 1640 1343 tamen
1655 1301 1871 1357 semper

279 1364 390 1449 est.
401 1395 451 1446 in
487 1390 809 1447 asternitate.
837 1364 914 1440 Et
931 1385 1147 1455 quando
1178 1381 1270 1412 ³⁸³⁸⁸
1299 1394 1560 1451 negamus
1593 1378 1759 1432 fuisse
1789 1373 1874 1429 vel

282 1487 520 1540 futurum
555 1483 625 1537 ibi
654 1496 775 1537 esse
797 1478 1032 1548 aliquid,
1086 1475 1228 1546 quod
1286 1473 1337 1527 iu
1377 1483 1617 1542 tempore
1652 1470 1755 1525 fuit
1778 1480 1874 1526 aut

1969 288 2204 358 gaudum
2231 289 2331 341 hoc
2361 288 2680 348 arbitrium,
2708 295 2760 338 et
2793 285 2906 338 hrcc
2931 282 3154 336 libertas
3185 279 3326 334 unde
3349 280 3551 350 agitur,

1970 380 2060 434 ubi
2086 379 2240 433 sedes
2267 377 2581 447 etjustitias.
2611 375 2852 428 Primum
2884 373 3066 440 itaque
3101 369 3436 424 ostendenda
3467 376 3555 424 est

1965 468 2175 538 justitia
2207 485 2222 533 ;
2254 468 2449 522 deinde
2477 467 2576 521 ista
2603 465 2822 520 libertas
2843 472 2898 518 et
2929 461 3070 517 istud
3093 459 3402 515 arbitrium.
3454 459 3557 514 Est

1970 562 2185 630 quidem
2209 559 2420 629 justitia
2441 557 2721 628 qtttelibet,
2747 570 2937 625 magna
2963 551 3043 604 vel
3066 568 3252 622 parva,
3289 552 3559 606 rertitudu

1973 652 2265 706 voluntatis
2295 658 2514 721 propter
2543 662 2602 702 se
2637 663 2678 697 St
2699 655 2867 699 rvata.
2931 643 3176 697 Libertas
3229 651 3409 697 autem
3455 641 3560 694 ista

1975 752 2312 812 eatpotestas
2331 738 2580 796 servandi
2609 735 2984 791 rectitudinem
3017 733 3309 788 voluntatis
3337 741 3562 800 propter

1975 833 2147 905 ipsam
2211 830 2610 886 rectitudinem.
2669 827 2814 894 Quas
2869 825 3212 880 deﬁnitiones
3282 831 3410 891 puto
3472 836 3562 875 me

1971 924 2178 998 apertis
2205 921 2501 977 rationibus
2543 927 2915 974 monstrasse:
2964 915 3201 986 priorem
3243 913 3461 982 quidem
3504 914 3560 967 in

1975 1025 2205 1071 tractatu
2230 1014 2374 1082 (cap.
2409 1011 2534 1082 ιε),
2587 1024 2748 1078 quem
2781 1006 2882 1062 feci
2912 1007 2979 1062 de
3019 1014 3282 1069 veritate;
3329 1003 3562 1058 alteram

1972 1123 2102 1163 vero
2126 1109 2176 1162 in
2201 1121 2296 1170 eo,
2318 1119 2478 1174 quem
2503 1103 2645 1158 edidi
2670 1101 2815 1171 (cap.
2846 1099 2908 1162 5,
2940 1097 3026 1166 l3)
3051 1097 3116 1151 de
3139 1096 3241 1149 hac
3261 1095 3371 1164 ipsa
3399 1094 3561 1148 liber-

1975 1208 2123 1262 tate;
2156 1199 2338 1266 inquo
2363 1196 2525 1250 etiam
2566 1203 2843 1248 ostensum
2889 1199 2971 1245 est
3023 1183 3166 1260 (cap.
3198 1187 3251 1255 5)
3292 1185 3563 1256 quomodo

1973 1290 2294 1358 naturaliter
2346 1297 2399 1341 et
2457 1283 2892 1354 inseparabiliter
2939 1280 3010 1336 sit
3065 1281 3118 1334 in
3177 1278 3398 1334 homine
3444 1277 3564 1331 haec

1973 1381 2225 1443 libertas,
2253 1375 2497 1448 quamvis
2523 1391 2628 1430 non
2656 1389 2720 1429 ea
2740 1386 2954 1441 semper
2979 1380 3192 1431 utatur;
3233 1379 3286 1423 et
3315 1369 3458 1437 (cap.
3487 1371 3518 1420 6
3541 1407 3560 1430 ,

1973 1475 2036 1540 ἶ,
2066 1474 2120 1545 8)
2144 1473 2284 1542 quod
2314 1472 2388 1526 sit
2417 1471 2490 1523 ita
2515 1466 2702 1530 fortis,
2732 1475 2790 1518 ut
2809 1463 2950 1519 nulla
2980 1479 3066 1518 res
3093 1461 3294 1516 homini
3341 1460 3564 1514 rectitu-

283 1577 390 1630 erit
416 1615 432 1640 ,
471 1589 576 1630 non
604 1572 900 1626 asserimus
926 1569 978 1622 id
998 1567 1138 1636 quod
1163 1564 1263 1620 fuit
1290 1573 1383 1617 aut
1411 1564 1513 1618 erit
1535 1561 1683 1616 nullo
1711 1563 1874 1618 modo
1903 1549 1947 1610 Β
1976 1562 2156 1640 dinem
2180 1559 2516 1640 praedictam,
2550 1555 2600 1610 id
2629 1562 2714 1610 est
2735 1552 3000 1623 justitiam
3031 1550 3159 1616 “3°,
3190 1556 3350 1620 Quam
3377 1549 3564 1640 habet,

284 1668 354 1721 ibi
387 1680 508 1720 esse
531 1681 544 1729 ;
576 1663 669 1718 sed
697 1670 903 1716 tantum
928 1657 1203 1724 praeterito
1231 1654 1314 1710 vel
1346 1654 1527 1709 futuro
1554 1653 1716 1708 modo
1741 1653 1874 1718 diei-

285 1775 406 1812 mus
428 1773 532 1824 non
567 1756 634 1808 ibi
660 1768 814 1814 esse,
863 1749 1006 1820 quod
1066 1747 1136 1802 ibi
1195 1745 1561 1801 indesinenter
1607 1749 1726 1808 est,
1775 1756 1873 1798 suo

285 1847 536 1920 przesenti
569 1843 727 1899 modo
755 1861 767 1896 :
802 1843 854 1896 in
888 1841 972 1897 his
1004 1853 1131 1893 vero
1159 1837 1302 1892 nulla
1349 1837 1561 1894 videtur
1597 1833 1874 1890 adversari

169 1977 192 1997 .
285 1937 663 1994 contrarietas.
697 1933 790 1987 Sic
827 1931 1011 2000 utique
1037 1929 1154 1984 sine
1187 1927 1292 1984 ulla
1335 1925 1690 1996 repugnantia
1733 1923 1870 1980 dici-

287 2037 374 2083 tur
404 2025 601 2095 aliquid
627 2036 749 2079 eSse
789 2020 1046 2076 mutabile
1084 2019 1138 2072 in
1170 2029 1414 2088 tempore
1448 2027 1736 2084 antequam
1769 2015 1872 2079 sit,

288 2115 430 2184 quod
463 2115 514 2168 in
537 2112 839 2168 aeternitate
871 2119 1049 2164 manet
1078 2107 1520 2172 immutabiliter,
1583 2121 1692 2160 non
1719 2116 1878 2161 ante-

286 2221 452 2278 quam
494 2206 596 2271 sit,
655 2201 738 2256 vel
811 2209 1094 2271 postquam
1141 2208 1255 2264 est;
1337 2197 1430 2252 sed
1477 2195 1872 2260 indesinenter,

290 2299 419 2368 quia
467 2297 596 2351 nihil
633 2304 718 2350 est
778 2294 850 2350 ibi
909 2293 1203 2348 secundum
1275 2300 1503 2358 tempus.
1571 2286 1705 2340 Nam
1774 2287 1878 2341 hoc

291 2389 462 2458 ipsum
520 2387 588 2440 ibi
635 2397 719 2440 est
764 2383 1126 2443 mternaliter,
1171 2379 1296 2448 quia
1359 2377 1727 2448 temporaliter
1779 2377 1878 2432 alio

289 2476 418 2546 quid
445 2484 500 2528 et
525 2485 637 2537 est,
667 2483 720 2527 et
740 2513 754 2536 ,
803 2483 1093 2540 antequam
1127 2467 1219 2500 ³⁶⁸⁹
1245 2468 1347 2532 sit,
1375 2476 1552 2537 potest
1583 2481 1688 2520 non
1715 2480 1838 2521 esse
1857 2505 1874 2532 ,

291 2562 558 2628 sicutjam
581 2562 712 2616 dixi.
739 2557 1079 2614 Sullieicnter
1107 2570 1174 2611 ex
1207 2555 1323 2622 his,
1371 2569 1490 2624 qua:
1527 2555 1670 2608 dicta
1703 2565 1829 2609 sunt
1860 2593 1876 2620 ,

293 2662 420 2722 puto
464 2663 648 2719 patere
699 2649 823 2718 quia
874 2647 1210 2718 praescientia
1258 2647 1352 2702 Dei
1383 2657 1438 2702 et
1473 2647 1702 2700 liberum
1735 2647 1880 2701 arbi-

294 2743 454 2795 trium
509 2755 848 2809 nequaquam
911 2739 1144 2794 invicem
1195 2749 1531 2809 repugnant:
1571 2738 1713 2808 quod
1753 2736 1882 2794 facit

295 2834 374 2886 vis
405 2831 731 2885 aeternitatis
759 2870 776 2895 ,
815 2845 934 2898 qua:
985 2828 1189 2884 claudit
1223 2842 1384 2884 omne
1427 2838 1638 2900 tempus
1675 2837 1728 2882 et
1759 2843 1881 2900 qua:

295 2933 422 2976 sunt
459 2922 509 2975 in
543 2921 783 2992 quolibet
815 2931 1074 2992 tempore.

299 3075 459 3147 128
492 3066 762 3147 Car._Vl_._
783 3101 852 3113 —-
886 3072 1226 3147 Delibertute
1252 3072 1318 3124 ad
1355 3089 1413 3125 ea
1437 3089 1552 3147 (μίαν
1581 3082 1700 3126 sunt
1739 3071 1883 3125 salu-

613 3145 679 3198 tis
709 3143 790 3198 hic
819 3144 1074 3214 quwritur
1100 3144 1221 3207 ubi,
1255 3153 1300 3194 et
1324 3159 1442 3211 qure
1471 3143 1558 3197 sit.

368 3277 474 3332 Sed
501 3277 754 3346 quoniam
805 3291 911 3330 non
959 3275 1012 3329 in
1051 3273 1301 3329 omnibus
1348 3273 1574 3328 liberum
1625 3274 1886 3328 habemus

298 3366 578 3422 arbitrium
602 3405 617 3431 ,
654 3366 940 3420 videndum
966 3375 1049 3420 est
1076 3366 1206 3433 ubi,
1240 3374 1294 3419 et
1327 3381 1448 3435 qua:
1466 3368 1533 3420 sit
1554 3367 1642 3420 illa
1663 3367 1886 3424 libertas

299 3458 509 3513 arbitrii
539 3471 699 3526 quam
733 3471 950 3526 semper
975 3455 1174 3510 habere
1203 3455 1443 3510 creditur
1467 3457 1648 3521 homo,
1677 3466 1731 3512 et
1756 3460 1887 3529 quid

299 3546 369 3600 sit
393 3545 524 3598 illud
550 3543 856 3597 arbitrium.
888 3543 1001 3596 Non
1032 3543 1176 3598 enim
1215 3543 1355 3598 idem
1387 3552 1471 3598 est
1507 3546 1792 3601 arbitrium
1831 3558 1888 3602 et

300 3636 521 3690 libertas
543 3650 646 3705 qua
672 3633 872 3688 dicitur
911 3633 1165 3688 liberum.
1200 3633 1256 3688 In
1283 3634 1467 3689 multis
1496 3635 1693 3690 dicitur
1724 3636 1886 3692 liber-

305 3736 385 3782 tas
406 3736 461 3780 et
485 3727 797 3789 arbitrium;
832 3732 890 3778 ut
916 3739 1038 3780 eum
1063 3723 1296 3794 aliquem
1329 3725 1560 3781 dicimus
1579 3726 1886 3783 libertatem

304 3818 504 3872 habere
539 3817 821 3887 loquendi,
863 3826 956 3870 aut
1002 3817 1246 3884 tacendi,
1293 3825 1350 3872 et
1398 3820 1451 3872 in
1501 3815 1620 3886 ejus
1663 3820 1888 3874 arbitrio

301 3924 423 3964 esse
442 3909 570 3979 quid
599 3909 791 3964 horum
816 3907 962 3962 velit.
995 3907 1051 3961 In
1077 3907 1321 3978 pluribus
1349 3924 1567 3979 quoque
1595 3909 1715 3964 aliis
1738 3893 1889 3964 simi~

305 4000 428 4054 liter
463 4001 659 4055 dicitur
681 3999 904 4055 libertas
925 4008 980 4053 et
1013 3999 1298 4054 arbitrium
1328 4038 1343 4063 ,
1375 4015 1494 4070 quze
1527 4016 1633 4055 non
1673 4016 1890 4072 semper

303 4093 548 4155 adsunt,
597 4101 691 4145 aut
748 4091 816 4144 ad
867 4090 1096 4146 salutem
1145 4091 1340 4144 anima:
1386 4092 1543 4146 nobis
1579 4094 1888 4148 necessaria

305 4191 450 4236 sunt.
505 4179 610 4234 Pro
659 4180 750 4235 illo
798 4189 978 4234 autem
1024 4178 1254 4234 arbitrio
1290 4189 1534 4247 tantum,
1575 4191 1629 4236 et
1665 4199 1761 4251 pro
1801 4183 1888 4237 illa

306 4271 558 4325 libertate
587 4271 686 4324 ista
715 4269 1007 4323 ventilatur
1031 4269 1292 4337 quaestio;
1343 4269 1461 4323 sine
1502 4271 1698 4338 quibus
1725 4271 1888 4326 homo

307 4362 502 4418 salvari
535 4362 757 4432 nequit,
804 4370 1090 4432 postquam
1118 4370 1294 4430 potest
1323 4359 1428 4415 illis
1467 4362 1564 4414 uti.
1607 4359 1742 4415 Nam
1767 4362 1888 4417 ideo

307 4463 712 4524 conquerantur
737 4453 889 4508 multi
917 4453 1040 4522 quia
1065 4461 1256 4522 putant
1277 4454 1344 4508 ad
1370 4452 1596 4508 salutem
1631 4453 1710 4508 vel
1732 4455 1885 4509 dam-

309 4541 746 4600 nationemnihil
787 4541 964 4598 valere
997 4540 1223 4596 liberum
1251 4541 1567 4607 arbitrium;
1597 4543 1690 4598 sed
1717 4543 1885 4598 solam

311 4632 688 4686 necessitatem
731 4640 954 4701 prepter
1007 4630 1098 4683 Dei
1156 4631 1567 4700 praescientiam.
1621 4631 1886 4701 Qudniatn

309 4735 439 4793 ergo
461 4737 568 4777 non
596 4720 833 4778 salvatur
855 4721 1044 4787 homo,
1070 4730 1354 4792 postquam
1402 4725 1468 4778 ad
1503 4725 1888 4794 intelligibilem

1975 1637 2182 1724 valeat,
2211 1633 2447 1722 quandiu
2476 1645 2575 1700 bac
2598 1643 2851 1699 libertate
2878 1640 3106 1697 voluerit
3143 1639 3219 1693 uti
3247 1678 3262 1704 ,
3318 1635 3554 1692 auferre.

1974 1731 2125 1796 Iusta
2156 1755 2282 1794 vero
2310 1754 2412 1792 non
2443 1744 2527 1792 est
2553 1733 2817 1790 naturalis
2840 1776 2855 1802 ,
2906 1733 2999 1790 sed
3025 1730 3125 1786 fuit
3154 1728 3472 1799 separabilis
3509 1729 3563 1783 in

1975 1830 2239 1902 principio
2261 1839 2313 1884 et
2332 1827 2536 1898 angelis
2561 1825 2651 1858 ⁸⁸⁶¹
2683 1826 2735 1880 in
2760 1825 2898 1880 coelo
2919 1864 2933 1888 ,
2957 1832 3012 1878 et
3036 1821 3344 1877 hominibus
3379 1821 3432 1873 in
3463 1835 3561 1889 pa-

1977 1924 2190 1989 radiso,
2220 1929 2376 1976 etest
2397 1921 2572 1972 adlmc
2603 1917 2658 1972 in
2683 1917 2783 1971 hac
2806 1915 2912 1968 vita
2941 1931 2956 1984 ;
3014 1928 3119 1968 non
3151 1922 3328 1964 tamen
3377 1925 3564 1964 neces-

1977 2013 2137 2068 sitate
2161 2052 2176 2078 ,
2229 2011 2324 2067 sed
2378 1995 2688 2065 habentium
2726 2007 2818 2037 ³⁶⁶¹
2850 2005 2992 2058 illam
3023 2003 3238 2073 propria
3268 2001 3559 2056 voluntate.

1980 2101 2084 2157 Sed
2111 2099 2646 2172 qutmiamjustitiant
2673 2137 2688 2160 ,
2722 2111 2827 2166 qua
2851 2096 3031 2166 justus
3056 2106 3138 2148 est
3168 2093 3363 2163 aliquis
3387 2133 3402 2157 ,
3430 2107 3564 2147 con-

1979 2199 2085 2244 stat
2115 2203 2235 2243 esse
2275 2187 2647 2242 rectitudinem
2678 2185 2972 2238 voluntatis
2997 2224 3012 2246 ,
3053 2199 3213 2253 quam
3251 2181 3400 2235 dixi:
3446 2197 3566 2252 qua:

1982 2279 2248 2333 rectitudo
2279 2287 2401 2332 tunc
2429 2285 2633 2330 tantum
2661 2257 2826 2329 estin
2851 2274 3060 2342 aliquo,
3112 2285 3233 2326 cum
3289 2271 3402 2339 ipse
3453 2271 3567 2324 vult

1981 2370 2122 2440 quod
2151 2369 2290 2424 Deus
2327 2367 2440 2422 vult
2469 2382 2591 2422 eum
2615 2366 2751 2421 velle
2777 2383 2788 2419 :
2818 2374 2966 2436 patet
2995 2364 3120 2434 quia
3153 2364 3290 2418 Deus
3314 2362 3562 2416 eamdem

1982 2457 2361 2514 rectitudinem
2414 2472 2517 2510 non
2551 2465 2730 2525 potest
2780 2455 2949 2508 invito
3005 2451 3252 2515 auferre;
3308 2451 3562 2520 quoniam

1983 2564 2090 2602 non
2126 2554 2302 2616 potest
2333 2548 2434 2601 hoc
2459 2545 2613 2601 velle.
2649 2545 2753 2600 Sed
2792 2558 2968 2614 neque
2997 2544 3133 2598 velle
3174 2552 3349 2614 potest
3377 2542 3472 2572 ³⁸⁸³
3507 2549 3567 2594 ιιι

1980 2651 2100 2694 eam
2137 2639 2368 2700 habens,
2407 2638 2594 2692 nolens
2625 2637 2728 2691 ulla
2779 2637 3100 2692 necessitate
3146 2651 3266 2690 eam
3307 2636 3516 2689 deserat
3549 2669 3562 2698 ,

1983 2732 2179 2804 quippe
2208 2730 2366 2786 vellet
2389 2730 2537 2784 illutn
2561 2745 2665 2784 non
2701 2729 2872 2793 velle,
2901 2729 3044 2798 quod
3073 2727 3184 2782 vult
3225 2741 3347 2781 eum
3384 2725 3518 2780 velle
3552 2745 3562 2777 :

1985 2822 2126 2892 quod
2175 2837 2296 2876 esse
2346 2820 2553 2890 nequit.
2615 2818 2874 2888 Sequitur
2908 2827 3037 2888 ergo
3074 2819 3238 2871 Deum
3288 2816 3424 2870 velle
3467 2816 3569 2870 hoc

1908 2879 1952 2941 Ο
1987 2916 2144 2970 modo
2175 2923 2375 2968 rectam
2405 2911 2734 2966 voluntatem
2776 2910 2842 2964 ad
2886 2909 3166 2964 volendum
3217 2917 3364 2963 recte
3411 2919 3464 2961 et
3497 2909 3566 2960 ad

1985 3008 2309 3062 servandum
2337 3003 2579 3058 eamdem
2612 3003 2987 3058 rectitudinem
3011 3016 3131 3057 esse
3161 3000 3418 3064 liberam;
3443 3012 3564 3066 qua:

1985 3095 2200 3166 quando
2232 3102 2406 3165 potest
2455 3093 2596 3163 quod
2644 3093 2787 3158 vult,
2841 3091 3010 3145 libere
3062 3089 3188 3144 facit
3221 3088 3366 3158 quod
3418 3087 3567 3142 facit.

1987 3184 2141 3240 Unde
2182 3197 2396 3254 quoque
2426 3181 2768 3251 apertissime
2802 3181 2896 3215 "“
2938 3179 3188 3250 cognosci
3241 3186 3417 3249 potest
3464 3177 3561 3231 ali-

1985 3291 2148 3347 quam
2182 3289 2304 3328 esse
2345 3274 2569 3327 liberam
2601 3271 2936 3328 voluntatem
2983 3286 3106 3327 cum
3164 3270 3376 3325 actione
3428 3283 3566 3335 sua,

1990 3383 2094 3422 non
2120 3373 2451 3436 repugnante
2473 3365 2568 3420 Dei
2592 3365 2952 3434 praescientia,
2967 3364 3106 3418 sicut
3128 3379 3288 3431 supra
3307 3371 3574 3415 monstra-

1991 3469 2102 3513 tum
2128 3468 2229 3513 est.
2258 3457 2528 3510 Ponamus
2559 3470 2701 3510 nunc
2735 3455 3041 3525 exemplum
3081 3454 3296 3524 aliquod
3317 3496 3332 3518 ,
3379 3454 3430 3508 in
3461 3468 3571 3522 quo

1989 3555 2241 3618 appateat
2281 3553 2336 3599 et
2366 3553 2542 3606 recta,
2568 3544 2618 3598 id
2644 3553 2726 3600 est
2752 3544 2899 3612 justa
2925 3543 3018 3574 ⁸⁸⁸⁸
3047 3543 3291 3598 voluntas
3322 3552 3377 3597 et
3403 3541 3570 3596 liber-

1992 3650 2073 3694 tas
2102 3637 2346 3700 arbitrii,
2374 3646 2427 3690 et
2451 3637 2624 3706 ipsum
2647 3636 2962 3699 arbitrium;
3013 3645 3067 3689 et
3109 3634 3379 3704 quomodo
3428 3642 3574 3688 recta

1993 3731 2240 3785 voluntas
2269 3731 2638 3799 impugnetur,
2690 3737 2747 3780 ut
2785 3726 3002 3782 deserat
3059 3726 3474 3790 rectitudinem,
3515 3730 3572 3779 et

1991 3819 2224 3892 qualiter
2254 3834 2374 3873 eam
2408 3819 2576 3872 libero
2610 3825 2790 3872 servet
2827 3817 3072 3871 arbitrio.
3106 3816 3281 3870 Habet
3308 3815 3501 3885 aliquis
3523 3815 3578 3869 in

1992 3909 2155 3964 corde
2177 3918 2236 3962 ut
2281 3907 2564 3962 veritatem
2607 3914 2820 3970 teneat,
2873 3907 2998 3974 quia
3060 3905 3307 3975 intelligit
3368 3915 3576 3958 rectum

1992 4017 2114 4056 esse
2135 4016 2319 4055 amare
2340 3999 2645 4054 veritatem.
2686 3996 2783 4052 llic
2811 3999 2996 4066 utique
3024 4007 3225 4052 rectam
3273 3996 3386 4064 jam
3414 3994 3580 4051 habet

1996 4091 2322 4146 voluntatem
2353 4099 2410 4146 et
2432 4089 2807 4145 rectitudinem
2835 4090 3146 4144 voluntatis.
3187 4088 3345 4142 Aliud
3392 4097 3578 4142 autem

1994 4192 2078 4237 est
2106 4181 2386 4246 voluntas;
2415 4191 2468 4235 et
2495 4181 2640 4234 aliud
2669 4180 2954 4244 rectitudo,
2985 4195 3092 4250 qua
3117 4189 3262 4234 recta
3289 4178 3581 4234 est.Acce-

1996 4276 2074 4328 dit
2097 4275 2262 4337 alius;
2294 4286 2380 4341 et,
2409 4273 2511 4330 nisi
2544 4273 2865 4338 mentiatur,
2913 4273 3151 4327 minatur
3199 4271 3270 4326 illi
3319 4281 3572 4326 mortem.

2003 4366 2254 4421 Videmus
2285 4381 2427 4421 nunc
2458 4366 2510 4420 in
2532 4363 2648 4434 ejus
2676 4379 2796 4420 esse
2823 4365 3050 4418 arbitrio
3075 4379 3143 4417 an
3172 4363 3390 4418 deserat
3414 4363 3576 4415 vitam

1999 4470 2095 4524 pro
2151 4454 2472 4509 rectitudine
2529 4453 2849 4518 voluntatis;
2912 4467 2980 4506 an
3031 4451 3579 4519 t'cctitutlinem,pro

1997 4545 2124 4598 vita.
2162 4541 2274 4599 lloc
2302 4544 2626 4608 arbitrium,
2672 4545 2813 4612 quod
2841 4552 2898 4598 et
2918 4544 3180 4613 judicium
3226 4541 3330 4596 diei
3353 4549 3529 4612 potest
3559 4581 3578 4603 ,

1997 4635 2225 4690 liberum
2254 4646 2374 4701 est;
2407 4637 2660 4706 quoniam
2692 4635 2859 4699 ratio,
2924 4650 3029 4704 qua
3077 4633 3392 4704 intelligitur
3419 4633 3579 4688 recti-

1999 4729 2159 4792 tudo,
2190 4728 2348 4781 docet
2370 4725 2746 4782 rectitudinem
2774 4725 2919 4779 illam
2951 4724 3196 4793 ejusdem
3237 4723 3581 4779 rectitudinis

1609 4833 1844 4890 VARI/li
1884 4834 2288 4893 LECTIONES.

315 4928 380 5006 [τι.
397 4941 524 5006 mss.
560 4924 633 5006 Et
658 4923 782 4994 quia
815 4922 913 5005 fuit
937 4924 1020 5006 in“
1066 4922 1416 5006 “"1idetur
1463 4940 1620 4993 posse
1656 4927 2089 5006 sitnilite_r__ntss.
2131 4928 2339 5006 Virt.9.
2373 4929 2585 4983 videtur
2624 4928 3231 5006 similiteepossenmgs.
3289 4927 3423 4983 Vict.
3455 4926 3509 4984 5.
3532 4937 3579 4982 et

314 4997 641 5080 l‘5..rvidet_ur
663 4994 1103 5080 posse'similiter“
1279 4997 1604 5080 Intempore
1626 5007 1709 5051 est
1733 4997 1990 5052 mutabile
2019 5016 2143 5053 mss.
2177 5002 2230 5080 in
2262 5009 2512 5080 tempore
2517 5014 2645 5080 esse
2669 4994 2923 5080 mutabile
2997 4999 3090 5029 ³⁵⁸⁸
3136 4998 3202 5052 Et
3243 5001 3457 5066 quando
3479 5014 3576 5051 nu.

313 5067 628 5138 (listenulit
677 5065 1103 5138 quoniatnh'm
1144 5065 1361 5138 Aliquid
1403 5065 1488 5120 est
1554 5077 1611 5121 et
1659 5079 1949 5136 antequam
2001 5085 2126 5122 mss.
2177 5069 2312 5122 Vict.
2375 5065 2423 5122 ξι
2489 5068 2676 5122 Cister.
2717 5070 2918 5138 aliquid
2959 5079 3013 5122 et
3054 5077 3154 5132 est,
3196 5065 3578 5138 etiantequatn

387 5137 480 5168 ³⁸⁸⁸
510 5135 724 5191 llnutini
751 5135 1142 5206 fortitudinem,
1184 5137 1317 5190 alius
1338 5139 1720 5191 certitudiuem
1745 5135 2082 5206 prkedictam,
2109 5140 2160 5193 id
2187 5150 2289 5204 est,

2324 5139 2589 5206 justitiam
2614 5155 2741 5192 nm.
2767 5139 2970 5194 homini
3025 5139 3400 5194 rectitudinem
3439 5154 3576 5207 prte-

315 5207 541 5280 t_l_ic_tatt_t,
566 5206 619 5262 id
649 5217 735 5280 est
770 5205 1041 5274 justitiam
1118 5206 1209 5280 mf
1262 5207 1341 5280 A_b
1387 5205 1782 5280 Angelisdmsi.
1846 5205 1982 5280 Vict.
2013 5209 2066 5261 5.
2102 5210 2158 5264 9.
2203 5220 2249 5263 et
2283 5205 2482 5264 Cist".
2517 5221 2574 5264 et
2622 5209 2844 5280 Angelis
2867 5225 2993 5264 mss.
3031 5209 3162 5262 Vict.
3197 5211 3260 5263 l3
3284 5209 3336 5262 in
3359 5205 3581 5280 Attgelis

317 5277 413 5309 ³⁰⁶¹
463 5275 798 5346 Necessitate
847 5287 943 5330 aut
989 5275 1332 5346 necessitatis
1386 5275 1801 5346 viiimpellente,
1833 5280 1928 5330 sed
1959 5279 2274 5334 habentium
2315 5297 2439 5334 mas.
2476 5275 2822 5342 necessitate;
2848 5282 2941 5334 sed
2966 5281 3278 5333 habentium
3353 5275 3576 5331 “"Ne-

319 5345 555 5424 quenlla
587 5349 636 5400 vi
659 5348 773 5402 lieri
801 5356 986 5424 potest.
1006 5363 1132 5424 mss.
1161 5360 1224 5424 et.
1253 5345 1399 5424 Ιιςάὲι.
1428 5345 1583 5400 Cotti.
1625 5353 1824 5424 deque
1847 5349 1982 5424 velle
2033 5359 2212 5424 potest
2232 5420 2267 5424 __
2289 5350 2382 5382 ³⁸⁸³
2406 5348 2560 5416 Quod
2611 5350 2916 5424 [scin-vult.
2953 5347 3104 5404 Unde
3159 5364 3374 5420 quoque
3417 5363 3576 5418 aper-

320 5417 526 5488 tissime
587 5433 711 5472 nm.
763 5415 909 5486 quod
961 5416 1113 5471 facit.
1185 5415 1336 5471 Unde
1385 5433 1601 5485 quoque
1656 5415 2000 5488 apertissime
2036 5415 2045 5417 ⁷
2077 5420 2169 5449 “"5
2231 5420 2293 5473 Et
2361 5415 2504 5474 recta
2559 5431 2612 5474 ct
2652 5420 2708 5487 jn
2745 5429 2795 5473 ta
2851 5436 2973 5472 mss.
3027 5429 3081 5472 et
3144 5415 3312 5482 recta,
3373 5421 3424 5474 id
3454 5415 3577 5482 est,

319 5481 458 5552 justa
