3940 6046
307 161 405 221 ΒΗ

1127 168 1210 225 DE
1251 171 1588 228 CONCORD.
1631 177 1900 235 I’RzESC.
1935 182 2037 236 DEI
2080 181 2220 237 CUM
2255 183 2378 237 LIB.
2421 186 2693 240 ARBITR.

3458 192 3565 249 518

308 299 492 340 amore
525 299 737 355 semper
764 300 882 341 esse
910 287 1258 348 servandam;
1297 298 1350 343 et
1393 291 1649 359 quidqttid
1698 295 1884 348 ohten-
1916 301 1954 355 Λ
1988 297 2040 349 in
2071 297 2223 350 malis
2252 312 2377 350 vero
2403 300 2529 352 facit
2572 301 2712 369 quod
2735 310 2890 366 ειιιιι,
2954 308 3048 357 sed
3108 315 3214 355 non
3256 302 3398 370 quod
3427 305 3570 362 mala

307 377 456 432 ditur
483 387 542 430 ιιι
571 377 850 432 deseratur
882 391 1002 431 eSsc
1056 381 1534 444 coutctunetnlunt;
1586 391 1746 450 atque
1797 399 1886 434 vn-

311 465 531 520 luntatis
551 474 634 519 est
659 474 717 519 ut
744 465 854 533 ipsa
885 480 1097 534 quoque
1121 467 1372 535 reprobct
1407 482 1470 521 ac
1499 469 1886 539 eligat,quem-

308 555 594 608 admodum
653 553 879 608 rationis
934 554 1237 608 intellectus
1307 563 1615 610 monstrat:
1671 559 1736 611 ad
1782 559 1885 614 hoc

307 645 454 698 enim
476 645 706 698 maxime
737 647 873 698 datae
901 655 1027 698 sunt
1050 645 1297 700 rationali
1341 657 1601 702 creatura:
1639 648 1884 704 voluntas

305 743 362 786 et
392 743 548 786 ratio.
585 732 924 802 Quapropter
952 733 1091 787 idem
1134 734 1423 789 voluntatis
1471 737 1751 791 arbitrium
1779 779 1794 804 ,
1830 749 1887 792 ut

305 823 550 874 eamdem
575 822 949 875 rectitudinem
987 823 1229 888 deserat,
1280 824 1420 877 nulla
1457 825 1665 896 cogitur
1704 842 1888 882 neces-

310 913 482 977 titate,
510 911 760 979 quamvis
790 913 980 966 mortis
1009 912 1352 982 impugnetur
1373 913 1708 970 difﬁcultate.
1736 917 1886 972 Licet

306 1004 448 1055 enim
476 1017 694 1056 necesse
722 1001 790 1056 sit
815 1011 911 1058 aut
947 1003 1110 1056 vitam
1159 1015 1250 1057 aut
1298 1006 1675 1061 rectitudinem
1719 1009 1886 1062 relin-

307 1107 472 1159 quere
496 1134 510 1156 ,
541 1093 680 1146 nulla
707 1104 885 1146 tamen
916 1095 1214 1148 necessitas
1239 1095 1562 1148 determinat
1585 1113 1746 1164 quam
1775 1114 1886 1152 ser-

306 1190 396 1235 vet
417 1192 508 1234 aut
537 1183 769 1236 deserat.
802 1181 1003 1252 Nempe
1027 1184 1139 1237 sola
1171 1185 1422 1240 voluntas
1448 1187 1769 1242 determinat
1815 1189 1883 1243 ibi

306 1273 433 1341 quid
474 1283 686 1337 teneat,
740 1288 838 1327 nec
878 1273 1079 1342 aliquid
1123 1274 1251 1328 facit
1287 1275 1366 1328 vis
1398 1277 1765 1342 necessitatis,
1799 1279 1885 1332 ubi

305 1373 561 1433 operatur
591 1363 783 1418 cleetio
811 1363 921 1418 sola
947 1365 1258 1420 voluntatis.
1296 1367 1364 1420 At
1387 1359 1473 1423 eui
1505 1385 1610 1422 non
1633 1379 1713 1423 est
1735 1369 1884 1423 dese-

306 1455 456 1508 rendi
494 1453 868 1508 rectitudinem
903 1455 1222 1518 voluntatis,
1259 1471 1419 1524 quam
1461 1459 1657 1526 habet,
1701 1474 1886 1513 ncces-

307 1544 474 1609 sitas;
511 1543 684 1613 palam
716 1553 799 1598 est
828 1545 952 1612 quia
994 1557 1098 1598 non
1148 1545 1301 1600 deest
1355 1549 1602 1602 servandi
1647 1559 1884 1618 potestas

1990 399 2129 440 sunt.
2161 387 2293 440 Nam
2335 391 2479 442 omni
2509 393 2582 443 rei
2613 403 2947 458 essejustam
2980 401 3058 446 vel
3096 401 3292 448 bottaut
3313 433 3328 457 ,
3361 409 3447 449 est
3468 398 3569 451 ali-

1987 480 2114 546 quid
2138 496 2258 533 esse
2291 480 2418 544 3""3;
2453 482 2582 534 nulli
2611 499 2740 537 vero
2770 484 2846 538 rei
2879 493 3104 539 estesse
3136 486 3374 556 aliquid,
3402 487 3570 556 injus-

1990 577 2095 620 tam
2126 569 2208 622 vel
2225 570 2414 623 malam
2442 588 2562 627 esse
2583 572 2694 625 "7".
2730 572 3005 643 Siquidem
3025 577 3223 630 bonum
3248 578 3331 632 vel
3356 579 3565 645 justum

1986 671 2104 710 esse
2124 697 2138 718 ,
2164 667 2244 709 est
2263 657 2528 725 justitiam
2557 660 2796 716 habere:
2833 665 2972 730 quod
3010 674 3089 718 est
3114 665 3332 733 aliquid.
3365 667 3566 722 Malum

1987 760 2113 798 vero
2142 761 2263 800 esse
2297 747 2377 800 vel
2417 749 2705 816 iujustum,
2759 763 2838 805 est
2885 769 2988 808 non
3053 755 3254 810 habere
3291 758 3572 826 justitiam

1985 849 2146 903 quam
2178 835 2335 889 debet
2354 838 2757 907 haberezquod
2799 856 2906 894 non
2946 851 3029 896 est
3081 844 3302 914 aliquid.
3353 845 3574 901 Justitia‘

1987 939 2224 992 namque
2245 923 2446 994 aliquid
2478 937 2599 992 est;
2629 930 2889 998 injustitia
2927 948 3054 986 vero
3087 935 3252 998 nihil,
3282 935 3570 990 sit-uldixi.

1987 1010 2080 1064 Est
2109 1023 2285 1066 autem
2337 1014 2478 1068 aliud
2519 1016 2612 1046 ³⁶⁷⁵
2640 1019 2872 1086 bonum,
2911 1023 3051 1088 qqu
3095 1022 3291 1074 dicitur
3327 1038 3566 1077 commo-

1987 1097 2145 1163 dum,
2177 1099 2328 1167 cujus
2364 1104 2692 1158 contrarium
2721 1115 2803 1158 est
2826 1106 3021 1159 malum
3050 1149 3065 1173 ,
3099 1111 3237 1175 quod
3262 1121 3344 1163 est
3367 1111 3570 1164 incom-

1988 1191 2224 1244 modum.
2262 1191 2372 1244 Hoc.
2410 1194 2609 1248 malum
2641 1195 2928 1264 aliquando
2957 1199 3085 1251 nihil
3109 1209 3218 1265 εει,
3249 1211 3304 1252 ιιι
3327 1203 3559 1263 ca'citas:

1987 1280 2276 1350 aliquando
2299 1286 2592 1354 estaliquid
2617 1328 2630 1351 ,
2659 1297 2718 1342 ut
2737 1288 2907 1344 dolor.
2939 1289 3044 1344 Sed
3069 1293 3169 1346 hoc
3189 1293 3415 1356 tualum,
3445 1310 3568 1347 cum

1989 1373 2186 1441 aliquid
2217 1384 2329 1437 est,
2368 1375 2534 1430 Deum
2581 1377 2758 1434 facere
2811 1395 2917 1435 non
2949 1395 3239 1452 negamus;
3277 1385 3404 1453 quia
3452 1386 3568 1453 ipse

1987 1471 2097 1523 est,
2150 1464 2541 1534 sicutlegitur,
2601 1469 2798 1536 faciens
2836 1488 3014 1539 pacem
3065 1483 3111 1526 et
3159 1491 3340 1528 creans
3372 1475 3568 1528 malum

1990 1548 2124 1620 (Ian.
2181 1568 2311 1617 xr.v,
2338 1553 2411 1622 7).
2445 1554 2560 1622 Ipse
2581 1571 2971 1626 namquecreat
2998 1560 3354 1624 ineouunoda,
3376 1563 3577 1632 quibus

305 1635 419 1688 sive
450 1635 688 1689 libertas.
728 1633 955 1704 Semper
982 1636 1126 1690 enim
1152 1638 1266 1692 bare
1313 1649 1554 1708 potestas
1595 1641 1689 1673 ³⁸⁸⁸
1718 1641 1886 1696 libera
1921 1643 1963 1700 Β
1989 1649 2207 1694 exercet
2244 1651 2297 1695 et
2353 1653 2543 1713 purgat
2582 1643 2780 1711 justos,
2819 1658 2870 1701 et
2910 1650 3061 1717 punit
3110 1649 3354 1719 iujustos.
3391 1653 3571 1721 Itaque

304 1733 412 1778 est.
447 1723 569 1779 Hzec
599 1732 681 1778 est
706 1723 849 1778 enim
877 1723 1127 1790 libertas,
1160 1739 1320 1794 quam
1343 1741 1462 1782 esse
1490 1729 1598 1783 dixi
1625 1729 1792 1798 (Dial.
1823 1731 1886 1785 de

305 1814 396 1868 lib.
439 1815 550 1870 arb.
582 1830 633 1870 c.
655 1817 690 1870 5
710 1855 727 1880 ,
755 1814 844 1885 15)
875 1822 1192 1886 potestatem
1218 1818 1467 1873 servandi
1511 1821 1884 1875 rectitudiuem

307 1905 628 1970 voluntatis,
685 1915 904 1975 propter
951 1907 1122 1976 ipsam
1165 1908 1566 1963 rectitudinem.
1618 1907 1728 1965 Hae
1774 1911 1893 1988 ipsa

308 1997 551 2053 libertate
583 1997 863 2052 rationalis
897 2009 1136 2065 natium,
1184 2010 1236 2053 et
1260 2000 1542 2056 arbitrium
1577 1993 1802 2054 liberum
1831 1995 1892 2056 et

308 2088 553 2143 voluntas
583 2089 751 2143 libera
779 2089 996 2143 dicitur.
1159 2087 1162 2092 ’
1629 2091 1632 2094 ’

307 2199 433 2254 Car.
468 2199 576 2254 VII.
617 2231 686 2240 —-
723 2203 804 2256 An
835 2201 928 2256 Dei
973 2203 1298 2271 pra’scientia
1325 2205 1394 2258 sit
1448 2222 1481 2258 ιι
1512 2205 1660 2258 rebus
1689 2222 1706 2260 :
1737 2217 1782 2262 et
1819 2225 1887 2261 an

381 2272 593 2343 ressiul
647 2271 711 2324 ab
771 2271 882 2340 ejus
935 2270 1173 2326 scienda.
1227 2271 1292 2326 Et
1331 2274 1589 2343 quomodo
1618 2276 1758 2330 mala
1782 2277 1884 2330 sint

379 2357 409 2392 ιι
438 2339 566 2393 Deo.

381 2455 567 2510 Restat
593 2469 733 2510 nunc
766 2463 822 2510 ut
865 2457 1300 2522 consideremus,
1353 2473 1475 2514 cum
1517 2459 1658 2515 Deus
1709 2460 1889 2515 omnia

310 2547 563 2617 prteseire
610 2547 724 2601 sive
751 2549 891 2602 scire
932 2548 1214 2614 credatur,
1271 2558 1447 2603 utrum
1497 2550 1612 2621 ejus
1666 2551 1889 2606 scientia

309 2633 381 2688 sit
415 2648 444 2687 a
478 2634 658 2699 rebus,
690 2649 757 2688 an
780 2650 866 2690 res
884 2635 1116 2690 habeant
1145 2636 1236 2667 ³⁸⁸⁷
1263 2651 1384 2692 εεεε
1406 2639 1472 2693 ab
1501 2638 1616 2709 ejus
1642 2640 1888 2694 scicntia.

311 2724 442 2779 Nam
463 2765 480 2792 ,
511 2726 554 2781 si
586 2726 727 2782 Deus
747 2742 777 2780 a
796 2727 956 2783 rebus
981 2727 1141 2782 habet
1163 2729 1466 2794 scientiam,
1496 2732 1736 2801 sequitur
1749 2732 1894 2801 quod

309 2817 415 2871 illa:
447 2819 594 2886 prius
623 2819 730 2873 sint
759 2833 917 2887 quam
939 2817 1055 2887 ejus
1076 2819 1301 2875 scientia
1323 2861 1336 2884 ,
1391 2829 1444 2877 et
1465 2821 1542 2876 sic
1582 2837 1611 2875 a
1641 2821 1748 2876 Deo
1785 2838 1890 2878 non

310 2909 449 2972 sint,
483 2923 512 2960 a
554 2923 660 2977 quo
690 2917 1103 2977 nequeuntesse
1132 2911 1232 2965 nisi
1285 2926 1380 2980 per
1429 2911 1546 2980 ejus
1589 2913 1889 2968 scientiam.

1990 1731 2167 1785 deillo
2195 1742 2398 1785 tantum
2434 1735 2571 1789 malo
2605 1735 2730 1800 3°",
2788 1740 2928 1808 quod
2987 1752 3069 1794 est
3125 1739 3417 1811 injustitia,
3476 1757 3573 1811 per

1989 1827 2151 1890 quam
2184 1823 2378 1877 dicitur
2404 1825 2657 1892 injustunt
2684 1867 2699 1889 ,
2752 1839 2958 1882 certum
3005 1839 3089 1886 est
3120 1831 3244 1899 quia
3291 1847 3567 1900 nunquam

1988 1924 2070 1968 est
2101 1913 2332 1983 aliquid;
2371 1931 2467 1970 nec
2493 1916 2651 1972 alicui
2682 1917 2755 1972 rei
2783 1929 2866 1972 est
2891 1935 3008 1974 esse
3036 1920 3236 1988 aliquid
3266 1960 3282 1985 ,
3316 1921 3569 1991 injustam

1988 2015 2128 2054 esse.
2178 2001 2273 2066 Et,
2307 2005 2450 2057 sicut
2477 2005 2613 2059 Deus
2643 2021 2746 2059 non
2780 2005 2906 2060 facit
2953 2006 3300 2074 injustitiam,
3354 2010 3423 2061 ita
3463 2025 3568 2062 non

1990 2091 2118 2148 facit
2147 2093 2348 2162 aliquid
2391 2097 2650 2164 injustum
2681 2081 2802 2152 esse
2826 2097 2846 2150 ':
2897 2097 2988 2167 qui
3020 2109 3197 2152 tamen
3233 2100 3357 2153 facit
3380 2116 3572 2155 omnes

1990 2184 2252 2239 actiones
2287 2195 2343 2240 et
2395 2193 2584 2241 omnes
2625 2188 2816 2242 ‘nt'ottts
2844 2228 2858 2253 ,
2936 2188 3082 2258 quia"
3118 2189 3229 2258 ipse
3300 2189 3429 2246 facit
3485 2207 3578 2245 res

1989 2289 2020 2326 ει
2069 2273 2307 2342 quibus,
2385 2284 2438 2330 et
2498 2291 2564 2330 ex
2632 2278 2867 2347 quibus,
2927 2288 2980 2333 et
3033 2295 3129 2349 per
3187 2296 3361 2349 quas,
3424 2291 3478 2335 et
3518 2283 3569 2336 in

1989 2361 2186 2431 quibus
2241 2363 2420 2425 fiunt;
2497 2374 2552 2420 et
2608 2366 2752 2419 nulla
2810 2382 2896 2422 res
2965 2369 3128 2424 habet
3205 2371 3370 2424 ullam
3423 2381 3574 2440 pote-

1991 2454 2416 2510 statemvolendi
2447 2464 2539 2510 aut
2566 2455 2794 2511 faciendi
2825 2497 2842 2524 ,
2884 2459 2984 2513 uisi
3025 2459 3113 2516 illo
3165 2461 3349 2517 dante.
3391 2462 3573 2531 [psmn

1992 2559 2204 2614 quoque
2261 2545 2427 2611 velle,
2497 2546 2639 2614 quod
2693 2546 2981 2615 aliquando
3024 2547 3229 2617 justqu
3288 2562 3412 2617 est,
3467 2551 3569 2604 ali-

1992 2639 2207 2708 quando
2247 2637 2501 2707 injustum
2526 2677 2542 2705 ,
2576 2652 2674 2692 nec
2699 2647 2784 2692 est
2807 2636 2951 2694 aliud
2982 2655 3140 2710 quam
3181 2640 3255 2694 uti
3301 2652 3572 2711 potestate

1991 2731 2203 2785 volendi
2233 2740 2286 2784 et
2311 2731 2604 2796 voluntate,
2635 2747 2770 2800 quas
2794 2730 2934 2786 Deus
2960 2731 3069 2796 dat,
3116 2731 3434 2802 inquantutu
3467 2744 3572 2797 est,

1998 2822 2153 2891 127
2207 2823 2406 2876 bonum
2455 2831 2556 2885 est,
2589 2829 2644 2874 et
2677 2836 2707 2874 a
2737 2821 2844 2875 Deo
2874 2829 2976 2875 est.
3015 2820 3168 2887 Quod
3196 2831 3321 2876 tunc
3353 2825 3570 2891 quidem

1995 2912 2210 2981 quando
2268 2922 2412 2967 recte
2462 2921 2566 2977 εει,
2600 2911 2800 2966 bonum
2839 2920 2894 2966 et
2941 2911 3149 2980 justum
3203 2923 3318 2979 est;
3355 2918 3574 2984 quando

311 2995 367 3050 Si
393 3012 520 3050 vero
549 3012 882 3066 quacunque
931 3007 1089 3066 sunt,
1157 3013 1186 3053 a
1250 3001 1474 3056 scientia
1530 3003 1623 3058 Dei
1675 3012 1896 3058 sumunt
1923 2993 1967 3054 C
1998 3018 2128 3057 vero
2152 3018 2255 3057 non
2292 3012 2462 3070 recte,
2491 3003 2593 3058 hoc
2613 3002 2729 3059 solo
2757 3003 2882 3072 quia
2915 3019 3020 3058 non
3053 3014 3198 3058 recte
3225 3015 3330 3070 est,
3370 3007 3568 3061 malum

311 3087 602 3142 essentiam
639 3105 651 3141 :
682 3088 823 3144 Deus
847 3087 1021 3144 factor
1042 3100 1120 3144 est
1151 3100 1340 3146 auctor
1369 3101 1452 3147 est
1482 3093 1744 3150 malorum
1768 3110 1894 3164 ope-

311 3192 434 3230 rum
463 3177 556 3208 ³⁶⁶⁸
581 3216 598 3242 ,
631 3187 687 3232 ει
714 3177 834 3233 ideo
863 3194 968 3233 non
992 3177 1137 3247 juste
1179 3179 1272 3220 ³⁸⁸⁸
1313 3182 1464 3250 punit
1505 3181 1674 3237 malos
1705 3198 1718 3236 :
1752 3187 1894 3252 quod

313 3282 417 3323 non
461 3269 805 3339 suscipimus.
865 3270 988 3325 Haec
1037 3280 1218 3326 autem
1285 3274 1511 3343 quaestio
1554 3273 1712 3330 facile
1757 3275 1892 3330 solvi

313 3369 511 3429 potest,
535 3359 578 3414 si
609 3360 757 3430 prius
779 3362 1122 3431 cognoscitur
1147 3363 1368 3428 bonum,
1397 3365 1538 3434 quod
1564 3363 1894 3433 estjustitia,

315 3465 442 3508 vere
468 3454 672 3524 aliquid
703 3469 822 3510 esse
845 3471 858 3521 ;
885 3455 1082 3510 malum
1113 3471 1273 3522 vero,
1310 3457 1454 3526 quod
1481 3467 1564 3513 est
1592 3459 1854 3527 injustitia
1877 3501 1890 3524 ,

314 3544 462 3600 omni
487 3559 675 3600 carere
695 3542 788 3576 ³⁸⁷⁸
814 3543 1122 3600 existentia.
1152 3541 1304 3613 Quod
1329 3545 1382 3600 in
1412 3553 1640 3601 tractatu
1667 3546 1810 3618 (cap.
1837 3548 1896 3613 9,

315 3637 400 3698 l0,
437 3633 526 3698 15,
552 3635 640 3704 16)
665 3633 732 3689 de
759 3649 885 3689 casu
919 3634 1114 3688 diaboli
1146 3674 1160 3700 ,
1206 3643 1261 3690 ει
1310 3635 1363 3689 in
1418 3634 1596 3690 libello
1631 3651 1788 3706 quem
1830 3638 1895 3692 de

316 3733 576 3794 conceptu
607 3723 854 3794 virginali
877 3732 930 3778 et
960 3735 1179 3794 peccato
1205 3723 1450 3794 originali
1475 3725 1678 3779 titulavi
1699 3767 1712 3790 ,
1734 3735 1892 3795 aper-

319 3815 524 3870 tissime
578 3816 873 3869 monstravi
925 3814 1038 3869 “".
1113 3813 1227 3868 Non
1286 3822 1369 3869 est
1431 3814 1576 3868 enim
1633 3813 1894 3883 injustitia

319 3905 550 3974 qualitas
570 3947 584 3972 ,
613 3913 705 3959 aut
743 3906 888 3959 actio
910 3946 925 3971 ,
952 3914 1043 3958 aut
1068 3903 1244 3976 aliqua
1267 3905 1498 3984 essentia
1519 3947 1534 3972 ,
1564 3908 1657 3962 sed
1688 3916 1893 3962 tantum

317 3997 560 4052 absentia
589 3996 783 4050 debitae
809 3995 1058 4067 iustitim;
1116 4012 1214 4051 nec
1245 4007 1336 4053 est
1355 3996 1454 4051 nisi
1495 3998 1547 4050 in
1585 3998 1892 4066 voluntate,

317 4083 406 4138 ubi
440 4085 596 4140 debet
632 4085 996 4153 essejustitia.
1021 4085 1124 4140 Per
1153 4099 1314 4154 quam
1339 4086 1894 4156 voluntatemjustam

317 4177 401 4229 vel
433 4176 687 4246 injustam
719 4177 814 4209 ³⁶⁷²
843 4177 1040 4231 dicitur
1069 4178 1245 4230 omnis
1269 4178 1545 4233 rationalis
1571 4188 1760 4234 natura
1780 4221 1792 4243 ,
1841 4188 1896 4235 et

318 4265 570 4334 quaelibet
603 4266 724 4334 ejus
744 4270 889 4320 actio
909 4266 1050 4335 justa
1079 4265 1162 4319 vel
1205 4266 1423 4334 injusta.
1473 4266 1668 4322 Omnis
1697 4269 1896 4338 quippe"

1995 3102 2082 3147 est
2113 3103 2168 3146 et
2191 3090 2467 3158 injustum.
2494 3091 2584 3145 Est
2615 3102 2792 3147 autem
2817 3092 3018 3162 aliquid
3043 3103 3193 3147 recte
3219 3109 3362 3159 esse,
3391 3106 3446 3150 et
3471 3097 3572 3150 hoc

1994 3191 2078 3236 est
2108 3197 2138 3235 a
2165 3181 2307 3248 Deo;
2339 3197 2444 3236 non
2466 3197 2585 3237 esse
2621 3198 2749 3236 vero
2781 3193 2949 3246 recte,
2979 3198 3082 3236 non
3114 3193 3199 3237 est
3224 3184 3445 3254 aliquid,
3471 3201 3572 3239 nee

1994 3282 2078 3326 est
2103 3289 2132 3325 a
2163 3270 2296 3325 Deo.
2322 3270 2480 3336 Nam,
2510 3271 2651 3326 sicut
2688 3286 2809 3326 cum
2846 3271 3044 3341 aliquis
3073 3273 3240 3326 utitur
3259 3273 3458 3344 gladio,
3480 3285 3576 3328 aut

1993 3361 2194 3433 lingua,
2223 3371 2309 3415 aut
2350 3370 2615 3433 potestate
2640 3363 2909 3432 loquendi,
2929 3379 3036 3418 non
3063 3375 3144 3418 est
3171 3364 3315 3418 aliud
3344 3365 3434 3395 ³⁸⁷⁷
3461 3377 3572 3435 gla-

1993 3453 2139 3518 dius,
2170 3461 2264 3506 aut
2296 3453 2500 3523 lingua,
2553 3452 2668 3507 sive
2700 3461 2936 3522 potestas
2986 3469 3110 3508 cum
3159 3464 3335 3510 rectus
3364 3464 3448 3510 est
3477 3472 3572 3509 eo-

1993 3559 2113 3598 rum
2147 3559 2295 3609 usus,
2326 3543 2491 3608 aliud,
2541 3560 2662 3597 cum
2707 3560 2811 3598 non
2843 3556 2927 3599 est
2970 3556 3184 3610 rectus;
3217 3545 3291 3598 ita
3321 3545 3570 3599 voluntas

1998 3651 2104 3706 qua
2139 3636 2339 3689 utimur
2381 3635 2449 3688 ad
2503 3634 2810 3700 volcndum,
2858 3635 3000 3689 sicut
3038 3637 3246 3691 ratione
3277 3635 3479 3690 utimur
3507 3637 3575 3688 ad

1997 3725 2450 3789 ratiocinandum,
2485 3740 2592 3778 non
2617 3737 2699 3780 est
2736 3725 2881 3780 aliud
2910 3727 3128 3795 quando
3157 3726 3278 3796 quis
3308 3726 3394 3780 illa
3426 3737 3574 3782 recte

1995 3815 2186 3880 utitur,
2237 3826 2293 3870 et
2317 3814 2460 3869 aliud
2507 3817 2722 3883 quando
2753 3831 2860 3869 non
2898 3826 3078 3880 recte;
3127 3831 3226 3870 nec
3261 3818 3432 3886 magis
3475 3833 3574 3871 uec

1999 3908 2177 3962 minus
2204 3916 2286 3961 est
2317 3907 2420 3975 hoc
2449 3907 2591 3975 quod
2619 3914 2698 3960 est
2724 3906 3112 3973 essentialiter,
3129 3921 3250 3960 cum
3281 3918 3364 3960 est
3399 3908 3577 3976 justa,

2001 3999 2161 4069 qnam
2205 4014 2330 4052 cum
2365 3997 2560 4067 injusta
2586 4005 2670 4050 est
2715 3996 2986 4061 voluntas,
3043 4013 3138 4066 per
3172 4012 3334 4066 quam
3379 3999 3579 4052 dicitur

1995 4101 2086 4146 aut
2117 4088 2418 4145 substantia
2448 4099 2542 4143 aut
2563 4085 2864 4156 at-tiojusta
2895 4087 2976 4142 vel
3006 4086 3222 4158 injusta.
3250 4087 3360 4152 Sic,
3385 4088 3571 4159 itaque

1995 4180 2126 4234 facit
2167 4181 2311 4235 Deus
2346 4180 2399 4233 in
2443 4179 2695 4233 omnibus
2726 4177 3089 4232 voluntatibus
3115 4188 3169 4232 et
3206 4179 3460 4247 operibus
3488 4179 3577 4232 bo~

1998 4271 2112 4335 nis,
2139 4278 2193 4323 et
2219 4269 2361 4338 quod
2387 4267 2750 4322 essentialiter
2797 4277 2943 4332 sunt,
2973 4275 3026 4323 et
3060 4259 3202 4337 quod
3233 4269 3370 4322 bona
3415 4279 3575 4334 sunt;

320 4356 581 4424 qualitas,
608 4367 662 4411 et
699 4357 875 4410 omnis
897 4357 1072 4419 actio,
1102 4364 1157 4409 et
1179 4355 1438 4425 quidquid
1467 4357 1699 4426 aliquam
1731 4359 1888 4413 habet
1926 4341 1972 4398 Ῐ)
2000 4360 2051 4414 in
2089 4359 2247 4414 malis
2281 4374 2409 4413 vero
2432 4371 2537 4413 non
2569 4357 2710 4428 quod
2742 4357 2884 4411 mala
2910 4366 3053 4422 sunt,
3077 4358 3169 4412 sed
3205 4367 3410 4412 tantum
3431 4360 3576 4428 quod

319 4449 612 4503 essentiam
644 4487 659 4512 ,
703 4463 731 4502 a
763 4449 873 4503 Deo
893 4456 975 4502 est
995 4487 1011 4512 ,
1062 4462 1092 4500 a
1114 4461 1220 4516 quo
1246 4457 1330 4502 est
1356 4448 1532 4502 omnis
1574 4448 1785 4519 justitia
1839 4459 1894 4505 et

321 4538 467 4592 nulla
498 4538 760 4608 injustitia
789 4557 802 4591 :
832 4537 960 4592 facit
983 4537 1146 4608 igitur
1180 4537 1322 4590 Deus
1361 4538 1545 4590 omnia
1592 4553 1710 4607 qua:
1748 4537 1896 4607 justa

321 4629 407 4681 vel
424 4627 621 4698 injusta
637 4628 917 4682 voluntate
943 4626 1106 4692 ﬁunt,
1134 4626 1183 4679 id
1207 4635 1290 4684 est
1317 4627 1454 4680 bona
1477 4641 1639 4696 opera
1665 4637 1716 4683 et
1735 4629 1892 4684 mala.

256 4702 261 4706 ’
324 4719 377 4772 lu
407 4721 559 4775 bonis
583 4719 798 4789 quidem
830 4717 960 4773 facit
981 4717 1122 4786 quod
1152 4725 1306 4782 sunt,
1332 4727 1388 4773 et
1411 4719 1555 4788 quod
1579 4719 1717 4773 bona
1752 4729 1895 4787 sunt;

2002 4466 2100 4521 per
2143 4455 2436 4504 essentiam
2466 4457 2611 4502 sunt.
2642 4445 3100 4514 Quemadmodum
3143 4449 3284 4501 enim
3340 4463 3445 4501 nou
3493 4457 3580 4502 est

2010 4538 2248 4594 essentia
2274 4533 2372 4568 ⁸⁸⁷⁸
2399 4548 2602 4598 rerum,
2636 4535 2737 4589 nisi
2771 4550 2798 4588 a
2837 4533 2981 4601 Deo;
3023 4536 3093 4589 ita
3147 4553 3251 4590 non
3299 4544 3380 4591 est
3428 4546 3582 4591 recta

2003 4634 2123 4699 ⁸⁸⁷⁵,
2169 4633 2274 4687 nisi
2318 4629 2385 4686 ab
2412 4633 2546 4700 ipso.
2586 4627 2756 4699 Hujus
2803 4643 2930 4684 vero
2981 4629 3340 4694 rectitudinis,
3373 4628 3439 4683 de
3469 4644 3580 4699 qua

2010 4728 2226 4794 loquor,
2255 4723 2523 4799 absentia,
2547 4737 2666 4793 qua:
2694 4730 2777 4776 est
2823 4721 3109 4791 injustitia,
3142 4737 3248 4775 non
3277 4729 3358 4774 est
3391 4722 3490 4775 nisi
3522 4721 3582 4774 in

1609 4855 1845 4913 VABIIE
1869 4859 2059 4917 ωεστ
2064 4859 2172 4916 1οΝ
2181 4857 2282 4913 ES.

396 4970 488 5052 "3'
517 4967 744 5052 Semper
768 4967 1212 5052 enimmpqtestas
1263 4983 1426 5052 me.
1459 4967 1594 5022 Vict.
1654 4985 1869 5040 semper
1897 4975 2041 5028 enim
2089 4975 2202 5028 haec
2247 4981 2486 5040 potestas
2556 4971 2649 5004 ³⁸⁸⁷
2675 4974 2780 5052 A_ut
2804 4987 2891 5028 res
2933 4973 3128 5026 habeat
3153 4981 3580 5052 esse-irritam

327 5055 418 5095 res
446 5037 677 5094 habeant
711 5053 834 5094 esse
907 5039 1001 5070 ³⁸⁸⁸
1023 5039 1092 5110 lit
1119 5037 1582 5110 aetormmalorum
1633 5037 1858 5107 operum
1904 5054 1987 5097 est
2029 5061 2155 5097 mss.
2198 5037 2470 5097 et'auetor
2497 5051 2582 5110 est
2617 5042 2882 5097 malorum
2932 5057 3186 5110 operunr
3227 5041 3320 5071 ⁸⁶⁶’
3350 5041 3416 5092 Et
3456 5041 3586 5094 ideo

321 5111 467 5188 juste
491 5125 616 5162 mss.
647 5117 716 5163 et
741 5109 861 5188 ideo
892 5108 1195 5188 nqn-jtt'ste.
1231 5107 1329 5188 ξ⁶⁷⁰
1355 5107 1805 5188 (immune-arere
1841 5127 1965 5188 "tu.
1999 5115 2146 5167 omni
2177 5127 2368 5188 carere
2441 5107 2540 5143 ’θ’θ’
2558 5112 2850 5188 aptissime
2897 5107 3192 5188 monstravi
3245 5126 3371 5162 mss.
3411 5123 3577 5188 apert

331 5176 541 5234 tissime
569 5179 862 5251 monstravi
939 5177 1034 5210 ³⁸⁷³
1060 5176 1279 5251 iustitia
1314 5178 1396 5231 vel
1424 5177 1850 5251 injustitiamu.
1881 5181 2084 5248 justam
2118 5181 2200 5236 vel
2236 5181 2489 5249 injustam
2566 5176 2659 5214 ’θ’
2686 5180 2992 5251 Estjustam
3040 5178 3122 5251 vel
3152 5179 3344 5230 bonam
3375 5176 3582 5245 aliquid

328 5264 452 5320 esse
481 5265 606 5320 mss.
639 5263 759 5320 esse
778 5247 980 5320 justam
1011 5247 1095 5320 vel
1149 5249 1344 5302 bonam
1397 5257 1477 5301 est
1511 5247 1712 5320 aliquid
1737 5264 1860 5320 esse
1886 5247 1893 5248 ⁷
1932 5251 2026 5285 ³⁸⁷⁸
2051 5251 2148 5306 Est
2191 5247 2396 5320 aliquid
2427 5265 2546 5305 esse
2577 5247 2830 5320 injustam
2860 5249 2941 5320 vel
2971 5247 3164 5301 malam
3192 5256 3432 5320 ιντερ-(ξι
3459 5263 3583 5301 εεεε

329 5319 557 5391 aliquid,
585 5319 839 5391 injustam
873 5318 956 5372 vel
989 5316 1184 5372 malam
1209 5332 1342 5391 esse
1389 5333 1521 5391 mea.
1559 5316 1698 5370 Vict.
1735 5319 1821 5391 l5.
1849 5329 1930 5374 est
1959 5323 2160 5391 aliquid
2199 5315 2342 5386 esse,
2376 5315 2644 5391 injustam
2681 5322 2764 5374 vel
2819 5319 3013 5373 tualatu
3042 5329 3164 5391 esse
3239 5315 3452 5391 ’f'ff_E_s_t
3482 5333 3580 5369 au-

334 5384 441 5444 tem
467 5384 670 5467 aliquid
701 5404 824 5442 mu.
854 5398 937 5442 est
971 5395 1150 5467 autem
1171 5386 1484 5467 aliudnfff‘
1506 5387 1693 5456 Itaque
1721 5390 1786 5467 de
1817 5399 1966 5445 tanto
1997 5384 2139 5446 malo
2199 5384 2336 5444 ειη(
2356 5384 2545 5467 de'illo
2581 5395 2762 5467 itaque
2811 5397 3022 5444 tantum-
3051 5384 3192 5467 malo
3267 5385 3359 5418 "7"
3390 5384 3584 5467 deum:

331 5469 418 5512 est
455 5455 598 5512 aliud
654 5474 780 5510 mss.
813 5471 917 5512 non
945 5467 1029 5512 est
1070 5457 1212 5510 aliud
1289 5458 1380 5495 ³⁵⁷⁸
1410 5455 1522 5509 Non
1561 5460 1798 5511 essentia
1854 5476 1978 5513 mu.
2033 5479 2136 5516 non
2166 5471 2249 5515 est
2277 5463 2514 5514 essentia
2591 5455 2688 5493 m‘
2717 5461 2790 5514 lta
2834 5473 2934 5510 non
2965 5465 3110 5508 recta
3159 5470 3284 5508 mss.
3316 5467 3361 5510 et
3403 5455 3578 5510 Editur

334 5527 554 5582 fiat/rica
584 5528 658 5580 ita
687 5541 788 5581 non
820 5537 903 5581 est
931 5536 1076 5581 rec-ta
