3940 6046
288 45 427 108 519.

844 47 901 103 S.
944 48 1245 105 ANSELMI
1284 51 1636 109 CANTUAll.
1669 52 1896 110 AliCHll

2036 53 2190 110 OPP.
2230 52 2409 109 PARS
2447 53 2487 108 l.
2515 83 2584 93 —
2611 51 3027 111 DOGMATICA.

3457 54 3561 114 510

295 159 569 214 voluntate
592 159 871 215 rationalis
891 174 1175 227 creaturze,
1207 179 1325 232 quae
1348 181 1564 234 semper
1594 165 1751 219 debet
1779 166 1876 220 ha-
1906 170 1953 230 Α
1982 159 2219 222 destinat
2241 165 2446 230 omnia,
2471 174 2526 219 ct
2568 165 2950 236 prtedestiuata
2975 176 3098 220 sunt
3124 179 3189 220 ex
3215 166 3558 233 necessitate,

296 253 424 306 bere
435 252 722 322 justitiam.
750 251 862 306 Cur
889 262 1068 307 autem
1091 270 1194 308 non
1228 255 1450 317 habeat,
1476 270 1639 325 quam
1667 271 1880 326 semper

294 342 451 398 debet
476 342 676 397 habere
704 360 718 396 :
751 351 807 397 et
824 345 1094 426 quomodo
1117 343 1257 398 Deus
1283 346 1419 398 bona
1450 343 1632 410 faciat,
1650 345 1763 401 sola
1783 361 1880 401 sua

296 432 559 493 bonitate,
587 440 642 486 et
659 430 799 484 mala
822 430 938 484 sola
969 431 1124 501 culpa
1157 432 1394 487 hominis
1418 432 1512 467 ³⁶⁶⁰
1544 432 1620 489 vel
1644 433 1877 502 diaboli;

296 533 353 576 et
378 522 615 592 qualiter
640 523 803 576 homo
833 522 971 576 bona
999 522 1164 577 faciat
1191 538 1290 594 per
1317 522 1542 579 liberum
1568 524 1881 588 arbitrium,

298 613 625 683 przcsulante
653 614 843 682 gratia,
876 623 930 669 et
966 614 1166 669 malum
1192 616 1305 670 sola
1335 631 1432 671 sua
1464 627 1726 688 operante
1754 633 1881 688 pro-

298 703 412 773 pria
443 701 749 767 voluntate;
779 711 832 755 et
865 702 991 771 quid
1039 702 1236 758 habeat
1274 704 1416 760 Dens
1461 706 1513 760 in
1558 705 1733 775 malis,
1765 707 1883 763 sine

299 791 453 859 culpa
486 805 581 844 sua
606 791 725 853 ³⁸³⁸,
753 800 806 846 et
837 792 996 846 homo
1026 792 1078 846 in
1111 794 1290 855 bonis,
1320 808 1442 848 cum
1474 795 1632 852 laude
1664 812 1797 862 sua;
1826 806 1885 852 ut

302 893 482 938 tamen
514 883 655 938 bona
671 883 763 916 “"
789 884 1022 941 hominis
1050 886 1333 941 videantur
1355 898 1539 958 aperte
1567 889 1885 959 imputanda

302 973 432 1035 Deo,
465 982 522 1027 ct
544 973 682 1027 mala
708 974 914 1029 homini
942 992 955 1029 :
998 992 1120 1031 cum
1149 978 1215 1032 de
1247 980 1421 1048 gratia
1447 989 1502 1035 et
1533 980 1705 1036 libero
1737 980 1882 1036 arbi—

303 1066 407 1119 trio
430 1066 786 1121 tractabimus
814 1067 928 1134 m’,
960 1078 1018 1122 ut
1061 1079 1188 1140 puto
1223 1070 1333 1126 Deo
1364 1072 1619 1141 donante,
1645 1075 1887 1145 apertius

299 1155 527 1224 patebit.
564 1155 718 1212 Nunc
752 1168 931 1213 autem
984 1167 1191 1216 tantum
1232 1163 1354 1218 dico
1388 1164 1533 1234 quod
1583 1165 1757 1221 malus
1786 1181 1885 1220 an-

300 1246 451 1316 gelus
481 1247 603 1301 ideo
634 1247 905 1315 justitiam
949 1266 1054 1305 non
1085 1251 1270 1319 habet,
1315 1254 1441 1324 quia
1476 1268 1598 1309 eam
1627 1256 1885 1324 deseruit,

299 1350 405 1392 nec
432 1346 622 1406 postea
674 1341 910 1410 recepit;
964 1341 1128 1398 homo
1157 1359 1286 1399 vero
1334 1344 1537 1401 idcirco
1577 1344 1665 1401 illa
1715 1355 1886 1414 caret,

301 1430 428 1498 quia
469 1430 739 1502 inprimis
782 1434 1105 1503 parentibus
1150 1451 1271 1491 eam
1315 1435 1533 1505 abiecit,
1581 1448 1767 1508 postea
1796 1448 1892 1495 aut

1982 273 2105 313 cum
2129 257 2262 312 nihil
2289 272 2385 327 per
2427 256 2655 311 libermu
2680 257 2965 311 arbitrium
2993 256 3319 312 necessitate
3341 259 3455 326 fiat,
3476 275 3566 317 se.

1981 349 2071 419 qui
2115 348 2332 405 videtur
2374 348 2505 404 nihil
2546 363 2669 404 esse
2712 349 2940 403 liberum
2977 349 3286 415 arbitrium,
3312 362 3566 408 manente

1982 440 2490 512 prmdestinatione;
2534 450 2631 493 aut
2671 439 2715 494 si
2742 439 3029 494 statuimus
3055 439 3108 494 in
3133 439 3405 511 aliquibus
3425 441 3566 500 libe-

1985 548 2102 585 rum
2127 530 2437 596 arbitrium,
2465 530 2641 601 perire
2666 530 2718 584 in
2748 530 2850 584 illis
2873 530 3428 599 praedestinationem.

1982 619 2134 676 CAP.
2161 621 2198 675 ll
2224 619 2321 693 [aL
2356 620 2471 693 IX].
2495 650 2568 693 -έ
2586 618 2986 693 Pra'destinatio
3002 622 3289 693 nonsoltmt
3313 621 3565 678 bonorum

2307 702 2383 745 est
2403 690 2546 757 {sed
2568 700 2614 745 et
2637 690 2897 745 malorum
2928 700 3092 757 pateat
3121 691 3244 744 dici.

2055 783 2109 837 In
2133 782 2324 853 primis
2368 781 2549 852 itaque
2590 791 2717 836 ante
2760 779 3079 850 quastionis
3122 782 3566 850 responsionem,

1985 874 2272 929 videndum
2296 885 2378 929 εει
2402 873 2526 942 quia
2547 871 2952 943 praedestinatio
2976 886 3080 927 non
3104 871 3278 927 solum
3302 875 3568 929 bonorum

1985 973 2092 1031 est,
2134 966 2230 1019 sed
2282 974 2339 1019 et
2379 964 2645 1020 malorum
2688 973 2868 1034 potest
2909 964 3014 1019 dici
3054 980 3068 1018 :
3113 965 3569 1035 quemadmodum

1987 1055 2131 1110 Deus
2156 1053 2295 1108 mala
2329 1070 2449 1123 qua:
2471 1070 2577 1110 non
2602 1053 2749 1117 facit,
2795 1054 2995 1109 dicitur
3035 1052 3241 1118 facere,
3282 1056 3409 1124 quia
3447 1071 3573 1127 per-

1989 1148 2176 1201 mittit.
2222 1144 2380 1212 Nam,
2434 1146 2635 1202 dicitur
2676 1145 2949 1202 hominem
2995 1146 3251 1204 indurare
3291 1162 3415 1206 cum
3461 1163 3573 1204 non

1988 1238 2217 1303 emollit,
2241 1252 2306 1293 ac
2327 1237 2584 1295 inducere
2620 1237 2673 1292 in
2701 1237 3052 1294 tentationem
3076 1254 3200 1294 cum
3227 1255 3332 1295 non
3354 1239 3572 1297 liberat.

1989 1327 2106 1383 Non
2159 1337 2245 1385 est
2301 1342 2432 1399 ergo
2483 1326 2870 1383 inconveniens
2908 1327 2956 1383 si
2991 1327 3093 1384 hoc
3142 1331 3302 1385 modo
3345 1329 3577 1388 dicimus

1990 1419 2158 1474 Demn
2205 1418 2598 1490 prtedestinare
2635 1417 2807 1474 malos
2835 1458 2851 1483 ,
2894 1427 2951 1473 et
2990 1432 3180 1473 eorum
3204 1416 3347 1473 mala
3385 1431 3574 1488 opera,

303 1535 410 1577 non
439 1522 585 1577 illam
611 1523 841 1594 recepit,
873 1533 967 1581 aut
1000 1537 1273 1596 receptam
1316 1525 1526 1597 rejecit.
1561 1506 1702 1585 Doto
1732 1529 1896 1600 quia,

2004 1508 2208 1579 mando
2257 1524 2353 1565 eos
2410 1520 2466 1564 et
2520 1523 2711 1564 eorum
2773 1506 2915 1563 mala
2974 1522 3141 1579 Opera
3190 1521 3297 1564 non
3348 1507 3580 1579 corrigit

303 1610 475 1680 gratia
511 1611 602 1666 Dei
623 1610 932 1679 adiuvante,
963 1616 1385 1673 menstravimus
1409 1618 1556 1688 quod
1590 1619 1887 1689 praescieri-

306 1701 437 1755 tiam
465 1700 558 1756 Dei
583 1710 640 1757 et
670 1702 898 1761 liberum
924 1707 1210 1764 arbitrium
1236 1708 1398 1765 simul
1422 1725 1565 1778 esse,
1587 1709 1634 1767 si
1660 1709 1889 1784 diligeu.

306 1800 390 1846 ter
415 1790 835 1849 considerentur
858 1809 981 1865 quae
1000 1795 1263 1863 diximus,
1293 1812 1402 1855 non
1431 1798 1506 1855 sit
1525 1797 1887 1870 impossibile,

305 1895 482 1953 neque
505 1883 676 1953 possit
710 1883 1108 1957 aliquidﬁbjici
1140 1888 1286 1960 quod
1312 1904 1420 1946 non
1450 1888 1524 1947 sit
1551 1887 1887 1947 dissolubile.

871 1999 1199 2070 QUIESTIO
1236 2001 1300 2058 ιι.

428 2101 497 2142 οε
531 2102 832 2145 δοκοοιωλ
871 2105 1401 2148 νιιεοεδτικλτιοκη
1435 2104 1542 2148 CUI
1581 2104 1776 2148 ιιιιιο

896 2176 1145 2218 Αιιιιιτιιο
1180 2161 1296 2216 ³⁸⁸⁸.

378 2245 532 2303 Nunc
579 2262 711 2319 ergo
759 2251 811 2306 in
853 2267 919 2306 eo
965 2262 1268 2323 sperantes,
1300 2244 1391 2323 qui
1435 2253 1542 2308 huc
1581 2266 1752 2324 usque
1793 2266 1894 2308 nos

307 2341 586 2411 perduxit,
637 2341 965 2400 discordiam
1009 2359 1131 2414 quae
1175 2344 1319 2399 inter
1361 2344 1894 2414 praedestinationem

308 2438 367 2487 et
394 2431 622 2488 liberum
654 2434 941 2490 arbitrium
970 2435 1184 2490 videtur
1209 2451 1346 2498 esse,
1377 2436 1765 2505 aggrediamur
1783 2435 1899 2491 dis-

310 2527 546 2583 solvere.
579 2527 661 2582 Ad
702 2529 845 2596 quod
883 2542 979 2598 per
1024 2543 1088 2582 ea
1140 2543 1261 2598 qua:
1304 2544 1464 2598 supra
1518 2528 1893 2594 disseruimus,

312 2618 455 2673 sicut
484 2619 536 2672 in
563 2618 916 2688 sequentibus
941 2618 1169 2688 patebit,
1196 2635 1300 2673 non
1327 2635 1520 2689 parum
1544 2618 1893 2689 profecimus.

311 2706 465 2764 CAP.
497 2706 519 2761 1
550 2704 647 2778 [αι.
683 2706 838 2779 Vlll].
872 2737 937 2748 -—
962 2707 1113 2766 Ratio
1145 2707 1422 2762 dubitandi
1453 2711 1594 2764 circa
1640 2709 1900 2764 libertatis

623 2790 669 2832 et
691 2777 1166 2847 pra-destinationis
1199 2778 1553 2832 concordiam.

1990 1600 2110 1656 ³⁸⁸⁷.
2166 1599 2274 1656 Sed
2334 1599 2475 1656 bona
2528 1598 2817 1671 specialius
2859 1599 3142 1669 praescire,
3185 1608 3241 1655 et
3287 1598 3577 1672 praedesti~

1990 1704 2123 1747 nare
2156 1689 2376 1756 dicitur,
2419 1688 2549 1760 quia
2598 1687 2651 1743 in
2698 1686 2804 1743 illis
2845 1687 2977 1743 facit
3016 1687 3160 1757 quod
3183 1697 3329 1754 sunt,
3353 1687 3576 1759 etquod

1991 1778 2130 1835 bona
2154 1784 2316 1845 sunt;
2343 1777 2398 1832 in
2424 1776 2585 1833 malis
2604 1786 2788 1834 autem
2812 1775 2905 1809 ³⁶⁹⁸
2927 1778 3143 1837 nonnisi
3167 1778 3313 1850 quod
3336 1785 3465 1834 sunt
3484 1790 3575 1832 es-

1991 1865 2319 1934 sentialiter,
2350 1881 2458 1922 non
2476 1865 2622 1938 quod
2645 1865 2789 1922 mala
2809 1873 2968 1932 sunt;
2991 1873 3051 1923 ut
3071 1881 3237 1939 supra
3260 1866 3472 1923 dictum
3492 1874 3581 1925 est

1993 1958 2209 2032 (quaret.
2233 1972 2274 2024 ι.
2314 1974 2435 2030 cep.
2473 1955 2552 2030 7).
2577 1955 2873 2014 Sciendum
2909 1972 3127 2030 quoque
3165 1965 3252 2015 est
3290 1958 3420 2029 quia
3439 1956 3581 2015 sicut

1994 2049 2336 2124 [inscientia
2360 2064 2467 2107 non
2491 2049 2547 2105 in
2570 2047 2682 2107 Deo
2710 2048 2916 2106 dicitur
2938 2047 3187 2121 proprie;
3221 2047 3295 2104 ita
3318 2062 3421 2107 nec
3440 2063 3581 2120 pm-

1995 2141 2306 2206 destinatio,
2330 2141 2459 2212 quia
2483 2138 2558 2197 illi
2582 2153 2682 2197 nec
2701 2149 2847 2206 ante,
2868 2154 2971 2198 nec
2991 2151 3107 2212 post
3128 2139 3334 2212 aliquid
3354 2149 3461 2208 est,
3484 2138 3583 2198 sed

1995 2233 2178 2289 omnia
2202 2241 2330 2289 sunt
2354 2232 2428 2289 illi
2450 2232 2613 2290 simul
2636 2231 2948 2304 praesentia.

2034 2343 2186 2405 CAP.
2227 2346 2442 2430 lll.”[al_.
2467 2345 2564 2419 X].
2601 2376 2673 2430 _-
2719 2344 3124 2430 Pra’destinatio
3166 2361 3286 2427 cum
3309 2345 3550 2430 libertate

2179 2416 2494 2473 conciliatur
2520 2416 2701 2472 eodem
2737 2417 2889 2470 modo
2927 2432 3028 2486 quo
3060 2416 3407 2485 prwscientia.

2077 2507 2499 2568 Consideremus
2540 2524 2685 2564 nunc
2726 2525 2794 2564 an
2838 2508 3018 2580 aliqua
3061 2508 3274 2579 possint
3314 2506 3587 2577 praedesti-

2002 2603 2142 2668 nari,
2166 2618 2263 2673 per
2284 2601 2510 2657 liberum
2544 2602 2831 2656 arbitrium
2872 2599 3078 2656 futura.
3120 2596 3362 2655 Dubitari
3389 2598 3582 2669 utique

2004 2690 2099 2723 “3’
2124 2706 2229 2745 non
2253 2690 2416 2745 debet
2435 2689 2561 2760 quia
2585 2690 2701 2756 ejus
2721 2690 3145 2760 praedestinatio,
3170 2697 3226 2743 et
3248 2688 3587 2759 pnescientia

2004 2797 2108 2836 non
2135 2781 2444 2849 discordat;
2471 2781 2563 2836 sed
2584 2782 2729 2836 sicut
2748 2782 2986 2851 putescit,
3015 2782 3087 2834 ita
3130 2796 3344 2851 quoque
3384 2780 3589 2851 praade-

383 2870 793 2927 Praedestinatio
816 2869 1030 2925 videtur
1055 2870 1196 2926 idem
1229 2885 1352 2926 esse
1382 2871 1524 2941 quod
1560 2870 1895 2940 prmordina-
1927 2865 1973 2926 C
2006 2873 2191 2928 slinat.
2211 2873 2269 2927 ln
2293 2873 2590 2943 quaestione
2606 2874 2670 2927 de
2687 2873 3385 2944 praescicutiacognovimus
3403 2880 3591 2942 aperte

315 2964 412 3030 tio,
440 2965 557 3019 sive
581 2963 907 3034 praestitutio
926 2963 1021 2994 ⁸⁸⁸⁸
1046 2981 1060 3015 :
1087 2973 1141 3017 ct
1162 2963 1283 3017 ideo
1308 2963 1454 3033 quod
1486 2961 1626 3017 Dens
1651 2959 1891 3032 [mades-

316 3056 495 3111 tinare
529 3054 749 3122 dicitur,
805 3054 1124 3124 intelligitur
1169 3054 1540 3122 prteordinare
1594 3070 1609 3107 :
1655 3051 1798 3122 quod
1819 3060 1904 3108 est

316 3155 557 3203 statuere
581 3145 819 3200 futurum
843 3160 985 3201 esse.
1012 3145 1165 3212 Quod
1205 3154 1384 3200 autem
1422 3144 1561 3200 Deus
1602 3145 1797 3199 statuit
1820 3144 1905 3199 fu-

320 3248 501 3293 turum
526 3253 669 3303 esse,
694 3238 1020 3293 necessitate
1046 3238 1260 3293 videtur
1283 3237 1523 3292 futurum
1547 3253 1706 3306 esse;
1732 3251 1904 3309 quare

317 3327 578 3397 quidquid
601 3327 745 3382 Deus
760 3326 1131 3396 pra-destinat,
1150 3342 1372 3383 necesse
1388 3336 1474 3382 est
1496 3325 1736 3382 futurum
1759 3341 1900 3383 esse.

320 3418 377 3472 Si
400 3432 530 3485 ergo
556 3418 696 3471 Deus
738 3416 1088 3485 prmtlestiuat
1131 3417 1272 3471 bona
1314 3425 1372 3470 et
1414 3416 1554 3471 mala
1597 3432 1718 3487 qua:
1749 3416 1904 3482 fiunt,

321 3508 455 3564 nihil
481 3509 540 3563 lit
562 3522 660 3577 per
690 3507 918 3562 liberum
963 3507 1279 3574 arbitrium;
1308 3509 1400 3563 sed
1423 3507 1607 3564 omnia
1629 3523 1695 3563 ex
1719 3523 1909 3565 neces-

321 3603 503 3658 sitate.
528 3601 617 3666 At,
639 3602 683 3656 si
710 3610 915 3656 tantum
940 3601 1081 3655 bona
1104 3599 1477 3671 praedestinat,
1493 3602 1607 3658 sola
1629 3603 1767 3659 bona
1784 3614 1904 3659 sunt

321 3709 389 3748 ex
414 3692 758 3757 necessitate,
775 3706 873 3747 nec
886 3690 1212 3747 cstliberum
1227 3691 1514 3747 arbitrium
1529 3692 1631 3748 nisi
1645 3691 1713 3748 ad
1730 3691 1872 3747 mala
1891 3708 1905 3748 :

321 3785 467 3855 quod
511 3784 674 3852 nimis
695 3793 780 3839 est
820 3784 1132 3839 absurdum.
1181 3781 1298 3839 Non
1322 3784 1588 3863 ergo‘sola
1610 3784 1750 3840 bona
1774 3799 1914 3856 prte-

323 3877 561 3932 destinat
583 3877 742 3932 Deus.
769 3874 828 3930 Si
861 3883 1042 3930 autem
1068 3874 1208 3930 bona
1241 3877 1486 3946 quaedam
1507 3890 1672 3946 Opera
1695 3873 1827 3930 facit
1847 3873 1913 3929 li-

325 3970 515 4026 berum
538 3969 849 4032 arbitrium,
873 3982 971 4040 per
993 3983 1115 4039 qua:
1138 3965 1276 4023 liunt
1292 3966 1426 4037 justi
1463 3968 1670 4036 absque
1702 3967 1911 4039 praede-

324 4058 636 4123 stinatione,
664 4073 771 4113 non
812 4057 1156 4128 praedestinat
1177 4056 1320 4112 Deus
1356 4057 1537 4112 omnia
1562 4056 1700 4113 bona
1722 4071 1909 4128 opera,

325 4164 445 4218 qua:
476 4150 654 4219 justos
696 4147 927 4214 faciunt,
951 4163 1120 4217 quare
1162 4164 1263 4203 nec
1303 4147 1422 4203 illos
1436 4145 1632 4217 iustos,
1669 4147 1759 4219 qui
1784 4155 1911 4203 sunt

2004 2963 2183 3033 aliqua
2233 2962 2476 3031 przesciri
2509 2961 2691 3017 futura
2728 2977 2824 3034 per
2849 2962 3077 3018 libermn
3123 2964 3431 3025 arbitrium,
3464 2961 3583 3016 sine

2003 3042 2150 3109 omni
2177 3054 2556 3124 repugnantia.
2586 3052 2737 3109 Unde
2769 3054 2971 3110 veritas
3012 3068 3229 3124 quoque
3265 3053 3512 3117 evidens,
3535 3060 3593 3105 ct

2005 3146 2146 3200 ratio
2173 3143 2333 3200 docet
2372 3142 2750 3214 praedestinari
2782 3143 3035 3199 similiter
3058 3159 3155 3213 per
3187 3144 3417 3199 liberum
3441 3141 3588 3196 arbi-

2008 3234 2170 3290 trium
2195 3233 2442 3304 qutedam
2485 3233 2692 3302 futura,
2717 3234 2923 3305 absque
2944 3234 3090 3290 omni
3127 3232 3589 3290 inconvenientia.

2008 3322 2145 3380 Nam
2173 3340 2349 3394 neque
2370 3318 2590 3399 prtescit
2610 3325 2775 3401 Deus,
2821 3340 2995 3397 neque
3035 3325 3380 3397 prmdcstinat
3401 3338 3594 3395 quem-

2010 3429 2173 3485 quam
2213 3416 2419 3488 justum
2443 3415 2684 3472 futurum
2729 3430 2794 3472 ex
2818 3417 3146 3473 necessitate
3166 3416 3282 3471 ³⁸³⁸.
3309 3415 3423 3471 Non
3445 3416 3591 3473 enim

2007 3506 2171 3561 habet
2188 3506 2478 3579 justitiam,
2496 3508 2587 3578 qui
2611 3522 2732 3564 eam
2762 3523 2869 3563 non
2890 3519 3074 3563 servat
3097 3508 3267 3565 libera
3293 3506 3589 3563 voluntate.

2008 3600 2225 3659 Pariter
2254 3602 2441 3675 igitur,
2482 3603 2732 3677 quamvis
2772 3617 2995 3660 necesse
3034 3604 3107 3659 sit
3132 3602 3249 3658 lieri
3290 3615 3410 3673 quae
3454 3615 3593 3667 pra:-

2010 3696 2259 3753 seiuntur
2279 3706 2334 3751 et
2354 3711 2474 3767 quae
2498 3695 2972 3766 prmdestinantur,
2996 3694 3241 3765 quadam
3265 3703 3444 3750 tamen
3463 3708 3596 3763 prmo

2011 3788 2150 3845 scita
2193 3797 2250 3844 et
2289 3788 2674 3860 prtedestinata
2714 3802 2824 3844 non
2875 3787 3137 3843 eveniunt
3163 3802 3227 3843 ea
3267 3786 3595 3843 necessitate

2012 3895 2133 3950 qua:
2153 3880 2413 3952 praecedit
2437 3895 2555 3936 rem
2581 3879 2813 3947 etfacit,
2841 3880 2934 3935 sed
2957 3893 3020 3933 ea
3045 3894 3167 3949 qua:
3191 3894 3303 3933 rem
3326 3877 3594 3947 sequitur,

2011 3970 2156 4026 sicut
2176 3984 2337 4041 supra
2361 3970 2620 4026 diximus.
2641 3967 2758 4023 Non
2775 3969 2919 4024 enim
2935 3983 2998 4025 ea
3020 3970 3185 4035 Deus,
3201 3967 3453 4038 quamvis
3465 3982 3600 4037 pra:-

2013 4060 2280 4128 destinet,
2346 4059 2479 4116 facit
2518 4058 2860 4117 voluntatem
2912 4060 3157 4130 cogendo
3198 4068 3293 4114 aut
3332 4055 3597 4114 voluntati

2016 4150 2342 4218 resistendo,
2380 4151 2474 4207 sed
2516 4151 2569 4206 in
2602 4166 2700 4206 sua
2741 4151 2888 4207 illam
2933 4160 3204 4222 potestate
3244 4149 3593 4205 dimittenda.

324 4256 423 4313 per
445 4256 609 4311 opera
643 4241 798 4296 liberi
841 4242 1076 4297 arbitrii.
1122 4241 1239 4297 Non
1281 4255 1412 4312 ergo
1450 4241 1727 4312 przescivit
1767 4241 1912 4297 Deus
1940 4219 1990 4280 θ
2015 4240 2277 4309 Quamvis
2301 4252 2482 4301 tamen
2506 4258 2605 4299 sua
2631 4243 2885 4299 voluntas
2912 4219 3103 4299 utatur
3134 4250 3422 4313 potestate,
3461 4239 3598 4309 nihil

325 4345 449 4396 eos;
476 4330 600 4401 quia
644 4347 772 4401 quos
802 4332 1059 4402 prwscivit
1089 4331 1183 4386 hos
1223 4340 1273 4386 et
1315 4331 1703 4402 prwdcstinarit
1729 4328 1910 4402 (Rom.

329 4439 449 4488 rm,
473 4422 588 4493 29).
641 4422 746 4479 Sed
773 4423 968 4479 falsum
994 4433 1077 4479 est
1100 4422 1267 4478 Deum
1292 4438 1397 4477 non
1437 4421 1692 4493 prmscire
1732 4421 1912 4492 aliqua

330 4514 471 4567 bona
495 4529 681 4583 opera,
707 4526 802 4570 aut
848 4516 1061 4586 aliquos
1090 4515 1289 4585 justos.
1332 4516 1451 4572 Non
1477 4516 1644 4586 igitur
1664 4516 1913 4586 quadam

330 4604 500 4659 solius
521 4603 673 4660 liberi
700 4606 912 4661 arbitrii
944 4622 1112 4677 opera
1152 4608 1291 4663 bona
1328 4607 1656 4679 justiflcant,
1700 4608 1796 4664 sed
1820 4607 1914 4640 ³⁸³⁸⁸

332 4693 422 4750 illa
447 4695 561 4749 sola
589 4711 706 4764 qua:
752 4696 893 4752 Deus
941 4697 1308 4768 przedestinat.
1355 4700 1415 4757 Si
1437 4716 1569 4771 ergo
1611 4701 1752 4757 Deus
1773 4714 1911 4770 pra:-

2018 4343 2197 4390 tamen
2220 4332 2351 4390 facit
2372 4334 2515 4404 quod
2558 4335 2701 4390 Deus
2729 4349 2837 4390 non
2883 4333 3050 4391 faciat
3073 4334 3125 4389 in
3159 4333 3317 4389 bonis
3338 4347 3435 4389 sua
3476 4345 3601 4402 gra-

2019 4428 2113 4493 tia,
2146 4426 2198 4481 in
2224 4425 2382 4481 malis
2402 4442 2510 4482 non
2532 4441 2652 4492 sua,
2676 4427 2774 4484 sed
2808 4425 3050 4497 ejusdem
3094 4424 3387 4479 voluntatis
3406 4422 3598 4491 culpa;

2016 4516 2183 4588 quod,
2205 4517 2349 4572 sicut
2373 4516 2754 4586 promisimus,
2798 4516 3023 4583 clarius,
3066 4531 3191 4572 cum
3234 4515 3304 4570 de
3324 4514 3499 4583 gratia
3522 4513 3603 4567 lo-

2018 4623 2274 4676 quemur,
2302 4608 2607 4677 apparebit.
2634 4607 2720 4674 Et,
2763 4609 2905 4663 sicut
2948 4607 3289 4677 prazscicntia
3331 4621 3455 4675 qua:
3494 4619 3601 4659 non

2020 4697 2247 4765 fallitur,
2273 4712 2380 4753 non
2412 4698 2626 4767 prtescit
2649 4697 2753 4751 nisi
2784 4712 2971 4752 verum
3018 4698 3162 4752 sicut
3201 4698 3325 4763 erit,
3370 4704 3466 4751 aut
3505 4694 3601 4727 ““

1638 4790 1873 4847 VARLE
1914 4787 2312 4846 LECTIONES.

405 4879 501 4956 f‘“
543 4877 687 4956 _Sola_
721 4881 1106 4956 bonitateket
1150 4885 1294 4945 mala
1346 4901 1457 4943 non
1510 4902 1607 4943 sne
1659 4886 1819 4956 culpa
1852 4925 1869 4951 ,
1916 4885 2012 4956 sed
2069 4882 2306 4956 hominis
2355 4880 2653 4956 mss.__sola
2714 4893 2811 4935 sua
2865 4880 3143 4956 bonitate,
3195 4889 3253 4934 et
3305 4881 3448 4934 mala
3506 4893 3602 4934 sua

336 4950 490 5028 culpa
543 4948 779 5028 lanuginis
876 4948 1134 5028 “"'_Sive
1180 4956 1336 5028 culpa
1364 4973 1484 5014 sua
1521 4974 1651 5013 sua.
1701 4948 2220 5028 Victasineheulpa
2266 4966 2364 5028 sua
2398 4951 2549 5028 _“"_
2591 4951 2659 5028 Et
2708 4960 2890 5028 tamen
2941 4950 3103 5028 bona”
3132 4966 3259 5004 mss.
3286 4959 3603 5028 _ut_tamen

337 5020 475 5075 bona
572 5020 665 5051 ³⁸⁸³
717 5020 1025 5079 Tractaturi
1076 5020 1285 5083 stuntts'
1323 5044 1454 5083 mss.
1503 5027 1858 5083 tractabiirms
1954 5024 2053 5057 ““
2108 5020 2237 5078 suis.
2287 5023 2355 5076 de
2398 5021 2880 5078 Praedestinatione
2936 5029 2993 5075 et
3051 5021 3221 5078 libero
3270 5020 3528 5074 Arbitrio.

336 5090 434 5165 f‘"
468 5089 796 5165 Prteslittttio
844 5110 968 5165 mss.
1025 5092 1158 5150 Vict.
1184 5097 1240 5152 3.
1273 5108 1322 5151 et
1361 5097 1451 5151 15.
1498 5096 1892 5165 ρτωάθδιὶιυιίο
1965 5095 2061 5129 ³⁸⁸⁸
2089 5092 2574 5165 δυοιίῆωνὶινερά
2611 5108 2741 5146 mss.
2779 5090 3107 5165 justillcant,
3155 5091 3248 5165 sed
3286 5090 3416 5165 _”"
3468 5089 3604 5145 Eum

339 5162 441 5234 hoc
462 5162 624 5234 modo
637 5163 1056 5234 prtedestinare,
1087 5167 1213 5221 dum
1242 5166 1414 5223 malos
1450 5161 1720 5223 eteorum
1779 5165 1919 5222 mala
1954 5179 2121 5234 opera
2179 5178 2286 5217 non
2321 5162 2561 5234 corrigit
2582 5178 2711 5217 mss.
2746 5162 2794 5218 si
2829 5168 2931 5218 hoc
2974 5165 3151 5234 modo
3193 5161 3423 5234 dicimus

339 5230 613 5285 destinare

3469 5175 3609 5229 prae-

714 5248 805 5287 um
823 5224 1085 5319 .malos‘et
1107 5250 1296 5319 eorum
1320 5235 1698 5319 mialaOopera,
1734 5234 1954 5306 quando
1972 5224 2093 5319 Lees
2134 5241 2193 5319 et
2218 5247 2408 5319 eorum
2460 5224 2603 5319 italo
2625 5247 2787 5319 opera
2812 5247 2921 5287 non
2958 5232 3183 5319 (ηεξεὲ
3255 5224 3426 5319 “'“lu
3451 5224 3607 5319 malis

338 5311 522 5378 autem
561 5317 687 5378 nm.
719 5317 786 5359 ac
822 5303 875 5357 iu
905 5304 1061 5378 malis
1132 5305 1225 5339 ""
1247 5305 1493 5362 Dubitari
1541 5300 1731 5378 utique
1755 5300 1914 5361 ἐπει.
1964 5303 2112 5378 _Vict.
2147 5303 2204 5357 5.
2232 5313 2283 5356 et
2318 5302 2407 5356 i3.
2461 5300 2708 5378 Dubitari
2753 5303 2936 5378 itaque
2985 5300 3606 5378 _”'"Qucr_nadmodnm

334 5369 540 5449 justum
567 5369 811 5449 futurum
835 5375 1164 5433 necessitate
1191 5391 1317 5432 mss.
1343 5369 1676 5449 quemquam
1697 5376 1906 5448 justum
1958 5375 2204 5430 futurum
2234 5387 2301 5427 ex
2356 5374 2684 5431 necessitate
2759 5369 2861 5407 ⁸⁹⁹¹“
2893 5372 3000 5430 Sed
3029 5374 3177 5445 quod
3207 5373 3319 5430 erit“
3334 5379 3429 5427 aut
3472 5384 3599 5425 mss.

338 5436 483 5492 sicut
500 5440 607 5496 erit
630 5450 715 5497 aut
