3940 6046
366 271 464 326 ειη

1116 277 1206 334 DE
1241 279 1580 338 CONCORD.
1621 279 1884 340 PlirESC.
1931 283 2034 338 DEI
2077 283 2218 342 CUM
2259 287 2385 342 LIB.
2426 287 2698 346 AllBlTR.

3521 305 3628 368 592

363 395 754 454 necessarium,
779 399 870 446 aut
892 405 1284 464 spontaneum;
1311 400 1380 454 ita
1407 401 1805 470 praedestinatio
1827 419 1946 472 quae
1976 411 2022 466 Α
2053 421 2174 458 Ilum
2200 404 2368 473 (Paul.
2405 424 2594 474 xxxiii,
2624 413 2711 474 15,
2742 413 2822 474 14,
2857 413 2957 480 15).
2993 414 3054 468 lit
3081 417 3338 474 Dominus
3363 421 3416 476 in
3457 423 3630 480 Evan-

361 501 468 538 non
521 495 784 550 mutatur,
817 501 924 542 non
955 489 1300 557 pranlestinat
1333 493 1436 546 nisi
1464 495 1604 548 sicut
1628 504 1708 548 est
1734 495 1784 548 in
1807 511 1946 564 prae-

361 575 606 630 scientia.
635 575 721 640 Et,
744 579 1195 644 quemadmodum
1222 582 1366 651 quod
1397 584 1700 652 przescitur,
1735 584 1860 640 licet
1890 587 1942 640 in

358 665 665 720 teternitate
717 667 788 722 sit
821 668 1188 736 immutabile,
1239 681 1416 728 tamen
1465 675 1518 728 in
1552 684 1792 744 tempore
1841 677 1944 731 ali-

357 755 574 821 quando
609 763 900 825 antequam
953 759 1056 824 sit,
1104 762 1301 815 mutari
1354 772 1564 832 potest;
1623 765 1697 819 ita
1731 775 1812 820 est
1847 781 1944 835 per

356 843 537 896 omnia
571 843 636 898 de
669 845 1167 913 praedestinatione.
1211 849 1368 906 Patet
1412 852 1577 922 igitur
1606 870 1670 910 ex
1702 855 1784 910 his
1823 871 1942 926 quae

358 933 502 988 diet'a
545 945 690 1002 sunt,
744 937 790 990 si
842 937 983 992 bene
1009 940 1441 1008 considerentur,
1479 945 1606 1014 quia
1661 961 1762 1000 nec
1801 961 1938 1015 prte-

359 1028 654 1082 dcsti'natio
683 1029 922 1084 excludit
973 1030 1202 1086 liberum
1237 1033 1539 1098 arbitrium,
1583 1051 1682 1090 nec
1709 1037 1938 1091 liberum

355 1121 640 1176 arbitrium
675 1121 994 1178 adversatur
1013 1125 1494 1194 praedestinationi.
1522 1128 1798 1196 Siquidem
1819 1145 1937 1184 om-

354 1213 442 1266 nia
475 1213 586 1279 illa,
637 1215 832 1282 quibus
863 1231 1028 1285 supra
1079 1219 1502 1273 monstravimus
1541 1221 1767 1275 liberum
1796 1223 1940 1277 arbi-

355 1305 516 1359 trium
549 1307 902 1374 prmscieutize
933 1325 1038 1362 non
1071 1325 1392 1380 repugnare,
1420 1314 1622 1379 pariter
1648 1317 1940 1372 ostendunt

354 1393 482 1448 illud
515 1397 980 1465 prredestinationi
1009 1401 1363 1457 concordare.
1392 1403 1509 1458 Non
1534 1420 1664 1476 ergo
1694 1407 1936 1462 rationa-

358 1487 564 1554 biliter,
606 1491 768 1561 128
817 1492 1032 1562 quoties
1081 1495 1282 1565 aliquid
1333 1499 1628 1570 contingit,
1680 1512 1938 1570 operante

355 1589 654 1646 spontanea
689 1582 986 1650 voluntate,
1013 1586 1157 1640 velut
1207 1602 1330 1642 cum
1377 1588 1538 1646 homo
1579 1593 1780 1648 homini
1809 1595 1938 1650 facit

351 1669 606 1740 injuriam
645 1675 784 1742 unde
815 1675 884 1728 ab
912 1675 1003 1730 illo
1035 1678 1322 1744 occiditur,
1354 1682 1570 1750 quidam
1599 1685 1935 1742 clamantdi-

2047 497 2221 564 gelio:
2275 497 2450 554 Venite
2481 505 2548 555 ad
2577 522 2674 568 me,
2708 523 2884 560 omnes
2913 511 3004 578 qui
3036 513 3308 580 laboratis,
3351 527 3398 571 et
3425 533 3628 576 onerat:

2043 586 2187 650 estis,
2215 598 2263 640 et
2309 605 2400 656 ego
2435 592 2664 658 re/iciant
2709 612 2814 648 vos.
2847 595 3032 652 Tollite
3057 601 3248 670 jugum
3276 621 3448 659 meum
3473 625 3629 680 super

2043 687 2152 735 vos,
2183 683 2231 726 et
2261 673 2448 728 discite
2479 694 2510 728 a
2551 693 2631 730 me
2660 679 2782 748 quia
2810 683 2949 735 mitis
2976 700 3092 737 sum
3137 697 3184 739 et
3209 688 3421 746 Immitis
3448 673 3626 760 corde,

2042 771 2089 814 et
2139 763 2406 818 invenietis
2451 769 2678 837 requiem
2727 772 3001 828 animabus
3050 778 3229 831 vestris
3285 780 3502 849 (Matth.
3547 801 3626 850 XI,
3679 791 3682 794 ’

2041 851 2134 916 28,
2168 853 2281 923 ‘29).
2316 855 2476 911 Plura
2534 861 2695 915 etiam
2759 863 2862 916 alia
2911 875 2966 920 ct
3016 867 3430 929 innumerabilia
3475 889 3626 945 sunt,

2041 958 2160 1013 qua:
2191 946 2441 1002 videntur
2462 950 2691 1006 liberum
2715 955 2999 1010 arbitrium
3029 960 3096 1013 ad
3130 962 3266 1017 bene
3289 969 3624 1034 operandam

2041 1036 2313 1104 excitare;
2337 1047 2390 1092 ct
2416 1041 2539 1108 quia
2565 1043 2768 1097 monita
2785 1039 2880 1076 ³⁶⁹⁶
2895 1051 3213 1118 contemnit,
3248 1053 3584 1124 exprobrare
3606 1077 3624 1114 :

2045 1127 2188 1196 quod
2220 1131 2517 1186 auctoritas
2541 1132 2722 1188 divina
2755 1150 3092 1209 nequaquam
3121 1143 3346 1213 faceret,
3371 1151 3414 1204 si
3445 1151 3626 1206 volun-

2041 1217 2167 1272 tatis
2195 1217 2498 1276 libertatem
2530 1219 2729 1280 nullam
2757 1227 2810 1282 in
2856 1229 3073 1287 homine
3101 1249 3467 1304 cognosceret.
3515 1243 3624 1301 Sed

2040 1323 2140 1362 nec
2173 1309 2278 1364 ullo
2309 1314 2466 1367 modo
2516 1325 2680 1382 esset,
2713 1332 2810 1372 cur
2839 1317 2981 1377 Deus
3024 1323 3178 1382 bonis
3207 1329 3290 1384 vel
3333 1331 3489 1390 malis
3523 1351 3626 1406 pro

2039 1403 2251 1460 meritis
2281 1408 2614 1478 singulorum
2645 1410 2794 1478 juste
2825 1419 3168 1486 rctribucret,
3199 1425 3242 1477 si
3271 1440 3366 1494 per
3391 1403 3624 1486 liberum

2038 1494 2324 1551 arbitrium
2373 1499 2550 1554 nullus
2597 1503 2798 1558 bonum
2849 1507 2930 1560 vel
2975 1511 3174 1566 rnalum
3207 1513 3426 1572 faceret.
3475 1519 3622 1588 Quo-

2037 1586 2184 1640 niam
2215 1602 2344 1658 ει·εο
2373 1589 2426 1664 in
2458 1605 2612 1646 sacra
2665 1592 2948 1665 Scriptura
2997 1603 3242 1668 quaedam
3295 1586 3622 1678 invenimus,

2039 1694 2158 1748 (pne
2185 1680 2281 1734 soli
2315 1684 2504 1752 gratia:
2550 1685 2732 1742 favere
2761 1692 3046 1760 videntur;
3096 1705 3149 1750 et
3176 1701 3443 1768 quaedam,
3496 1720 3618 1774 qua:

351 1769 535 1816 centes
565 1780 579 1816 :
613 1762 704 1818 Sic
731 1766 1038 1832 praescitum
1061 1777 1116 1821 et
1141 1769 1582 1838 praedestinatum
1601 1785 1719 1830 erat
1743 1791 1772 1830 a
1799 1777 1934 1844 Deo;
1973 1777 2015 1831 B
2042 1770 2216 1826 solum
2255 1772 2484 1830 liberum
2522 1779 2806 1836 arbitrium
2859 1792 3098 1842 statuere
3147 1791 3262 1846 sine
3307 1797 3480 1864 gratia
3514 1762 3625 1867 lpu-

350 1843 408 1906 et
457 1851 578 1906 ideo
607 1854 938 1910 necessitate
990 1855 1192 1914 factum
1221 1867 1324 1924 est,
1355 1876 1454 1917 nec
1487 1863 1643 1917 aliter
1691 1866 1805 1921 lieri
1843 1843 1938 1938 po?

350 1943 474 1998 tuit.
505 1943 714 2014 Quippe
745 1961 846 2001 nec
874 1947 966 2016 qui
1007 1948 1172 2004 alium
1205 1949 1400 2018 iniuria
1429 1953 1683 2020 irritavit,
1721 1973 1822 2014 nec
1844 1963 1934 2029 qui

349 2048 410 2090 se
437 2034 752 2100 vindicavit,
781 2037 884 2092 hoc
915 2037 1044 2095 fecit
1072 2043 1416 2108 necessitate,
1461 2045 1554 2100 sed
1591 2046 1704 2102 sola
1743 2049 1934 2103 volun-

346 2133 493 2192 tate;
529 2127 654 2197 quia
683 2127 728 2183 si
759 2145 864 2184 non
897 2139 1088 2200 sponte
1117 2133 1395 2201 voluisset,
1425 2145 1615 2192 neuter
1641 2138 1782 2207 quod
1805 2138 1936 2196 fecit

345 2215 584 2274 fecisset.

899 2316 1232 2384 QUAiSTlO
1281 2319 1362 2374 ΙΙΙ.

451 2417 520 2456 ne
561 2417 854 2460 couconma
889 2421 1116 2496 name;
1130 2424 1200 2464 ET
1227 2425 1402 2464 LIBERI
1443 2426 1684 2466 Αιωιτιιιι
1710 2411 1822 2464 ³⁶⁹².

417 2493 606 2550 Restat
633 2513 775 2553 nunc
805 2507 865 2552 ut
885 2499 950 2554 de
979 2493 1152 2570 gratia
1175 2510 1230 2556 et
1257 2501 1444 2557 eodem
1481 2502 1652 2558 libero
1683 2503 1930 2572 arbitrio,

343 2587 531 2642 eadem
558 2589 733 2658 gratia
768 2589 1082 2658 adiuvante,
1105 2593 1540 2650 consideremus.

345 2677 497 2733 CAP.
527 2679 544 2734 l
576 2679 673 2756 [ιιι.
717 2680 842 2756 _Xl].
889 2713 986 2756 —_
1009 2681 1335 2756 Proponitur
1363 2686 1640 2756 diﬂicultas
1677 2704 1741 2742 ex
1781 2686 1930 2744 Scri-

485 2751 654 2820 pturis
679 2751 820 2806 circa
851 2753 1035 2822 gratia:
1065 2751 1394 2810 et‘libertatis
1419 2751 1782 2812 concordiam.

413 2839 650 2908 Quaestio
693 2843 794 2898 ista
840 2845 964 2899 inde
995 2846 1256 2912 nascitur,
1287 2847 1411 2916 quia
1439 2848 1616 2902 divina
1645 2849 1927 2920 Scriptura

341 2933 417 2987 ita
448 2934 686 3004 loquitur
709 2919 998 3008 aliquando
1029 2946 1085 2991 ut
1116 2939 1248 2992 nihil
1295 2940 1541 2996 videatur
1567 2919 1794 2998 liberum
1834 2959 1924 2998 ar-

339 3023 566 3078 bitrium
599 3027 856 3096 prodesse
898 3028 964 3082 ad
1011 3028 1259 3094 salutem,
1309 3030 1404 3084 sed
1434 3027 1545 3085 sola
1574 3033 1776 3102 gratia;
1829 3033 1926 3089 ali-

339 3114 553 3182 quando
579 3131 706 3170 vero
749 3116 846 3182 ita,
879 3117 1024 3172 velut
1079 3126 1190 3172 tota
1223 3129 1408 3172 nostra
1462 3119 1610 3174 salus
1663 3121 1714 3174 in
1759 3121 1926 3178 libera
1955 3126 2014 3190 c-

340 3216 530 3262 nostra
566 3209 832 3264 consistat
863 3209 1156 3266 voluntate.
1203 3211 1279 3266 De
1301 3212 1474 3281 gratia
1510 3213 1776 3281 siquidem
1800 3215 1929 3270 dicit

339 3297 599 3354 Dominus
625 3318 638 3352 :
673 3300 801 3356 Sine
827 3317 908 3354 me
927 3302 1057 3356 nihil
1085 3304 1298 3369 potestis
1321 3303 1493 3372 facere
1516 3304 1695 3376 (Joan.
1725 3306 1920 3377 xv,5);

339 3397 395 3441 et
433 3407 446 3442 :
491 3387 555 3440 Et
605 3405 754 3442 nemo
787 3391 918 3444 venit
950 3391 1020 3443 ad
1045 3407 1144 3456 me,
1189 3392 1289 3446 nisi
1330 3391 1495 3447 Pater
1537 3410 1681 3448 meus
1709 3396 1925 3449 traxerit

339 3497 458 3535 cum
489 3481 675 3550 (Joan.
708 3498 783 3548 vl,
816 3481 929 3552 44).
979 3483 1044 3537 Ει
1071 3484 1268 3538 Paulus
1295 3485 1571 3554 apostolus
1599 3505 1611 3539 :
1647 3485 1788 3552 Quid
1826 3503 1924 3539 au-

337 3579 440 3625 tem
469 3571 626 3626 habes
664 3572 806 3642 quod
863 3589 967 3626 non
995 3575 1278 3642 accepisti?
1312 3574 1360 3646 (Ι
1388 3575 1515 3628 Cor.
1547 3592 1622 3642 ιν,
1660 3575 1737 3644 7.)
1767 3575 1832 3629 Et
1861 3576 1926 3629 de

341 3661 688 3732 Deo:Cujus
737 3663 842 3718 rult
895 3665 1204 3730 miseretur,
1258 3675 1304 3720 et
1357 3683 1508 3737 quem
1556 3667 1660 3722 vult
1713 3668 1924 3722 indurat

335 3752 517 3824 (Rom.
567 3771 644 3820 Ix,
691 3755 808 3824 18);
839 3765 930 3810 ct:
969 3755 1151 3826 Neque
1179 3756 1415 3822 volentis,
1445 3773 1605 3828 neque
1645 3758 1921 3824 currentis,

335 3844 426 3897 sed
449 3845 740 3899 miserentis
771 3856 845 3900 est
877 3846 976 3900 Dei
1015 3845 1203 3916 (llud,
1229 3847 1341 3916 16).
1375 3846 1543 3902 Multa
1579 3862 1792 3916 quoque
1817 3846 1922 3901 alia

335 3931 604 4004 leguntur,
644 3951 764 4004 quae
807 3936 906 3990 soli
955 3937 1142 4006 gratia:
1171 3936 1289 3989 sine
1329 3936 1499 3991 libero
1525 3935 1753 3990 arbitrio
1781 3937 1923 3993 bona

333 4034 518 4078 nostra
547 4041 712 4094 opera
733 4035 786 4082 et
817 4027 1049 4080 salutem
1089 4023 1182 4057 ⁸⁶⁹³
1206 4035 1448 4081 nostram
1482 4025 1735 4081 videntur
1761 4027 1920 4081 attri-

333 4115 520 4170 buere.
555 4114 742 4170 Plures
796 4118 960 4172 etiam
1003 4128 1256 4172 asserunt
1283 4118 1656 4188 experimento
1709 4133 1768 4173 se
1795 4133 1924 4188 pro-

333 4205 467 4260 bare
515 4207 656 4275 quod
709 4209 870 4263 homo
919 4223 1262 4278 nequaquam
1318 4207 1429 4263 ullo
1465 4208 1638 4262 libero
1669 4207 1922 4263 fulciatur

332 4297 594 4364 arbitrio;
627 4300 882 4367 quoniam
914 4299 1111 4356 multos
1159 4298 1256 4332 ³⁸³⁵
1283 4301 1486 4371 absque
1541 4316 1787 4369 numero,
1821 4301 1922 4355 im-

332 4403 521 4444 menso
553 4391 752 4446 mentis
780 4399 833 4444 et
859 4393 1106 4460 corporis
1140 4401 1337 4447 conatu
1380 4391 1476 4444 niti
1506 4392 1746 4445 sentiunt
1774 4410 1786 4446 :
1826 4393 1916 4462 qui

2043 1873 2248 1930 tantur,
2275 1865 2494 1923 fuerunt
2517 1870 2738 1938 quidam
2771 1875 3010 1943 superbi,
3043 1880 3132 1948 qui
3161 1889 3328 1936 totam
3359 1865 3623 1943 virtutum

2039 1955 2328 2010 eliicaciam
2375 1958 2466 1990 “97
2501 1959 2554 2015 in
2599 1962 2712 2016 sola
2762 1963 3012 2023 libertate
3061 1971 3272 2028 arbitrii
3322 1969 3624 2036 consistere

2037 2055 2165 2100 Sunt
2213 2048 2461 2104 arbitrati
2492 2069 2505 2106 :
2539 2061 2594 2106 et
2639 2064 2766 2108 sunt
2810 2067 2998 2114 nostro
3049 2069 3288 2132 tempore
3325 2069 3501 2132 multi,
3527 2075 3620 2142 qui

2037 2131 2268 2190 liberum
2299 2139 2587 2196 arbitrium
2632 2157 2755 2200 esse
2802 2147 3005 2219 aliquid
3051 2131 3263 2220 penitus
3309 2131 3615 2228 desperant.

2037 2225 2091 2278 In
2141 2227 2244 2281 hac
2295 2229 2476 2300 itaque
2527 2235 2826 2302 quaestione
2871 2237 2986 2294 haec
3033 2242 3141 2296 erit
3171 2255 3355 2302 nostra
3394 2225 3623 2308 intentio

2037 2315 2150 2381 “9°,
2185 2327 2240 2372 ut
2265 2317 2494 2374 liberum
2522 2324 2808 2380 arbitrium
2842 2328 3002 2383 simul
3045 2347 3166 2388 esse
3192 2349 3314 2391 cum
3339 2341 3532 2410 gratia,
3565 2355 3622 2399 et

2036 2421 2158 2461 cum
2190 2423 2252 2462 ea
2284 2414 2496 2478 operari
2553 2415 2604 2468 in
2659 2417 2841 2474 multis
2890 2433 3252 2482 monstremus
3278 2446 3290 2481 :
3321 2429 3464 2485 sicut
3493 2433 3622 2490 illud

2035 2513 2157 2552 cum
2203 2501 2546 2568 prrescientia
2598 2515 2762 2577 atque
2788 2512 3259 2578 praedestinatione
3287 2523 3620 2581 concordare

2033 2603 2208 2658 reperi
2218 2607 2354 2647 mus.

2032 2677 2182 2762 CAP.
2215 2681 2256 2735 ll
2287 2680 2380 2754 [αι.
2425 2683 2560 2757 Xllj.
2592 2715 2662 2728 ——
2693 2688 2768 2742 De
2809 2691 3047 2762 libertate
3091 2699 3314 2762 arbitrii,
3361 2701 3474 2755 sine
3513 2719 3618 2762 qua

2100 2751 2320 2838 salutem
2347 2770 2496 2838 nemo
2519 2751 2780 2838 uteretur;
2809 2770 2856 2813 et
2873 2761 2936 2814 de
2959 2751 3615 2838 gratia,vsine'quavnullu;

2100 2822 2516 2891 salvaturhomo,
2533 2827 2617 2880 hic
2647 2822 2842 2898 agitur.

2103 2912 2395 2970 Sciendum
2423 2926 2506 2972 est
2535 2919 2660 2987 quia
2709 2921 2852 2976 sicut
2881 2939 2986 2978 non
3027 2925 3094 2980 de
3120 2927 3226 2983 alio
3264 2929 3434 2986 libero
3463 2933 3614 2989 urbis

2032 3005 2138 3060 trio
2178 3005 2238 3060 lit
2269 3007 2406 3075 haec,
2433 3018 2494 3064 ut
2517 3025 2678 3080 supra
2725 3013 2858 3078 dixi,
2891 3017 3120 3084 quaestio
3169 3021 3270 3075 nisi
3305 3022 3370 3078 de
3411 3023 3502 3079 illo
3520 3025 3614 3059 ³⁶⁹⁹

2033 3096 2150 3150 sine
2173 3112 2281 3166 quo
2313 3100 2544 3154 salutem
2583 3117 2742 3158 nemo
2787 3117 3044 3170 meretur,
3101 3121 3387 3183 postquam
3419 3116 3618 3174 intelli-

2031 3187 2248 3257 gibilem
2271 3191 2434 3246 habet
2461 3204 2710 3262 aetatem;
2743 3197 2814 3250 ita
2847 3213 2951 3252 non
2983 3201 3050 3255 de
3100 3203 3204 3257 alia
3249 3208 3423 3274 gratia
3449 3225 3612 3280 quam

2033 3283 2100 3338 de
2127 3283 2214 3338 illa
2245 3285 2364 3340 sine
2403 3301 2510 3356 qua
2553 3288 2734 3344 nullus
2763 3291 3006 3347 salvatur
3039 3295 3219 3351 immo.
3249 3299 3439 3357 Omnis
3469 3303 3614 3360 enim

2030 3384 2281 3430 creatura
2332 3379 2504 3446 gratia
2549 3380 2756 3442 existit,
2811 3383 2936 3450 quia
2987 3386 3160 3452 gratis
3209 3387 3349 3442 facta
3397 3401 3508 3456 ε.κι;
3561 3405 3617 3448 et

2029 3469 2196 3524 multa
2227 3469 2366 3524 bona
2398 3471 2488 3526 dat
2517 3472 2657 3528 Deus
2699 3489 2798 3544 per
2838 3476 3065 3542 gratiam
3107 3478 3159 3532 in
3203 3479 3303 3536 hac
3333 3483 3465 3549 vita,
3497 3485 3614 3540 sine

2029 3561 2225 3629 quibus
2256 3562 2417 3616 homo
2447 3563 2642 3618 salvari
2691 3574 2868 3636 potest
2909 3567 3026 3622 '7’".
3077 3569 3134 3624 lu
3171 3572 3465 3631 infantibus
3495 3578 3616 3647 qui-

2030 3651 2175 3716 dem,
2209 3653 2298 3721 qui
2333 3655 2590 3723 baptizati
2625 3659 2934 3714 moriuntur
2963 3671 3252 3733 antequam
3283 3681 3383 3722 suo
3405 3670 3614 3738 possint

2029 3743 2105 3796 uti
2158 3741 2326 3797 libero
2386 3747 2634 3815 arbitrio,
2683 3766 2788 3805 non
2835 3763 3060 3823 apparet
3108 3757 3396 3813 concordia
3448 3777 3612 3830 quam

2027 3831 2357 3900 qumrimus;
2393 3836 2648 3902 quoniam
2680 3837 2733 3892 in
2761 3839 2866 3894 illis
2897 3844 3068 3912 gratia
3102 3845 3216 3898 sola
3243 3857 3502 3916 Operatur
3526 3866 3613 3906 sa-

2025 3919 2216 3986 lutem,
2257 3921 2374 3976 sine
2404 3923 2617 3979 illorum
2647 3926 2818 3983 libero
2843 3932 3088 3987 arbitrio.
3119 3933 3254 3989 Nam
3278 3937 3380 3992 hoc
3397 3955 3612 4010 quoque

2026 4013 2200 4081 gratia
2228 4021 2313 4068 est
2358 4016 2484 4085 quia
2513 4016 2672 4072 datur
2701 4018 2823 4073 aliis
2865 4021 3116 4078 voluntas
3142 4033 3200 4078 ut
3227 4025 3332 4082 illis
3361 4043 3458 4083 sua
3506 4031 3612 4088 ﬂde

2025 4105 2372 4161 subveniant.
2405 4109 2459 4162 In
2493 4109 2820 4168 habentibus
2847 4113 3026 4184 itaque
3058 4115 3448 4189 intelligibilem
3476 4131 3611 4178 mta-

2025 4201 2582 4255 tem‘monstrandum
2617 4211 2701 4257 est
2755 4203 2896 4273 quod
2925 4205 3338 4282 investigamus;
3373 4212 3498 4282 quia
3543 4213 3610 4270 de

2023 4285 2108 4341 his
2136 4287 2310 4344 solum
2359 4300 2604 4348 versatur
2657 4295 2769 4350 haec
2799 4298 3043 4365 quagstio.
3073 4277 3388 4370 Quicunque
3427 4313 3606 4360 autem

2022 4393 2088 4434 ex
2123 4379 2204 4434 his
2231 4381 2530 4448 salvantur,
2577 4397 2673 4454 per
2696 4384 2963 4454 justitiam
3000 4389 3200 4444 salvari
3242 4391 3462 4447 dubium
3495 4413 3604 4450 non

330 4477 426 4510 assa
474 4481 708 4548 quadam
736 4481 1069 4548 dimcuumc’
1114 4483 1221 4538 imo
1252 4483 1683 4553 impossibilitate
1727 4500 1918 4554 333m-
1945 4467 1994 4526 D
2021 4478 2122 4524 est.
2147 4470 2314 4527 Justis
2345 4475 2488 4528 enim
2527 4476 2862 4543 promittitur
2903 4479 3010 4532 vita
3039 4490 3274 4548 aeterna;
3325 4488 3450 4554 quia
3472 4487 3608 4556 justi

328 4569 440 4622 vati
485 4571 620 4624 nihil
648 4571 956 4638 proficiunt,
1004 4581 1096 4628 aut
1143 4581 1260 4642 post
1318 4589 1571 4644 magnum
1615 4572 1912 4642 proiectum

333 4670 560 4729 repente
611 4662 1038 4732 irrcparabiliter
1083 4664 1358 4720 deficiunt.
1417 4661 1669 4720 Liberum
1733 4677 1912 4722 autem

330 4751 616 4806 arbitrium
671 4762 936 4809 monstrat
984 4757 1172 4810 cadem
1216 4754 1500 4826 Scriptura
1553 4771 1650 4811 nos
1708 4755 1913 4811 habere

327 4843 434 4899 hoc
456 4845 634 4898 modo.
681 4845 821 4900 Dicit
865 4846 1004 4902 Deus
1052 4862 1147 4918 per
1175 4849 1407 4904 Isaiam:
1443 4848 1502 4904 Si
1529 4849 1818 4914 volueritis,
1865 4859 1910 4902 et

327 4935 604 4990 audieritis
631 4945 744 5002 me,’
783 4937 918 4992 bona
948 4949 1101 4993 terra:
1136 4939 1414 4994 comedetis
1449 4939 1640 5010 (lsa.t,
1684 4941 1792 5009 19).
1847 4939 1912 4992 Et

327 5022 495 5078 David
526 5043 538 5078 :
575 5025 704 5091 Quis
742 5038 816 5080 est
859 5031 1032 5092 homo,
1083 5032 1172 5098 qui
1208 5029 1313 5083 vult
1351 5032 1506 5082 vitam
1533 5047 1551 5094 ;
1580 5029 1748 5099 diligit
1801 5029 1911 5082 dies

327 5113 500 5168 videre
531 5117 730 5169 bonos?
767 5115 991 5171 Prohibe
1017 5117 1252 5188 linguam
1275 5130 1420 5172 tuam
1452 5136 1482 5172 a
1514 5118 1674 5186 malo,
1700 5129 1748 5172 et
1769 5118 1909 5172 labia

327 5214 422 5259 tua
451 5222 513 5260 ne
551 5207 834 5278 loquantur
875 5209 1076 5263 dolum.
1123 5211 1330 5265 Diverte
1361 5227 1392 5264 a
1419 5211 1580 5276 malo,
1611 5221 1656 5264 et
1688 5211 1774 5278 [ac
1822 5211 1912 5264 bo-

2024 4561 2408 4631 inperpetuum
2452 4567 2642 4634 vivent,
2683 4578 2728 4620 et
2781 4570 2922 4637 apud
2957 4569 3240 4627 Dominum
3291 4585 3365 4630 est
3412 4596 3606 4634 merces

2023 4667 2205 4706 eorum
2240 4653 2395 4725 (Sap.
2443 4672 2496 4722 ν,
2529 4657 2640 4728 16).
2693 4659 2844 4725 Quod
2875 4671 3055 4716 autem
3083 4663 3296 4733 justitia
3341 4670 3410 4722 sit
3441 4671 3605 4725 recti«

2024 4749 2152 4803 tudo
2183 4751 2498 4817 voluntatis,
2553 4769 2705 4808 sacra
2759 4771 2899 4824 saepe
2933 4767 3198 4813 monstrat
3224 4761 3317 4792 ³τ⁰¹
3359 4765 3602 4819 auctori-

2023 4849 2126 4896 tas.
2158 4841 2270 4910 Qua
2299 4843 2365 4897 de
2391 4859 2447 4898 re
2488 4845 2681 4900 sullicit
2708 4863 2870 4902 unum
2903 4853 3207 4922 exetnplum
3255 4870 3558 4925 proponere
3585 4875 3598 4911 :

2019 4947 2138 4987 cum
2164 4934 2308 4987 enim
2339 4935 2560 4990 dixisset
2591 4937 2754 4992 David
2779 4937 2952 5008 (Psal.
2987 4959 3140 5007 xcul,
3189 4945 3274 5006 Μ,
3311 4945 3398 5014 15)
3427 4964 3438 4998 :
3475 4947 3600 5001 Non

2012 5024 2220 5092 repellet
2243 5025 2498 5081 Dominus
2517 5028 2713 5098 plebem
2763 5051 2912 5088 suam
2935 5075 2948 5099 ,
2974 5046 3020 5088 et
3064 5035 3418 5089 [nereditatem
3447 5053 3598 5092 suam

2013 5130 2116 5168 non
2161 5117 2500 5188 derelinquet,
2549 5127 2887 5198 quoadusque
2923 5127 3134 5196 justitia
3171 5138 3498 5182 convertatur
3539 5131 3596 5183 in

2004 5207 2300 5278 judicium,
2359 5221 2416 5266 ut
2465 5215 2688 5272 doceret
2734 5235 2832 5272 nos
2887 5219 3014 5286 quid
3059 5227 3202 5274 esset
3253 5217 3482 5287 justitia,
3513 5220 3597 5274 in-

1617 5299 1848 5354 V'ARUE
1896 5298 2304 5355 LECTIONES.

401 5389 768 5484 “"nnﬁshde
807 5389 990 5473 Gratia
1018 5393 1297 5484 eltdibero
1363 5393 1608 5474 arbitrio.
1687 5393 1780 5484 δεῖν
1807 5391 1986 5484 Οιιεξὲι
2018 5394 2099 5484 3d
2143 5395 2376 5484 salutent
2423 5415 2548 5484 mss.
2615 5400 2748 5483 Vict.
2783 5411 2848 5484 Aet
2902 5403 3090 5484 (ἑξετεῖ.
3141 5417 3305 5484 opera
3352 5402 3596 5484 etisalu-

333 5465 440 5514 tem
517 5459 612 5490 θεν-⁸
651 5459 914 5525 Quoniam
959 5463 1110 5516 multi
1141 5481 1268 5518 mss.
1301 5465 1556 5532 quoniam
1627 5463 1821 5542 multos
1855 5459 2270 5542 '__3“_”_N_ituutur
2323 5476 2380 5520 ut
2431 5469 2569 5542 bene
2615 5473 2816 5536 vivant,
2879 5475 2968 5542 qni
3011 5489 3136 5525 mss.
3177 5459 3278 5526 ἶιὶιί
3325 5473 3588 5542 sentiunt,

326 5531 419 5600 qui
462 5529 590 5600 7'6“
615 5530 680 5583 Et
707 5531 798 5596 qui
853 5533 1060 5588 monita
1114 5551 1239 5588 mss.
1284 5529 1338 5588 ei.
1411 5535 1535 5600 quia
1577 5534 1779 5586 monita
1855 5534 1946 5565 ³⁵³⁷
1995 5533 2260 5588 Virtutem
2316 5547 2368 5592 et
2425 5540 2716 5595 ellicaciam
2781 5529 2912 5596 mss:
2957 5544 3218 5597 virtutum
3295 5529 3590 5600 cﬂicaciani

328 5599 424 5632 “9‘
452 5599 578 5655 Haec
606 5601 709 5654 erit
737 5603 964 5656 intentio
999 5621 1121 5656 mss.
1182 5606 1294 5658 haec
1343 5599 1959 5684 erli._tt05lfjt“ll’i_lt‘3.ttli()_
2032 5605 2124 5637 ³⁸³⁸
2157 5605 2234 5659 Sit
2265 5608 2365 5663 hoc
2392 5627 2404 5663 :
2435 5621 2676 5684 utsupra
2731 5613 2863 5676 dixi,
2917 5631 3078 5684 quam
3107 5615 3172 5668 dc
3215 5613 3306 5668 illo
3356 5631 3482 5668 mss.
3538 5599 3596 5672 tit

327 5670 465 5734 haec,
503 5681 560 5724 ut
585 5685 747 5739 supra
775 5671 908 5756 dixi,
942 5675 1188 5756 (plautio,
1219 5675 1318 5729 nisi
1353 5676 1418 5730 de
1458 5674 1548 5729 illo
1623 5673 1716 5705 ⁸⁷⁰⁰
1753 5675 1960 5730 Salvari
1995 5691 2098 5732 non
2129 5687 2305 5748 potest
2334 5697 2457 5735 mss.
2489 5670 2681 5738 salvari
2714 5670 2892 5752 potest
2933 5670 2948 5684 ⁸
2970 5685 3062 5717 ³⁷⁰¹
3095 5685 3275 5744 Sacrae
3309 5670 3598 5756 scripturi

329 5749 739 5799 monstratmss.
783 5739 916 5794 Vict.
949 5739 996 5796 et
1028 5744 1214 5799 Cister.
1249 5761 1406 5802 sacra
1453 5761 1594 5816 Sirpe
1647 5756 1913 5802 monstrat

647 5837 918 5900 PATBOL.
933 5837 1244 5920 Δ(ΣΙΝΙΙΙ.)

3199 5851 3272 5911 17
