3940 6046
348 232 452 312 ἐίιδ

881 257 937 312 S.
967 255 1263 312 ANSELMI
1307 254 1654 311 CANTUAR.
1688 254 2002 312 AllClllEP.
2044 256 2193 313 OPP.
2235 257 2414 313 PARS
2450 258 2489 312 l.
2528 290 2588 298 —
2624 260 3039 317 DOGMATICA.

3475 252 3582 314 524

350 373 673 442 terrogando
707 371 782 427 ait
816 389 826 423 :
876 369 941 424 Et
977 371 1065 440 qui
1094 369 1253 438 juxta
1285 368 1475 421 illam?
1517 369 1598 421 Ad
1631 369 1773 436 quod
1799 368 1913 438 ipse
1940 374 1985 433 Α
2018 368 2242 424 volendo
2285 380 2377 425 aut
2423 386 2528 427 non
2571 371 2811 428 volendo.
2852 372 3091 429 Volendo
3144 374 3359 444 quidem
3407 378 3587 437 nullus

344 465 447 522 sibi
491 464 818 536 respondens
861 461 937 516 ait
979 475 993 514 :
1036 460 1229 516 Omnes
1270 462 1359 528 qui
1397 469 1531 512 recto
1569 469 1688 513 sum
1730 460 1907 522 corde,

346 560 447 612 hoc
486 562 601 629 est,
636 554 724 623 qui
774 561 919 607 recta
951 561 1076 606 sunt
1102 550 1394 606 voluntate.
1452 548 1709 616 Quamvis
1762 550 1906 604 enim

343 649 506 704 corde
540 649 823 701 credamus
866 653 920 700 et
962 644 1346 713 intelligamus,
1388 643 1528 698 sicut
1570 642 1733 697 corde
1759 642 1911 696 volu-

344 754 496 802 mus,
543 752 647 790 nun
700 746 877 790 tamen
920 734 1127 806 judicat
1189 733 1426 803 Spiritus
1490 742 1710 788 sanctus
1762 732 1908 787 illum

342 819 546 885 rectum
599 829 800 883 habere
830 843 924 882 cor
959 828 1049 897 qui
1082 835 1225 881 recte
1254 826 1427 881 credit
1453 833 1507 880 et
1549 824 1816 894 intelligit,
1856 833 1910 880 et

342 938 443 975 non
475 928 620 975 recte
652 920 797 986 vult;
837 919 958 989 quia
1005 934 1111 973 non
1154 918 1324 971 utitur
1352 916 1673 972 rectitudine
1701 916 1822 971 ﬁdei
1853 924 1909 970 et

340 1013 642 1069 intellectus
672 1015 735 1068 ad
779 1020 924 1066 recte
956 1010 1237 1066 volendum
1257 1050 1272 1075 ,
1302 1017 1523 1079 propter
1552 1007 1693 1077 quod
1723 1007 1906 1062 datum

338 1114 417 1158 est
476 1103 722 1177 rationali
769 1111 1032 1158 creaturae
1086 1109 1233 1154 recte
1260 1100 1480 1155 credere
1506 1108 1559 1154 et
1589 1098 1903 1169 intelligere.

336 1194 469 1249 Nam
499 1211 671 1264 neque
703 1203 905 1248 rectum
936 1192 1262 1247 intellectum
1286 1191 1544 1246 dicendus
1571 1199 1657 1244 est
1686 1190 1903 1257 habere,

336 1287 425 1356 qui
466 1285 756 1340 secundum
806 1284 952 1337 illiilli
982 1299 1086 1337 non
1137 1293 1283 1338 recte
1312 1282 1452 1346 vult;
1506 1281 1907 1352 neqlle,tlicitttr

337 1378 515 1434 facere
541 1378 724 1443 ﬁdem,
751 1377 853 1431 nisi
895 1387 1162 1431 mortuam
1190 1418 1204 1443 ,
1252 1375 1341 1444 qui
1393 1373 1686 1429 secundum
1745 1371 1904 1426 ﬁdem

337 1487 441 1524 non
478 1482 622 1525 recte
659 1469 769 1522 vult
799 1470 1041 1539 operari;
1088 1478 1310 1537 propter
1338 1465 1480 1536 quod
1509 1465 1638 1519 fides
1685 1463 1903 1528 dicitur,

335 1571 389 1614 et
424 1562 581 1615 datur
612 1559 723 1612 '7“.
757 1558 921 1613 Recte
957 1557 1120 1628 igitur
1145 1555 1492 1624 intelligimus
1516 1554 1681 1608 David
1703 1554 1904 1608 dixisse

336 1660 513 1708 rectos
545 1652 727 1717 corde,
754 1659 931 1705 rectos
960 1650 1256 1703 voluntate.
1288 1646 1416 1713 Sed,
1459 1663 1527 1700 ne
1564 1645 1684 1714 quis
1715 1644 1905 1699 existi-

336 1753 445 1797 met
477 1742 797 1797 auctoritate
826 1741 1003 1795 divina
1035 1741 1137 1794 dici
1160 1740 1363 1810 justum
1397 1737 1542 1791 illum
1569 1736 1650 1788 vel
1674 1745 1900 1799 rectum,
1933 1721 1978 1780 Β

334 1833 423 1902 qui
454 1830 667 1887 nonnisi
697 1839 917 1899 propter
939 1829 1080 1882 aliud
1115 1834 1261 1882 tenet
1282 1826 1377 1863 ⁸⁷⁸³
1411 1824 1785 1880 rectitudinem
1815 1839 1908 1878 vo-

334 1925 580 1987 luntatis,
614 1921 844 1976 dicimus
868 1918 1131 1989 justitiam
1165 1916 1543 1974 rectitudinem
1574 1931 1695 1971 esse
1725 1915 1906 1970 volun-

336 2016 461 2070 tatis
491 2023 710 2084 propter
736 2027 793 2066 se
823 2020 1093 2066 servatam
1125 2026 1137 2064 :
1167 2009 1257 2079 qui
1284 2007 1429 2064 enim
1472 2006 1642 2061 solum
1683 2014 1906 2075 propter

334 2105 479 2160 aliud
509 2104 652 2159 illam
695 2103 790 2135 '7”
819 2111 1018 2170 servat,
1062 2116 1167 2155 non
1218 2114 1336 2155 eam
1385 2096 1587 2167 diligit;
1637 2096 1730 2152 sed
1776 2094 1903 2149 illud

334 2206 552 2268 propter
591 2194 683 2227 ⁸⁷⁸⁸
716 2194 855 2264 quod
892 2192 1037 2248 illam
1084 2199 1304 2257 servat;
1339 2198 1393 2245 et
1428 2189 1547 2244 ideo
1575 2201 1681 2241 non
1711 2194 1792 2241 est
1824 2185 1906 2240 di-

333 2289 531 2342 cendus
572 2285 770 2354 justus,
815 2299 915 2340 nec
967 2284 1088 2339 talis
1134 2281 1404 2338 rectitudo
1448 2279 1773 2335 nominanda
1822 2287 1904 2333 est

326 2374 553 2445 justitia.
584 2377 807 2445 Quando
851 2378 915 2432 de
965 2375 1303 2446 praescicutia
1359 2384 1413 2429 et
1456 2374 1629 2429 libero
1674 2373 1902 2428 arbitrio

336 2470 706 2526 tractabamus
748 2468 974 2539 (Qua‘st.
1009 2469 1061 2533 l,
1116 2485 1229 2535 cap.
1274 2467 1347 2537 6);
1383 2466 1628 2535 exemplo
1668 2466 1899 2536 quodam

335 2562 759 2617 monstravimus
779 2576 898 2616 esse
928 2575 1085 2631 posse
1116 2559 1273 2615 simul
1318 2558 1694 2613 rectitudinem
1740 2559 1899 2623 hanc,

331 2666 489 2719 quam
513 2664 648 2711 voco
667 2648 953 2719 justitiam,
971 2658 1024 2704 et
1043 2649 1268 2704 liberum
1293 2647 1574 2702 arbitrium
1603 2664 1616 2699 :
1644 2661 1740 2717 per
1759 2648 1901 2717 quod

333 2743 547 2809 planum
577 2749 661 2795 est
697 2740 997 2809 intelligere
1045 2741 1095 2795 in
1124 2738 1246 2795 aliis
1277 2738 1460 2795 multis
1481 2739 1732 2794 similiter
1757 2754 1898 2795 esse.

332 2830 388 2884 Si
420 2846 548 2901 ergo
574 2845 857 2901 possumus
882 2832 1166 2886 ostendere
1198 2829 1400 2885 nullam
1425 2839 1732 2885 creaturam
1761 2830 1902 2885 hanc

330 2923 551 2992 adipisci
585 2937 741 2993 posse
767 2923 1143 2977 rectitudinem
1176 2922 1280 2977 nisi
1305 2937 1403 2990 per
1431 2922 1686 2993 gratiam,
1728 2924 1899 2976 mani-

330 3013 465 3069 festa
495 3015 601 3069 erit
649 3015 792 3070 inter
832 3016 1058 3086 gratiam
1106 3022 1160 3070 et
1189 3013 1420 3070 liberum
1470 3014 1777 3076 arbitrium,
1831 3014 1899 3068 ad

326 3105 640 3161 salvandum
672 3107 963 3173 hominem,
995 3107 1284 3163 concordia
1322 3121 1484 3177 quam
1512 3106 1834 3176 quaerimus.

399 3217 549 3272 CAP.
588 3217 653 3272 lll
699 3217 795 3300 [αι.
842 3217 1003 3289 Xlll].
1027 3248 1100 3300 ςτ-
1132 3218 1428 3300 Rectitudo,
1467 3236 1580 3300 qua.
1602 3218 1827 3274 salutem

467 3289 855 3359 consequimur,
879 3289 1085 3343 nonnisi
1112 3306 1205 3357 per
1225 3290 1451 3359 gratiam
1474 3289 1754 3344 cbtinetur.

401 3378 632 3432 Dubium
683 3378 867 3447 utique
911 3378 1005 3411 ³⁷⁸⁸
1039 3395 1145 3435 non
1191 3389 1275 3436 est
1318 3382 1444 3450 quia
1497 3380 1749 3437 voluntas
1792 3395 1898 3436 non

329 3470 444 3522 vult
472 3477 638 3537 recte,
689 3469 793 3524 nisi
835 3469 961 3539 quia
990 3477 1142 3541 recta
1178 3479 1281 3527 est.
1321 3469 1473 3527 Sicut
1517 3486 1753 3541 namque
1791 3486 1897 3526 non

327 3566 634 3635 esgacutus
662 3561 811 3616 visus
863 3560 988 3631 quia
1038 3560 1185 3615 videt
1237 3569 1417 3629 acute,
1465 3562 1560 3617 sed
1597 3561 1720 3618 ideo
1752 3561 1901 3618 videt

327 3659 485 3706 acute
517 3651 643 3721 quia
673 3660 981 3708 acutusest
1008 3671 1022 3707 :
1053 3652 1125 3707 ita
1173 3653 1422 3711 voluntas
1467 3668 1573 3709 non
1619 3663 1701 3711 est
1748 3667 1898 3712 recta

327 3743 452 3812 quia
483 3743 599 3799 vult
629 3753 809 3809 recte;
858 3745 952 3801 sed
987 3755 1135 3803 recte
1179 3746 1293 3800 vult
1321 3747 1576 3817 quoniam
1615 3756 1699 3802 est
1727 3757 1894 3803 recta.

326 3835 461 3890 Cum
523 3841 704 3890 autem
752 3835 869 3891 vult
919 3836 1060 3891 hanc
1111 3836 1511 3901 rectitudinem,
1566 3837 1754 3907 procul
1801 3838 1900 3893 du-

329 3926 416 3980 bio
459 3936 607 3981 recte
635 3924 788 3993 vult;
820 3942 925 3983 non
952 3942 1080 3999 ergo
1108 3928 1221 3983 vult
1244 3929 1620 3983 rectitudinem
1648 3929 1768 3992 '7'",
1794 3928 1894 3983 nisi

326 4015 450 4084 quia
483 4028 628 4072 recta
660 4025 772 4073 est:
817 4017 955 4072 idem
1002 4028 1179 4072 autem
1213 4019 1372 4090 129
1401 4027 1485 4074 est
1511 4018 1768 4073 voluntati
1817 4033 1900 4073 re-

326 4116 468 4163 ctam
495 4122 635 4171 esse,
679 4116 734 4163 et
761 4109 1136 4162 rectitudinem
1164 4109 1385 4165 habere.
1411 4109 1595 4164 Palam
1624 4110 1786 4181 igitur
1813 4119 1898 4166 est

326 4200 450 4269 quia
495 4214 600 4253 non
633 4198 742 4252 vult
776 4199 1172 4267 rectitudinem,
1216 4200 1319 4254 nisi
1345 4200 1472 4271 quia
1518 4202 1896 4256 rectitudinem

328 4290 509 4347 habet.
544 4290 663 4346 Non
690 4305 824 4360 nego
849 4289 1177 4346 voluntatem
1208 4300 1409 4346 rectam
1446 4290 1584 4347 velle
1613 4293 1897 4348 rectitudi-

328 4398 448 4437 nem
494 4399 654 4454 quam
704 4382 936 4440 nondum
988 4382 1172 4449 habet,
1213 4383 1430 4453 quando
1472 4382 1585 4437 vult
1638 4384 1896 4455 majorem

327 4489 487 4541 quam
517 4473 740 4535 habeat;
783 4473 876 4529 sed
919 4474 1040 4529 dico
1068 4473 1268 4528 nullam
1295 4474 1390 4506 ³⁷⁰⁸
1432 4487 1551 4529 eam
1574 4490 1734 4546 posse
1759 4476 1894 4533 velle

327 4564 724 4628 rectitudinem,
770 4566 813 4618 si
857 4579 961 4619 non
998 4564 1160 4620 habet
1202 4566 1574 4621 rectitudinem
1602 4583 1705 4637 qua
1751 4567 1893 4623 illam

327 4650 472 4704 velit.
510 4652 922 4707 Consideremus
958 4670 1100 4733 nunc
1122 4663 1302 4710 utrum
1335 4656 1529 4727 aliquis
1562 4658 1700 4714 hanc
1732 4659 1893 4714 recti-

327 4739 564 4792 tudinem
593 4754 696 4794 non
725 4740 947 4807 habens,
978 4757 1094 4797 eam
1141 4743 1321 4813 aliquo
1364 4745 1522 4801 modo
1552 4760 1590 4800 a.
1607 4761 1666 4801 se
1696 4747 1895 4803 habere

324 4829 512 4898 possit.
557 4829 750 4901 Utique
788 4846 819 4885 a
868 4847 924 4887 se
953 4832 1094 4886 illam
1146 4833 1346 4890 habere
1394 4838 1599 4906 nequit,
1646 4839 1750 4894 nisi
1802 4847 1896 4893 aut

1918 3061 1972 3126 (Σ

2011 460 2154 515 valet
2194 474 2313 514 eam
2361 476 2457 533 per
2498 478 2560 520 se
2599 464 2851 534 adipisci;
2882 465 3007 536 quia
3049 467 3236 537 nequit
3276 482 3398 524 eam
3425 469 3585 537 velle,

2011 553 2114 609 nisi
2144 553 2291 608 illam
2335 553 2550 609 habeat.
2601 553 2756 621 Quod
2784 564 2965 611 autem
3005 556 3201 626 aliquis
3242 570 3348 613 non
3379 560 3588 618 habens

2010 644 2384 699 rectitudinem
2430 644 2746 710 voluntatis,
2798 645 2943 700 illam
2995 648 3174 701 valeat
3221 662 3311 717 per
3368 664 3428 704 se
3478 665 3585 706 non

2009 733 2237 789 volendo
2266 735 2505 804 assequi,
2546 749 2701 793 mens
2746 735 2946 791 nullius
2991 736 3207 805 accipit.
3236 735 3392 793 Nullo
3423 738 3590 809 igitur

2010 827 2169 881 modo
2202 834 2377 896 potest
2405 841 2525 881 eam
2571 834 2821 881 creatura
2867 827 3067 884 habere
3095 843 3126 881 a
3164 842 3244 883 se.
3277 829 3382 884 Sed
3413 843 3589 898 neque

2008 926 2255 973 creatura
2286 918 2426 973 valet
2454 932 2573 973 eam
2621 916 2825 973 habere
2872 918 2942 973 ah
2987 918 3090 973 alia
3120 929 3393 973 creatura.
3434 918 3588 975 Sicut

2008 1021 2242 1077 namque
2268 1017 2514 1062 creatura
2546 1009 2732 1077 nequit
2756 1015 3062 1062 creaturam
3084 1003 3331 1075 'salvare;
3369 1010 3442 1065 ita
3473 1025 3582 1066 non

2007 1105 2184 1165 potest
2212 1097 2285 1151 illi
2316 1099 2444 1151 dare
2478 1111 2572 1167 per
2597 1098 2740 1167 quod
2768 1098 2961 1154 debeat
3003 1098 3199 1154 salvari
3243 1099 3357 1153 ⁸⁷⁸³.
3391 1099 3586 1170 Sequi-

2011 1197 2095 1240 tur
2132 1188 2314 1256 itaque
2344 1188 2468 1256 quia
2499 1187 2644 1242 nulla
2680 1197 2929 1243 creatura
2976 1189 3352 1244 rectitudinem
3395 1189 3577 1257 habet,

2006 1280 2301 1348 quamdixi
2328 1279 2642 1346 voluntatis,
2685 1281 2786 1335 nisi
2817 1296 2913 1350 per
2933 1283 3182 1351 gratiam.
3217 1281 3368 1337 Hanc
3397 1293 3578 1338 autem

2007 1371 2383 1427 rectitudinem
2413 1384 2509 1440 per
2538 1370 2764 1425 liberum
2809 1372 3090 1426 arbitrium
3136 1374 3339 1427 servari
3387 1385 3581 1441 posse,

2007 1462 2145 1517 sicut
2171 1476 2333 1531 supra
2360 1461 2489 1526 dixi,
2514 1464 2950 1517 monstravimus.
2979 1462 3088 1517 Deo
3111 1463 3271 1532 igitur
3295 1462 3579 1532 largiente,
3660 1534 3663 1539 ι

2005 1553 2309 1608 invenimus
2355 1554 2584 1623 gratiam
2641 1554 2779 1623 ejus,
2820 1554 2885 1608 ad
2939 1553 3254 1608 salvandum
3284 1554 3581 1633 hominem,

2005 1659 2128 1698 cum
2175 1644 2345 1699 libero
2371 1644 2597 1699 arbitrio
2622 1643 2979 1707 concordare;
3044 1645 3116 1698 ita
3149 1652 3207 1697 ut
3243 1644 3420 1714 gratia
3466 1644 3582 1698 sola

2006 1735 2174 1805 possit
2203 1735 2476 1791 hominem
2517 1736 2746 1802 salvare,
2798 1736 2928 1791 nihil
2976 1736 3095 1807 ejus
3142 1736 3313 1791 libero
3356 1736 3582 1791 arbitrio

2005 1837 2197 1895 agente
2228 1826 2389 1898 (sicut
2430 1828 2489 1882 tit
2529 1829 2581 1882 in
2625 1827 2962 1897 infantibus),
2994 1836 3048 1882 et
3078 1827 3134 1882 in
3182 1826 3582 1898 iuintelligenti—

2006 1916 2107 1970 bus
2136 1914 2230 1948 ⁸⁷⁸⁸
2261 1916 2377 1986 ipsa
2406 1930 2625 1986 semper
2654 1905 2873 1985 adjuvet
2911 1915 3140 1971 liberum
3170 1915 3454 1971 arbitrium
3489 1930 3582 1969 ua-

2006 2011 2199 2075 turale,
2226 2011 2368 2080 quod
2411 2011 2531 2065 sine
2567 2010 2652 2065 illa
2688 2010 2827 2066 nihil
2852 2010 2995 2066 valet
3023 2009 3090 2064 ad
3120 2007 3376 2072 salutem,
3401 2008 3583 2063 dando

2004 2101 2265 2157 voluntati
2298 2103 2677 2158 rectitudinem
2709 2116 2870 2173 quam
2905 2112 3084 2158 servet
3107 2116 3204 2173 per
3234 2100 3463 2155 liberum
3491 2114 3581 2153 ar-

2006 2194 2241 2249 bitrium.
2287 2194 2612 2265 thuamvis
2651 2210 2757 2249 non
2787 2195 3039 2250 omnibus
3066 2195 3176 2261 det,
3208 2193 3463 2264 quoniam
3494 2193 3582 2247 cui

2004 2287 2108 2341 uult
2135 2287 2409 2341 miseretur
2431 2297 2479 2340 et
2521 2303 2669 2359 quem
2716 2286 2821 2342 vult
2852 2288 3065 2341 indurat
3112 2287 3291 2357 (llam.
3342 2302 3417 2352 ιι,
3458 2286 3578 2356 18);

2002 2378 2134 2433 nulli
2183 2389 2360 2433 tamen
2387 2379 2478 2432 dat
2504 2393 2603 2447 pro
2623 2378 2801 2448 aliquo
2834 2377 3158 2449 praecedenti
3197 2378 3414 2442 merito,
3441 2392 3578 2448 quo-

2004 2470 2147 2525 niam
2176 2472 2291 2542 quis
2329 2470 2473 2541 prior
2505 2469 2615 2524 Deo
2645 2469 2809 2535 dedit,
2848 2479 2896 2524 et
2937 2470 3254 2524 rctribuetur
3276 2470 3362 2524 ei?
3396 2468 3575 2539 (Rom.

2001 2575 2079 2624 xi,
2117 2559 2230 2630 85.)
2281 2558 2336 2614 Si
2368 2566 2546 2614 autem
2588 2556 2854 2622 voluntas,
2899 2572 3005 2628 per
3044 2557 3268 2613 liberum
3315 2558 3581 2611 servando

2004 2651 2284 2705 arbitrium
2330 2652 2471 2720 quod
2521 2651 2750 2720 accepit,
2793 2657 3036 2709 meretur
3084 2658 3179 2704 aut
3223 2656 3576 2720 augmentum

2001 2750 2233 2811 acceptae
2268 2742 2513 2812 justitiae,
2565 2752 2659 2797 aut
2699 2742 2864 2797 etiam
2915 2748 3238 2813 potestatem
3291 2753 3390 2809 pro
3437 2739 3579 2794 bona

2002 2832 2296 2900 voluntate,
2321 2844 2412 2887 aut
2440 2835 2715 2906 przcmium
2743 2834 2998 2906 aliquod:
3027 2836 3140 2891 haec
3165 2836 3345 2890 omnia
3368 2833 3578 2890 fructus

2001 2934 2126 2981 sunt
2161 2925 2346 2996 prima:
2390 2926 2594 2996 gratiae,
2643 2934 2696 2979 et
2742 2926 2913 2995 gratia
2958 2940 3056 2996 pro
3105 2926 3313 2996 gratia;
3359 2934 3413 2980 et
3457 2925 3579 2981 ideo

2004 3022 2173 3069 totum
2218 3016 2587 3085 imputandum
2633 3023 2717 3071 est
2747 3015 2952 3086 gratiae,
2989 3014 3112 3085 quia
3164 3031 3325 3085 neque
3362 3013 3578 3070 volemis

2002 3112 2105 3169 est,
2156 3106 2298 3174 quod
2346 3106 2476 3169 vult,
2534 3121 2696 3176 neque
2729 3106 2986 3160 currentis
3033 3113 3144 3172 est,
3183 3105 3327 3174 quod
3372 3104 3573 3171 currit;

2001 3198 2091 3251 sed
2126 3196 2415 3251 miserantis
2451 3206 2526 3251 est
2558 3195 2655 3250 Dei
2683 3194 2858 3267 (Rom.
2885 3212 2943 3259 ιι,
2977 3195 3087 3265 16).
3120 3195 3379 3268 omnibus
3405 3195 3571 3262 enim,

2001 3297 2227 3357 excepto
2262 3288 2376 3342 solo
2412 3288 2550 3350 Deo,
2596 3286 2832 3342 dicitur:
2895 3284 3035 3352 Quid
3079 3286 3236 3340 habes
3276 3286 3415 3357 quod
3468 3301 3576 3340 non

1999 3379 2289 3451 accepisti?
2340 3377 2397 3434 Si
2445 3388 2622 3433 autem
2675 3379 2938 3448 accepisti,
2987 3376 3113 3448 quid
3163 3377 3255 3410 ³⁷⁸⁸
3308 3376 3572 3448 gloriaris,

1999 3473 2151 3542 quasi
2176 3486 2282 3525 nou
2306 3468 2614 3544 acceperis?
2641 3467 2693 3539 (1
2730 3464 2854 3523 Cor.
2893 3482 2968 3534 tv,
2999 3468 3078 3538 7.)

1998 3581 2128 3638 CAP.
2171 3579 2235 3637 Ν
2264 3580 2360 3655 [αι.
2396 3579 2560 3653 XIV].
2591 3611 2685 3664 _:—-
2712 3580 2909 3635 Eadem
2954 3579 3212 3664 rectitudo
3249 3558 3456 3633 nonnisi
3481 3593 3577 3649 per

2484 3660 2710 3722 gratiam
2738 3660 3091 3705 conservatur.

2069 3742 2348 3812 Quomodo
2393 3742 2609 3812 quidem
2638 3741 2863 3796 libertas
2903 3738 3194 3795 voluntatis
3222 3738 3452 3795 tenentis
3480 3753 3574 3795 ac-

1996 3848 2207 3908 ceptam
2268 3836 2680 3901 rectitudinem,
2734 3833 2880 3888 nulla
2925 3833 3252 3888 necessitate
3314 3840 3371 3886 ut
3427 3832 3573 3887 illam

1996 3929 2232 3995 deserat,
2277 3936 2640 3998 expugnetur,
2688 3926 2782 3981 sed
2841 3923 3150 3980 dillicultate
3200 3925 3570 3995 impugnetur,

1994 4034 2097 4075 nec
2131 4020 2303 4075 eidem
2339 4017 2640 4073 difficultati
2674 4018 2768 4049 ³⁷η
2806 4017 2992 4082 invita,
3027 4018 3120 4072 sed
3152 4016 3338 4072 volens
3370 4017 3570 4072 cedat:

1996 4112 2048 4168 in
2083 4120 2312 4167 tractatu
2357 4111 2423 4166 de
2450 4110 2696 4166 libertate
2738 4109 2946 4163 arbitrii
2978 4117 3106 4180 puto
3153 4124 3240 4165 me
3276 4109 3574 4165 ostendisse

1995 4205 2138 4276 (cap.
2184 4203 2236 4269 5,
2289 4203 2343 4269 6,
2390 4202 2442 4268 7,
2481 4203 2534 4269 8,
2582 4201 2657 4274 9).
2715 4200 2917 4269 Quibus
2974 4211 3153 4255 autem
3206 4201 3399 4267 modis,
3450 4210 3574 4270 post

1996 4296 2240 4353 eamdem
2281 4296 2657 4351 rectitudinem
2689 4304 2982 4364 acceptam,
3014 4292 3242 4348 liberum
3283 4293 3568 4349 arbitrium
3603 4298 3613 4307 '

1928 4427 1974 4482 Β
1999 4386 2170 4461 gratia
2208 4387 2422 4455 adjuvet
2445 4395 2504 4440 ut
2529 4384 2869 4454 servetquod
2900 4385 3148 4452 accepit:
3184 4383 3567 4452 quamvisnon
3617 4453 3625 4459 _

2000 4492 2190 4533 omnes
2233 4477 2440 4533 valeam
2489 4489 2832 4541 enumerare,
2881 4475 3230 4531 multifariam
3278 4474 3422 4528 enim
3470 4473 3572 4528 hoc

2000 4567 2159 4631 facit;
2203 4579 2378 4623 tamen
2428 4582 2533 4624 non
2589 4567 2693 4622 erit
2739 4566 2926 4623 inutile
2976 4564 3177 4636 aliquid
3223 4564 3346 4619 inde
3389 4565 3572 4620 dicere

2001 4656 2115 4712 ³⁷³⁸.
2138 4656 2308 4713 Nemo
2329 4665 2475 4712 certe
2501 4665 2682 4710 servat
2704 4657 3078 4711 rectitudinem
3108 4656 3246 4710 hanc
3266 4663 3567 4724 acceptam,

2002 4748 2105 4802 nisi
2142 4745 2405 4810 volendo;
2439 4744 2574 4799 velle
2594 4754 2795 4799 autem
2821 4745 2963 4799 illam
2992 4744 3189 4816 aliquis
3214 4746 3434 4815 nequit,
3464 4748 3568 4801 nisi

2002 4839 2282 4894 habendo:
2333 4838 2530 4892 habere
2567 4851 2694 4892 vero
2738 4837 2884 4892 Illam
2928 4837 3232 4893 nullatenus
3266 4840 3430 4905 valet,
3464 4839 3569 4895 nisi

1602 4971 1831 5027 VARUE
1873 4971 2169 5029 LECTION
2175 4972 2276 5028 ES.

276 5166 281 5173 _
399 5095 490 5129 ⁸⁷⁰¹
538 5095 641 5163 Qui
689 5096 980 5177 secundum
1026 5097 1175 5154 illum
1203 5116 1330 5177 ⁸ιιιιιι
1363 5110 1512 5177 recte
1555 5103 1670 5177 vult
1688 5106 1920 5177 operari,
1944 5116 2159 5177 propter
2180 5107 2322 5177 quod
2359 5104 2490 5160 fides
2511 5104 2708 5177 dicitur
2727 5112 2781 5177 et
2808 5106 2969 5160 datur
2993 5122 3117 5162 mss.
3151 5106 3241 5176 qui
3272 5105 3567 5162 secundum

324 5167 469 5246 illurn
494 5183 597 5221 non
629 5176 772 5221 recte
801 5168 1150 5246 vu.ltn:_neque
1182 5171 1607 5246 dicitur-habere
1641 5167 1799 5246 [idem
1841 5167 2259 5246 nisi-rndrtuat'n,
2291 5177 2381 5246 qui
2422 5176 2716 5230 secundum
2755 5176 2915 5230 ﬁdem
2962 5192 3066 5229 non
3111 5167 3256 5232 recte
3279 5177 3395 5231 vult
3436 5191 3566 5245 cpe.

328 5238 458 5316 rari,
495 5246 713 5306 propter
738 5236 879 5306 quod
914 5236 1230 5316 ﬁdes—datur
1302 5241 1907 5316 "°’___Ifropter__aliquid
1964 5255 2108 5300 tenet
2162 5236 2284 5301 mss.
2308 5236 2563 5316 'propter
2602 5246 2743 5299 aliud
2776 5254 2921 5300 tenet
2992 5245 3087 5277 ⁸⁷⁸⁸
3112 5246 3337 5315 Propter
3367 5236 3567 5316 aliquid

325 5306 470 5378 illam
524 5323 649 5378 mss.
700 5316 921 5378 propter
957 5308 1112 5378 aliud
1161 5310 1305 5363 illam
1382 5312 1476 5343 ³⁷⁰⁸
1508 5306 1612 5367 sed
1635 5312 1777 5367 aliud

1848 5323 2026 5384 ropter
2065 5333 2187 5370 mss.
2226 5316 2319 5370 sed
2352 5316 2476 5370 illud

2521 5324 2767 5386 propter,
2811 5316 2907 5348 ³⁷⁰⁶
2930 5317 3155 5371 Dubium
3206 5317 3387 5386 itaque
3437 5333 3565 5370 mss.

325 5375 925 5453 {lubitum}:tiquenjl‘f’
954 5376 1078 5453 vult
1106 5381 1480 5437 rectitudinem
1501 5399 1628 5453 mss.
1658 5382 1766 5436 vult
1803 5375 1941 5439 hanc
1985 5387 2358 5440 rectitudinem
2434 5375 2659 5439 m"l'Sc'd
2715 5382 2857 5439 illam
2902 5388 3041 5448 dico,
3074 5386 3270 5440 nullam
3298 5375 3423 5441 mss.
3469 5387 3566 5440 sed

481 5444 693 5527 nullam:
752 5447 1027 5527 ""Quod
1072 5459 1249 5527 potest
1287 5465 1404 5527 eam
1435 5450 1643 5527 salvere
1692 5470 1818 5527 mss.
1852 5456 2001 5527 quod
2023 5457 2215 5510 debeat
2249 5455 2440 5512 salvari
2517 5454 2706 5527 ΨοΑΕι
2734 5454 2920 5527 inuon
2970 5444 3563 5527 intelligentibusrmss.

332 5511 481 5597 ἵζει,
510 5524 557 5597 εξ
588 5514 771 5597 ειειιξν.
811 5525 866 5571 et
886 5511 969 5597 in.
992 5511 1432 5597 intelligentihus‘
1482 5511 2071 5597 '7_{‘__Accepis_ti'?_quid
2114 5544 2236 5579 mss.
2277 5526 2569 5597 accepisti?
2599 5524 2749 5597 Quod
2772 5524 3124 5597 siaccepisti,
3140 5511 3313 5597 ‘quid'
3353 5525 3448 5559 '7"
3473 5524 3567 5583 Ei-

302 5581 445 5649 ,dem
470 5582 731 5639 voluntati
773 5601 897 5639 mss.
922 5587 1096 5643 eidem
1139 5581 1436 5647 difﬁcultati
1509 5591 1602 5624 '7”
1626 5581 1841 5664 Aliq'uid
1871 5581 1999 5651 mihi
2024 5595 2202 5652 dicere
2233 5614 2357 5652 mss.
2383 5581 2581 5668 aliquid
2609 5581 2737 5650 inde
2786 5581 2995 5650 dicere'
3046 5581 3081 5582 ﬂ
3108 5581 3130 5629 ’-
