3936 6048
240 223 343 281 527

792 222 850 278 S.
892 221 1189 277 ANSEIMI
1227 215 1574 275 CANTUAR.
1615 212 1934 271 ARCHIEP.
1974 211 2124 267 OPP.
2169 208 2350 265 PARS
2388 208 2428 265 l.
2466 239 2537 251 —
2578 204 3000 265 DOGMATICA.

3424 203 3531 259 528

242 340 530 397 difficultas
578 348 679 396 est.
726 339 997 406 Quaeritur
1023 352 1120 391 cur
1157 336 1431 392 hominem
1478 333 1571 366 ⁸⁷²⁹
1629 332 1823 387 invitat
1852 335 1898 393 Α
1927 324 2070 396 quod
2116 324 2369 379 voluntas
2414 322 2594 378 facere
2639 321 2847 391 nequit,
2890 319 2992 373 nisi
3042 325 3262 387 accepta
3308 318 3532 374 rectitu-

243 434 309 488 atl
336 442 481 489 recte
514 431 819 495 volentium,
848 439 901 484 et
929 445 1098 500 quare
1124 428 1300 497 arguit
1327 443 1431 483 non
1460 425 1823 490 obedientem,

242 543 364 582 cum
405 526 575 597 ipsam
624 522 1003 577 rectitudinem
1053 535 1212 575 nemo
1252 520 1442 589 possit,
1494 518 1595 574 nisi
1653 518 1824 590 gratia

242 622 425 685 dante,
460 618 655 673 habere
687 616 767 671 vel
814 615 1105 684 accipere?
1152 612 1443 669 Sciendum
1489 612 1641 682 quia,
1688 611 1829 666 sicut

245 724 384 768 terra
417 709 837 765 innumerabiles
868 708 1063 763 herbas
1109 716 1162 761 et
1191 707 1437 767 arbores.
1481 704 1599 759 sine
1629 702 1829 772 quibus

244 807 476 859 humana
506 812 701 856 natura
729 801 912 868 alitur,
944 810 1037 855 aut
1082 800 1246 855 etiam
1276 800 1473 869 quibus
1519 796 1824 867 perimitur,

243 896 358 949 sine
403 894 547 948 omni
601 893 837 947 hominis
869 907 998 947 cura
1047 890 1287 963 profert;
1341 889 1459 944 illas
1506 903 1657 951 vero,
1707 901 1830 956 qnze

245 988 399 1043 nobis
444 987 510 1041 ad
539 986 705 1040 vitam
747 985 1091 1039 nutriendam
1138 984 1372 1037 maxime
1403 990 1530 1038 sunt
1574 994 1828 1035 necessa-

246 1082 360 1147 ria),
396 1080 512 1145 ³⁷⁸³,
548 1095 654 1134 non
697 1079 816 1133 sine
845 1092 1039 1147 magno
1070 1076 1255 1132 labore
1283 1085 1453 1145 atque
1474 1074 1702 1137 cultore,
1729 1088 1830 1127 nec

246 1173 449 1241 absque
482 1168 778 1243 seminibus
813 1184 830 1224 :
864 1168 937 1222 ita
968 1166 1129 1224 corda
1163 1168 1397 1221 humana
1426 1166 1544 1220 sine
1584 1164 1828 1219 doctrina

246 1266 360 1319 sive
407 1262 586 1318 studio
614 1270 808 1331 sponte
840 1260 995 1330 quasi
1040 1260 1351 1328 germinant
1382 1256 1738 1327 cogitationes
1778 1262 1833 1307 et

245 1355 551 1409 veluntates
604 1352 737 1406 nihil
787 1351 946 1405 utiles
995 1350 1176 1415 saluti,
1230 1358 1324 1403 aut
1380 1350 1545 1403 etiam
1605 1346 1828 1406 noxias;

248 1444 365 1499 illas
419 1458 568 1508 vero,
627 1442 745 1495 sine
798 1441 994 1511 quibus
1049 1440 1116 1493 ad
1168 1437 1395 1492 salutem
1459 1436 1653 1491 animae
1723 1449 1831 1489 non

246 1534 580 1605 proficimus,
612 1547 953 1601 nequaquam
992 1531 1109 1587 sine
1139 1530 1354 1601 generis
1400 1529 1482 1583 sui
1528 1529 1735 1584 semine
1778 1536 1835 1581 et

249 1625 513 1680 laboriosa
563 1622 774 1677 cultura
827 1622 1142 1691 concipiunt
1193 1629 1247 1676 et
1295 1620 1624 1692 germinant.
1680 1618 1833 1675 Unde

249 1716 701 1780 illos'homines,
764 1714 962 1785 quibus
1027 1714 1148 1769 talis
1200 1713 1415 1767 cultura
1477 1711 1832 1782 impenditur,

248 1808 633 1878 agriculturam
680 1807 780 1861 Dei
834 1806 883 1875 (1
926 1805 1047 1860 Cor.
1086 1821 1171 1870 ιιι,
1213 1806 1268 1874 9)
1324 1814 1482 1860 vocat
1521 1802 1834 1874 Apostolus.

252 1901 346 1955 Est
391 1912 569 1954 autem
602 1913 788 1953 semen
837 1898 999 1968 hujus
1046 1897 1390 1969 agriculturae
1434 1897 1658 1952 verbum
1705 1895 1833 1961 Dei;

252 1994 360 2048 imo
387 2008 490 2046 non
530 1993 773 2057 verbum,
806 1994 900 2047 sed
927 2008 1120 2047 sensus
1144 1992 1233 2063 qui
1263 1991 1560 2062 percipitur
1588 2006 1686 2061 per
1717 2006 1839 2047 ver-

251 2088 415 2141 bum:
470 2101 570 2140 vox
619 2101 851 2155 namque
900 2086 1019 2140 sine
1061 2100 1222 2141 sensu
1276 2085 1409 2139 nihil
1454 2085 1738 2140 constituit
1784 2085 1839 2139 in

251 2178 430 2233 corde.
465 2175 575 2231 Nec
604 2176 777 2231 solum
823 2191 1015 2231 sensus
1061 2176 1232 2243 verbi,
1280 2178 1372 2231 sed
1424 2176 1602 2232 omnis
1648 2190 1842 2231 sensus

254 2270 336 2325 vel
368 2269 673 2325 intellectus
703 2269 1065 2334 rectitudinis,
1094 2285 1254 2341 quem
1284 2286 1437 2325 mens
1464 2270 1699 2324 humana
1727 2270 1842 2325 sive

252 2379 350 2435 per
374 2362 634 2426 auditum,
661 2362 774 2416 sive
803 2375 899 2432 per
937 2361 1243 2428 lectionem,
1280 2362 1396 2418 sive
1425 2377 1523 2432 per
1551 2362 1840 2427 rationem,

252 2457 366 2513 sive
410 2455 652 2526 quolibet
700 2453 808 2508 alio
845 2453 1003 2523 modo
1040 2454 1299 2523 concipit,
1349 2469 1534 2510 semen
1583 2463 1666 2510 est
1697 2464 1845 2509 recte

254 2544 464 2599 volendi
500 2542 615 2595 '7“.
643 2540 831 2596 Nullus
863 2556 1098 2611 namque
1124 2541 1261 2597 velle
1290 2550 1490 2611 potest,
1520 2543 1662 2613 quod
1692 2543 1845 2613 prius

260 2634 429 2687 corde
471 2647 578 2687 non
613 2630 876 2700 concipit;
910 2630 1044 2686 velle
1075 2641 1256 2686 autem
1298 2631 1523 2687 credere
1570 2634 1713 2702 quod
1763 2643 1847 2689 est

257 2723 605 2787 credendum,
645 2730 729 2776 est
771 2730 920 2777 recte
967 2721 1122 2777 velle.
1170 2720 1341 2778 Nemo
1372 2737 1501 2793 ergo
1532 2731 1708 2792 potest
1744 2724 1846 2779 hoc

258 2817 351 2850 ³⁷η
385 2816 539 2881 velle,
569 2815 615 2871 si
657 2816 832 2871 nescit
859 2817 1003 2886 quod
1028 2816 1364 2872 credendum
1394 2826 1499 2872 est.
1531 2815 1667 2872 Cum
1697 2817 1846 2872 enim

258 2910 610 2979 praunisisset
636 2908 924 2979 Apostolus
949 2926 961 2962 :
993 2907 1176 2963 Omnis
1206 2910 1502 2981 quicunque
1529 2911 1847 2965 invocaverit

260 3020 445 3058 nomen
477 3003 708 3069 Domini,
749 3003 926 3059 salvus
947 3004 1044 3057 erit
1074 3002 1255 3074 (Rom.
1287 3020 1342 3071 ι,
1377 3003 1464 3075 15)
1484 3046 1497 3071 ,

261 3094 536 3161 Quomodo
580 3114 701 3168 ergo
730 3097 1039 3152 invocabunt
1069 3096 1182 3162 ’7“,
1212 3097 1267 3151 in
1289 3112 1440 3168 quem
1480 3113 1585 3152 non
1614 3096 1852 3151 credide-

261 3200 381 3243 runt
405 3190 430 3244 .7
450 3190 553 3243 Aut
590 3191 850 3262 quomodo
875 3191 1082 3245 credent
1110 3191 1178 3256 ei,
1225 3206 1376 3262 quem
1394 3207 1503 3245 non
1529 3189 1853 3244 audierunt?

263 3280 536 3346 Quomodo
564 3292 738 3336 autem
770 3281 984 3336 audient
1017 3281 1111 3314 ³⁷¹⁶
1136 3284 1249 3337 sine
1289 3283 1612 3352 prazdicante
1635 3284 1660 3336 .7
1708 3282 1853 3348 Quo-

262 3373 417 3425 modo
450 3388 565 3427 vero
605 3372 987 3441 praedicabunt,
1018 3373 1119 3428 nisi
1149 3376 1423 3428 mittantur
1444 3375 1470 3425 ."
1506 3372 1704 3444 (Ibid.,
1741 3372 1852 3443 Η.)

265 3466 332 3519 lit
359 3464 517 3534 paulo
556 3473 714 3534 post:
748 3463 890 3535 Ergo
936 3465 1067 3534 [idea
1108 3482 1174 3533 ea:
1215 3467 1436 3532 auditu;
1474 3466 1690 3522 auditus
1736 3485 1852 3522 vero

264 3572 356 3625 per
401 3557 610 3610 verbum
655 3553 851 3610 Christi
901 3554 1101 3628 (Ibid.,
1149 3557 1255 3626 17).
1298 3557 1452 3625 Quod
1501 3568 1684 3614 autem
1723 3559 1856 3615 dicit

270 3647 429 3702 tidem
467 3661 589 3702 esse
628 3661 697 3702 ex
745 3646 955 3713 auditu,
989 3647 1400 3719 intelligendum
1430 3658 1514 3706 est
1560 3650 1684 3720 quia
1723 3649 1856 3707 ﬁdes

268 3747 350 3795 est
379 3754 442 3794 ex
472 3740 573 3794 hoc
603 3740 746 3810 quod
773 3740 1011 3810 concipit
1052 3756 1207 3796 mens
1238 3756 1335 3812 per
1368 3743 1649 3810 auditum;
1680 3757 1856 3814 neque

269 3833 342 3886 ita
373 3841 431 3886 ut
455 3831 569 3886 sola
597 3831 879 3901 conceptio
906 3833 1107 3888 mentis
1136 3834 1300 3888 faciat
1329 3832 1489 3889 fidem
1520 3834 1575 3888 in
1608 3834 1852 3901 homine,

269 3921 362 3976 sed
401 3920 525 3991 quia
566 3921 698 3975 fides
738 3935 861 3977 esse
889 3924 1079 3992 nequit
1112 3923 1228 3977 sine
1255 3924 1633 3993 conceptione.
1658 3925 1854 3981 Addita

269 4029 504 4084 namque
525 4013 849 4069 rectitudine
875 4014 1087 4071 volendi
1113 4015 1451 4085 conceptioni
1482 4031 1579 4087 per
1600 4019 1853 4088 gratiam,

271 4106 333 4161 ﬁt
361 4106 528 4171 ﬁdes;
570 4105 697 4174 quia
727 4105 900 4161 credit
927 4106 1068 4175 quod
1106 4106 1274 4161 audit.
1303 4105 1533 4163 Auditus
1561 4119 1741 4165 autem
1771 4119 1856 4167 est

271 4214 367 4267 per
392 4198 612 4254 verbum
654 4197 878 4264 Christi,
904 4199 1009 4253 hoc
1046 4207 1130 4254 est
1155 4214 1252 4270 per
1294 4203 1517 4256 verbum
1552 4205 1852 4272 praedican-

276 4292 411 4370 tiutn
437 4288 732 4346 Christum.
756 4289 1124 4346 Prwdicantes
1151 4306 1281 4347 vero
1319 4307 1424 4348 non
1454 4304 1579 4350 sunt
1602 4297 1702 4352 nisi
1731 4299 1855 4354 mit-

1928 415 2090 469 dine:
2126 423 2271 467 recte
2320 427 2556 482 namque
2590 410 2721 475 vult,
2770 424 2893 465 cum
2920 409 3036 464 vult
3063 409 3206 478 quod
3238 407 3420 464 debet.
3447 407 3529 462 lta

1930 503 2074 572 quod
2102 516 2256 557 mens
2284 517 2350 556 ex
2378 502 2563 556 auditu
2595 502 2748 556 verbi
2778 500 3038 570 concipit,
3064 507 3148 554 est
3176 511 3361 555 semen
3390 513 3533 569 prae-

1930 593 2162 649 dicantis
2210 592 2333 658 ’7“;
2385 601 2441 647 et
2488 592 2754 648 rectitudo
2803 598 2888 645 est
2933 591 3329 646 incrementum
3374 589 3527 659 quod

1929 683 2073 739 Deus
2120 684 2234 747 dat,
2277 683 2397 738 sine
2442 697 2551 751 quo
2606 698 2771 751 neque
2816 683 2906 749 qui
2947 679 3171 749 plantat,
3223 695 3387 749 neque
3438 678 3531 749 qui

1930 776 2100 845 rigat,
2152 785 2228 829 est
2268 773 2505 844 aliquid;
2546 774 2637 828 sed
2671 774 2762 843 qui
2814 773 3189 827 incrementum
3227 772 3340 839 dat,
3381 770 3529 825 Deus

1933 864 1985 932 (Ι
2014 864 2134 919 Cor.
2171 881 2248 928 ιιι.
2280 866 2355 936 7).
2392 864 2545 920 Sicut
2587 879 2717 933 ergo
2748 864 2888 917 Deus
2926 864 2978 916 in
3011 862 3279 932 principio
3305 877 3403 932 per
3426 861 3532 917 nti-

1933 954 2178 1008 raculum
2212 954 2339 1008 fecit
2378 953 2733 1018 frumentum,
2765 960 2820 1006 ct
2848 950 2952 1004 alia
2983 950 3052 1005 de
3078 960 3220 1006 terra
3251 950 3531 1006 nascentia

1933 1044 1999 1099 ad
2033 1045 2353 1100 alimentum
2385 1045 2662 1100 hominum
2706 1044 2824 1100 sine
2866 1041 3074 1097 cultore
3111 1051 3165 1098 et
3196 1044 3528 1108 seminibus;

1934 1138 2039 1205 ita,
2091 1138 2211 1192 sine
2256 1139 2493 1192 humana
2534 1136 2781 1191 doctrina
2826 1135 3149 1191 mirabiliter
3191 1135 3320 1191 fecit
3362 1136 3533 1191 corda

1934 1229 2340 1299 prophetarum,
2369 1238 2426 1284 et
2465 1227 2858 1297 apostolorum,
2891 1242 2992 1282 nec
3022 1241 3127 1282 non
3157 1235 3212 1281 et
3255 1227 3534 1298 evangeli-

1933 1326 2164 1384 starum,
2208 1318 2435 1373 fecunda
2482 1318 2576 1350 "'9
2624 1316 2956 1372 salutaribus
3003 1316 3340 1372 seminibus:
3387 1316 3535 1372 unde

1937 1408 2240 1477 accipimus
2262 1407 2526 1477 quidquid
2558 1406 2851 1463 salubriter
2877 1407 2931 1461 in
2963 1406 3297 1474 agricultura
3332 1405 3426 1460 Dei
3465 1406 3536 1460 ad

1936 1499 2252 1554 alimentum
2284 1501 2589 1553 animarum
2614 1496 2948 1553 seminamus
2977 1496 3106 1562 "3°;
3135 1496 3278 1552 sicut
3308 1496 3536 1552 nonnisi

1937 1591 2003 1647 de
2026 1591 2216 1661 primis
2242 1599 2403 1645 terra
2427 1590 2726 1645 seminibus
2768 1586 3053 1655 habemus,
3086 1588 3229 1658 quod
3267 1589 3334 1643 ad
3362 1588 3541 1643 nutri-

1869 1679 1910 1738 Β
1938 1689 2179 1735 mentum
2252 1692 2542 1749 corporum
2609 1692 2991 1749 propagamus.
3056 1675 3338 1748 Siquidem
3400 1675 3540 1732 nihil

1937 1770 2144 1826 utiliter
2165 1770 2257 1803 ³⁷⁸¹
2281 1770 2348 1826 ad
2369 1769 2598 1826 salutem
2619 1769 2954 1839 spiritualem
2981 1769 3360 1839 praedicamus,
3386 1770 3535 1838 quod

1939 1875 2096 1916 sacra
2126 1858 2410 1929 Scriptura
2460 1857 2698 1929 Spiritus
2726 1857 2903 1913 sancti
2950 1857 3215 1912 miraculo
3246 1856 3538 1912 fecundata

1941 1964 2048 2005 non
2079 1949 2385 2021 protulerit,
2415 1957 2513 2003 aut
2536 1948 2681 2004 intra
2708 1963 2770 2005 se
2801 1963 2910 2004 non
2956 1947 3252 2003 contineat.
3301 1946 3459 2015 Nam,
3488 1945 3541 2002 si

1940 2042 2071 2113 quid
2100 2043 2311 2096 ratione
2335 2040 2583 2097 dicamus
2608 2040 2922 2110 aliquando,
2950 2039 3174 2109 qqu-in
3212 2039 3373 2093 dictis
3415 2037 3541 2107 ejus

1943 2141 2129 2203 aperte
2177 2140 2483 2188 monstrare
2526 2140 2621 2186 aut
2665 2146 2732 2186 ex
2780 2130 2911 2202 ipsis
2950 2131 3180 2202 probare
3227 2130 3541 2200 nequimus,

1946 2226 2052 2281 hoc
2079 2225 2240 2280 modo
2265 2238 2363 2295 per
2389 2223 2533 2278 illam
2557 2224 2935 2295 cognoscimus
2961 2232 3141 2277 utrum
3166 2223 3237 2277 sit
3265 2222 3540 2292 accipien-

1943 2317 2069 2372 dum
2099 2330 2193 2371 aut
2218 2318 2604 2386 respuendum.
2649 2314 2710 2371 Si
2738 2316 2883 2370 enim
2917 2323 3105 2384 aperta
3138 2314 3350 2370 ratione
3376 2314 3541 2370 colli-

1943 2408 2107 2481 gitur,
2135 2416 2190 2463 et
2235 2407 2326 2462 illa
2351 2421 2416 2461 ex
2461 2406 2607 2461 nulla
2654 2416 2811 2477 parte
2858 2406 3193 2463 contradicit
3232 2406 3359 2472 '7“;
3407 2421 3544 2476 quo-

1944 2500 2090 2554 niam
2138 2500 2255 2570 ipsa
2284 2501 2427 2556 sicut
2477 2499 2605 2556 nulli
2649 2499 2968 2555 adversatur
3000 2500 3238 2566 veritati,
3285 2500 3360 2555 ita
3407 2500 3544 2554 nulli

1946 2590 2093 2644 favet
2123 2589 2341 2645 falsitati
2370 2608 2382 2643 :
2410 2589 2515 2646 hoc
2540 2590 2657 2662 ipso
2680 2590 2806 2661 quia
2832 2604 2938 2644 non
2971 2597 3135 2658 negat
3159 2590 3302 2661 quod
3333 2590 3547 2644 ratione

1946 2680 2163 2746 dicitur,
2191 2681 2309 2751 ejus
2334 2681 2661 2735 auctoritate
2683 2680 2997 2750 suscipitur.
3023 2680 3114 2745 At,
3144 2681 3187 2736 si
3212 2681 3324 2751 ipsa
3354 2688 3548 2737 nostro

1948 2772 2128 2828 sensui
2172 2772 2542 2829 indubitanter
2581 2780 2874 2844 repugnat;
2915 2772 3166 2842 quamvis
3208 2773 3363 2828 nobis
3401 2772 3547 2827 ratio

1949 2871 2135 2918 nostra
2188 2864 2439 2919 videatur
2491 2864 2926 2935 inexpugnabilis
2978 2864 3103 2930 ⁸⁷³³,
3164 2863 3308 2920 nulla
3357 2873 3548 2920 tamen

1949 2956 2183 3009 veritate
2209 2954 2385 3010 fulciri
2417 2955 2686 3011 credenda
2729 2963 2835 3011 est.
2869 2953 2961 3010 Sic
2998 2955 3182 3025 itaque
3208 2970 3365 3012 sacra
3396 2954 3550 3011 Scri-

1879 3032 1923 3093 C
1955 3053 2112 3115 ptura
2154 3046 2335 3103 omnis
2365 3047 2634 3113 veritatis,
2663 3060 2826 3116 quam
2873 3046 3014 3101 ratio
3050 3005 3274 3117 cdlligit,
3305 3047 3546 3100 auctori-

1954 3142 2121 3190 tatem
2153 3136 2414 3202 continet,
2460 3150 2586 3190 curn
2631 3134 2778 3189 illam
2809 3143 2903 3190 aut
2935 3144 3121 3204 aperte
3162 3134 3425 3200 afﬁrmat,
3452 3144 3553 3190 aut

1956 3225 2264 3280 nullatenus
2291 3234 2474 3296 negat.
2502 3223 2792 3281 Videamus
2840 3240 2985 3280 nunc
3027 3227 3078 3280 in
3106 3225 3369 3297 exemplis
3409 3241 3549 3296 quo-

1955 3316 2116 3372 modo
2142 3318 2366 3373 verbum
2397 3318 2471 3373 sit
2498 3332 2707 3373 semen.
2754 3317 2888 3374 Cum
2938 3317 3163 3372 audiunt
3186 3317 3382 3389 quibus
3413 3317 3553 3372 dici-

1956 3417 2046 3465 tur
2061 3408 2195 3462 "“:
2246 3408 2309 3465 Si
2340 3409 2621 3472 volueritis,
2677 3419 2723 3463 et
2763 3409 3037 3464 audieritis
3068 3425 3147 3463 me
3193 3407 3327 3479 (ιω.
3359 3424 3398 3474 ι,
3436 3408 3553 3479 l9),

1956 3499 2267 3571 intelligunt
2294 3508 2349 3555 et
2376 3499 2619 3571 cogitant
2662 3500 2809 3570 quod
2835 3499 3036 3555 dicitur
3070 3498 3204 3555 velle
3240 3508 3296 3555 et
3340 3500 3552 3566 audire,

1956 3593 2063 3649 hoc
2091 3600 2178 3648 est
2201 3591 2426 3647 obedire
2450 3605 2466 3645 :
2493 3592 2587 3662 qui
2632 3592 2779 3646 enim
2813 3592 2964 3647 audit
2987 3600 3045 3648 et
3082 3607 3188 3646 non
3214 3592 3420 3656 obedit,
3463 3592 3546 3647 di-

1956 3684 2102 3741 citur
2127 3700 2233 3739 non
2266 3683 2473 3738 audire.
2503 3684 2611 3739 Sed
2632 3682 2856 3739 obedire
2883 3693 3178 3753 nequeunt,
3216 3682 3322 3738 nisi
3347 3682 3553 3750 velint;

1956 3774 2095 3831 velle
2139 3784 2319 3831 autem
2367 3774 2617 3839 obedire,
2661 3783 2746 3831 est
2795 3782 2943 3830 recte
2993 3773 3171 3829 velle:
3221 3781 3372 3830 recte
3418 3787 3554 3828 vero

1958 3862 2099 3921 velle
2129 3878 2290 3919 nemo
2325 3871 2525 3933 potest,
2561 3863 2663 3918 nisi
2706 3862 2903 3918 habeat
2948 3861 3325 3917 rectitudinem
3360 3860 3557 3916 volun-

1958 3957 2109 4024 tatis,
2141 3971 2303 4026 quam
2347 3955 2525 4011 nullus
2574 3956 2737 4011 habet
2782 3955 2964 4020 homo,
3013 3955 3114 4010 nisi
3161 3969 3258 4025 per
3300 3954 3554 4025 gratiam.

1959 4038 2179 4105 Verum
2209 4044 2481 4101 rectitudo
2521 4045 2734 4102 volendi
2779 4044 2984 4115 aliquid
3032 4045 3163 4100 nulli
3212 4044 3391 4110 datur,
3447 4045 3555 4101 nisi

1959 4140 2282 4214 intelligenti
2311 4138 2468 4204 velle,
2507 4147 2564 4194 et
2591 4137 2734 4208 quod
2765 4137 2905 4193 velle
2939 4138 3117 4193 debet.
3152 4140 3411 4195 Videmus
3450 4139 3553 4192 ita-

1959 4249 2066 4305 que
2117 4230 2264 4303 quod
2311 4231 2516 4287 dictum
2578 4236 2661 4284 est
2710 4246 2726 4283 :
2771 4226 2834 4285 Si
2864 4228 3129 4284 volueritis
3175 4240 3224 4284 et
3279 4230 3557 4285 audieritis

1959 4340 2061 4389 me,
2086 4337 2270 4379 semen
2319 4334 2443 4376 esse
2484 4318 2578 4352 ³⁷³⁸
2614 4332 2952 4389 nequaquam
2979 4333 3075 4389 per
3127 4334 3187 4375 se
3217 4320 3284 4373 ad
3317 4320 3557 4389 aliquem

275 4383 631 4483 ‘3"‘U'i__50d_
657 4384 798 4453 (1ηοά
828 4382 1137 4483 φίίξξἮωΓι
1182 4385 1353 4483 ενειιξει
1382 4396 1482 4442 εει·
1516 4386 1856 4462 Quapropter
1890 4418 1936 4477 υ
1964 4382 2199 4468 lructum
2286 4412 2599 4483 germinans
2692 4382 2826 4465 sine—
2891 4382 3193 4478 adjectione
3272 4382 3560 4466 rectitudi-

274 4486 328 4530 et
354 4476 671 4545 przedicatio
716 4478 889 4547 gratia
932 4477 1025 4509 ⁸⁷⁸⁷
1067 4486 1181 4544 est;
1226 4480 1349 4549 quia
1383 4482 1558 4550 gratia
1601 4492 1684 4540 est
1713 4488 1854 4557 quod

276 4566 553 4622 descendit
581 4582 650 4622 ex
697 4568 889 4638 gratia,
922 4576 976 4623 et
1007 4568 1223 4625 auditus
1253 4579 1337 4626 est
1379 4574 1574 4642 gratia,
1620 4584 1675 4629 et
1705 4576 1857 4632 intel-

276 4658 447 4714 lectus
488 4674 556 4715 ex
587 4659 772 4714 auditu
815 4661 1009 4731 gratia,
1049 4670 1103 4715 et
1126 4662 1391 4718 rectitudo
1432 4664 1642 4722 voleudi
1686 4670 1858 4740 gratia

273 4761 380 4807 est.
415 4749 612 4806 Verum
644 4750 852 4816 missio,
901 4754 1234 4823 praedicatio,
1266 4758 1500 4821 auditus.
1556 4761 1861 4819 intellectus

277 4851 411 4907 nihil
454 4862 600 4921 sunt,
633 4853 734 4909 nisi
766 4854 1013 4911 voluntas
1037 4856 1163 4912 velit
1198 4860 1341 4927 quod
1382 4876 1535 4916 mens
1572 4863 1859 4937 intelligit:

1965 4507 2085 4571 nis;
2146 4520 2247 4561 nec
2288 4505 2458 4575 ipsam
2505 4501 2885 4559 rectitudinem
2950 4502 3105 4566 dari.
3164 4503 3266 4557 nisi
3325 4502 3555 4558 semini-

1967 4598 2086 4652 bus.
2120 4594 2381 4651 Similiter
2407 4608 2529 4649 cum
2560 4593 2691 4648 dicit
2734 4591 2916 4647 Deus:
2949 4590 3325 4646 Convertintini
3372 4595 3442 4644 ad
3472 4608 3556 4645 me

1970 4685 2107 4758 (Ira.
2154 4702 2279 4751 va,
2311 4685 2410 4751 22;
2459 4684 2579 4739 Joel
2610 4700 2670 4750 tr,
2702 4682 2798 4747 l2;
2852 4681 3016 4738 Zach.
3062 4699 3099 4746 ι.
3132 4682 3210 4753 5),
3246 4696 3430 4738 semen
3475 4691 3562 4737 est

1970 4780 2087 4833 sine
2147 4776 2409 4850 germine,
2466 4774 2706 4847 quandiu
2760 4776 2995 4832 hominis
3055 4774 3388 4830 voluntatem
3446 4788 3557 4829 non

1972 4870 2235 4925 convertit
2287 4868 2426 4924 Deus
2466 4869 2530 4922 ad
2577 4867 2861 4923 volentium
2913 4866 3342 4931 conversionem,
3392 4880 3560 4935 quam

1567 4995 1797 5055 VARl/E
1834 5000 2244 5060 LECTIONES.

354 5103 446 5139 ³⁷¹²
474 5106 611 5174 Quia
644 5106 1047 5179 curghominem
1082 5124 1208 5164 mss.
1243 5110 1507 5179 quaeritur
1557 5129 1656 5168 cur
1702 5114 1977 5169 hominem
2057 5116 2150 5147 ³⁷η
2182 5114 2273 5168 llla
2301 5128 2448 5169 vero.
2478 5151 2493 5167 .
2529 5113 2835 5167 necessaria
2863 5130 2989 5168 mss.
3039 5113 3179 5167 Vict.
3218 5113 3335 5165 illas
3364 5126 3514 5167 vero.
3544 5151 3563 5166 .

281 5178 601 5232 necessariae
677 5177 771 5209 ³⁷¹⁸
821 5177 1020 5232 Semen
1052 5185 1202 5233 recte
1235 5177 1445 5234 volendi
1475 5181 1676 5239 dicitur
1710 5201 1833 5238 mss.
1877 5184 2015 5238 Vict.
2047 5198 2093 5238 et
2119 5183 2307 5238 Cister.
2362 5199 2547 5238 semen
2610 5194 2694 5239 est
2745 5193 2891 5239 recte
2950 5184 3190 5237 volcndi.
3267 5183 3363 5213 ³⁷¹⁸
3387 5181 3565 5238 Nemo

280 5263 409 5329 ergo
436 5258 585 5304 recte
622 5256 801 5329 potest
820 5248 929 5329 hoc
952 5264 1077 5329 mss.
1113 5262 1273 5329 nemo
1296 5264 1424 5318 ergo
1445 5255 1749 5329 potesthoc
1824 5254 1921 5329 '1’?
1948 5254 2233 5329 Quomodo
2280 5254 2629 5329 invoralzunt.
2662 5294 2675 5307 .
2705 5253 3383 5329 quomodqaudientmss.
3418 5250 3568 5319 Quo-

283 5319 444 5372 modo
469 5332 599 5386 ergo
625 5318 906 5374 invocabo.
940 5359 952 5371 .
986 5318 1266 5385 Quomodo
1305 5318 1486 5375 autem
1541 5325 1762 5380 audient
1837 5326 1930 5359 "*7

282 5387 483 5460 dicati_o
529 5397 612 5460 est
668 5389 842 5460 gratia
915 5389 1011 5460 7"”
1050 5390 1147 5445 Est

2008 5325 2330 5379 Prrcdicatio
2382 5325 2573 5393 gratim
2623 5320 2877 5379 est-mas.
2952 5322 3090 5376 Viri.
3115 5333 3163 5376 et
3195 5320 3387 5377 Cister.
3422 5337 3567 5391 prte-

1200 5391 1545 5464 przedicantis
1596 5412 1723 5450 mss.
1758 5405 1845 5451 est
1888 5410 2074 5450 semen
2114 5391 2462 5463 praedicantis
2537 5395 2631 5427 ³⁷⁸³
2672 5396 2739 5449 Et
2780 5393 3273 5464 Evattgelislarum“
3308 5393 3567 5464 iracunda

282 5473 409 5511 mas.
433 5457 501 5511 Et
552 5457 843 5526 Evangelia
906 5459 1155 5514 fmrunda
1204 5457 1322 5492 “³⁷³⁰
1352 5461 1669 5519 Animarum
1724 5480 2007 5521 servamus
2052 5457 2178 5519 mss.
2233 5467 2538 5518 animarum
2595 5457 2962 5519 seminamus'
3002 5464 3095 5494 ³²³³
3132 5462 3279 5516 t\ihi|
3311 5461 3442 5515 utile
3494 5462 3569 5517 ad

279 5543 413 5604 mss.
439 5527 573 5580 nihil
599 5527 900 5604 _u_t_i_liter‘_agl
936 5599 945 5604 Δ
976 5531 1069 5561 ⁸⁷³⁸
1097 5531 1161 5585 Et
1190 5530 1386 5604 illiex.
1426 5571 1448 5604 Α.
1482 5537 1877 5591 contradicitur
1927 5552 2055 5591 mss.
2086 5547 2142 5592 et
2167 5536 2253 5589 illa
2305 5550 2394 5589 ex.
2433 5575 2445 5587 .
2477 5534 2803 5589 contradicit
2877 5534 2973 5565 ³⁷³³
3010 5532 3394 5604 impugnabilis
3431 5548 3565 5585 mss.

286 5597 721 5665 inexpugnabilis
796 5597 891 5629 ‘7“
921 5599 1027 5654 Aut
1051 5603 1323 5670 quomodo
1347 5602 1540 5673 quibus
1570 5606 1768 5661 dicitur
1804 5624 1926 5661 mss.
1963 5622 2084 5662 cum
2128 5607 2357 5663 audiunt
2393 5605 2591 5675 quibus
2621 5604 2817 5661 dicitur
2891 5604 2985 5637 ³⁷³⁵
3017 5597 3106 5659 me
3133 5597 3340 5660 z'modo
3368 5614 3569 5659 seuten

287 5681 409 5725 esse
424 5682 548 5722 mss.
581 5681 666 5723 me
698 5684 710 5721 ζ
747 5682 930 5723 semen
954 5684 1074 5726 esse
