3940 6046
386 292 492 348 5‘29

1213 289 1302 344 DE
1340 289 1680 346 CONCORD.
1725 287 1994 344 PILESC.
2041 285 2150 342 DEI
2185 285 2326 342 CUM
2369 285 2498 340 LIB.
2541 283 2826 338 AliBlTlt.

3565 281 3670 334 550

387 411 608 480 cogitat,
653 423 778 462 cum
823 410 992 473 audit,
1029 411 1408 476 convertimini,
1454 410 1570 464 sine
1609 427 1716 480 quo
1762 412 1968 466 semine
1999 418 2043 476 Α
2071 419 2382 479 peccatum;
2410 408 2666 479 quoniam
2689 407 2892 477 pariter
2916 403 3194 460 descendit
3217 417 3246 456 a
3271 405 3511 472 peccato.
3545 395 3676 450 Pos—

387 497 568 552 nullus
615 505 796 566 potest
825 497 964 552 velle
1012 501 1276 552 converti.
1311 500 1518 554 Dicitur
1545 502 1707 555 etiam
1753 517 1980 556 conver-

385 587 480 652 sis,
515 587 918 640 convertimini?
941 596 1032 641 aut
1061 598 1120 642 ut
1145 589 1317 660 magis
1347 601 1748 660 convertantur,
1797 601 1892 646 aut
1919 599 1977 646 ut

379 687 598 732 servent
630 675 724 712 ³⁷³⁸
767 677 912 747 quod
960 679 1208 736 conversi
1239 689 1382 734 sunt.
1417 679 1518 746 Qui
1571 697 1700 736 vero
1749 684 1970 738 dicunt:

379 767 631 823 Converte
661 785 779 836 nos,
830 769 966 824 Deus
1011 769 1184 839 (Psal.
1217 787 1438 834 Lxxxw,
1470 772 1544 837 5),
1573 773 1687 842 jam
1713 773 1976 842 aliquate-

377 874 482 914 nus
521 862 768 916 conversi
795 869 950 926 sunt;
985 861 1112 930 quia
1141 870 1346 917 rectam
1383 863 1714 918 voluntatem
1745 864 1966 932 habent,

377 965 500 1004 cum
544 951 728 1006 volent
770 953 1042 1018 converti;
1093 955 1188 1008 sed
1240 961 1398 1008 orant
1436 970 1533 1023 per
1565 957 1666 1012 hoc
1711 957 1802 988 ³⁷³⁷
1831 958 1974 1026 quod

375 1039 485 1110 iam
517 1044 852 1112 acceperint,
895 1053 954 1098 ut
999 1055 1266 1116 augeatur
1303 1061 1490 1100 eorum
1539 1049 1823 1104 conversio
1855 1049 1969 1113 ³⁷³⁸,

378 1135 522 1188 sicut
579 1133 652 1187 illi
705 1136 796 1204 qui
851 1135 1155 1200 credentes,
1199 1135 1344 1206 Auge
1395 1137 1541 1190 nobis
1600 1139 1756 1206 ﬁdem
1817 1138 1966 1208 (Luc.

377 1232 514 1294 xvn,
544 1228 600 1298 5)
644 1229 915 1284 dixerunt.
955 1230 1030 1284 Ac
1075 1230 1120 1284 si
1174 1231 1416 1285 dicerent
1445 1231 1518 1285 illi
1563 1241 1616 1286 et
1661 1233 1790 1287 isti;
1823 1235 1972 1304 Auge

381 1317 434 1372 in
459 1319 618 1373 nobis
661 1320 802 1389 quod
835 1321 1058 1384 dedisti;
1109 1321 1310 1388 perﬁce
1355 1321 1498 1390 quod
1529 1323 1766 1392 cwpisti.
1815 1323 1969 1390 Quod

379 1405 447 1460 de
479 1406 560 1460 his
589 1407 825 1470 ostendi,
863 1407 1134 1464 similibus
1179 1425 1396 1480 quoque
1429 1410 1832 1481 intelligendum
1863 1422 1964 1466 est.

381 1495 540 1552 Sicut
583 1499 748 1570 igitur
777 1507 922 1554 terra
953 1515 1056 1554 non
1108 1501 1376 1568 germinat
1407 1503 1729 1558 naturaliter
1759 1519 1820 1557 ea
1849 1519 1968 1572 qua:

379 1589 618 1644 maxime
649 1591 957 1645 necessaria
1006 1601 1130 1646 sunt
1175 1591 1334 1646 saluti
1377 1594 1622 1662 corporis
1654 1595 1822 1650 nostri
1851 1595 1968 1650 sine

379 1682 698 1747 seminibus,
725 1691 778 1736 ct
803 1683 928 1764 licet
963 1683 1104 1738 Deus
1141 1700 1246 1740 non
1275 1685 1363 1739 det
1392 1685 1786 1742 incrementum
1819 1690 1964 1743 omni

2083 517 2272 555 sumus
2302 501 2466 556 etiam
2521 499 2914 554 rationabiliter
2967 511 3212 552 asserere
3266 494 3392 563 quia
3442 491 3584 560 quod
3647 507 3674 543 a

2081 593 2254 662 prima
2292 593 2616 648 conditionis
2645 594 2894 646 humanae
2917 589 3202 659 dignitate,
3241 601 3304 642 ac
3331 582 3672 641 fortitudine.

2083 693 2247 754 atque
2271 684 2698 754 pulchritudine,
2727 685 2992 736 minurata
3017 690 3074 736 et
3118 687 3377 748 corrupta
3433 683 3538 739 est,
3601 671 3674 725 illi

2079 774 2144 829 ad
2177 775 2389 844 culpam
2423 778 2738 844 imputatur.
2783 775 2883 830 Per
2929 775 3030 830 hoc
3081 786 3312 841 namque
3361 761 3678 830 minoravit,

2077 874 2339 934 quantum
2367 868 2416 956 in
2443 869 2556 936 ipsa
2583 867 2700 931 fuit,
2727 867 2986 920 honorem
3035 875 3094 920 et
3139 863 3352 944 laudem
3401 861 3494 916 Dei
3557 859 3672 906 8"“.

2077 957 2288 1027 Quippe
2347 953 2644 1012 secundum
2697 958 3014 1028 dignitatem
3073 957 3252 1026 operis
3329 953 3579 1006 laudatur
3617 955 3663 1002 et

2077 1047 2409 1117 praedicatur
2462 1049 2728 1120 sapientia
2775 1049 3001 1104 artiﬁcis
3051 1049 3166 1102 ³⁷³⁸.
3227 1049 3438 1114 Quanto
3509 1043 3670 1112 igitur

2074 1149 2264 1192 natura
2307 1140 2540 1194 humana
2573 1142 2868 1211 pretiosum
2901 1157 3038 1212 Opus
3069 1141 3182 1206 Dei,
3233 1140 3374 1194 unde
3417 1139 3528 1206 ipso
3555 1135 3668 1206 glo-

2073 1227 2362 1284 riﬁeandus
2400 1239 2534 1294 erat,
2562 1229 2614 1284 in
2643 1245 2702 1286 se
2731 1231 3200 1298 minoravitatque
3225 1227 3478 1288 fmdavit;
3516 1233 3666 1278 tanto

2073 1337 2166 1376 sua
2191 1322 2348 1390 culpa
2383 1320 2554 1376 Deum
2581 1321 2963 1376 exhonoravit.
2995 1321 3148 1390 Quod
3208 1320 3282 1374 illi
3343 1321 3410 1374 ad
3457 1326 3666 1372 tantum

2071 1413 2326 1467 statuitur
2353 1397 2632 1482 peccatum
2659 1411 2773 1476 ’7'“,
2801 1421 2858 1466 ut
2892 1427 2996 1466 non
3019 1411 3122 1467 nisi
3155 1426 3249 1482 per
3297 1419 3522 1464 mortem
3569 1405 3666 1462 Dei

2072 1505 2334 1560 deleatur.
2361 1503 2638 1573 Siquidem
2667 1505 2812 1574 ipsos
2837 1515 3034 1570 motus,
3069 1505 3184 1560 sive
3227 1504 3512 1574 appetitus,
3541 1501 3665 1568 qui-

2069 1596 2173 1651 bus
2198 1605 2420 1666 propter
2466 1605 2746 1664 peccatum
2795 1597 2946 1662 Atla},
2997 1597 3136 1652 sicut
3183 1597 3338 1652 bruta
3387 1593 3663 1658 animalia,

2072 1685 2414 1754 sultjacemus
2438 1687 2596 1756 (quos
2621 1687 2910 1756 Apostolus
2934 1697 3091 1742 vocat
3120 1701 3342 1742 carnem
3388 1693 3441 1740 et
3470 1699 3667 1738 concu-

381 1773 598 1838 semini,
627 1790 730 1828 non
761 1759 940 1829 tamen
977 1787 1192 1830 cessant
1221 1777 1470 1846 agricola:
1501 1779 1670 1834 nostri
1703 1781 1970 1836 seminare
2005 1759 2044 1817 Β
2075 1778 2390 1848 pisccntiam
2419 1777 2534 1844 '7'",
2565 1795 2726 1848 quam
2757 1779 2980 1833 invitum
3002 1793 3061 1834 se
3086 1779 3316 1834 tolerare
3337 1775 3665 1838 manifestat,

380 1867 436 1918 in
467 1879 562 1934 spe
607 1867 798 1922 messis
829 1867 1199 1936 aliquantulm;
1235 1868 1306 1920 ita
1338 1877 1478 1923 terra
1525 1869 1702 1924 cordis
1747 1870 1970 1924 humani

379 1967 486 2007 non
526 1955 730 2023 profert
771 1955 1002 2010 fructmn
1053 1955 1172 2011 ﬁdei
1221 1966 1276 2011 et
1313 1955 1532 2023 iustitiae
1563 1958 1682 2013 sine
1710 1959 1968 2030 congruis

379 2043 712 2102 seminibus:
761 2055 818 2100 et
845 2045 1092 2114 quamvis
1137 2047 1276 2102 Deus
1307 2062 1412 2100 non
1449 2047 1616 2102 faciat
1645 2059 1842 2102 cuncta
1873 2049 1970 2102 hu-

375 2133 612 2202 iusmodi
644 2137 850 2190 semina
879 2137 1208 2206 germinare,
1240 2145 1416 2191 tamen
1450 2138 1696 2207 praecipit
1719 2138 1972 2207 agricolis

379 2224 494 2279 suis
537 2225 590 2278 in
631 2241 728 2294 spe
775 2226 1166 2282 instantissime
1209 2227 1432 2282 verbum
1469 2244 1624 2282 suum
1675 2229 1966 2284 seminare.

381 2314 750 2380 Ostendimus,
803 2325 860 2370 ut
911 2325 1064 2385 puto.
1113 2319 1386 2385 quomodo
1435 2333 1542 2372 nou
1595 2319 1666 2372 sit
1715 2335 1972 2388 superva-

379 2421 608 2462 caneum
661 2407 908 2464 homines
955 2409 1022 2463 ad
1055 2409 1212 2464 ﬁdem
1265 2409 1492 2476 Christi,
1537 2421 1591 2466 et
1619 2413 1684 2465 ad
1733 2429 1794 2466 ea
1851 2429 1970 2481 quae

381 2496 513 2552 fides
547 2497 662 2552 haec
706 2499 870 2569 exigit
915 2499 1008 2530 ³⁷³9
1041 2501 1291 2566 invitare,
1331 2503 1584 2572 quamvis
1629 2519 1733 2558 non
1781 2519 1972 2560 omnes

381 2589 521 2643 hanc
543 2589 917 2646 invitationem
943 2592 1263 2662 suscipiant.

381 2701 509 2780 Car.
546 2701 798 2780 _\'lI_[al._
835 2703 1018 2776 XVII].
1077 2736 1146 2745 —
1186 2705 1507 2780 Quodijuste
1551 2720 1850 2778 arguantur
1879 2713 1970 2780 qui

453 2773 658 2826 inritati
681 2773 698 2776 ἡ
723 2773 1100 2848 reluctantur;
1145 2773 1379 2846 quamvis
1432 2781 1578 2848 sequi
1615 2773 1970 2835 invitation-em

456 2853 710 2912 nequeant
740 2844 935 2914 absque
962 2847 1156 2915 gratia.

453 2957 570 3011 Dixi
600 2957 762 3013 etiam
790 2973 948 3028 posse
982 2959 1149 3028 quteri
1177 2975 1272 3016 cur
1304 2969 1602 3032 arguantur
1641 2963 1735 2995 ³⁷⁸⁰
1775 2963 1848 3017 illi
1879 2963 1967 3034 qui

379 3049 602 3104 verbum
629 3051 720 3105 Dei
747 3067 850 3105 non
874 3052 1192 3121 suscipiunt,
1218 3067 1340 3107 cum
1366 3055 1467 3108 hoc
1495 3054 1672 3110 facere
1697 3063 1970 3126 nequeant

381 3140 483 3195 nisi
521 3143 694 3212 gratia
739 3157 928 3197 eorum
970 3143 1274 3198 voluntates
1307 3145 1603 3212 ,dirigente.
1649 3146 1790 3200 Dicit
1820 3147 1965 3201 enim

384 3231 538 3301 131
569 3231 833 3288 Dominus
859 3235 925 3288 de
957 3231 1162 3303 Spiritu
1204 3243 1393 3289 sancto
1426 3249 1440 3288 :
1476 3235 1576 3288 Ille
1607 3246 1787 3306 arguet
1815 3251 1970 3288 mun-

379 3321 504 3376 dum
529 3323 592 3378 de
619 3334 849 3391 peccato,
878 3327 1002 3396 quia
1027 3341 1130 3378 non
1175 3327 1506 3380 crediderunt
1557 3327 1610 3380 in
1657 3343 1738 3380 me
1786 3325 1967 3398 (Joun.

384 3419 492 3476 xvi,
515 3409 570 3482 8)
601 3415 712 3470 πει.
736 3415 815 3471 Ad
851 3417 992 3486 quod
1013 3415 1137 3472 licet
1168 3417 1390 3472 forsitan
1422 3417 1635 3474 difﬁcile
1655 3419 1728 3473 sit
1753 3433 1970 3488 respon-

379 3505 539 3568 dere;
567 3505 712 3572 quod
751 3513 932 3560 tamen
965 3507 1074 3560 Deo
1122 3505 1284 3561 dante
1339 3521 1582 3576 possum,
1639 3520 1819 3564 tacere
1862 3523 1972 3564 non

379 3593 568 3650 debeo.
595 3594 900 3652 Notandum
928 3607 1010 3653 est
1041 3599 1166 3668 quia
1201 3599 1516 3670 impotentia
1541 3617 1662 3672 quat
1693 3603 1972 3658 descendit

379 3701 445 3740 ex
483 3686 636 3757 culpa
659 3705 762 3743 non
798 3699 1022 3745 excusat
1070 3690 1437 3761 impotentem,
1486 3693 1640 3764 culpa
1695 3703 1966 3750 manente.

383 3776 534 3832 Unde
558 3779 612 3832 in
637 3779 952 3844 infantibus,
989 3781 1040 3836 in
1069 3781 1266 3851 quibus
1295 3785 1464 3854 exigit
1505 3786 1648 3841 Deus
1688 3803 1718 3840 a
1779 3797 1969 3842 natura

382 3869 618 3924 lmmana
663 3871 954 3940 justitiam,
985 3891 1152 3944 quam
1199 3879 1409 3948 accepit
1439 3878 1492 3932 in
1518 3879 1708 3948 primis
1731 3881 1971 3950 parenti-

379 3959 478 4014 bus
503 3977 627 4016 cum
651 3971 918 4032 potestate
947 3967 1198 4020 servandi
1231 3966 1378 4021 illam
1415 3968 1470 4022 in
1499 3984 1716 4024 omnem
1763 3971 1968 4041 prolem

379 4065 555 4118 suam,
583 4067 690 4108 non
713 4065 942 4110 excusat
994 4071 1120 4111 eam
1171 4057 1485 4129 impotentia
1537 4059 1768 4114 habendi
1811 4060 1974 4130 justi-

381 4141 544 4210 tiam;
571 4145 826 4214 quoniam
853 4157 1074 4218 propter
1108 4149 1321 4220 culpam
1346 4151 1398 4205 in
1435 4153 1574 4208 hanc
1603 4154 1810 4208 corruit
1871 4154 1971 4208 im-

379 4238 674 4306 potentiam
708 4257 720 4292 :
755 4239 857 4294 hoc
883 4240 1056 4308 ipsum
1085 4255 1332 4310 namque,
1355 4243 1479 4312 quia
1504 4259 1606 4298 non
1637 4244 1799 4300 habet
1825 4245 1967 4315 quod

379 4340 478 4396 per
505 4342 563 4382 se
593 4343 868 4383 resumere
899 4331 1102 4398 nequit,
1130 4339 1212 4386 est
1235 4331 1308 4386 illi
1333 4332 1566 4388 habendi
1587 4333 1678 4366 ³⁷³³
1704 4335 1970 4401 impoten-

2021 3105 2040 3124 ,
2071 3053 2348 3107 voluntate
2393 3053 2740 3106 consentiunt

1995 3117 2042 3165 υ
2075 3145 2190 3208 ³⁷³³,
2213 3145 2302 3214 qui
2335 3159 2440 3198 non
2466 3153 2594 3198 sunt
2617 3144 2670 3197 in
2725 3142 2964 3206 Christo,
3023 3143 3174 3211 sequi
3237 3117 3660 3206 damnationem,

2074 1885 2194 1924 cum
2220 1870 2350 1926 dicit
2383 1869 2572 1935 :Quod
2602 1871 2688 1923 odi
2713 1869 2844 1924 illud
2873 1871 3012 1939 facio
3041 1869 3221 1940 [Rom
3248 1885 3345 1935 vu,
3375 1867 3486 1939 15],
3511 1867 3561 1921 id
3586 1875 3668 1919 est

2074 1963 2262 2018 nolens
2289 1963 2660 2032 concupisco),
2691 1963 2824 2016 satis
2873 1963 3111 2018 ostendit
3163 1977 3317 2018 sacra
3372 1963 3666 2016 auctoritas

2073 2053 2328 2123 imputari
2349 2055 2414 2108 ad
2443 2063 2744 2124 peccatum.
2800 2053 3008 2124 Quippe
3061 2071 3184 2110 cum
3241 2055 3308 2109 de
3351 2053 3466 2108 solo
3521 2060 3664 2106 motu

2075 2144 2326 2210 irie,sine
2349 2160 2512 2214 opere
2547 2143 2646 2176 ⁸⁷³⁸
2705 2145 2789 2198 vel
2838 2160 2988 2208 voce,
3041 2144 3172 2198 dicit
3227 2144 3524 2198 Dominus:
3561 2141 3666 2205 Qui

2073 2233 2318 2288 irascitur
2345 2235 2498 2304 fratri
2523 2251 2640 2302 suo,
2680 2251 2793 2288 reus
2825 2241 2920 2288 erit
2942 2235 3148 2303 judicio
3189 2234 3403 2304 (Matth.
3435 2249 3486 2297 v,
3519 2233 3609 2300 22)
3647 2249 3660 2284 :

2073 2337 2260 2395 aperte
2291 2336 2557 2382 monstrat
2591 2326 2802 2395 culpam
2835 2341 2941 2382 non
2969 2341 3092 2382 esse
3129 2326 3326 2390 levem,
3359 2341 3520 2394 quam
3553 2333 3662 2378 tam

2073 2417 2275 2486 gravis,
2301 2416 2510 2472 scilicet
2535 2417 2750 2480 mortis,
2773 2417 3020 2484 sequitur
3049 2416 3349 2470 damnatio.
3398 2417 3476 2468 Ac
3497 2415 3542 2468 si
3575 2415 3661 2468 di-

2074 2515 2196 2562 cat:
2229 2507 2328 2572 Qui
2363 2507 2514 2572 facit,
2537 2508 2680 2576 quod
2727 2508 2890 2562 homo
2943 2521 3048 2562 non
3101 2505 3262 2560 debet
3317 2505 3514 2569 facere,
3565 2520 3664 2559 nec

2073 2598 2296 2660 faceret,
2337 2596 2380 2650 si
2409 2611 2514 2650 non
2543 2605 2850 2668 peccasset;
2903 2596 3106 2651 auferri
3138 2596 3298 2650 debet
3329 2610 3394 2650 ex
3423 2595 3656 2650 homini-

2075 2691 2190 2744 bus.
2219 2687 2282 2742 Et
2311 2703 2431 2742 cum
2463 2687 2660 2742 Paulus
2692 2689 2758 2742 de
2789 2686 2890 2742 illis
2911 2687 3003 2757 qui
3026 2701 3264 2749 carnem,
3317 2686 3367 2740 id
3405 2694 3486 2741 est
3530 2701 3660 2742 cou-

2073 2777 2451 2848 cupiscentias,
2483 2777 2722 2832 sentiunt
2749 2776 3010 2842 noleutes,
3040 2778 3116 2830 ait
3143 2795 3154 2829 :
3185 2776 3336 2830 Nihil
3364 2777 3664 2830 damnatio-

2074 2871 2152 2924 nis
2187 2879 2260 2924 est
2291 2869 2394 2936 his,
2425 2869 2514 2938 qui
2543 2878 2662 2922 sunt
2687 2868 2740 2921 in
2767 2866 2973 2922 Christo
3001 2866 3152 2934 Iesu,
3179 2869 3269 2938 qui
3323 2883 3424 2920 non
3477 2883 3663 2920 secun-

2071 2962 2196 3015 dum
2221 2977 2427 3016 carnem
2452 2959 2722 3014 ambulant
2754 2959 2929 3030 (Rom.
2975 2959 3201 3029 vnui),
3259 2960 3360 3014 hoc
3409 2967 3511 3022 est,
3555 2975 3660 3014 non

2795 3067 2808 3104 :
2857 3051 2974 3104 sine
3025 3050 3189 3106 dubio
3243 3049 3515 3119 signiﬁcat
3568 3064 3663 3104 eos

2073 3237 2288 3306 quoties
2309 3235 2554 3290 sentiunt
2575 3248 2818 3300 carnem,
2865 3234 3028 3289 etiam
3059 3233 3102 3288 si
3135 3249 3240 3288 non
3270 3235 3562 3288 secundum
3594 3233 3662 3286 il-

2073 3326 2180 3382 lam
2201 3326 2497 3381 ambulant.
2532 3325 2799 3392 Quoniam
2823 3324 2904 3380 sic
2935 3323 3108 3380 factus
3133 3333 3216 3380 est
3246 3324 3427 3392 homo,
3458 3333 3516 3379 ut
3537 3340 3658 3380 eam

2071 3417 2278 3474 sentire
2300 3417 2414 3482 ³⁷⁵⁸,
2449 3417 2590 3473 sicut
2613 3416 2678 3472 de
2717 3416 2794 3471 ira
2826 3416 2958 3482 dixi,
2997 3431 3104 3472 non
3156 3417 3414 3472 deberet..
3452 3415 3508 3470 Si
3540 3418 3660 3486 quis

2071 3511 2238 3583 igitur
2292 3526 2414 3582 quae
2450 3511 2562 3567 dixi
2610 3511 2895 3582 diligenter
2950 3511 3302 3576 considerat,
3353 3511 3660 3568 nullatenus

2072 3617 2189 3668 eos,
2225 3603 2316 3673 qui
2345 3611 2572 3674 propter
2596 3602 2808 3672 culpam
2832 3617 2984 3660 suam
3015 3604 3238 3658 verbum
3273 3602 3366 3659 Dei
3383 3604 3660 3675 suscipere

2071 3703 2366 3763 nequeunt,
2400 3703 2545 3748 recte
2571 3694 2874 3764 arguendos
2903 3693 3132 3750 dubitat.

2073 3807 2198 3879 Cap.
2239 3807 2348 3879 VIII
2389 3806 2812 3879 [αιχνιιῃέ
2847 3805 3002 3871 Quod
3030 3809 3198 3879 omnis
3229 3807 3381 3875 culpa
3409 3820 3457 3862 et
3479 3809 3659 3879 culpa-

2106 3877 2223 3930 bilis
2243 3877 2546 3947 impotentia
2570 3879 2622 3929 in
2647 3877 2842 3930 renatis
2871 3893 2963 3945 per
2985 3878 3294 3945 baptismum
3326 3877 3620 3934 deleantur.

2145 3971 2352 4038 Quibus
2380 3977 2562 4024 autem
2593 3973 2752 4024 datur
2775 3969 2950 4038 gratia
2977 3969 3098 4023 fidei
3129 3968 3473 4035 Christianae,
3509 3973 3652 4026 sicut

2069 4059 2176 4116 illis
2205 4060 2260 4114 in
2295 4057 2563 4128 baptismo
2592 4057 2887 4112 dimittitur
2905 4056 3165 4128 orginalis
3209 4055 3488 4124 iniustitia,
3533 4077 3654 4116 cum

2068 4169 2174 4224 qua
2199 4159 2496 4207 nascuntur
2521 4169 2534 4206 :
2565 4151 2638 4206 ita
2665 4149 2844 4208 omnis
2867 4149 3020 4221 culpa
3051 4149 3382 4220 impotentiae
3411 4161 3466 4206 et
3495 4153 3658 4208 totius

2067 4243 2451 4315 corruptionis,
2480 4258 2641 4313 quam
2671 4251 2891 4314 propter
2925 4252 3210 4314 peccatum
3235 4244 3392 4313 primi
3419 4247 3656 4312 parentis

2069 4340 2415 4394 incurrerunt
2471 4337 2586 4400 ³⁷⁵⁸,
2651 4345 2705 4391 et
2753 4351 2850 4406 per
2891 4351 3054 4404 quam
3103 4336 3461 4391 inhonoratur
3493 4339 3652 4402 Deus,

382 4417 486 4484 tia;
526 4419 577 4473 in
609 4435 772 4489 quam
805 4421 925 4476 ideo
950 4421 1044 4453 ³⁷³⁵³
1075 4423 1294 4490 cecidit,
1327 4425 1453 4494 quia
1480 4434 1670 4494 sponte
1728 4425 1964 4481 deseruit
1993 4459 2038 4514 υ
2067 4428 2380 4499 ignoscitur.
2409 4427 2481 4482 De
2505 4425 2650 4480 nulla
2689 4440 2922 4494 namque
2948 4424 3124 4494 culpa,
3171 4440 3290 4494 qua:
3321 4433 3445 4479 ante
3482 4427 3656 4495 bapti-

378 4511 520 4578 quod
555 4525 774 4566 servare
807 4513 996 4582 potuit.
1025 4511 1289 4580 Quoniam
1319 4530 1448 4583 ergo
1490 4517 1760 4586 peccando
1808 4518 1960 4574 dese-

383 4599 796 4668 ruit‘justitiam,
821 4601 886 4656 ad
917 4611 1194 4670 peccatum
1231 4603 1303 4658 illi
1357 4607 1647 4676 imputatur
1697 4608 1964 4677 impoten-

381 4691 477 4754 tia,
507 4705 666 4759 quam
696 4689 812 4761 ipsa
836 4693 1108 4760 peccando
1139 4693 1240 4748 sibi
1265 4693 1411 4749 fecit.
1447 4695 1562 4751 Nec
1585 4697 1754 4752 solum
1786 4699 1960 4768 impo-

381 4780 548 4834 tentia
576 4781 841 4850 justitiam
873 4783 1127 4848 babendi,
1160 4787 1252 4840 sed
1283 4786 1444 4840 etiam
1475 4787 1786 4856 impotentia
1817 4789 1961 4844 illam

379 4868 731 4941 intelligendi,
761 4871 1013 4929 similiter
1043 4873 1096 4928 in
1131 4891 1236 4930 non
1265 4877 1554 4946 baptizatis
1579 4879 1872 4950 imputatur
1896 4880 1962 4934 ad

2059 4535 2236 4576 smum
2260 4519 2314 4574 in
2337 4517 2440 4573 illis
2463 4525 2597 4582 erat,
2627 4525 2746 4586 post
2765 4515 3086 4584 baptismum
3113 4523 3438 4586 arguuntur;
3466 4533 3654 4587 quam-

2062 4610 2144 4664 vis
2170 4610 2284 4680 ipsa
2310 4607 2588 4676 corruptio
2615 4615 2670 4661 et
2705 4606 2994 4676 appetitus,
3019 4618 3138 4672 qua:
3166 4613 3290 4660 sunt
3339 4619 3496 4674 pinna
3525 4623 3650 4674 pec-

2064 4700 2193 4766 cati,
2223 4715 2330 4754 non
2367 4700 2548 4753 statim
2581 4697 2634 4751 in
2685 4697 2952 4766 baptismo
3001 4695 3282 4751 deleantur
3314 4715 3326 4750 :
3355 4714 3454 4753 nec
3485 4699 3648 4754 ullum

2067 4789 2175 4844 illis
2207 4789 2504 4856 imputatur
2570 4785 2824 4840 delictum
2859 4795 2978 4855 post
3003 4777 3352 4854 baptismum,
3383 4788 3482 4841 nisi
3507 4791 3648 4856 quod

2065 4895 2160 4936 sua
2195 4879 2468 4938 voluntate
2497 4877 2743 4934 fecerint.
2775 4877 2927 4933 Unde
2956 4887 3178 4947 apparet
3199 4879 3326 4948 quia
3349 4881 3644 4948 corruptio,

1667 5033 1900 5090 vanu;
1943 4991 2348 5090 LECTIOi‘iES.

436 5137 532 5172 m‘
565 5141 670 5194 Aut
695 5153 914 5198 servent
941 5161 1066 5198 mss.
1101 5143 1237 5199 Vict.
1293 5155 1340 5198 et
1373 5145 1560 5201 Cister.
1597 5156 1769 5200 autut
1793 5158 2010 5203 servent
2085 5149 2176 5180 ³⁷³⁷
2206 5147 2378 5203 Orant

2437 5162 2534 5216 pro
2566 5147 3033 5216 hocgmanuscript.
3075 5145 3209 5198 Vict.
3233 5153 3390 5216 orant
3417 5159 3512 5214 per
3543 5145 3646 5216 hoc

381 5207 480 5294 2:
517 5209 588 5294 l'lt
631 5222 906 5294 augeatur
961 5216 1246 5270 conversio
1313 5233 1438 5270 mss.
1487 5225 1545 5270 ut
1605 5227 1876 5294 augeatur
1919 5233 2105 5294 eorum
2156 5207 2452 5274 conversio.
2504 5217 2604 5294 f7"
2649 5215 2809 5270 Fides
2840 5207 3007 5284 exigit
3037 5207 3646 5294 !n_s_s._tideslueeexig-it

382 5279 478 5358 ξ”ο
525 5279 644 5334 Dixi
695 5279 858 5358 etiam
915 5293 1072 5358 pos_t_:
1110 5301 1280 5354 quare
1321 5295 1621 5356 arguantur
1659 5279 1782 5341 inse.
1817 5287 1933 5342 Dixi
1960 5289 2125 5343 etiam
2163 5302 2320 5358 posse
2349 5287 2514 5358 quaeri
2541 5301 2638 5340 cur
2667 5279 2981 5358 arguantur
3021 5285 3126 5358 _’"}
3159 5283 3272 5358 Non
3299 5279 3644 5358 crediderunt

383 5349 436 5422 in
477 5364 564 5404 me
585 5367 710 5422 mu.
749 5351 884 5406 Vict.
916 5349 962 5406 Et
989 5349 1176 5410 Cister.
1212 5369 1316 5410 non
1350 5349 1580 5411 credunt
1613 5359 1664 5411 in
1693 5375 1778 5413 me
1853 5359 1944 5390 ’7“
1967 5358 2080 5413 Hoc
2103 5349 2186 5413 est
2216 5359 2288 5411 illi
2319 5349 2620 5410 habendum
2653 5349 2775 5409 nisi.
2805 5367 2886 5410 est
2909 5355 2982 5408 illi
3021 5355 3252 5408 habendi
3329 5353 3422 5385 ³⁷⁸⁸
3452 5355 3506 5407 In
3536 5370 3642 5422 qua

381 5419 656 5496 idegntu.
686 5421 940 5496 inquam
969 5423 1090 5496 ideo
1165 5425 1258 5458 ³⁷⁵⁵
1307 5425 1544 5481 Laudem
1587 5427 1696 5482 Deo
1745 5445 1869 5482 mss.
1924 5429 2139 5483 laudem
2171 5427 2266 5484 Dei
2343 5425 2434 5496 ³⁷ξ³
2483 5425 2754 5496 Sapientia
2800 5425 3012 5496 opiﬁcis
3033 5441 3157 5477 mss.
3202 5423 3332 5478 Vict.
3377 5419 3642 5494 sapientia

381 5487 610 5568 artiﬁcis
685 5487 1039 5568 '“f'Statuit
1070 5503 1349 5568 peccatum
1403 5513 1526 5550 mss.
1581 5499 1838 5552 statuitur
1883 5507 2166 5568 peccatum
2236 5497 2333 5568 ,"f"
2385 5487 2589 5568 carnis
2619 5487 3130 5568 concupiscentiam
3157 5511 3293 5568 nias.
3322 5487 3540 5568 earn-em
3589 5503 3644 5548 et

381 5626 480 5660 om

385 5706 576 5753 rerum

380 5559 875 5684 roncwiscentiam
951 5563 1044 5596 ³⁷³⁸
1071 5559 1168 5620 irae
1197 5567 1310 5620 sive
1342 5579 1506 5634 opere
1551 5583 1676 5620 mss.
1731 5568 1824 5622 irtc
1849 5559 1966 5621 sine
1991 5583 2154 5648 opere
2228 5567 2320 5600 ³⁷⁵³
2353 5566 2526 5621 Dubio
2549 5565 2724 5634 signat
2751 5559 2843 5618 eos
2881 5579 3006 5617 mss.
3043 5563 3205 5620 dubio
3251 5565 3520 5635 significat
3546 5579 3641 5620 eos

381 5626 480 5660 ⁸’⁵⁹
572 5637 593 5683 ι
639 5631 803 5684 etiam
853 5633 1056 5684 senlire
1086 5651 1210 5684 mea.
1262 5643 1320 5684 ut
1363 5651 1482 5684 eam
1535 5637 1738 5684 sentire
1815 5638 1906 5670 3751
1957 5637 2122 5684 Primi
2187 5637 2418 5684 hominis
2474 5637 2813 5684 incurrerunt
2847 5649 2968 5684 mss.
2999 5634 3156 5684 nrimi
3185 5636 3426 5684 parentis
3455 5635 3639 5684 incur-

572 5637 593 5683 t
639 5631 803 5686 etiam
853 5633 1056 5690 sentire
1086 5651 1210 5690 una.
1262 5643 1320 5689 ut
1363 5631 1482 5692 eam
1535 5637 1738 5694 sentire
1815 5638 1906 5670 ³⁷⁵¹
1955 5631 2123 5693 Primi
2187 5637 2418 5694 hominis
2474 5631 2813 5691 incurrerunt
2847 5649 2968 5689 mss.
2998 5634 3156 5705 primi
3185 5631 3639 5706 parentisincur-
