3936 6048
295 285 393 342 551

831 280 887 337 S.
929 279 1228 337 ANSELMI
1265 277 1615 335 CANTUAR.
1656 276 1975 333 AllCHlEP.
2018 279 2174 336 OPP.
2213 279 2392 335 PARS
2432 279 2472 334 Ι.
2510 310 2581 320 -
2610 277 3027 337 DOGMATICA.

3457 279 3561 335 533

296 406 351 451 et
373 393 514 450 mala
540 407 659 464 qua:
685 390 899 446 fuerunt
932 403 1090 460 poena
1140 389 1365 461 peccati,
1421 398 1476 443 et
1521 396 1644 458 post
1694 387 1868 458 bapti-
1895 395 1943 452 Α
1971 379 2247 461 quod'jam
2274 406 2381 446 non
2411 391 2710 462 imputatur
2741 392 2807 447 ad
2840 400 3141 461 peccatum,
3164 392 3413 463 quamvis
3438 410 3564 449 eve-

298 503 472 543 smum
503 493 806 550 remanent,
835 499 937 539 non
966 492 1087 538 sunt
1110 498 1206 552 per
1234 497 1292 538 se
1318 489 1559 552 peccata.
1577 480 1703 537 Sola
1725 494 1876 535 nam-

299 593 404 648 que
435 574 696 647 injustitia
730 583 813 629 est
845 588 940 642 per
962 586 1021 626 se
1065 579 1380 642 peccatum;
1426 578 1483 626 et
1508 570 1600 625 illa
1628 585 1748 640 quae
1791 585 1877 626 se-

298 677 539 739 quuntur
566 664 905 734 iniustitiam.
929 672 1149 733 propter
1177 678 1397 718 causam
1449 676 1605 717 suam
1627 660 1877 732 judican-

299 771 386 814 tur
412 766 655 829 peccata,
686 756 858 810 donec
884 755 998 825 ipsa
1040 753 1365 808 remittatur.
1411 751 1542 806 Nam
1572 752 1617 807 si
1647 759 1875 821 peccata

298 860 503 919 essent,
532 852 586 905 in
615 849 885 920 baptismo
914 849 1250 914 delerentur,
1280 849 1332 902 in
1364 862 1472 916 quo
1517 848 1699 902 omnia
1757 862 1879 918 pee-

296 956 417 1002 cata
471 944 675 999 Christi
732 942 993 1012 sanguine
1041 940 1310 995 lavantur.
1368 939 1496 995 Item
1528 957 1540 992 :
1574 939 1619 993 si
1666 939 1881 1010 proprie

300 1046 522 1107 peccata
551 1037 885 1099 dicerentur,
911 1042 1094 1089 essent
1117 1034 1171 1088 in
1201 1034 1378 1088 brutis
1407 1032 1730 1087 animalibus
1755 1048 1881 1101 pec-

298 1137 441 1192 cata,
469 1124 535 1180 ad
575 1139 809 1194 quorum
839 1123 1249 1178 similitudinem
1281 1123 1370 1177 illa
1412 1129 1632 1192 propter
1658 1132 1881 1191 peccata

301 1227 483 1273 nostra
524 1217 757 1271 sustinet
785 1223 1001 1269 natura.
1035 1215 1130 1270 Est
1157 1224 1211 1270 et
1241 1215 1384 1270 aliud
1429 1214 1572 1284 quod
1621 1213 1779 1268 valde
1811 1214 1880 1267 ti-

301 1307 551 1361 mendum
578 1314 681 1370 est,
704 1305 847 1374 quod
878 1304 930 1358 in
960 1305 1135 1376 primo
1157 1313 1381 1375 peccato
1407 1306 1654 1359 humanae
1676 1313 1884 1359 naturae

302 1398 550 1469 cognosci
587 1406 783 1468 potest.
816 1397 1080 1464 Quoniam
1128 1399 1273 1453 enim
1334 1402 1491 1452 homo
1539 1407 1622 1453 est
1671 1398 1884 1466 spiritus

302 1493 516 1559 vadens,
539 1503 585 1546 et
628 1510 730 1546 non
781 1491 984 1545 rediens
1035 1488 1206 1558 (Psal.
1237 1504 1444 1553 uxvu,
1474 1488 1559 1561 3);
1604 1497 1885 1558 postquam

304 1592 494 1653 sponte
526 1582 672 1637 cadit
700 1592 780 1652 tut
805 1581 870 1635 de
898 1578 1217 1634 voluntariis
1249 1579 1483 1648 peccatis
1507 1587 1713 1632 tantum
1744 1594 1886 1633 nunc

309 1674 499 1743 loquar
536 1673 652 1737 ⁸⁷⁸⁸,
686 1672 832 1726 nullo
857 1672 1013 1725 modo
1042 1678 1220 1740 potest
1251 1684 1557 1739 resurgere,
1594 1670 1694 1724 nisi
1712 1671 1883 1740 gratia

310 1765 601 1830 relevetur;
632 1764 723 1818 sed
749 1762 942 1817 merito
966 1777 1064 1815 suo
1092 1760 1158 1815 de
1188 1771 1414 1830 peccato
1478 1761 1530 1815 in
1583 1772 1885 1829 peccatum,

220 1848 229 1858 ’
309 1870 481 1924 usque
506 1856 559 1908 iu
587 1855 837 1925 abyssum
871 1860 1213 1923 peccatorum
1254 1852 1371 1906 sine
1424 1850 1612 1917 fundo,
1641 1853 1742 1907 hoc
1782 1861 1886 1917 est,

307 1945 623 2017 profundam
656 1946 770 2000 sine
797 1935 1152 1999 aestimatione
1183 1983 1197 2006 ,
1256 1941 1589 2012 demergitur
1630 1942 1745 2007 ³⁷⁸³,
1787 1942 1886 1995 nisi

310 2035 673 2092 misericordia
704 2035 1033 2098 retineatur;
1062 2032 1136 2087 ita
1166 2041 1222 2085 ut
1243 2032 1407 2086 etiam
1445 2030 1521 2086 illi
1549 2030 1747 2087 bonum
1776 2045 1893 2085 ver-

309 2135 458 2183 tatur
496 2127 549 2182 in
570 2127 777 2191 odium,
805 2132 859 2180 et
893 2126 965 2179 sit
992 2124 1041 2179 ei
1070 2124 1124 2176 in
1154 2133 1403 2177 mortem.
1443 2121 1595 2177 Unde
1623 2122 1756 2177 dicit
1785 2123 1893 2177 Doo

311 2219 488 2274 minus
514 2216 771 2289 apostolis
802 2235 815 2269 :
845 2215 902 2271 Si
923 2215 1148 2269 mundus
1173 2229 1267 2267 vos
1289 2213 1423 2277 odit,
1448 2214 1628 2267 scitote
1662 2213 1785 2284 quia
1814 2229 1895 2267 me

306 2310 533 2379 priorem
566 2309 706 2363 vobis
731 2307 850 2361 odio
882 2307 1061 2360 habuit
1084 2303 1273 2375 (Joau.
1297 2304 1410 2374 xv).
1469 2304 1537 2357 Et
1563 2302 1849 2375 Apostolus
1877 2321 1891 2355 :

310 2403 488 2458 Bonus
509 2407 641 2459 odor
661 2420 839 2457 sumus
866 2402 995 2467 Deo,
1025 2400 1142 2454 aliis
1190 2399 1396 2470 quidem
1439 2399 1568 2452 odor
1620 2397 1801 2452 mortis
1842 2398 1897 2451 in

309 2505 546 2562 mortem,
573 2493 693 2548 aliis
727 2503 902 2546 autem
927 2490 1058 2546 odor
1080 2490 1195 2543 vita
1242 2489 1296 2540 in
1323 2489 1483 2541 vitam
1526 2485 1610 2555 (II
1658 2486 1779 2541 Cor.
1811 2492 1895 2556 tt),

309 2594 533 2656 propter
551 2585 692 2654 quod
721 2583 921 2638 dicitur
945 2582 1011 2635 de
1040 2580 1170 2643 Deo,
1193 2580 1319 2648 quia
1357 2580 1440 2631 cui
1469 2578 1566 2610 "“
1613 2579 1716 2633 vult
1747 2579 1899 2631 miss-

313 2686 477 2739 retur,
513 2684 559 2727 et
598 2689 747 2743 quem
796 2671 902 2726 vult
928 2670 1141 2725 indurat
1175 2669 1353 2736 (Rom.
1378 2669 1477 2738 ιι).
1537 2669 1734 2723 Verum
1767 2683 1901 2737 quo-

314 2780 435 2819 rum
460 2765 767 2826 miseretur,
800 2778 909 2817 non
949 2762 1189 2816 omnium
1236 2760 1516 2829 aqualiter
1564 2759 1895 2825 miseretur;
1941 2783 1950 2793 -

316 2870 490 2925 neque
526 2870 659 2924 quos
684 2854 920 2920 indurat,
947 2867 1135 2908 omnes
1160 2851 1439 2921 atqual'rter
1462 2851 1696 2906 indurat.

315 2971 445 3028 CAP.
482 2970 551 3024 IX
590 2969 685 3042 [αι.
736 2968 903 3041 XlX].
946 2966 1142 3042 —Cu_r
1189 2976 1399 3042 peccato
1449 2964 1637 3030 deleto,
1690 2965 1903 3035 eﬂ'ectus

387 3042 499 3110 ejus
531 3036 793 3096 remaneat
823 3036 910 3093 :Et
964 3055 1082 3110 cur
1105 3036 1376 3110 baptizati,
1433 3043 1588 3105 atque
1626 3045 1903 3106 martyres,

387 3106 490 3166 non
507 3112 685 3166 statim
722 3106 1137 3179 incorruptibiles
1155 3107 1309 3175 ﬁant.

388 3225 498 3281 Cur
516 3233 695 3279 autem
726 3223 779 3277 in
807 3224 913 3277 hac
951 3224 1059 3276 vita
1095 3229 1402 3293 perseveret
1449 3219 1504 3275 in
1546 3218 1701 3276 nobis
1747 3233 1903 3289 pana

327 3316 556 3387 peccati,
588 3314 762 3369 deleto
804 3322 1048 3382 peccato,
1100 3313 1203 3367 alia
1234 3311 1463 3381 quaestio
1522 3321 1627 3366 est.
1687 3309 1762 3365 De
1799 3326 1905 3379 qua

324 3407 449 3461 licet
481 3419 621 3458 nunc
648 3411 886 3457 tractare
914 3419 1020 3458 non
1043 3403 1501 3473 proposuerimus,
1553 3401 1792 3455 breviter
1831 3409 1909 3455 ta-

326 3510 448 3549 men
474 3494 597 3548 dico
634 3494 759 3562 quia
797 3492 840 3546 si
871 3492 922 3545 in
947 3491 1413 3560 incorruptionem
1472 3490 1568 3522 ³⁷⁸⁵
1617 3489 1801 3544 statim
1852 3490 1906 3543 in

326 3587 596 3656 baptismo
621 3585 704 3638 vel
751 3584 804 3638 in
846 3582 1111 3653 martyrio
1167 3590 1510 3635 mutarentur
1554 3581 1650 3613 ³⁷⁸⁸
1702 3580 1905 3645 ﬁdeles,

325 3676 529 3742 periret
556 3672 834 3737 meritum,
865 3680 920 3725 et
941 3671 1188 3724 homines
1214 3670 1328 3734 ³⁷⁸⁷,
1385 3668 1492 3725 nisi
1520 3670 1600 3725 illi
1629 3671 1721 3741 qui
1746 3670 1909 3740 primi

329 3763 447 3820 sine
504 3761 752 3832 exemplo
809 3762 1115 3825 crederent,
1149 3760 1295 3817 nullo
1341 3760 1538 3817 merito
1574 3760 1913 3817 salvarentur

332 3855 446 3909 ⁸⁷⁸⁸.
473 3853 677 3922 Nempe
700 3852 994 3908 deﬁcerent
1016 3851 1149 3907 ﬁdes
1172 3860 1227 3907 et
1252 3867 1398 3922 spes,
1425 3852 1542 3908 sine
1562 3852 1761 3923 quibus
1793 3852 1913 3907 nul-

330 3947 413 4003 lus
436 3946 597 4001 homo
621 3942 824 4000 habens
854 3943 1186 3999 intellectum
1221 3959 1443 4014 regnum
1480 3943 1575 3998 Dei
1602 3944 1795 3999 mereri
1820 3958 1912 4013 po-

332 4045 434 4091 test
457 4050 472 4090 :
492 4035 629 4091 ﬁdes
655 4049 889 4103 namque
917 4043 972 4089 et
1002 4050 1124 4106 spes
1153 4044 1281 4088 sunt
1306 4048 1495 4089 earum
1556 4047 1734 4088 rerum
1788 4048 1912 4103 qua

330 4144 437 4183 non
470 4128 737 4183 videntur.
766 4126 901 4182 Cum
930 4128 1075 4181 enim
1099 4126 1347 4181 viderent
1395 4127 1644 4183 homines
1691 4141 1785 4182 eos
1818 4128 1910 4198 qui

332 4222 424 4254 ⁸⁷³⁸
451 4221 519 4275 ad
543 4220 817 4275 Christum
846 4226 1315 4284 converterentur,
1372 4219 1553 4273 statim
1582 4220 1818 4275 transire
1842 4220 1910 4273 ad

335 4310 899 4380 incorruptibilitatem
932 4327 944 4362 :
972 4309 1147 4363 nullus
1196 4316 1343 4365 esset
1385 4309 1476 4379 qui
1531 4309 1722 4364 saltem
1779 4309 1913 4365 velle

1976 482 2118 536 nerit
2142 490 2368 551 propter
2394 492 2675 553 peceatum
2706 482 2821 536 ³⁷⁸⁸.
2851 483 3093 551 Denique
3136 497 3244 537 non
3296 484 3566 552 promitti-

1976 582 2067 627 tur
2093 573 2249 629 uohis
2279 588 2376 644 per
2406 573 2732 644 baptismum
2755 583 2810 631 et
2837 574 2994 629 ﬁdem
3019 573 3388 629 Christianam
3436 575 3567 629 bea-

1975 665 2170 732 titudo,
2201 679 2360 735 quam
2384 666 2618 721 habebat
2643 666 2812 720 Adam
2844 670 2972 719 ante
3018 674 3297 733 peccatum
3321 665 3375 718 in
3403 678 3568 733 para-

1979 754 2118 821 diso,
2163 755 2258 811 sed
2311 770 2473 824 quam
2517 756 2804 813 habiturus
2848 767 2989 823 erat,
3025 757 3240 828 quando
3269 756 3570 828 completus

1978 855 2124 901 esset
2148 861 2404 901 numerus
2431 847 2739 912 hominum,
2784 848 2876 916 qui
2937 847 3247 903 assumendi
3292 856 3450 901 erant
3496 848 3569 900 ad

1976 939 2362 1009 perﬁciendum
2385 942 2661 996 civitatem
2691 957 3002 1013 supernam,
3034 957 3155 1013 quae
3180 951 3234 997 et
3262 942 3329 997 de
3356 942 3569 1013 angelis

1978 1039 2033 1087 et
2053 1031 2120 1085 de
2143 1031 2451 1087 hominibus
2476 1041 2560 1086 est
2585 1032 2901 1102 complenda
2938 1051 2949 1085 :
2985 1034 3073 1088 ubi
3098 1048 3203 1088 non
3232 1033 3573 1104 generabant

1980 1122 2250 1187 homines,
2278 1122 2416 1177 sicut
2448 1122 2689 1178 facerent
2714 1124 2765 1178 in
2791 1123 3061 1192 paradiso.
3091 1122 3147 1178 Si
3172 1138 3300 1194 ergo
3322 1123 3578 1178 conversi.
3656 1164 3667 1169 -

1983 1213 2049 1268 ad
2085 1211 2360 1268 Christum
2389 1229 2511 1268 mox
2554 1215 2853 1269 transirent
2885 1217 2937 1268 in
2979 1213 3127 1268 illam
3182 1214 3567 1284 incorruptibi-

1982 1304 2209 1370 litatem,
2242 1319 2347 1359 non
2374 1315 2556 1381 essent
2584 1306 2830 1361 homines
2857 1307 2922 1361 de
2944 1305 3141 1375 quibus
3183 1305 3362 1376 colligi
3388 1313 3574 1375 posset

1985 1396 2074 1453 ille
2100 1412 2357 1452 numerus
2388 1415 2401 1451 :
2434 1398 2690 1467 quoniam
2718 1398 2784 1453 ad
2823 1396 3235 1460 beatitudinem,
3284 1412 3446 1466 quam
3492 1396 3574 1449 vi-

1985 1487 2194 1556 derent,
2220 1488 2401 1543 nullus
2426 1498 2609 1558 posset
2640 1505 2745 1545 non
2795 1488 3071 1544 festinare.
3121 1488 3234 1542 Hoc
3280 1496 3412 1558 puto
3454 1502 3576 1542 esse

1984 1580 2126 1648 quod
2151 1580 2281 1634 dicit
2310 1578 2597 1647 Apostolus
2625 1579 2691 1634 de
2735 1577 2840 1634 illis
2873 1597 2886 1632 :
2916 1578 3020 1644 Qui
3049 1594 3141 1647 per
3166 1578 3323 1648 ﬁdem
3375 1578 3577 1647 operati

1986 1679 2113 1723 sunt.
2132 1668 2414 1739 justitiam,
2449 1678 2493 1721 et
2521 1669 2597 1733 hi,
2629 1668 2822 1737 inquit,
2877 1685 3053 1722 omnes
3109 1669 3403 1722 testimonio
3449 1669 3579 1737 ﬁdei

1919 1748 2226 1830 Bprobati,
2280 1775 2383 1813 non
2434 1770 2742 1827 acceperunt
2792 1759 3262 1826 repromissionem,
3322 1758 3429 1813 Deo
3480 1776 3579 1829 pro

1990 1849 2139 1903 nobis
2163 1849 2347 1904 melius
2369 1849 2573 1920 aliquid
2619 1846 2936 1918 proridente,
2993 1867 3055 1917 ue
3093 1850 3203 1903 sine
3259 1847 3405 1903 nobis
3453 1865 3580 1903 cou-

1991 1950 2379 1996 summareutur
2413 1939 2606 1998 (Hebr.
2650 1956 2727 2007 XI,
2771 1941 2861 2007 55,
2889 1941 2980 2006 59,
3004 1940 3117 2012 40).
3158 1940 3213 1996 Si
3247 1942 3389 1995 enim
3433 1958 3581 2012 quae-

1983 2034 2133 2096 .ritur
2158 2032 2299 2103 quod
2330 2033 2484 2088 nobis
2528 2032 2723 2088 melius
2754 2032 3051 2103 providerit
3074 2032 3170 2064 ⁸⁷⁸³
3193 2048 3258 2088 ex
3294 2034 3419 2097 hoc,
3451 2032 3579 2102 quia

1995 2125 2070 2180 illi
2099 2140 2205 2179 non
2255 2132 2587 2196 acceperunt
2640 2123 3140 2194 repromissionem,
3199 2123 3333 2177 nihil
3374 2137 3582 2179 conve-

1995 2216 2233 2272 nientius
2255 2215 2565 2287 reSpmideri
2596 2230 2757 2285 posse
2783 2215 2958 2282 video,
3001 2231 3164 2285 quam
3221 2215 3364 2285 quod
3416 2228 3585 2283 supra

1996 2306 2104 2363 dixi
2134 2321 2149 2361 :
2175 2307 2325 2377 quia,
2349 2305 2579 2373 scilicet,
2607 2304 2652 2359 si
2682 2305 2785 2360 illis
2808 2306 3052 2376 probatis
3076 2305 3194 2373 ⁸⁷⁸³,
3219 2322 3324 2362 non
3342 2303 3589 2361 diﬁ‘erre-

1999 2407 2085 2453 tur
2132 2399 2396 2469 promissa
2427 2397 2588 2466 justis
2620 2398 2921 2463 beatitudo,
2976 2399 3182 2468 periret
3235 2400 3489 2453 meritum
3531 2398 3587 2452 in

1998 2493 2124 2558 illis,
2165 2493 2257 2563 qui
2282 2507 2386 2547 non
2418 2508 2513 2561 per
2538 2491 2697 2547 ﬁdem
2727 2493 2848 2559 hoc,
2901 2494 2996 2548 sed
3030 2508 3124 2563 per
3148 2494 3585 2564 experimentum

2001 2594 2424 2656 cognoscerent:
2471 2583 2787 2655 propagatio
2834 2586 2998 2639 etiam
3033 2586 3126 2618 '7“
3168 2586 3470 2651 hominum,
3522 2587 3593 2641 de

2001 2699 2103 2752 qua
2138 2698 2238 2736 nos
2263 2683 2372 2735 nati
2408 2696 2614 2746 sumus,
2641 2680 2932 2746 deﬁceret;
2987 2683 3245 2753 quoniam
3294 2698 3487 2739 omnes
3522 2684 3594 2737 ad

2003 2773 2589 2842 incorruptibilitatem,
2617 2788 2780 2844 quam
2810 2784 3134 2843 praesentem
3157 2774 3429 2840 viderent,
3456 2790 3585 2829 cur-

2006 2874 2212 2921 rerent.
2244 2863 2493 2935 Magnum
2519 2865 2702 2935 itaque
2724 2865 2927 2921 bonum
2982 2865 3138 2937 132
3169 2867 3323 2922 nobis
3357 2866 3596 2936 providit

2007 2959 2168 3024 Deus,
2203 2973 2325 3013 cum
2351 2959 2556 3014 sanctis
2586 2959 2897 3015 testimonio
2926 2958 3051 3015 ﬁdei
3086 2960 3335 3032 probatis
3386 2961 3597 3016 distulit

1933 3083 1978 3146 Ο
2009 3050 2375 3120 aceeptionem
2426 3048 2897 3120 repromissionis;
2953 3059 3089 3107 utet
3119 3066 3218 3107 nos
3268 3066 3599 3122 propagare-

2009 3155 2150 3204 mur,
2184 3144 2238 3196 et
2266 3150 2511 3196 maneret
2538 3140 2695 3207 ﬁdes,
2726 3156 2822 3212 per
2855 3156 3016 3212 quam
3065 3156 3187 3197 cum
3250 3141 3359 3197 illis
3408 3157 3598 3212 repro-

2010 3234 2321 3290 missionem
2350 3248 2817 3303 promereremur;
2854 3242 2909 3290 et
2951 3235 3114 3290 simul
3147 3250 3271 3290 cum
3328 3233 3435 3289 illis
3464 3249 3597 3289 con-

2009 3338 2422 3380 summaremur.
2470 3323 2589 3378 Alia
2614 3339 2827 3393 quoque
2861 3324 2998 3379 ratio
3050 3335 3130 3379 est
3165 3338 3266 3378 cur
3306 3323 3597 3393 baptizati,

2011 3423 2173 3484 atque
2203 3396 2499 3485 martyres,
2534 3429 2640 3469 non
2696 3415 2888 3470 statim
2942 3415 3079 3470 ﬁunt
3134 3414 3597 3483 incorruptibiles.

2010 3505 2213 3576 Nempe
2242 3506 2288 3560 si
2337 3507 2459 3574 quis
2517 3521 2737 3560 servum
2789 3521 2966 3571 suum,
3025 3521 3187 3576 quem
3240 3512 3602 3575 proposuerat

2012 3598 2223 3668 magnis
2253 3596 2542 3665 aliquando
2594 3596 2768 3652 ditare
2811 3597 3132 3662 honoribus,
3178 3595 3418 3667 graviter
3470 3609 3599 3649 ver-

2011 3688 2277 3744 beretm'
2305 3702 2402 3757 pro
2429 3688 2619 3758 culpa,
2667 3702 2765 3757 pro
2812 3702 2916 3757 qua
2970 3686 3118 3742 nullo
3171 3687 3332 3743 modo
3385 3701 3482 3757 per
3538 3700 3643 3766 se.

2012 3790 2174 3851 queat
2197 3780 2533 3846 satisfacere,
2558 3792 2682 3851 post
2714 3783 2855 3838 hanc
2885 3781 3326 3837 verberationem
3384 3779 3597 3834 consti-

2015 3881 2132 3928 tuto
2162 3881 2410 3944 tempore
2441 3875 2759 3929 detrusurus
2784 3887 2908 3928 eum
2939 3874 2992 3926 in
3046 3871 3376 3927 horrendum
3406 3884 3602 3924 carceo

2014 3979 2150 4029 rem,
2180 3963 2269 4017 ubi
2299 3963 2636 4033 gravissimis
2668 3971 2988 4031 torqueatur
3041 3960 3358 4031 suppliciis;
3426 3970 3481 4015 et
3527 3961 3602 4015 sit

2014 4054 2210 4122 aliquis
2236 4064 2428 4123 potens
2455 4054 2597 4122 apud
2628 4053 2934 4115 dominum.
2964 4051 3055 4122 qui
3086 4067 3185 4123 pro
3227 4050 3318 4105 illo
3374 4048 3602 4105 satisfa-

2014 4144 2163 4213 ciens
2192 4159 2313 4199 eum
2340 4145 2690 4199 reconciliet:
2720 4144 2904 4213 utique
2930 4143 3122 4215 plaga),
3161 4157 3297 4212 quas
3326 4157 3451 4196 reus
3473 4149 3602 4194 ante

2015 4234 2464 4297 satisfactionem,
2493 4232 2618 4288 dum
2645 4242 2765 4288 erat
2796 4235 2851 4288 in
2883 4233 3039 4303 culpa
3064 4274 3079 4299 ,
3111 4232 3308 4288 merito
3336 4231 3597 4300 suscepit,

2016 4341 2121 4379 non
2148 4322 2425 4396 delentur;
2461 4324 2554 4380 sed
2580 4324 2787 4394 majora
2825 4331 3115 4386 tormenta,
3168 4323 3222 4377 in
3270 4336 3391 4391 qua:
3455 4336 3599 4375 non-

332 4414 516 4475 posset
551 4419 612 4459 se
641 4405 965 4475 subtrahere
1001 4419 1029 4456 a
1058 4412 1207 4457 tanta
1236 4404 1593 4468 beatitudine,
1625 4419 1787 4473 quam
1827 4407 1895 4459 vi-

2015 4417 2141 4471 dum
2175 4414 2415 4471 intrusus
2438 4415 2619 4471 fuerat
2645 4415 2764 4482 ³⁷⁸⁸,
2782 4411 3604 4482 reconciliationepraeveniente

335 4496 505 4549 deret.
534 4494 602 4549 Ut
626 4510 759 4563 ergo
778 4494 1067 4566 gloriosius
1093 4493 1188 4525 ³⁷⁶⁰
1209 4509 1307 4562 per
1328 4492 1450 4547 ﬁdei
1481 4500 1644 4563 atque
1664 4494 1775 4562 spei
1798 4509 1911 4549 me-

335 4586 500 4640 ritum
523 4585 933 4649 beatitudinem,
965 4601 1130 4654 quam
1180 4586 1575 4650 desideramus,
1618 4586 1911 4656 adispisca-

338 4692 459 4731 mur
487 4694 499 4728 :
534 4690 835 4748 manemus,
867 4676 1103 4745 quandiu
1136 4676 1189 4729 in
1228 4676 1331 4731 hac
1357 4676 1466 4730 vita
1490 4688 1694 4746 sumus,
1726 4676 1779 4729 in
1811 4677 1912 4732 hoc

2021 4516 2366 4573 avertuntur;
2390 4507 2626 4561 honores
2654 4521 2893 4578 quoque,
2916 4519 3057 4573 quos
3082 4502 3174 4536 "’"
3206 4515 3304 4557 suo
3356 4511 3605 4570 tempore

2019 4609 2337 4670 accepturus
2362 4608 2482 4654 erat
2501 4600 2544 4654 si
2580 4614 2685 4654 non
2716 4606 3018 4668 peccasset,
3068 4603 3123 4651 et
3148 4594 3343 4665 quibus
3395 4594 3605 4648 caritu-

1990 4752 2003 4763 ν
2022 4706 2113 4745 rus
2136 4698 2254 4744 erat
2280 4699 2401 4759 post
2425 4689 2639 4759 culpam
2667 4688 2782 4755 ³⁷⁵⁸,
2817 4688 2861 4743 si
2887 4702 2993 4743 non
3019 4685 3424 4750 reconciliatur,
3480 4697 3606 4752 pro-

1608 4809 1843 4866 VAilI/E
1884 4810 2286 4866 LECTIONES.

409 4942 696 5018 ""_Nunc
728 4942 1001 5018 loquimur
1054 4953 1264 5018 tantum
1298 4963 1422 5000 mss.
1471 4955 1677 5001 tantum
1723 4963 1866 5004 nunc
1909 4948 2101 5018 loquar
2147 4963 2272 5001 mss.
2319 4948 2508 5001 Cister.
2540 4956 2747 5002 tantum
2773 4962 2878 5002 non
2903 4947 3177 5018 loquatur"
3217 4944 3325 5018 "7"
3362 4943 3602 5018 Profun-

339 5015 429 5090 do.
464 5055 477 5069 .
503 5015 1426 5090 demergitur_mss.Aprofundam._.
1473 5019 1819 5090 demergetur
1891 5014 1996 5051 πεδ’
2028 5019 2159 5083 Deo,
2190 5018 2288 5090 cui
2345 5034 2470 5090 mss.
2522 5018 2652 5090 Deo,
2677 5018 2799 5086 quia
2837 5018 2925 5090 cui
2973 5014 3093 5049 ³⁷⁸⁸
3124 5014 3605 5090 _S_i‘_in__corruptio-

343 5101 463 5140 nem
494 5101 620 5139 mss.

708 5087 800 5157 iet:
827 5085 881 5139 5.
920 5085 1048 5157 et_9.
1075 5095 1122 5139 et
1152 5084 1339 5157 Cister.
1365 5086 1427 5157 si
1480 5084 1935 5156 incorruptionem
1996 5105 2123 5143 mss.
2189 5086 2319 5141 Vict.
2359 5088 2447 5143 15.
2501 5089 2546 5143 si
2594 5084 3053 5157 incorruptionem
3129 5086 3223 5157 3?“
3260 5085 3602 5140 Mutarentur

343 5172 469 5210 mss.
545 5154 678 5209 Vict.
733 5153 819 5209 15.
872 5154 1175 5223 reciperent
1247 5155 1351 5188 ³⁷⁸⁷’
1389 5156 1456 5210 Et
1498 5153 1744 5213 homines
1787 5176 1913 5213 mss.
1970 5157 2105 5213 Vict.
2163 5165 2222 5212 ut
2270 5158 2516 5213 homines
2587 5159 2682 5190 ³τ⁸⁸
2720 5153 2877 5211 Nullo
2902 5159 3067 5211 modo
3090 5156 3433 5211 salvarentur
3468 5169 3597 5206 mss.

348 5225 492 5280 nullo
519 5224 717 5298 merito
742 5223 1080 5298 salvarentur
1148 5224 1243 5298 ff?
1276 5225 1598 5298 Yidereutur
1630 5229 1875 5283 homines
1905 5230 1994 5298 qui
2042 5245 2168 5298 mss.
2216 5228 2463 5283 viderent
2492 5228 2739 5284 homines
2772 5243 2884 5291 eos,
2919 5228 3008 5296 qui
3084 5225 3181 5298 “77‘7"
3221 5225 3292 5298 Ut
3325 5224 3605 5298 gloriosus

346 5310 475 5368 mss.
518 5292 590 5350 Ut
635 5310 764 5368 ergo
807 5293 1074 5368 gloriosus
1146 5294 1237 5325 ³⁷⁶¹
1274 5295 1527 5368 Evenerit
1575 5307 1854 5367 peceatum
1885 5292 2008 5353 uias.
2066 5297 2200 5351 Vict.
2231 5298 2471 5353 evenerit
2500 5308 2721 5368 propter
2738 5292 3023 5368 peccatum
3096 5292 3429 5368 iV'inguaErit
3466 5294 3601 5368 quid

352 5363 547 5419 melius
599 5363 755 5423 nobis
805 5363 1103 5434 providerit
1153 5381 1277 5418 mss.
1327 5363 1592 5432 quaeritur
1611 5369 1739 5437 quid
1789 5368 1980 5425 melius
2012 5369 2158 5424 noris
2183 5368 2326 5423 Deus
2352 5363 2649 5438 providerit
2719 5363 2815 5400 ⁸⁵¹⁶³
2846 5367 3048 5422 Saltem
3072 5367 3115 5420 si
3142 5366 3246 5421 illis
3284 5363 3600 5490 propagatis

352 5447 473 5486 mss.
502 5434 727 5490 scilicet.
764 5436 809 5490 si
865 5435 970 5489 illis
1004 5434 1246 5490 probatis
1319 5434 1413 5465 ³⁷⁸⁸
1463 5435 1785 5490 Pronaeatio
1822 5440 1964 5490 enim
2018 5455 2143 5490 mss.
2194 5439 2507 5490 nronatzatio
2538 5440 2701 5490 etiam
2778 5439 2870 5469 "‘5
2893 5437 3147 5490 Graviter
3193 5452 3286 5490 ver
3326 5443 3442 5490 erel
3466 5449 3595 5487 mss.

351 5447 473 5520 mss.
502 5434 809 5520 scilicettsi
865 5435 970 5520 illis
1004 5434 1413 5520 probatismj’f‘
1463 5434 1795 5520 Propagatio_
1822 5440 1964 5520 enim
2018 5455 2143 5520 mss.
2194 5434 2507 5520 propagatio
2538 5440 2701 5493 etiam
2778 5439 2870 5520 f7"
2893 5437 3147 5518 Graviter
3193 5452 3274 5520 vet

3326 5443 3442 5490 cret
3466 5449 3595 5487 mss.

352 5499 823 5577 Q'isler.__graviter
849 5499 1166 5577 verberaret
1239 5504 1410 5577 "‘“gln
1441 5499 1969 5577 qum'dctrudeudus
2020 5499 2448 5563 fuerat'ms'sfin
2488 5525 2609 5577 qua:
2663 5508 2898 5564 nondum
2950 5508 3189 5562 inti-usus
3238 5507 3415 5577 fuerat
3465 5518 3595 5556 mss.

360 5567 508 5649 Χέςιλ
529 5567 614 5649 1:5:
642 5573 693 5628 in
722 5589 840 5644 quae
861 5576 1097 5649 nondum
1131 5567 1678 5649 intromissusfuerat
1749 5579 1844 5611 ³⁷⁸⁷
1877 5579 2119 5635 Honores
2138 5593 2354 5649 quoque
2377 5567 2664 5649 suos-quos
2687 5595 2812 5633 mss.
2828 5578 2961 5632 Vict.
2986 5588 3033 5631 et
3056 5577 3242 5632 Cister.
3269 5575 3436 5633 omitt.
3467 5587 3600 5628 suos

355 5637 446 5671 ³⁷⁸⁸
470 5638 688 5709 Culpam
740 5637 899 5696 suam
930 5645 973 5699 si
1010 5662 1134 5699 mss.
1189 5643 1323 5698 Vict.
1354 5655 1400 5699 et
1430 5645 1619 5701 Cister.
1661 5648 1825 5704 omitt.
1860 5665 2011 5705 suam
