3940 6046
404 268 413 273 _
429 209 534 264 553

1275 207 1363 262 DE
1402 205 1739 264 CONCORD.
1783 204 2051 262 PRxESC.
2094 204 2202 259 DEI
2244 202 2387 261 CUM
2426 202 2556 258 LIB.
2591 200 2864 256 ARBITR.

3584 204 3688 259 554

426 336 549 394 pter
580 319 873 392 perfectam
915 320 1360 385 satisfactionem,
1390 323 1531 377 sicut
1555 322 1705 393 prius
1739 330 1999 377 statutum
2032 321 2075 377 A
2103 320 2239 389 quit,
2266 319 2537 373 deserere.
2566 315 2718 382 Quod
2746 324 2897 369 certe
2956 328 3059 367 non
3100 313 3225 370 facit
3263 314 3549 374 deﬁciente
3598 338 3690 390 po-

426 414 623 479 fuerat,
656 416 774 469 sine
796 414 942 468 omni
997 413 1374 487 immutatione
1433 414 1737 491 traduntur.
1797 410 2003 482 Quippe

425 506 471 562 si
502 515 628 560 aute
657 504 1156 559 reconciliationem
1186 504 1561 560 exhteredatus
1587 512 1732 558 esset
1778 502 2004 558 illis‘ho-

424 600 668 663 noribus,
694 599 1145 669 quemadmodum
1170 600 1592 655 exhteredandus
1620 611 1739 657 erat
1767 600 1860 632 ³⁷⁶⁹
1881 606 2005 669 post

424 690 635 758 culpam
673 689 1207 758 irrccuperabiliter,
1262 691 1305 745 si
1357 707 1459 744 non
1519 691 2001 756 reconciliaretur;

426 794 530 832 tum
565 780 786 833 haberet
821 779 995 833 locum
1055 778 1406 834 subveniendi
1462 779 1567 833 ulla
1616 779 2001 835 reconciliatio.

428 860 534 923 Sed
565 869 822 938 quoniam
850 886 953 923 non
986 870 1161 940 potuit
1187 871 1520 925 exhteredari
1556 872 1780 936 honore,
1842 888 2002 942 quem

423 960 662 1015 nondum
693 961 946 1023 habebat,
973 977 1068 1016 nec
1094 960 1291 1016 habere
1317 962 1548 1016 debebat
1577 963 1693 1027 "7°,
1723 964 1862 1018 hanc
1911 977 2007 1017 ex-

424 1042 846 1098 hteredationem
871 1046 1171 1115 praevenire
1204 1055 1380 1116 potest
1405 1047 1786 1107 reconciliatio,
1807 1056 1860 1100 et
1885 1064 2005 1103 eam

424 1144 692 1189 avertere.
720 1133 782 1217 .Si
818 1144 996 1190 tamen
1024 1152 1214 1192 servus
1240 1138 1350 1205 ille,
1373 1138 1497 1193 dum
1528 1137 1676 1207 jacet
1702 1140 1754 1193 in
1781 1140 2005 1212 aegritu-

425 1228 550 1283 dine
572 1229 930 1297 vapulatiouis
966 1230 1139 1286 donec
1171 1231 1283 1301 ipsa
1311 1241 1575 1297 transeat,
1625 1237 1787 1289 corde
1818 1246 1869 1290 ct
1911 1225 2055 1290 ore’

426 1322 645 1378 domino
705 1338 802 1378 suo
858 1323 1171 1379 ﬁdelitatem
1216 1336 1269 1380 et
1320 1328 1712 1383 correctionem
1768 1339 1923 1384 vovet
1953 1339 2008 1385 et

422 1415 582 1471 solvit
617 1433 628 1470 :
659 1416 732 1471 ita
780 1425 861 1473 est
917 1419 1060 1471 inter
1099 1417 1267 1472 Deum
1343 1428 1397 1473 et
1451 1419 1746 1475 hominem.
1800 1418 2006 1493 Quippe

422 1508 637 1573 quando
660 1509 888 1562 lnnnana
918 1519 1109 1562 natura
1144 1510 1375 1579 primum
1406 1512 1670 1581 peccavit,
1715 1514 1815 1569 hac
1847 1528 2005 1583 poena

421 1593 685 1665 flagellata
718 1606 822 1661 est,
855 1610 912 1652 ut
955 1614 1229 1668 nunquam
1278 1600 1482 1669 prolem
1536 1602 1854 1657 naturaliter
1905 1603 2003 1657 nisi

423 1685 607 1751 talem,
633 1689 817 1757 quales
843 1689 1090 1745 videmus
1117 1689 1208 1722 ³⁷⁷⁸
1240 1689 1471 1746 infantes
1500 1693 1670 1760 nasci,
1700 1701 2005 1764 generaret;
2041 1662 2083 1721 Β

420 1795 486 1834 ac
514 1787 632 1847 post
657 1779 794 1833 hanc
825 1780 990 1834 vitam
1023 1781 1074 1834 in
1099 1779 1330 1843 inferno,
1359 1797 1388 1835 a
1413 1798 1577 1853 regno
1601 1781 1717 1851 Dei,
1771 1784 1837 1838 ad
1865 1786 2006 1854 quod

420 1870 564 1925 facta
587 1879 726 1937 erat,
763 1871 1158 1940 inperpetuum
1187 1871 1484 1937 exsularet,
1537 1872 1638 1927 nisi
1693 1873 1889 1944 aliquis
1941 1873 2006 1928 il—

420 1961 550 2025 lam,
582 1963 725 2032 quod
751 1963 866 2031 ipsa
895 1964 1007 2019 sola
1044 1979 1140 2033 per
1165 1979 1223 2019 se
1252 1964 1430 2019 facere
1479 1981 1585 2021 non
1630 1958 1869 2036 poterat,
1922 1982 2010 2022 re-

422 2053 754 2109 conciliaret.
786 2056 828 2109 A
855 2070 960 2126 quo
985 2065 1164 2111 autem
1194 2058 1530 2113 reconciliari
1586 2069 1768 2129 queat,
1801 2066 1905 2115 non
1927 2069 2012 2116 est

423 2145 526 2199 nisi
551 2145 816 2201 Christus.
851 2146 907 2202 In
940 2149 1191 2204 omnibus
1226 2149 1392 2220 igitur
1422 2149 1718 2206 infantibus
1748 2152 2010 2207 naturali-

422 2245 507 2291 ter
535 2238 749 2308 genitis,
782 2254 902 2294 cum
939 2248 1182 2311 peccato,
1208 2249 1264 2296 et
1292 2239 1556 2311 ﬁagellata
1599 2242 1698 2275 '7'"
1722 2226 1964 2299 nascitur
1991 2262 2004 2299 :

403 2342 544 2397 .quae
569 2343 688 2383 cum
718 2328 781 2382 ad
809 2328 1300 2386 reconciliationem
1348 2330 1557 2386 accedit
1580 2330 1696 2397 ⁸⁷⁷³,
1727 2326 2010 2404 ﬁagellatio

424 2425 619 2478 merito
645 2433 909 2491 remanet,
937 2441 1098 2495 quam
1130 2434 1255 2480 ante
1299 2425 1789 2481 reconciliationem
1822 2440 2008 2482 susce-

424 2517 522 2587 pit.
557 2516 686 2583 Qure
708 2525 888 2572 autem
962 2515 1018 2570 in
1090 2518 1303 2573 inferno
1328 2527 1595 2574 tormenta
1617 2533 1837 2588 passma
1866 2527 2003 2582 erat,

425 2606 479 2662 in
512 2606 612 2663 illis
641 2623 776 2679 quos
810 2608 1057 2664 Christus
1079 2610 1328 2680 redemit,
1352 2611 1730 2675 remittuntur;
1765 2620 1819 2665 et
1842 2626 2008 2682 regno

424 2697 541 2765 Dei,
573 2701 713 2769 quod
741 2708 860 2769 post
887 2700 1354 2756 conversationem
1382 2702 1618 2774 paradisi
1672 2702 1768 2733 ³⁷⁷⁸
1808 2703 2005 2758 terreni

424 2802 525 2845 suo
557 2798 797 2861 tempore
824 2789 919 2823 ⁸⁷⁷⁵
952 2800 1239 2861 acceptura
1274 2800 1410 2855 erat,
1446 2792 1680 2847 donatur
1711 2810 1722 2846 :
1751 2793 1794 2848 si
1828 2801 2006 2847 tamen

424 2880 478 2935 in
505 2881 639 2948 fide,
658 2898 818 2952 quam
847 2883 1172 2954 promittant
1201 2885 1255 2939 in
1300 2885 1594 2956 baptismo,
1651 2900 1822 2957 usque
1864 2886 1917 2941 in
1948 2885 2007 2940 ﬁ-

423 2985 548 3026 nem
580 2982 948 3044 perseverent.

425 3084 550 3162 Car.
582 3086 627 3141 X
668 3087 773 3162 [al._
811 3088 1220 3162 {HL—Quod
1242 3092 1288 3145 si
1327 3090 1416 3160 qui
1446 3090 1664 3162 nitentes
1683 3159 1695 3162 _
1717 3106 1821 3145 non
1844 3091 2007 3162 proﬁ-

457 3158 599 3211 ciunt
624 3158 715 3211 aut
739 3158 1006 3229 deﬁciunt,
1034 3161 1130 3214 hoc
1154 3176 1255 3213 non
1282 3158 1363 3215 ea:
1391 3159 1803 3230 impossibilitate
1844 3158 1970 3230 'ﬁai.

495 3246 647 3314 Quod
678 3259 856 3305 autem
885 3250 1103 3321 quidam
1137 3252 1510 3321 experimento
1544 3252 1856 3307 existimant
1880 3267 2006 3323 pro-

421 3336 541 3392 bari
566 3338 663 3370 "7'
689 3340 821 3394 nihil
850 3341 1032 3397 valere
1060 3342 1288 3398 liberum
1318 3343 1625 3411 arbitrium,
1678 3343 1805 3415 quia
1852 3343 2005 3399 multi

423 3429 686 3487 immenso
706 3441 900 3487 conatu
930 3434 1175 3488 nituntur
1195 3443 1251 3488 ut
1274 3434 1411 3491 bene
1443 3436 1644 3499 vivant,
1668 3444 1722 3490 et
1745 3434 2001 3505 quadam,

423 3528 482 3573 ut
523 3520 695 3587 aiunt,
749 3522 1178 3592 impossibilitate
1233 3523 1500 3589 obstante,
1538 3524 1673 3579 nihil
1720 3525 2007 3596 proficiunt

425 3608 557 3679 ⁸⁷⁷⁷,
589 3621 683 3665 aut
733 3621 854 3681 post
913 3613 1213 3683 profectum
1267 3604 1690 3684 irreparabiliter
1747 3614 2006 3670 deﬁciunt

424 3698 521 3731 ‘7"
553 3719 565 3754 :
595 3717 698 3756 non
723 3703 950 3759 destruit
971 3706 1113 3775 quod
1143 3706 1237 3738 "7’
1292 3707 1684 3761 rationabiliter
1736 3714 2004 3762 monstra-

425 3799 537 3846 tum
569 3801 670 3859 est,
698 3792 926 3849 liberum
952 3795 1161 3851 scilicet
1198 3796 1480 3851 arbitrium
1530 3812 1650 3851 cum
1695 3796 1867 3866 gratia
1913 3811 2004 3850 va-

424 3881 553 3937 lere.
598 3882 666 3939 Ut
692 3894 869 3940 autem
909 3886 1142 3943 nitentes
1192 3904 1295 3943 non
1347 3886 1671 3958 proficiant,
1734 3895 1827 3941 aut
1887 3896 2007 3958 post

423 3976 721 4045 profectum
754 3978 1039 4047 deﬁciant;
1096 3995 1202 4036 non
1243 3978 1698 4050 impossibilitate,
1754 3983 1851 4039 sed
1900 3984 2003 4039 ali-

425 4068 639 4136 quando
665 4069 839 4140 gravi,
867 4069 1159 4140 aliquando
1187 4070 1349 4127 facile
1374 4072 1665 4143 superabili
1689 4073 2005 4131 difﬁcultate

428 4155 541 4212 ﬁeri
570 4160 840 4215 existimo.
891 4160 1197 4233 Saepissime
1248 4179 1478 4235 namque
1504 4180 1750 4221 asserere
1773 4166 2007 4222 solemus

427 4246 755 4318 impossibile
781 4253 935 4308 nobis
960 4267 1100 4323 esse,
1131 4254 1273 4324 quod
1320 4256 1436 4311 sine
1481 4255 1798 4315 difﬁcultate
1846 4257 2008 4327 perﬁ-

2107 418 2297 465 testate
2322 409 2571 472 servandi
2594 406 2836 463 eamdi-ni
2865 405 3261 471 rectitudinem,
3312 422 3430 477 quae
3454 418 3690 478 potestas

2105 510 2188 556 est
2213 500 2325 570 ipsa
2363 499 2586 555 libertas
2637 496 2844 553 arbitrii
2882 514 2893 547 :
2934 497 3029 549 sed
3078 497 3365 554 deﬁciente
3418 499 3690 553 voluntate

2106 589 2378 653 servandi,
2414 605 2534 657 quae
2559 604 2655 658 per
2679 602 2738 642 se
2774 600 2878 639 non
2912 584 3126 652 deficit,
3152 590 3245 642 sed
3280 587 3384 642 alia
3415 589 3692 643 voluntate

2107 680 2273 745 illam,
2299 689 2358 734 ut
2384 680 2513 745 dixi,
2537 679 2855 751 expellente.

2106 795 2237 852 Car.
2266 794 2336 849 XI
2377 795 2472 868 [aL
2516 794 2685 866 XXf].
2719 793 2918 862 —-Quo
2950 812 3100 850 sensu
3129 796 3193 868 in,
3214 795 3424 868 homine
3440 798 3593 867 justo
3615 796 3692 852 vel

2415 868 2609 936 injuste
2631 868 2695 920 sit
2726 868 2965 920 roluutas
2996 879 3127 918 recte
3150 866 3370 920 vivendi.

2181 959 2446 1028 Quoniam
2479 969 2657 1013 autem
2698 959 2801 1013 ista
2855 957 3220 1012 consideratio
3252 957 3486 1013 maxime
3511 973 3693 1014 versa-

2109 1062 2198 1107 tttr
2219 1053 2310 1085 ³⁷⁸¹
2325 1053 2376 1107 in
2403 1052 2695 1115 voluntate,
2716 1046 2918 1121 aliquid
2941 1049 3100 1105 altius
3121 1049 3187 1105 de
3206 1049 3499 1114 voluntate,
3519 1052 3684 1118 quod,

2108 1156 2165 1200 ut
2192 1154 2340 1215 puto,
2364 1160 2468 1199 non
2493 1145 2597 1199 erit
2629 1144 2837 1212 inutile,
2891 1143 3177 1200 dicendum
3208 1144 3485 1200 existimo.
3528 1145 3682 1199 Sicut

2110 1236 2370 1290 habemus
2396 1235 2488 1268 ’π’
2518 1235 2570 1289 in
2600 1249 2830 1305 corpore
2854 1234 3121 1301 membra,
3141 1243 3193 1288 et
3220 1234 3456 1305 quinque
3478 1251 3688 1297 sensus,

2109 1327 2317 1398 singula
2350 1325 2417 1381 ad
2445 1342 2572 1383 suos
2603 1341 2733 1381 usus
2758 1335 2903 1396 apta,
2946 1325 3141 1397 quibus
3184 1327 3337 1394 quasi
3370 1325 3694 1381 instrumen-

2112 1422 2179 1474 tis
2209 1418 2441 1483 utimur;
2476 1427 2683 1473 utsunt
2714 1433 2908 1474 manus
2956 1426 3093 1488 apta:
3121 1417 3189 1471 ad
3220 1418 3564 1488 capiendum,
3600 1434 3693 1488 pe-

2109 1511 2203 1566 des
2229 1510 2296 1565 ad
2322 1509 2729 1576 ambulandum,
2759 1509 2942 1580 lingua
2972 1509 3039 1563 ad
3064 1508 3418 1579 loquendum,
3447 1510 3596 1566 visus
3623 1511 3710 1590 ad,

2113 1600 2403 1656 videndum
2436 1618 2449 1655 :
2483 1601 2557 1655 ita
2583 1608 2639 1676 et
2673 1600 2853 1654 anima
2883 1599 3044 1655 habet
3074 1599 3126 1653 in
3152 1614 3210 1653 se
3240 1601 3505 1668 quasdam
3529 1601 3688 1665 vires,

2112 1693 2306 1763 quibus
2329 1693 2497 1747 utitur
2524 1692 2671 1748 velut
2707 1692 3081 1747 instrumentis
3126 1692 3193 1746 ad
3231 1707 3362 1747 usus
3396 1708 3688 1763 congruos.

2111 1785 2460 1856 Estnamque
2486 1786 2628 1841 ratio
2674 1784 2727 1839 in
2756 1784 2960 1848 anima,
3022 1800 3126 1853 qua
3157 1784 3300 1838 sicut
3348 1798 3447 1839 suo
3492 1784 3692 1838 instru-

2112 1884 2298 1932 mento
2326 1877 2497 1930 utitur
2533 1876 2601 1930 ad
2656 1875 3122 1930 ratiocinandum:
3169 1883 3225 1928 et
3272 1873 3539 1937 voluntas,
3586 1889 3690 1942 qua

2111 1968 2280 2022 utitur
2310 1966 2375 2021 ad
2403 1966 2710 2021 volendum.
2742 1963 2857 2019 Non
2884 1964 3027 2019 enim
3058 1972 3140 2018 est
3172 1965 3309 2018 ratio
3331 1964 3414 2020 vel
3442 1963 3692 2018 voluntas

2112 2068 2222 2114 tota
2245 2058 2340 2091 ‘7“
2369 2058 2578 2125 anima;
2606 2056 2699 2113 sed
2720 2066 2804 2113 est
2833 2069 3168 2126 unaquaeque
3198 2056 3398 2125 aliquid
3424 2056 3476 2110 in
3492 2056 3634 2110 anim
3655 2074 3686 2108 t.

2111 2147 2379 2217 Quoniam
2411 2161 2541 2219 ergo
2589 2146 2796 2218 singula
2830 2146 3196 2201 instrumenta
3242 2146 3443 2199 habent
3496 2150 3550 2198 et
3590 2144 3695 2198 hoc

2110 2239 2256 2312 quod
2281 2246 2409 2294 sunt
2432 2246 2489 2292 et
2517 2238 2852 2308 aptitudines
2882 2251 3030 2303 suas,
3057 2245 3112 2292 et
3138 2251 3266 2291 suos
3289 2251 3419 2291 usus
3446 2253 3459 2289 :
3487 2236 3687 2291 discer-

2109 2348 2303 2388 namus
2336 2333 2388 2387 in
2414 2332 2693 2387 voluntate
2722 2330 2964 2399 (propter
2983 2344 3145 2398 quam
3168 2330 3270 2386 ista
3312 2328 3564 2398 dicimus)
3612 2329 3691 2383 in-

2110 2431 2487 2489 strumentum,
2511 2430 2567 2477 et
2596 2421 2925 2492 aptitudines
2949 2420 3088 2490 ejus,
3118 2432 3174 2476 et
3202 2438 3357 2477 usum
3387 2421 3537 2491 ejus:
3560 2436 3693 2489 quas

2111 2513 2436 2583 aptitudines
2460 2513 2512 2568 in
2538 2512 3126 2583 voluntate1possumus
3151 2512 3431 2569 nominare
3448 2510 3692 2565 affectio-

2110 2622 2228 2661 nes.
2267 2606 2532 2663 Aﬁ‘ectum
2572 2605 2771 2677 quippe
2794 2606 2887 2639 ³⁷⁸⁸
2912 2614 2996 2662 est
3026 2606 3445 2660 instrumentum
3479 2603 3688 2659 volendi

2109 2699 2499 2769 aptitudinibus
2528 2698 2659 2754 suis.
2680 2697 2834 2754 Unde
2859 2698 3058 2754 dicitur
3085 2698 3318 2754 hominis
3347 2698 3547 2763 anima,
3569 2714 3689 2752 cum

2107 2793 2456 2848 vehementer
2474 2791 2589 2848 vult
2619 2789 2845 2862 aliquid,
2872 2789 3064 2846 aﬂ‘ecta
3108 2804 3229 2857 esse
3278 2788 3345 2844 ad
3373 2791 3467 2822 ³⁷⁸⁸
3511 2790 3693 2845 νυιθηο

2110 2884 2236 2938 dum
2268 2883 2417 2949 illud,
2444 2882 2528 2938 vel
2554 2882 2849 2938 affectuose
2898 2881 3036 2938 velle
3061 2881 3176 2933 ³⁷⁸⁷.
3220 2882 3480 2939 Voluntas
3512 2883 3693 2953 itaque
3763 2914 3767 2918 -

2035 3002 2080 3064 ο
2112 2973 2204 3006 ³⁷³⁸
2233 2974 2336 3029 dici
2368 2973 2581 3029 videtur
2598 2972 2875 3044 aequivoce
2900 2970 3200 3042 tripliciter.
3252 2972 3409 3027 Aliud
3436 2972 3578 3027 enim
3609 2980 3694 3028 est

2109 3066 2529 3123 instrumentum
2562 3064 2799 3130 volendi,
2852 3062 2997 3119 aliud
3045 3063 3260 3121 aﬁ'ectio
3296 3063 3642 3118 instrumenti
3672 3104 3688 3126 ,

2110 3153 2257 3210 aliud
2288 3169 2418 3210 usus
2457 3154 2550 3185 ³⁷⁸³
2584 3152 2824 3222 ejusdem
2856 3151 3223 3209 instrumenti.
3264 3152 3688 3207 lnstrumentum

2107 3243 2317 3299 volendi
2346 3252 2430 3298 est
2462 3242 2544 3297 vis
2574 3237 2896 3307 illa'animaa,
2929 3257 3034 3312 qua
3066 3242 3267 3298 utimur
3289 3242 3355 3297 ad
3380 3242 3686 3297 volendum:

2107 3337 2266 3393 sicuti
2303 3345 2388 3393 est
2427 3336 2565 3391 ratio
2590 3336 3008 3391 instrumentum
3046 3320 3402 3391 ratiocinandi
3452 3350 3558 3405 quo
3582 3337 3688 3390 uti-

2109 3445 2230 3485 mur
2254 3444 2376 3483 cum
2409 3428 2502 3459 "9°
2532 3426 2946 3493 ratiocinamur;
2991 3436 3047 3482 et
3092 3426 3239 3481 visus
3270 3425 3691 3482 instrumentum

2106 3520 2344 3587 videndi,
2374 3537 2480 3593 quo
2507 3523 2712 3579 utimur
2738 3537 2858 3577 cum
2889 3523 3152 3576 videmus.
3178 3519 3403 3576 Affectio
3427 3519 3585 3589 hujus
3610 3522 3691 3576 in-

2107 3613 2391 3668 strumenti
2421 3623 2525 3680 est,
2552 3630 2660 3685 qua
2688 3614 2767 3670 sic
2798 3612 3029 3669 aﬁicitur
3054 3614 3232 3683 ipsum
3263 3613 3684 3668 instrumentum

2109 3704 2174 3758 ad
2205 3705 2494 3761 volendum
2524 3705 2747 3775 aliquid,
2770 3707 2932 3760 etiam
2965 3705 3181 3775 quando
3226 3704 3354 3759 illud
3384 3705 3527 3774 quod
3574 3704 3681 3758 vult

2108 3812 2213 3853 non
2237 3797 2438 3868 cogitat
2466 3815 2479 3850 :
2506 3806 2563 3851 ut
2591 3799 2635 3853 si
2661 3798 2871 3852 venerit
2896 3798 2947 3851 in
2975 3796 3323 3862 memoriam;
3355 3804 3449 3850 aut
3474 3797 3682 3860 statim,

2109 3889 2203 3945 aut
2228 3905 2326 3945 suo
2363 3897 2606 3959 tempore
2635 3888 2761 3944 illud
2785 3888 2932 3943 velit.
2970 3887 3104 3942 Nam
3134 3891 3213 3943 sic
3241 3898 3326 3943 est
3352 3887 3678 3941 instrumen-

2109 3990 2220 4036 tum
2252 3981 2463 4037 voleudi
2509 3978 2760 4036 affectum
2799 3980 2864 4034 ad
2895 3979 3182 4058 votendum
3222 3979 3469 4045 salutem,
3522 3980 3686 4033 etiam

2107 4074 2323 4141 quando
2352 4072 2496 4127 illam
2528 4087 2631 4126 non
2669 4071 2901 4142 cogitat;
2932 4077 2992 4123 ut
3019 4084 3162 4135 mox,
3203 4084 3324 4123 cum
3363 4068 3454 4100 ³⁷⁹¹
3475 4068 3689 4123 venerit

2107 4163 2162 4218 in
2193 4165 2534 4230 memoriam,
2563 4162 2745 4218 statim
2776 4176 2895 4216 eam
2935 4160 3061 4217 velit
3096 4177 3109 4214 :
3136 4168 3192 4215 et
3213 4160 3292 4215 sic
3322 4168 3405 4215 est
3429 4158 3679 4215 aﬁ‘ectum

2109 4252 2177 4308 ad
2208 4253 2493 4309 volentium
2524 4269 2796 4319 somnum,
2834 4253 2996 4309 etiam
3023 4252 3239 4324 quando
3265 4250 3413 4305 illum
3447 4266 3551 4305 non
3590 4266 3684 4305 eoo

426 4351 548 4392 crre
573 4354 678 4394 non
706 4341 965 4398 valemus.
1011 4343 1068 4400 Si
1110 4345 1255 4400 enim
1296 4345 1582 4417 diligenter
1632 4349 2003 4421 unusquisque
2035 4342 2080 4397 D
2104 4345 2268 4416 gitat;
2295 4356 2352 4401 ut
2376 4362 2500 4402 cum
2530 4346 2676 4400 venit
2712 4346 2765 4399 in
2791 4354 3049 4409 mentem,
3083 4342 3208 4397 velit
3239 4342 3383 4397 illum
3414 4356 3511 4395 suo
3540 4350 3680 4396 tem-

426 4438 603 4485 motus
637 4432 929 4490 voluntatis
977 4450 1089 4491 sua:
1136 4437 1463 4503 consideret,
1517 4440 1779 4512 intelliget
1819 4457 1880 4496 se
1909 4441 2001 4477 "8°

426 4536 697 4593 nunquam
737 4527 1109 4582 rectitudinem
1133 4529 1427 4586 voluntatis
1448 4541 1727 4601 acceptam
1756 4548 1853 4604 per
1877 4550 2004 4607 gra-

429 4610 579 4680 tiam,
612 4614 715 4671 nisi
753 4615 897 4671 aliud
924 4617 1149 4674 volendo
1189 4618 1280 4651 ³⁷⁸¹
1336 4621 1479 4691 quod
1518 4621 1679 4677 simul
1723 4622 1858 4678 velle
1904 4638 1999 4680 ne-

2106 4452 2261 4510 pore.
2293 4437 2579 4510 Nunquam
2605 4438 2749 4493 enim
2781 4437 2854 4490 ita
2882 4443 2966 4490 est
2993 4433 3239 4489 affectum
3265 4473 3279 4497 ,
3308 4441 3368 4486 ut
3390 4432 3679 4501 aliquando

2108 4529 2650 4599 velitatgritudinem,
2710 4536 2883 4582 autut
2915 4526 3044 4581 velit
3093 4540 3368 4595 nunquam
3417 4525 3677 4580 dormire.

2103 4624 2161 4678 ln
2187 4623 2335 4692 justo
2367 4636 2579 4693 quoque
2611 4620 2829 4676 homine
2856 4618 3110 4675 similiter
3137 4623 3223 4673 est
3255 4614 3506 4671 affectum
3540 4617 3684 4672 idem

1718 4736 1950 4792 VABUE
1980 4735 2379 4793 LECTIONES.

495 4824 587 4857 ⁸⁷⁸⁸
609 4825 997 4881 Exbaeredatus
1024 4835 1145 4881 erat.
1173 4843 1297 4881 mss.
1330 4828 1753 4881 exltteredandus
1783 4837 1921 4883 erat.

1998 4828 2090 4859 ³⁷⁷⁰
2106 4827 2274 4894 Quem
2302 4842 2407 4882 non
2434 4826 2687 4887 habebat,
2727 4833 2781 4880 et
2811 4825 3046 4879 nomium
3076 4822 3278 4894 habere
3305 4819 3535 4894 debebat
3560 4835 3685 4870 mss.

426 4910 596 4966 quem
618 4897 853 4949 nondum
890 4896 1143 4962 habebat,
1176 4910 1278 4951 nec
1311 4896 1508 4950 habere
1533 4897 1780 4952 debebat.
1858 4891 2187 4965 ""Qt‘taleiu
2217 4898 2460 4952 videmus
2484 4914 2607 4951 mss.
2639 4896 2826 4964 quales
2853 4896 3101 4949 videmus
3139 4893 3269 4966 “f7”.
3303 4891 3360 4944 ln
3392 4899 3612 4959 peccato
3630 4901 3688 4966 et

424 5036 491 5068 ³77

423 4959 712 5067 ξξξξθμδιίυ
740 4981 865 5067 ηιξ.
895 4980 1016 5021 cum
1062 4959 1281 5067 pecgato
1311 4975 1367 5020 et
1412 4966 1674 5037 ﬁagetlata
1713 4968 1843 5067 rma
1872 4959 2384 5067 “reconciliationem
2399 4959 2790 5067 caccepit'mss.
2840 4966 2908 5021 ad
2940 4959 3689 5067 τεςίζηείὲίδηιῌζτεῐηηξιξξὲιὶἱι

552 5034 971 5091 Conversionem
1020 5026 1255 5105 paradisi
1284 5052 1411 5092 mss.
1448 5026 1909 5093 conversationem
1954 5038 2190 5106 paradisi
2266 5038 2362 5070 ⁸⁷⁷⁵
2399 5036 2512 5092 Suo
2542 5026 2785 5106 tempore
2812 5052 2912 5089 ms.
2954 5032 3356 5106 Victiﬁipmit.
3432 5026 3685 5106 '"ftiixi-

423 5105 650 5177 stimant
676 5106 907 5175 probare
947 5097 1072 5160 ms's.
1105 5106 1418 5161 existimant
1446 5106 1663 5175 probari
1737 5108 1829 5141 "7'
1865 5097 2006 5162 Nihil
2036 5106 2322 5176 perficiunt
2361 5123 2486 5161 mss.
2542 5097 2674 5162 nihil
2707 5106 3000 5177 proﬁciunt
3072 5097 3687 5177 mf“recupera-bililer

426 5167 692 5230 deficiunt
710 5192 834 5246 mss.
874 5177 1301 5246 irreparabiliter
1343 5167 1600 5232 deficiunt
1685 5178 1779 5210 """
1809 5178 1925 5233 Non
1954 5167 2238 5232 destruunt
2263 5180 2407 5246 quod
2432 5194 2558 5231 mss.
2605 5167 2723 5231 ηοίῖ
2747 5177 2980 5231 destruit
3006 5173 3149 5243 quod
3223 5169 3317 5201 ³⁷⁸⁸
3342 5167 3591 5246 lutelligit
3628 5183 3685 5220 sc

423 5258 549 5298 mss.
592 5245 853 5313 intelliget
907 5260 965 5301 se

1039 5247 1131 5282 ³⁷⁸⁸
1169 5246 1279 5300 Nisi
1310 5246 1511 5317 aliquid
1557 5246 1785 5302 volendo
1835 5265 1959 5303 mss.
1998 5247 2100 5317 nisi
2148 5247 2254 5301 alin

425 5323 677 5369 versatur
748 5315 843 5348 ³⁷⁸³
881 5317 1036 5371 Sicut
1074 5317 1220 5371 enim
1268 5315 1529 5372 habemus
1575 5335 1701 5372 mss.
1766 5316 1903 5372 Vict.
1956 5328 2003 5372 et
2049 5316 2238 5371 Cister.
2284 5317 2427 5372 sicut
2470 5317 2732 5373 habemus
2807 5317 2849 5348 ’⁷

2333 5247 2563 5303 volendo
2633 5247 2730 5281 ³²⁰³
2761 5246 2931 5307 Magis
2991 5238 3237 5307 versatur
3268 5253 3391 5291 mss.
3450 5238 3685 5290 maxime

2926 5312 3225 5367 Rationalis
3262 5307 3513 5362 voluntas
3573 5316 3682 5359 tota

422 5399 552 5459 mss.
584 5384 849 5459 ratlo_vel
877 5386 1124 5459 voluntas
1175 5385 1724 5459 tota__g"”_Aﬂ“'ectus
1772 5389 1996 5459 quippe,
2019 5384 2318 5459 mss.}_'t:ct.
2349 5386 2385 5440 3
2411 5396 2458 5442 et
2495 5387 2549 5441 9.
2589 5385 3080 5459 Aﬂ'ectumquippe
3133 5380 3246 5459 1"“
3269 5375 3526 5459 Alfectatn
3564 5391 3684 5430 esse

416 5454 494 5507 ad
524 5470 648 5510 mss.
684 5453 878 5510 affecta
905 5469 1029 5513 esse
1052 5457 1119 5512 ad
1144 5473 1245 5511 ms.
1284 5454 1415 5509 Vict.
1448 5457 1482 5511 9
1510 5455 1756 5512 aﬁ‘ectata
1785 5446 1918 5513 esse
1932 5458 1999 5511 ad
2074 5455 2486 5512 m"All‘ectuose
2520 5470 2640 5510 esse
2666 5456 2746 5510 vel
2777 5446 2913 5509 velle
2936 5446 3062 5505 mss.
3095 5449 3385 5507 affectuose
3417 5446 3552 5501 velle
3580 5463 3679 5500 ms.

433 5521 570 5601 Vict:
600 5525 634 5580 9
641 5525 978 5601 joluptuose
1004 5526 1140 5582 velle
1166 5597 1178 5601 _
1212 5526 1309 5601 "ff
1325 5524 1583 5601 voluntas
1606 5527 1788 5601 utique
1809 5526 2073 5601 ms._Vic¢.
2098 5526 2132 5583 9
2156 5526 2401 5582 voluntas
2423 5528 2605 5601 itaque
2676 5525 2771 5558 ’τον
2786 5521 3205 5601 Aliud_a_ﬁ'e_ctio,
3232 5519 3375 5601 aliud
3396 5532 3528 5601 usus
3550 5533 3676 5571 mss.

427 5593 570 5650 aliud
600 5588 813 5649 adectio
836 5597 1211 5663 instrumenti,
1239 5595 1383 5651 aliud
1409 5610 1539 5651 usus
1611 5588 1832 5666 Ψοοιιδ
1860 5598 2062 5651 utimur
2084 5610 2206 5650 cum
2234 5613 2360 5651 mss.
2386 5611 2496 5666 quo
2518 5588 2729 5649 utimur
2749 5609 2869 5648 cum
2946 5594 3039 5625 ³⁷⁹¹
3059 5593 3122 5648 Ει
3147 5588 3364 5663 quando
3394 5588 3543 5645 illam
3575 5602 3681 5641 non

426 5666 627 5734 cogitat
653 5666 927 5736 applicare
957 5683 969 5720 :
1011 5674 1069 5720 ut
1094 5682 1218 5722 mox
1250 5683 1371 5722 cum
1398 5683 1524 5721 mss.
1565 5665 1729 5721 etiam
1761 5667 1973 5736 quando
2017 5665 2158 5721 illam
2209 5681 2313 5721 non
2342 5665 2568 5739 cogitat,
2597 5674 2654 5719 ut
2686 5679 2805 5719 mox
2854 5680 2975 5718 cum
