3936 6048
241 210 344 264 535

738 207 797 263 S.
838 207 1138 265 ANSELMI
1175 206 1523 264 CANTUAR.
1567 202 1879 258 AlltjlllEl‘.
1925 204 2076 258 OPP.
2121 205 2299 259 PARS
2338 206 2377 259 Ι.
2420 238 2487 245 -
2516 205 2941 263 DOGMATICA.

3392 204 3491 227 ενι-ιη

3389 225 3421 258 ἶ.
3429 224 3461 257 ι’)
3467 224 3496 255 υ

244 322 665 378 instrumentum
697 319 763 372 ad
813 319 1097 374 volendnm
1145 318 1433 390 justitiam.
1488 318 1649 371 etiam
1693 332 1813 370 cum
1846 319 1894 376 Α
1920 315 2210 371 volendnm
2242 320 2712 384 commoditatem;
2752 320 2918 374 altera
2951 320 3018 374 ad
3051 318 3335 374 volentium
3379 338 3496 375 rec—

243 416 443 471 dormit
468 431 483 482 ;
510 424 589 479 ut,
608 427 727 469 cum
753 427 870 468 eam
900 412 1120 481 cogitat,
1152 411 1334 466 statim
1359 426 1478 466 eam
1503 410 1650 465 velit.
1682 409 1819 465 Usus

242 523 373 562 vero
398 506 637 578 ejusdem
664 504 1007 559 instrumenti
1032 511 1136 569 est,
1168 518 1330 574 quem
1377 518 1481 557 non
1534 492 1817 567 habemus,

246 598 347 654 nisi
383 612 505 652 cum
535 596 837 667 cogitamus
860 610 972 650 rem
1000 610 1162 665 quam
1193 595 1460 650 volumus.
1492 595 1700 651 Dicitur
1727 611 1822 649 au-

247 697 353 743 tem
386 686 652 749 voluntas,
683 692 737 739 et
766 685 1186 740 instrumentum
1227 685 1463 752 volendi,
1522 693 1577 739 et
1612 683 1823 740 all'ectio

243 778 384 850 ejus,
417 791 474 833 et
508 793 641 833 usus
692 777 828 847 ejus.
871 778 1300 835 instrumentum
1333 779 1547 850 quidem
1577 779 1824 833 volunta—

244 879 350 924 tem
381 883 660 932 vocamus,
690 868 907 938 quando
928 867 1159 924 dicimus
1184 884 1279 923 nos
1309 878 1621 925 convertere
1649 870 1715 924 ad
1743 871 1824 924 di-

243 973 401 1015 versa
427 958 780 1024 voluntatem,
802 958 963 1014 modo
987 958 1198 1014 scilicet
1231 960 1298 1014 ad
1322 959 1606 1015 volendum
1638 960 1826 1016 ambu-

242 1048 382 1116 lare,
419 1049 582 1104 modo
607 1049 674 1104 ad
710 1049 998 1104 volendum
1028 1050 1240 1115 sedere,
1265 1052 1421 1106 modo
1448 1052 1512 1106 ad
1540 1053 1823 1109 volendum

245 1141 393 1196 aliud
414 1150 470 1196 et
502 1140 668 1196 aliud.
708 1139 821 1196 Hoc
843 1140 1262 1197 instrumentum
1290 1158 1503 1213 semper
1533 1145 1696 1200 habet
1729 1147 1826 1201 ho—

1925 407 2231 463 titudinem.
2289 410 2490 481 Nempe
2551 412 2683 467 nihil
2738 413 2854 467 vult
2906 412 3187 475 voluntas,
3241 428 3361 481 qua:
3418 424 3502 467 est

1924 500 2373 566 instrumentum,
2400 504 2502 557 nisi
2548 514 2640 558 aut
2672 504 3106 570 commoditatem
3143 512 3235 558 aut
3278 504 3502 560 rectitu—

1923 591 2124 649 dinem.
2166 595 2439 664 Quidquid
2469 596 2613 650 enim
2645 595 2789 650 aliud
2816 596 2947 662 vult,
2977 605 3070 650 aut
3097 604 3319 666 propter
3349 610 3503 651 corti-

1924 686 2281 753 moditatem,
2317 697 2413 741 aut
2453 697 2677 759 propter
2726 689 3106 743 rectitudinem
3146 689 3290 754 vult;
3332 696 3391 743 et
3433 687 3504 742 ad

1926 780 2053 843 has,
2088 779 2250 833 etiam
2302 780 2348 834 si
2388 778 2627 845 fallatur,
2660 789 2814 850 putat
2845 795 2903 834 se
2934 778 3137 834 referre
3175 779 3316 848 quod
3361 777 3500 832 vult.

1925 867 2030 923 Per
2052 869 2388 925 atl‘ectionem
2421 871 2637 941 quidem
2684 887 2805 941 quae
2832 879 2915 925 est
2943 873 3009 925 ad
3038 870 3323 925 volendum
3356 886 3506 925 com-

1928 963 2241 1018 moditatem
2274 962 2389 1027 ³⁷⁸⁸,
2421 977 2635 1033 semper
2664 962 2777 1017 vult
2823 964 2984 1017 homo
3018 962 3403 1017 beatitudinem
3445 970 3502 1015 et

1926 1056 2116 1111 beatus
2143 1071 2262 1111 esse
2290 1075 2303 1111 :
2330 1070 2427 1127 per
2449 1055 2592 1109 illam
2622 1070 2750 1110 vero
2778 1070 2897 1125 quae
2923 1054 3200 1111 cstad’m
3219 1052 3505 1108 volentium
3576 1084 3589 1089 -

1930 1146 2342 1209 rectitudinem,
2384 1146 2761 1201 rectitudinem
2793 1144 2942 1209 vult,
2982 1154 3036 1200 et
3080 1153 3281 1210 rectus,
3335 1144 3387 1198 id
3421 1152 3507 1198 est

245 1246 357 1299 mo,
400 1231 650 1301 quamvis
711 1247 818 1287 non
868 1247 1083 1302 semper
1128 1232 1218 1288 illo
1264 1236 1637 1292 utatur:sicut
1668 1238 1830 1291 habet
1923 1238 2124 1307 justus,
2159 1252 2297 1291 esse.
2329 1237 2559 1307 Pmpter
2599 1235 3036 1290 commoditatem
3064 1243 3241 1289 autem
3272 1234 3385 1288 vult
3406 1233 3508 1288 ali-

246 1322 442 1387 visum,
470 1322 562 1393 qui
594 1329 677 1377 est
709 1322 1126 1379 instrumentum
1160 1324 1396 1388 videndi,
1430 1326 1593 1379 etiam
1611 1328 1827 1397 quando

246 1410 338 1465 illo
372 1425 479 1465 non
513 1411 708 1476 utitur,
734 1419 794 1465 ut
847 1426 970 1466 cum
1025 1412 1254 1479 dormit;
1305 1423 1359 1468 ct
1390 1430 1511 1469 cum
1538 1430 1605 1470 eo
1636 1416 1825 1481 utitur,

1930 1326 2058 1394 quid
2086 1336 2180 1380 :ut
2206 1342 2329 1382 cum
2356 1326 2465 1380 vult
2485 1341 2642 1380 arare
2663 1324 2744 1380 vel
2772 1325 3041 1389 laborare,
3067 1335 3123 1379 ut
3146 1324 3343 1379 habeat
3367 1326 3510 1380 unde

1934 1426 2151 1472 tueatur
2177 1417 2342 1472 vitam
2360 1427 2414 1472 et
2435 1416 2823 1487 salutemﬁqua:
2848 1416 3128 1473 couunoda
3147 1417 3349 1486 judicat
3364 1431 3507 1472 esse.

246 1499 679 1555 convertitillum
712 1501 870 1556 modo
899 1502 964 1555 ad
995 1501 1282 1557 videndum
1312 1503 1533 1567 coelum,
1583 1504 1741 1559 modo
1761 1506 1829 1560 ad
1931 1510 2158 1579 Propter
2191 1509 2564 1565 rectitudinem
2595 1524 2724 1564 vero
2751 1523 2765 1561 :
2799 1518 2857 1563 ut
2884 1523 3006 1565 cum
3048 1508 3160 1563 vult
3183 1523 3304 1562 cum
3328 1508 3511 1563 labore
3556 1492 3575 1509 "

246 1590 536 1646 videndum
570 1598 799 1656 terram,
821 1591 980 1647 modo
1004 1592 1070 1647 ad
1093 1591 1381 1647 videndum
1413 1592 1614 1662 aliquid
1664 1592 1842 1648 aliud.‘
1865 1652 1904 1669 η
1934 1601 2143 1656 discere
2171 1598 2287 1668 που,
2328 1608 2381 1654 ut
2417 1601 2553 1654 sciat
2578 1610 2750 1664 recte,
2782 1598 2833 1653 id
2865 1607 2949 1654 est
2975 1599 3143 1669 juste,
3175 1597 3376 1652 vivere,
3409 1596 3512 1650 Vo-

248 1683 317 1738 Et
354 1682 433 1738 sic
454 1697 667 1754 semper
697 1683 961 1738 habemus
984 1684 1401 1739 instrumentum
1447 1685 1826 1752 ratiocinandi,
1865 1652 1905 1711 Β
1935 1691 2116 1746 luntas
2154 1704 2317 1755 vero,
2364 1704 2485 1761 quae
2530 1698 2613 1744 est
2655 1704 2784 1744 usus
2826 1689 3097 1759 saepedicti
3147 1689 3511 1753 instrumenti,

248 1773 355 1829 hoc
377 1782 459 1827 est
482 1772 769 1838 rationem,
800 1788 905 1843 qua
934 1789 1039 1829 non
1071 1789 1285 1844 semper
1310 1777 1532 1844 utimur,
1573 1785 1628 1831 et
1671 1792 1833 1846 quam

250 1866 626 1922 ratiocinando
652 1866 718 1921 ad
766 1866 979 1921 diversa
1029 1867 1397 1923 convertimus
1448 1868 1561 1924 ’7”.
1605 1867 1834 1924 Aﬂ'ectio

248 1972 381 2013 vero
410 1957 753 2014 instrumenti
778 1957 1013 2025 volendi,
1044 1957 1245 2013 dicitur
1285 1959 1565 2021 voluntas;
1618 1959 1834 2028 quando

249 2047 481 2103 dicimus
510 2048 785 2104 hominem
811 2063 1025 2119 semper
1047 2047 1248 2103 habere
1273 2046 1600 2105 voluntatem
1630 2049 1836 2104 utbene

251 2140 352 2196 sibi
375 2140 444 2195 sit
474 2158 486 2194 :
515 2156 770 2195 vocamus
797 2154 1032 2212 namque
1058 2141 1145 2195 hic
1174 2139 1268 2173 '7"
1297 2140 1651 2208 voluntatem,
1699 2139 1834 2196 affe-

251 2232 488 2288 ctionem
517 2232 660 2288 illam
683 2233 925 2304 ejusdem
952 2234 1321 2298 instrumenti,
1372 2248 1478 2304 qua
1520 2233 1634 2288 vult
1673 2233 1836 2290 homo

251 2322 389 2378 bene
410 2323 511 2378 sibi
532 2338 673 2379 esse.
698 2324 897 2379 Eodem
923 2325 1082 2380 modo
1104 2336 1326 2381 sanctus
1350 2325 1617 2380 homo’m
1639 2327 1837 2381 asseri-

254 2421 362 2481 tur,
377 2413 542 2469 etiam
556 2430 678 2470 cum
693 2415 955 2470 dormiret
971 2430 1075 2469 non
1109 2415 1328 2483 cogitat,
1352 2415 1721 2471 indesinenter
1743 2415 1840 2469 ha-

250 2507 385 2562 bere
398 2506 725 2563 voluntatem
735 2505 880 2574 juste
895 2506 1114 2561 vivendi
1130 2505 1244 2559 ’7”.
1260 2505 1342 2568 Et,
1360 2521 1482 2560 cum
1503 2505 1640 2561 hanc
1653 2505 1838 2561 volun-

255 2607 421 2654 tatem
438 2596 731 2653 asserimus
742 2595 905 2650 alium
924 2595 1031 2649 alio
1042 2595 1304 2665 majorem
1319 2595 1546 2661 habere;
1577 2610 1682 2649 non
1695 2595 1836 2650 aliud

256 2690 488 2745 dicimus
517 2688 886 2753 voluntatem,
918 2702 1082 2758 quam
1118 2686 1263 2742 illam
1300 2686 1636 2743 affectionem
1656 2687 1838 2758 ipsius

261 2784 420 2856 133
444 2781 810 2848 instrumenti,
839 2796 944 2852 qua
974 2780 1087 2835 vult
1107 2778 1253 2848 juste
1274 2781 1476 2836 vivere.
1506 2781 1839 2836 Instrumen-

256 2883 372 2929 tum
411 2874 554 2930 enim
586 2887 694 2928 non
722 2872 815 2904 ³⁷³⁸
840 2881 924 2927 est
958 2873 1010 2926 in
1056 2871 1164 2926 alio
1193 2869 1398 2940 majus,
1429 2878 1484 2926 et
1523 2871 1577 2925 in
1606 2870 1711 2926 alio
1738 2871 1837 2926 mi-

1936 1799 2039 1839 non
2062 1793 2143 1839 est
2172 1784 2271 1838 nisi
2303 1798 2426 1838 cum
2449 1783 2651 1853 cogitat
2674 1782 2869 1852 aliquis
2894 1782 3039 1852 quod
3066 1780 3199 1847 vult,
3224 1790 3282 1835 ut
3307 1781 3513 1836 dictum

1936 1885 2034 1930 est.
2071 1874 2237 1942 Hujus
2267 1873 2559 1929 voluntatis
2590 1872 2869 1944 multiplex
2913 1881 2997 1928 est
3036 1872 3271 1927 divisio:
3302 1872 3369 1927 de
3406 1888 3513 1941 qua

1938 1985 2042 2024 non
2071 1968 2252 2031 modo,
2290 1967 2386 2021 sed
2425 1965 2651 2020 forsitan
2682 1964 2818 2019 alias
2848 1964 3109 2019 dicemus.
3141 1961 3291 2019 Velle
3330 1973 3515 2017 autem

1937 2060 2269 2129 tequivocum
2300 2066 2405 2121 est,
2436 2058 2576 2113 sicut
2599 2057 2784 2112 videre
2817 2074 2830 2110 :
2863 2056 3318 2126 quemadmodum
3352 2070 3513 2110 nam-

1937 2166 2043 2221 que
2072 2150 2273 2207 dicitur
2307 2148 2518 2212 videre,
2553 2147 2644 2217 qui
2679 2148 2848 2201 utitur
2878 2147 2993 2201 visu
3021 2163 3035 2212 ;
3062 2154 3116 2202 et
3144 2146 3235 2215 qui
3264 2161 3371 2200 non
3407 2145 3517 2197 uti-

1941 2251 2050 2307 tur,
2071 2239 2161 2295 sed
2191 2240 2282 2309 qui
2307 2238 2468 2294 habet
2493 2237 2849 2309 aptitudinem
2874 2235 3123 2291 videndi:
3149 2235 3222 2289 ita
3254 2233 3520 2290 asseritur

1937 2332 2093 2398 velle,
2125 2340 2181 2388 et
2224 2332 2319 2402 qui
2358 2331 2531 2385 utitur
2565 2331 2935 2385 instrumento
2970 2326 3179 2384 volendi
3229 2326 3521 2398 cogitando

1939 2424 2084 2495 quod
2109 2422 2251 2487 vult;
2281 2430 2336 2478 et
2366 2421 2459 2492 qui
2484 2437 2591 2478 non
2628 2421 2817 2485 utitur,
2848 2418 3102 2490 quoniam
3142 2418 3482 2473 atl'ectionem
3502 2455 3520 2480 ,

1942 2515 2044 2571 hoc
2069 2522 2151 2568 est
2181 2512 2561 2583 aptitudinem,
2610 2510 2780 2565 habet
2818 2509 3050 2564 volendi.
3084 2508 3188 2563 Per
3224 2507 3325 2562 hoc
3350 2508 3519 2561 etiam

1941 2603 2197 2675 cognosci
2231 2610 2408 2673 potest
2458 2601 2619 2655 aliam
2664 2615 2785 2657 esse
2820 2598 3152 2653 voluntatem
3194 2597 3523 2651 instrumen-

1941 2704 2051 2749 tum
2080 2692 2320 2758 volendi,
2363 2691 2523 2746 aliam
2570 2689 2685 2759 ejus
2733 2688 3100 2753 allectionem,
3153 2687 3313 2740 aliam
3361 2701 3521 2739 usum

1939 2787 2177 2859 ejusdem
2224 2783 2567 2840 instrumenti
2603 2799 2616 2836 :
2650 2783 2774 2853 quia
2799 2781 2844 2837 si
2893 2781 3090 2838 dicitur
3129 2779 3309 2849 justus
3336 2778 3523 2843 homo,

1940 2879 2104 2934 etiam
2138 2892 2263 2931 cum
2289 2876 2490 2931 dormit
2531 2882 2585 2929 et
2620 2872 2754 2926 nihil
2781 2872 3013 2942 cogitat,
3046 2870 3248 2924 habere
3273 2868 3524 2921 volunta-

258 2982 382 3022 nus.
412 2965 554 3022 Usus
581 2973 760 3021 autem
791 2964 953 3036 huius
987 2963 1359 3032 instrumenti,
1391 2962 1637 3019 Voluntas
1667 2963 1838 3018 nomi-
1868 2991 1912 3052 ρ
1945 2979 2052 3025 tem
2072 2968 2216 3039 juste
2238 2965 2486 3030 vivendi;
2515 2973 2570 3018 et
2602 2961 2830 3031 injustus
2862 2962 3023 3017 homo
3046 2967 3274 3029 negatur
3295 2956 3520 3020 habere,

258 3068 419 3116 natur
447 3078 460 3113 :
493 3066 553 3113 ut
577 3073 701 3115 cum
732 3057 862 3111 dicit
890 3054 1287 3126 aliquiszModo
1315 3056 1488 3112 habeo
1509 3055 1840 3112 voluntatem

262 3150 492 3223 legendi,
529 3150 582 3206 id
624 3158 727 3216 est,
762 3148 919 3205 Modo
950 3147 1070 3203 volo
1099 3148 1304 3218 legere;
1337 3158 1456 3215 aut,
1489 3147 1645 3204 Modo
1668 3150 1842 3205 habeo

258 3243 593 3298 voluntatem
623 3241 929 3306 scribendi,
966 3242 1069 3297 hoc
1099 3249 1201 3306 est,
1240 3240 1395 3296 Modo
1431 3241 1550 3296 volo
1577 3242 1839 3298 scribere.

264 3332 419 3389 Sicut
442 3332 586 3387 enim
608 3332 811 3395 videre,
834 3339 917 3387 est
941 3332 1016 3385 uti
1045 3332 1185 3396 visu,
1208 3333 1298 3401 qui
1317 3340 1401 3386 est
1422 3333 1841 3387 instrumentum

262 3422 481 3478 videndi
507 3438 523 3487 ;
567 3431 623 3476 et
677 3436 806 3476 usus
832 3422 949 3491 ejus
986 3429 1071 3476 est
1103 3422 1268 3484 visio,
1302 3422 1385 3475 vel
1414 3422 1564 3477 visus
1585 3462 1599 3486 ,
1628 3424 1843 3492 quando

265 3514 419 3569 visus
472 3511 744 3584 signiﬁcat
790 3512 933 3567 idem
975 3512 1119 3582 quod
1172 3512 1309 3566 visio
1361 3513 1656 3583 (signiﬁcat
1701 3514 1843 3569 enim

266 3604 432 3660 etiam
459 3604 610 3659 visus
633 3604 1046 3660 instrumentum
1084 3603 1318 3674 ipsum):
1356 3604 1429 3659 ita
1468 3604 1623 3671 velle,
1649 3612 1731 3659 est
1770 3602 1845 3659 uti

267 3694 570 3758 voluntate,
603 3709 723 3763 qua:
754 3700 839 3748 est
884 3692 1301 3748 instrumentum
1343 3693 1584 3759 volendi,
1634 3704 1688 3749 et
1718 3710 1845 3749 usus

269 3786 389 3857 ejus
417 3793 502 3841 est
535 3784 816 3849 voluntas,
857 3800 976 3854 qua:
1016 3800 1123 3840 non
1163 3794 1245 3841 est
1295 3785 1398 3840 nisi
1431 3786 1649 3857 quando
1699 3786 1848 3854 cogi-

254 3889 450 3933 tamus
478 3877 621 3948 quod
666 3877 936 3932 volumus.
967 3876 1228 3934 Voluntas
1267 3877 1460 3947 igitur,
1498 3893 1618 3949 qua:
1648 3879 1848 3933 instrn-

271 3978 511 4025 mentum
551 3977 655 4035 est,
698 3985 802 4024 una
847 3969 960 4025 sola
1010 3980 1114 4038 est,
1163 3971 1216 4026 id
1271 3978 1383 4036 est,
1428 3972 1847 4026 instrumentum

269 4062 481 4118 volendi
513 4077 680 4117 unum
723 4062 897 4118 solum
935 4073 1018 4119 est
1055 4063 1108 4118 in
1147 4065 1393 4131 homine;
1428 4064 1567 4119 sicut
1603 4080 1706 4119 una
1737 4063 1850 4119 sola

268 4165 354 4211 est
382 4156 545 4223 ratio,
577 4155 629 4209 id
673 4164 778 4220 est,
818 4172 982 4209 unum
1029 4155 1203 4210 solum
1234 4157 1652 4212 instrumentum
1677 4158 1848 4213 ratio-

270 4245 508 4301 cinandi.
560 4244 824 4300 Voluntas
876 4261 1035 4312 vero,
1088 4261 1197 4317 qua
1251 4246 1669 4303 instrumentum
1719 4248 1850 4303 illud

1943 3077 2063 3117 cum
2103 3058 2323 3124 dormit,
2358 3056 2689 3113 voluntatem
2720 3053 2882 3123 juste.
2912 3052 3173 3108 videndi:
3199 3050 3386 3105 eadem
3427 3064 3525 3103 vo-

1943 3152 2123 3207 luntas
2166 3157 2393 3220 negatur
2435 3148 2502 3201 de
2533 3145 2760 3213 injusto,
2792 3159 2912 3213 quae
2953 3141 3216 3197 asseritur
3247 3141 3313 3196 de
3349 3137 3519 3207 justo.

1944 3243 2128 3298 Palam
2180 3220 2360 3296 autem
2402 3247 2486 3293 est
2528 3237 2654 3308 quia
2704 3250 2826 3291 cum
2877 3232 3105 3289 dicimus
3150 3247 3256 3287 non
3301 3244 3421 3285 esse
3470 3228 3522 3281 in

1943 3332 2143 3402 injusto
2190 3328 2492 3385 dormiente
2542 3326 2873 3380 voluntatem
2914 3324 3060 3394 juste
3109 3320 3358 3385 vivendi,
3416 3333 3526 3372 non

1944 3429 2173 3492 negatur
2204 3418 2256 3472 in
2286 3433 2352 3473 eo
2382 3430 2502 3471 esse
2538 3414 2804 3482 voluntas,
2847 3428 3008 3482 quam
3051 3409 3162 3465 dixi
3188 3410 3525 3465 instrumen-

1946 3524 2057 3569 tum
2085 3530 2100 3568 :
2130 3509 2389 3583 quoniam
2418 3522 2539 3562 eam
2571 3506 2665 3538 ³⁸⁰¹
2700 3519 2913 3575 semper
2960 3504 3121 3559 habet
3148 3499 3325 3559 omnis
3362 3499 3527 3553 homo

1944 3603 2222 3660 dormiens
2273 3608 2327 3656 et
2353 3597 2603 3671 vigilans.
2635 3597 2976 3667 Quapropter
3002 3592 3253 3663 quoniam
3290 3604 3392 3645 non
3419 3586 3525 3642 alia

1945 3696 2193 3753 voluntas
2229 3691 2613 3764 pronuntiatur
2654 3691 2757 3744 hoc
2803 3688 2961 3743 modo
3004 3687 3056 3740 in
3095 3685 3234 3739 bono
3273 3696 3393 3737 esse
3424 3682 3526 3735 bo~

1946 3788 2114 3851 mine,
2144 3798 2306 3856 quam
2335 3781 2423 3837 illa
2449 3796 2568 3853 qua:
2608 3787 2914 3835 removetur
2941 3792 2972 3831 a
3003 3773 3142 3829 malo
3172 3791 3185 3827 :
3223 3787 3329 3826 non
3360 3769 3530 3839 signi-

1949 3878 2142 3934 ficatur
2171 3877 2225 3932 in
2273 3877 2414 3932 bono
2455 3887 2574 3929 esse
2600 3872 2879 3936 voluntas,
2915 3883 3035 3939 qua:
3078 3867 3525 3927 instrumentum;

1949 3975 2045 4029 sed
2079 3969 2190 4038 illa,
2220 3984 2325 4040 qua
2351 3965 2581 4021 aﬂicitur
2608 3965 3046 4019 instrumentum.
3079 3958 3231 4026 Quod
3260 3964 3442 4009 autem
3471 3953 3526 4008 in

1949 4063 2267 4122 dormiente,
2314 4058 2416 4114 nisi
2462 4057 2714 4121 somniet,
2753 4070 2857 4109 non
2906 4053 2977 4108 sit
3022 4051 3269 4106 voluntas
3298 4062 3415 4118 quae
3445 4055 3531 4101 est

1948 4172 2101 4223 usus,
2133 4154 2355 4210 dubium
2388 4166 2493 4206 non
2527 4158 2609 4219 est
2638 4166 2651 4202 :
2686 4162 2875 4219 quare,
2926 4160 3047 4202 cum
3084 4145 3277 4200 dicitur
3308 4143 3360 4197 in
3400 4143 3528 4196 dor-

1950 4251 2150 4305 miente
2196 4248 2342 4318 justo
2388 4245 2481 4278 ⁸⁸⁸³
2522 4244 2768 4299 voluntas
2805 4240 2949 4311 juste
2997 4237 3240 4304 vivendi,
3300 4250 3404 4289 non
3452 4234 3531 4289 ibi

270 4336 524 4401 allicitur,
551 4336 746 4408 duplex
792 4346 894 4393 est.
941 4337 1073 4393 Nam
1114 4340 1258 4395 sicut
1285 4341 1433 4395 visus
1463 4340 1643 4410 plures
1686 4341 1849 4397 habet
1882 4340 1926 4395 D
1953 4337 2273 4408 intelligitur
2297 4335 2548 4391 voluntas
2577 4334 2672 4366 ³⁸⁸³³
2700 4348 2849 4388 usus.
2883 4330 2998 4387 Non
3025 4337 3109 4385 est
3147 4327 3310 4401 igitur
3335 4324 3530 4379 volun-

271 4428 635 4499 aptitudines;
679 4428 917 4497 scilicet,
959 4431 1024 4485 ad
1067 4430 1352 4486 vivendum
1405 4431 1610 4496 lucem,
1655 4441 1710 4487 et
1752 4448 1849 4503 per

272 4519 446 4574 lucem
477 4520 541 4573 ad
573 4519 859 4574 videndum
895 4520 1122 4592 ﬁguras,
1156 4521 1223 4576 ad
1254 4522 1542 4578 videndum
1577 4523 1670 4556 ³⁷⁹⁷
1697 4524 1845 4580 colo-

271 4624 398 4674 res;
446 4611 517 4664 ita
566 4610 982 4665 instrumentum
1027 4613 1239 4668 volendi
1281 4616 1414 4670 duas
1442 4615 1605 4671 habet
1635 4617 1841 4687 aptitu-

271 4703 446 4768 dines,
475 4716 615 4774 quas
655 4716 789 4758 voco
823 4700 1137 4760 aﬂ‘ectiones
1171 4718 1187 4758 :
1224 4721 1451 4775 quarum
1500 4722 1604 4762 una
1656 4718 1742 4764 est
1776 4709 1843 4764 ad

1956 4441 2039 4488 tas
2085 4429 2318 4493 aﬂ‘eetio,
2353 4429 2599 4484 voluntas
2649 4426 3064 4481 instrumentum
3089 4461 3104 4487 ,
3151 4427 3244 4475 aut
3282 4418 3532 4473 voluntas

1955 4539 2114 4591 usus;
2164 4522 2491 4578 voluntatem
2535 4531 2748 4591 quoque
2793 4516 3208 4570 instrumentum
3263 4525 3373 4567 non
3412 4524 3535 4563 esse

1956 4615 2285 4673 voluntatem
2311 4627 2469 4668 usum
2503 4610 2680 4665 nullus
2702 4608 2948 4677 ignorat;
2977 4604 3230 4675 quoniam
3262 4616 3381 4656 cum
3412 4600 3535 4654 dico

1957 4722 2045 4763 me
2070 4720 2175 4761 non
2203 4703 2408 4759 habere
2428 4700 2756 4756 voluntatem
2782 4695 3075 4762 scribendi,
3100 4707 3257 4750 nemo
3285 4688 3538 4758 intelligit

1545 4821 1629 4876 VA
1639 4821 1778 4876 RUE
1820 4815 2222 4877 LECTIONES.

234 4956 240 4962 .
343 4906 733 4965 ""Convertit
756 4909 969 4965 animus
998 4926 1124 4967 mss.
1157 4909 1304 4966 Gem.
1356 4914 1691 4968 convertitur
1718 4915 1933 4969 animus
1968 4911 2103 4965 Vict.
2147 4919 2196 4964 et
2228 4905 2413 4963 Cister.
2443 4904 2808 4977 convertimus
2881 4900 2974 4977 "’f
2997 4899 3275 4977 Vocamuﬁ
3299 4911 3539 4977 nﬂmﬂltﬁ

271 4981 413 5038 hanc
455 4996 581 5051 mss.
616 4993 871 5034 vocamus
908 4996 1144 5051 namque
1180 4982 1269 5036 hic
1341 4982 1433 5016 '7”
1458 4982 1614 5037 Modo
1634 4967 2052 5040 "cumﬁsanctus
2099 4981 2261 5036 homo
2309 4993 2435 5031 mss.
2474 4974 2633 5051 modo
2690 4981 2909 5029 sanctus
2948 4972 3109 5051 homo
3180 4967 3275 5000 ³⁷⁹⁸
3308 4967 3533 5051 Ἤχθωιί

272 5051 491 5108 dicitur.
532 5048 600 5105 Et
633 5063 756 5104 cum
785 5065 910 5103 mss.
953 5048 1192 5106 vivendi.
1223 5051 1437 5108 Etcum

1514 5053 2045 5109 m“lnstrumentum
2073 5062 2202 5103 vero
2233 5063 2337 5102 non
2365 5063 2490 5100 mss.
2520 5045 2941 5099 instrumentum
2967 5041 3111 5095 enim
3142 5053 3248 5092 non

160 5120 179 5141 ‘
271 5136 435 5196 guras
455 5161 471 5186 ,
501 5130 557 5177 et
581 5120 901 5196 per'liguras
924 5111 990 5196 id
1020 5120 1309 5176 videndum
1339 5140 1467 5178 mss.
1498 5108 1817 5196 ﬁgurasi,h_ad
1848 5121 2138 5196 videndum
2147 5189 2157 5196 .
2208 5117 2303 5151 ³⁷⁸⁸
2334 5113 2910 5196 ρυαξ-Ξᾶηνοιθηόωη
2940 5108 3537 5196 commoditatem-per:

274 5187 412 5261 [inet
462 5187 597 5245 mss.
652 5187 783 5243 Vici.
830 5199 878 5261 et
918 5189 1115 5261 ACister.
1163 5206 1284 5261 qua:
1325 5202 1411 5248 est
1451 5196 1517 5248 ad
1537 5187 1852 5249 'volendum
1892 5189 2374 5261 commoditatem;

3324 5036 3415 5068 3191
3446 5026 3538 5090 pi,

2453 5184 2547 5219 ³⁷⁹⁹
2576 5183 2707 5249 Quae
2734 5198 2876 5237 nunc
2913 5179 3099 5249 estad
3143 5195 3270 5233 mss.
3309 5174 3444 5249 Vict.
3485 5185 3536 5229 et

273 5259 462 5333 Cister.
498 5260 841 5333 qugeguad
914 5259 1009 5292 ³⁸⁰⁰
1046 5247 1463 5318 Vult'laborare
1502 5264 1585 5319 vel
1627 5247 1836 5319 discere
1880 5278 2007 5315 mss.
2059 5258 2174 5333 v_u|_t
2201 5256 2541 5333 cum‘labore
2570 5247 2800 5333 discere
2828 5268 2927 5333 ms.
2983 5247 3534 5333 .Cis‘ter.'vult.labore

273 5330 484 5385 discere
516 5318 532 5329 ’
556 5328 647 5403 "f"
674 5327 857 5403 Palam
899 5339 1079 5385 autem
1106 5340 1189 5387 est
1214 5333 1341 5403 quia
1373 5347 1494 5403 eum
1523 5318 1751 5389 dicimus
1795 5347 1901 5386 non
1937 5344 2058 5385 esse
2072 5329 2283 5403 injusto
2308 5326 2598 5403 dormienti
2622 5322 2953 5403 voluntatem
2976 5321 3121 5403 juste
3147 5318 3399 5403 vivendi;
3427 5330 3535 5403 non

276 5407 504 5470 negatur
530 5399 778 5474 voluntas
802 5401 855 5454 in
883 5415 953 5474 eo
977 5416 1095 5456 esse
1123 5393 1286 5472 quain
1314 5402 1424 5455 dixi
1454 5402 1888 5474 instrumentum,
1919 5393 2322 5474 quoniameam
2349 5413 2447 5474 m_s.
2486 5393 2642 5474 _Vict.
2662 5393 2745 5474 15:
2774 5393 2831 5446 in
2866 5393 3065 5474 ξηῙιξειο
3089 5396 3277 5474 ilum}?
3299 5401 3402 5474 ηριι
3431 5399 3534 5474 ΡΫ

274 5459 431 5540 κείω·
458 5482 580 5540 esse
609 5468 857 5540 voluntas
881 5459 1332 5535 instrumentum;
1361 5472 1615 5540 quoniam
1644 5459 1763 5529 eam
1790 5459 1914 5528 mss.
1937 5459 2076 5526 'ah'a.
2116 5469 2335 5540 palam.
2358 5466 2454 5540 1_in
2483 5461 3015 5540 injustqdormiente
3039 5459 3393 5540 voluntatem,
3424 5462 3532 5540 etc.

273 5526 329 5612 ἴα
356 5536 607 5612 ἰῃ-ριζὶιὶε.
685 5539 777 5612 ξ⁸⁰²
802 5541 856 5593 ln
916 5539 1217 5597 dormiente
1260 5526 1405 5610 iusta
1439 5558 1561 5597 mss.
1590 5526 1997 5600 inwdortniente
2025 5526 2172 5612 justo
2246 5537 2338 5569 ³⁸⁰³
2360 5534 2476 5591 Non
2531 5526 2845 5603 intelligitur
2885 5530 3131 5586 voluntas
3165 5544 3289 5583 mss.
3324 5542 3429 5581 non
3459 5526 3537 5579 ibi

277 5604 596 5677 intelligitur
620 5607 864 5664 voluntas
