3940 6046
259 259 364 318 537

1117 261 1204 316 DE
1236 260 1572 318 CONCURD.
1617 261 1886 316 PII.£SC.
1934 263 2042 317 DEI
2083 261 2228 319 CUM
2280 261 2414 318 LIB.
2462 261 2736 318 ARBITB.

3413 267 3513 322 538

257 377 490 432 menon
523 375 722 429 habere
751 373 1166 429 instrumentum
1191 375 1422 429 volcndi.
1456 375 1573 428 Alia
1605 385 1685 430 est
1709 391 1838 446 ergo
1867 379 1914 434 Α
1942 392 2046 430 non
2086 389 2298 443 semper
2333 375 2472 429 mala
2519 385 2632 440 est;
2667 375 2758 430 sed
2795 377 3006 444 quando
3051 379 3322 432 et‘msentit
3369 383 3515 436 carni

255 469 515 524 voluntas
557 468 998 533 iustrmnentum,
1041 467 1146 521 alia
1177 468 1422 522 voluntas
1449 466 1690 532 all'ectio,
1737 467 1838 522 alia

255 557 510 612 voluntas
529 573 677 610 usus.
703 557 962 610 Voluntas
984 557 1197 626 quidem
1225 557 1640 610 instrumentum
1663 563 1841 610 movet

249 665 440 706 omnia
469 648 572 702 alia
621 647 1006 712 instrumenta,
1047 649 1240 718 quibus
1285 657 1476 716 sponte
1527 649 1747 714 utimur,
1787 655 1841 701 et

253 755 384 808 qua!
426 749 554 795 sunt
595 739 646 792 in
705 739 888 804 nobis,
933 749 991 792 ut
1047 755 1266 806 manus,
1317 739 1525 809 lingua,
1569 740 1749 804 visus;
1787 749 1842 794 et

253 847 383 899 qum
408 842 534 886 sunt
571 839 724 885 extra
755 846 886 896 nos,
927 841 986 885 ut
1027 831 1223 902 stylus,
1256 841 1306 886 et
1358 832 1594 897 securis;
1631 843 1684 884 et
1713 832 1842 886 facit

256 938 452 980 omnes
481 922 811 978 voluntarius
841 931 1016 976 motus
1042 940 1054 975 :
1087 923 1198 991 ipsa
1230 937 1355 976 vero
1385 937 1444 976 se
1473 921 1584 975 suis
1607 921 1843 976 affectio-

257 1014 423 1070 nibus
449 1022 651 1069 movet:
678 1015 818 1067 unde
842 1013 944 1067 dici
967 1021 1144 1083 potest
1167 1011 1582 1066 instrumentum
1605 1011 1840 1079 seipsnm

259 1121 508 1161 movens.
563 1107 693 1160 Dico
721 1105 1052 1160 voluntatem
1091 1105 1506 1159 instrmnentum
1533 1119 1722 1158 omnes
1751 1119 1843 1156 vo-

259 1197 527 1252 luntarios
553 1205 732 1251 motus
765 1195 944 1250 facere
993 1214 1006 1249 :
1049 1196 1142 1250 sed
1181 1196 1225 1250 si
1255 1195 1350 1226 ³⁸⁰³
1381 1195 1670 1262 diligenter
1711 1209 1842 1248 con-

259 1287 589 1350 sideramus,
631 1287 720 1340 ille
749 1287 928 1342 verius
953 1287 1046 1318 ³³⁰⁸
1083 1287 1282 1341 dicitur
1313 1285 1490 1341 facere
1517 1301 1674 1340 Olltlle
1700 1285 1842 1356 quod

261 1379 394 1434 facit
413 1391 604 1435 natura
625 1387 718 1434 aut
739 1379 1005 1442 voluntas,
1033 1379 1122 1451 qui
1141 1379 1269 1434 facit
1293 1391 1540 1434 naturam
1565 1389 1618 1433 et
1644 1379 1842 1432 instru-

263 1479 504 1526 mentum
525 1471 738 1526 volendi
779 1481 902 1526 eum
931 1471 1306 1526 affectionibus
1331 1471 1464 1536 suis,
1499 1472 1616 1525 sine
1647 1469 1842 1540 quibus

262 1561 406 1618 idem
439 1563 861 1618 instrumentum
895 1563 1028 1616 nihil
1054 1563 1198 1618 facit.

261 1691 395 1776 Cse.
438 1693 534 1774 _Xll
566 1694 659 1766 [aL
693 1695 885 1776 XXII).
919 1728 990 1737 —
1039 1697 1192 1776 Quod
1235 1717 1298 1754 ea:
1329 1701 1591 1776 voluntate
1631 1708 1842 1761 rertitu-
1877 1719 1918 1776 Β

335 1765 472 1838 diuis
506 1765 602 1838 aut
627 1765 885 1838 commodi
929 1771 1174 1838 procedat
1205 1787 1354 1824 omne
1383 1775 1621 1828 meritum
1673 1779 1842 1832 homi-

335 1835 436 1896 nis,
467 1837 572 1889 sive
598 1839 665 1889 ad
691 1835 935 1902 salutem,
961 1839 1066 1891 sive
1092 1839 1160 1891 ad
1188 1841 1596 1896 damnationem.

337 1927 417 1982 Ex
447 1927 530 1980 his
553 1925 762 1982 duabus
789 1928 1183 1995 atl'ectionibus,
1207 1947 1341 2000 quas
1356 1933 1516 1986 etiam
1541 1934 1842 1990 voluntates

263 2017 532 2082 dicimus,
589 2019 867 2074 descendit
907 2034 1067 2075 omne
1115 2025 1366 2078 meritum
1415 2025 1680 2090 hominis,
1725 2029 1842 2084 sive

265 2109 492 2174 bonum,
525 2111 639 2166 sive
677 2111 896 2165 malmn.
930 2113 1058 2179 Qua:
1087 2113 1204 2168 dua:
1249 2116 1550 2174 voluntates
1593 2120 1754 2174 etiam
1789 2123 1840 2175 in

264 2199 370 2256 hoc
411 2197 664 2258 differunt
693 2201 786 2233 ³⁸⁸⁸
814 2203 937 2272 quia
985 2203 1104 2270 illa,
1151 2221 1268 2274 quae
1315 2217 1399 2262 est
1446 2209 1513 2263 ad
1552 2211 1842 2266 volendum

266 2293 612 2348 commodum
637 2334 651 2359 ,
680 2293 1058 2363 inseparabilis
1088 2305 1198 2370 est;
1235 2297 1319 2350 illa
1349 2313 1478 2352 vero
1513 2317 1632 2370 qua:
1659 2313 1740 2357 est
1776 2304 1844 2358 ad

268 2381 552 2436 volendum
605 2385 1002 2450 rectitudinem,
1055 2363 1373 2454 sepm-abilis
1428 2363 1549 2454 fuit,
1591 2401 1648 2444 ut
1682 2407 1842 2460 supra

267 2473 378 2526 dixi
408 2471 578 2542 (Dial.
607 2473 670 2527 de
695 2471 786 2527 lib.
813 2474 950 2538 arb.,
981 2489 1030 2528 c.
1061 2475 1195 2544 Νη),
1229 2477 1281 2530 in
1307 2479 1574 2549 principio
1607 2483 1658 2535 in
1687 2498 1844 2552 ange-

267 2561 354 2626 lis,
383 2569 437 2617 et
477 2563 530 2616 in
560 2563 752 2634 primis
777 2565 978 2618 nostris
1015 2567 1358 2636 parentibus;
1391 2579 1444 2624 et
1473 2579 1556 2626 est
1586 2574 1759 2629 adlme
1790 2574 1842 2628 in

271 2653 373 2708 hac
402 2653 510 2706 vita
545 2655 905 2710 manentibus.
939 2656 994 2709 In
1028 2657 1129 2712 hoc
1179 2673 1391 2728 quoque
1431 2660 1680 2716 differunt
1721 2665 1847 2733 quia

267 2743 378 2809 illa,
408 2759 526 2814 quae
569 2755 652 2800 est
677 2747 742 2800 ad
785 2747 1069 2802 volendum
1100 2753 1463 2814 commodum,
1501 2770 1604 2806 non
1634 2765 1718 2808 est
1745 2757 1846 2810 hoc

267 2835 412 2904 quod
445 2835 556 2904 ipsa
607 2836 720 2890 vult
747 2855 758 2890 :
791 2837 878 2891 illa
913 2855 1042 2894 vero
1068 2856 1189 2910 quae
1217 2852 1299 2896 est
1325 2844 1390 2896 ad
1431 2844 1524 2875 ³³⁰τ
1561 2845 1846 2900 volendnm

271 2927 669 2992 rectitudinem,
703 2929 969 2986 rectitudo
998 2939 1098 2986 est.
1135 2932 1321 2989 Nullus
1347 2936 1542 3006 quippe
1567 2939 1848 2992 rectitudi-

271 3032 396 3072 nem
427 3017 574 3081 vult,
607 3019 708 3074 nisi
758 3023 1137 3078 rectitudinem
1175 3025 1381 3080 habens
1411 3045 1424 3080 :
1467 3043 1639 3098 neque
1671 3039 1846 3099 potest

1942 469 2344 538 concupiscenti
2379 469 2638 523 adversus
2667 469 2935 534 spiritum.

1943 581 2070 638 CAP.
2132 581 2242 636 XIII
2275 581 2388 654 [αι.
2427 581 2635 654 XXIII].
2662 612 2742 654 7—-
2796 580 2942 654 Unde
2981 591 3054 654 est
3094 593 3200 636 tant
3249 584 3430 638 vitiosa
3467 593 3517 637 et

2264 651 2370 706 tam
2406 669 2569 720 prona
2599 651 2669 704 ad
2711 651 2908 704 malum
2943 653 3201 706 voluntas.

2015 743 2122 798 Sed
2174 752 2230 796 ut
2269 744 2371 798 hoc
2421 743 2631 812 planius
2686 743 3033 812 intelligatur,
3088 745 3516 814 investigandum

1941 845 2028 890 est
2055 837 2194 890 unde
2223 845 2328 889 tam
2363 835 2554 890 vitiosa
2585 845 2638 888 et
2667 845 2772 888 tam
2799 850 2965 905 prona
2991 834 3062 888 sit
3089 837 3156 890 ad
3191 835 3386 888 malum
3417 837 3516 890 ista

1941 923 2210 978 voluntas.
2241 923 2354 978 Non
2379 925 2520 978 enim
2547 923 2870 976 credendum
2895 931 2978 976 est
2999 923 3155 976 talem
3181 925 3322 976 illam
3353 924 3518 976 Demn

1945 1014 2138 1070 fecisse
2169 1015 2220 1068 in
2249 1015 2437 1084 primis
2461 1013 2661 1068 nostris
2692 1013 3024 1083 parentibus.
3059 1013 3191 1067 Cum
3220 1015 3362 1066 enim
3395 1029 3520 1081 pro-

1947 1107 2040 1161 tuli
2073 1117 2322 1160 natnram
2348 1108 2638 1160 humanam
2667 1115 2888 1176 propter
2919 1117 3196 1176 peccatum
3225 1107 3520 1162 incurrisse

1945 1198 2348 1268 corruptionem
2383 1207 2438 1252 et
2482 1197 2752 1267 appetitus
2801 1198 2866 1251 ad
2896 1198 3300 1252 similitudinem
3329 1199 3514 1254 bruto—

1945 1306 2065 1344 rum
2114 1289 2457 1354 animalium,
2493 1305 2598 1344 non
2633 1289 2742 1343 dixi
2788 1290 3058 1358 quomodo
3107 1291 3227 1346 talis
3272 1292 3518 1348 voluntas

1944 1393 2062 1436 orta
2114 1383 2184 1436 sit
2231 1384 2284 1435 in
2322 1383 2562 1436 homine.
2591 1381 2748 1436 Aliud
2793 1399 3024 1452 namque
3075 1391 3200 1438 sunt
3253 1385 3518 1452 appetitus

1945 1473 2120 1526 vitiosi
2155 1491 2167 1524 :
2197 1472 2342 1526 aliud
2393 1472 2586 1556 vitiosa
2640 1473 2889 1527 voluntas
2937 1474 3260 1548 appetitibus
3297 1489 3520 1528 consen-

1949 1562 2108 1616 tiens.
2141 1561 2217 1616 De
2247 1561 2338 1614 tali
2372 1575 2501 1630 ergo
2527 1561 2804 1615 voluntate
2837 1563 3185 1630 qumrendnm
3225 1569 3350 1630 puto
3381 1561 3518 1614 unde

1948 1653 2149 1706 homini
2187 1652 2467 1706 acciderit.
2515 1651 2619 1706 Sed
2652 1653 2695 1706 si
2741 1653 2967 1721 primum
3012 1652 3289 1706 rationalis
3317 1659 3522 1704 natura:

1945 1743 2310 1798 conditionem
2339 1742 2767 1806 consideremus,
2815 1742 2974 1797 facile
3019 1743 3173 1796 nobis
3213 1741 3372 1810 hujus
3403 1743 3522 1795 talis

1947 1833 2238 1886 voluntatis
2269 1847 2432 1886 causa
2473 1831 2694 1900 patebit.
2749 1831 2976 1884 Intentio
3007 1847 3237 1899 namque
3284 1832 3374 1884 Dei
3425 1831 3525 1884 fuit

1945 1933 2002 1977 ut
2031 1923 2232 1992 justam
2265 1923 2467 1978 faceret
2499 1931 2662 1992 atque
2692 1924 2904 1977 beatam
2931 1931 3176 1976 naturam
3205 1923 3522 1976 rationalem

1945 2019 2008 2070 ad
2047 2015 2328 2070 fruendum
2361 2031 2454 2070 se:
2489 2015 2582 2068 sed
2621 2014 2959 2082 nequejusta
3021 2031 3194 2083 neque
3225 2012 3380 2066 beata
3405 2029 3526 2068 esse

1943 2109 2117 2178 potuit
2159 2109 2275 2162 sine
2329 2105 2598 2160 voluntate
2647 2105 2872 2176 justitia:
2905 2115 2958 2159 et
3001 2105 3372 2188 beatitudipis.
3421 2105 3527 2158 Vo—

1945 2203 2128 2256 luntas
2150 2200 2365 2270 quidem
2383 2199 2606 2267 iustitia:
2624 2208 2704 2253 est
2729 2201 2842 2268 ipsa
2861 2199 3098 2268 justitia;
3130 2199 3372 2266 voluntas
3401 2213 3526 2251 vero

1945 2293 2296 2348 beatitudinis
2326 2307 2430 2346 non
2465 2300 2548 2346 est
2585 2289 2862 2346 beatitudo
2895 2309 2907 2344 :
2943 2291 3067 2360 quia
3103 2307 3205 2344 non
3232 2289 3405 2344 omnis
3429 2287 3536 2344 ha-

1946 2385 2038 2438 bet
2079 2383 2502 2448 beatitudinem,
2549 2383 2640 2454 qni
2688 2383 2850 2440 habet
2901 2383 3018 2452 ejus
3065 2383 3420 2436 voluntatem.
3469 2381 3526 2435 ln

1947 2474 2280 2529 beatitudine
2332 2485 2536 2538 autem,
2581 2473 2876 2528 secundum
2928 2474 3168 2527 omnium
3203 2471 3362 2544 134
3401 2488 3527 2526 sen-

1947 2583 2090 2630 sum,
2123 2574 2204 2621 est
2237 2547 2552 2620 snIIicicnt'ia
2583 2567 2944 2636 competentia
2970 2569 3374 2620 commodorum
3405 2566 3526 2620 sine

1949 2661 2094 2715 omni
2127 2661 2426 2732 indigentia
2461 2671 2484 2714 ':
2538 2662 2654 2716 sive
2691 2661 2929 2732 angelica
2984 2659 3316 2728 intelligatur
3367 2661 3530 2714 beati-

1951 2753 2112 2818 tudo,
2163 2752 2278 2807 sive
2321 2751 2409 2806 illa
2459 2767 2620 2822 quam
2655 2751 2884 2806 habebat
2929 2751 3102 2805 Adam
3153 2751 3206 2804 in
3253 2752 3526 2820 paradiso.

1951 2841 2210 2908 Quamvis
2234 2842 2378 2896 enim
2415 2843 2586 2912 major
2618 2842 2689 2896 sit
2717 2841 2994 2896 beatitudo
3025 2825 3342 2911 angelorum
3367 2855 3526 2909 quam

1951 2933 2036 2987 illa
2069 2947 2188 3002 quae
2221 2942 2341 2987 erat
2368 2932 2608 2987 hominis
2648 2932 2698 2985 in
2739 2931 3012 3000 paradiso,
3040 2945 3146 2984 non
3189 2940 3363 2984 tamen
3413 2931 3530 2983 ideo

1953 3024 2136 3094 negari
2167 3031 2344 3092 potest
2385 3023 2558 3077 Adam
2609 3021 3000 3076 beatitudinem
3045 3021 3320 3074 habuisse.
3378 3021 3531 3074 Sient

269 3110 465 3180 aliquis
513 3111 892 3168 rectiludinem
929 3113 1092 3181 velle,
1135 3116 1238 3172 nisi
1291 3119 1630 3174 rectitudine.
1665 3120 1845 3174 Palam
1874 3089 1915 3146 θ
1951 3131 2186 3186 namque
2235 3115 2388 3170 calor
2433 3129 2660 3182 magnus
2707 3123 2789 3167 est
2835 3113 2951 3168 sine
2998 3111 3144 3166 onmi
3197 3110 3430 3178 frigore,
3477 3117 3531 3166 et

278 3213 461 3256 autem
494 3211 578 3256 est
619 3203 733 3274 ejus
774 3205 1100 3268 voluntatis,
1126 3221 1246 3276 qum
1283 3219 1364 3264 est
1407 3211 1844 3276 instrumentum,

273 3297 430 3350 istam
472 3311 592 3352 esse
631 3297 1032 3352 rectitudinem.
1075 3297 1225 3354 Ilanc
1255 3303 1696 3370 pronuntiamus,
1725 3321 1844 3359 cum

269 3387 476 3457 iustitia
523 3389 834 3461 designatur
879 3390 1143 3446 rectitudo
1189 3393 1484 3450 voluntatis
1527 3408 1746 3466 propter
1791 3412 1848 3452 sc

273 3491 510 3534 servata.
539 3480 663 3536 Haec
684 3491 767 3537 est
792 3485 956 3564 etiam
983 3488 1183 3543 veritas
1213 3487 1302 3542 illa
1325 3487 1635 3556 voluntatis,
1667 3491 1718 3544 in
1744 3505 1848 3558 qua

277 3570 523 3635 arguitur
551 3586 580 3626 a
611 3572 836 3628 Domino
863 3574 1107 3632 diabolus
1147 3593 1249 3633 non
1282 3579 1499 3634 stetisse
1527 3595 1542 3634 :
1571 3581 1711 3650 quod
1739 3581 1848 3635 dixi

277 3661 417 3730 (cap.
450 3661 504 3730 4)
536 3661 587 3715 in
635 3671 863 3718 tractatu
913 3665 978 3719 de
1008 3667 1256 3720 veritate.
1313 3665 1466 3722 Nunc
1501 3669 1852 3724 consideran-

276 3749 402 3803 dum
429 3759 512 3804 est
539 3753 806 3820 quomodo
834 3769 896 3807 ex
941 3754 1024 3809 his
1057 3755 1263 3811 duabus
1292 3757 1688 3820 voluntatibus,
1719 3774 1854 3828 quas

275 3853 410 3894 voco
457 3841 786 3910 aptitudines
819 3845 932 3900 sive
963 3845 1312 3912 aﬂ‘eetiones,
1357 3848 1670 3916 procedant,
1715 3850 1854 3904 sicut

277 3927 418 3994 dixi,
467 3931 660 3985 merita
709 3933 1016 4000 hominum,
1070 3938 1184 3991 sive
1222 3938 1287 3992 ad
1339 3938 1599 4004 salutem,
1649 3940 1760 3995 sive
1787 3941 1854 3994 ad

277 4021 694 4078 damnationem.
730 4027 1017 4083 Reetitudo
1067 4030 1305 4098 quidem,
1339 4040 1599 4101 qnantmu
1641 4033 1692 4086 in
1741 4033 1854 4103 ipsa

281 4123 398 4176 est,
451 4116 646 4170 nullius
679 4119 804 4172 mali
849 4135 1012 4175 causa
1051 4131 1169 4187 est,
1200 4133 1254 4178 et
1300 4127 1476 4180 omnis
1509 4127 1686 4180 meriti
1733 4127 1856 4181 boui

286 4217 462 4268 mater
498 4219 610 4272 est,
651 4211 766 4266 hare
817 4213 960 4266 enim
1003 4213 1152 4270 favet
1199 4216 1409 4285 spiritui
1457 4219 1857 4286 COIlCUpiSt'Ollll

279 4297 539 4354 adversus
561 4317 780 4356 carnem
806 4303 1004 4372 (Galal.
1029 4321 1079 4369 ν,
1105 4305 1221 4374 25.)
1249 4315 1304 4360 et
1331 4307 1731 4363 condelcctatur
1757 4308 1858 4378 legi

1951 3218 2126 3261 tamen
2157 3215 2332 3276 potest
2359 3221 2479 3261 esse
2513 3205 2651 3260 alius
2677 3203 2844 3271 major
2867 3203 3014 3258 calor
3044 3219 3057 3256 :
3089 3211 3143 3258 et
3171 3201 3526 3272 quemadmo-

1951 3299 2076 3352 dum
2102 3297 2270 3366 frigus
2293 3305 2375 3350 est
2405 3297 2522 3350 sine
2560 3295 2708 3351 omni
2746 3293 2944 3358 calore,
2983 3309 3102 3348 eum
3148 3301 3320 3346 tatnen
3361 3291 3531 3358 majus

1949 3391 2126 3444 valeat
2159 3389 2330 3460 frigus
2359 3403 2518 3454 esse;
2549 3388 2617 3440 ita
2651 3385 2782 3439 nihil
2819 3385 3068 3454 prohibet
3109 3384 3278 3438 Adam
3313 3385 3528 3438 beatmn

1951 3483 2116 3539 fuisse
2143 3483 2195 3538 in
2232 3482 2482 3552 paradiso
2511 3479 2629 3534 sine
2658 3479 2802 3533 omni
2865 3477 3189 3548 indigentia,
3217 3477 3340 3530 licet
3364 3471 3533 3540 major

1953 3583 2097 3628 esset
2127 3571 2366 3643 angelica
2401 3570 2699 3626 beatitudo.
2733 3565 2934 3638 Nempe
2981 3568 3180 3636 aliquid
3222 3567 3398 3619 minus
3425 3565 3534 3618 alio

1955 3665 2184 3730 habere,
2236 3679 2343 3718 non
2392 3677 2604 3732 semper
2648 3670 2730 3716 est
2778 3661 3051 3730 indigere;
3092 3659 3183 3713 sed
3223 3657 3400 3724 aliqua
3452 3671 3531 3718 re,

1955 3771 2077 3811 cum
2113 3771 2232 3810 eam
2257 3754 2442 3808 haberi
2472 3753 2566 3784 ³⁸³³
2593 3761 2860 3820 apol-teat,
2889 3763 3076 3804 carere
3099 3747 3260 3816 (quod
3291 3761 3395 3798 non
3417 3753 3535 3797 erat

1955 3849 2008 3902 in
2047 3847 2216 3900 Adam
2244 3845 2360 3914 ³⁸¹⁰)
2388 3853 2470 3899 est
2507 3845 2768 3915 indigere.
2807 3843 2904 3897 Ubi
2941 3855 3068 3894 vero
3102 3847 3182 3893 est
3217 3837 3532 3906 indigentia,

1957 3940 2030 3994 ibi
2062 3947 2146 3993 est
2179 3937 2395 3992 miseria
2429 3953 2442 3990 :
2473 3952 2577 3990 non
2609 3947 2785 3989 autem
2825 3933 2950 3988 fecit
2981 3931 3153 3994 Deus,
3183 3931 3297 3983 sine
3333 3943 3534 3996 prtece-

1958 4033 2113 4086 dente
2143 4029 2315 4099 culpa,
2351 4027 2664 4084 rationalem
2689 4035 2934 4080 naturam
2962 4022 3210 4077 miseram
3235 4019 3350 4086 ⁸⁸³⁸,
3375 4033 3534 4088 quam

1960 4125 2026 4177 ad
2059 4121 2462 4186 intelligendum
2511 4128 2563 4174 et
2595 4119 2880 4173 amandum
2911 4133 2969 4170 se
2998 4113 3201 4170 ereavit
3229 4130 3242 4166 :
3287 4111 3410 4165 fecit
3441 4110 3535 4180 igi-

1963 4223 2048 4268 tur
2094 4214 2234 4268 Deus
2281 4213 2553 4267 hominem
2593 4212 2809 4265 beatum
2861 4209 2980 4262 sine
3031 4206 3174 4261 omni
3221 4203 3533 4272 indigentia.

1963 4308 2132 4364 Simul
2162 4323 2288 4376 ergo
2327 4303 2535 4378 accepit
2568 4305 2845 4360 rationalis
2881 4313 3071 4357 natura
3097 4311 3152 4356 et
3189 4299 3536 4354 beatitudinis

279 4387 500 4472 ‘m-Dei
551 4393 847 4446 secundum
891 4393 1202 4450 interiorem
1235 4395 1506 4450 hominem
1552 4397 1728 4464 (llam.
1761 4413 1858 4460 vit,
1891 4430 1936 4482 Ι)
1962 4401 2314 4462 voluntatem,
2353 4407 2407 4452 et
2428 4397 2836 4458 beatitudinem,
2867 4403 2920 4446 et
2947 4393 3276 4446 voluntatem
3296 4389 3532 4458 j‘ustitite,

279 4481 396 4550 ἥ),
421 4483 472 4535 id
501 4491 584 4536 est
610 4485 904 4540 secundum
935 4487 1182 4541 eumdem
1205 4487 1474 4556 Spiritum.
1499 4487 1554 4542 Si
1584 4498 1764 4542 autem
1792 4505 1857 4544 ex

283 4573 369 4626 illa
421 4575 620 4630 malum
665 4576 953 4648 aliquando
1001 4581 1152 4649 sequi
1195 4581 1435 4646 videtur,
1471 4597 1575 4636 non
1607 4597 1670 4635 ex
1719 4581 1850 4650 ipsa,

281 4665 376 4719 sed
403 4681 470 4720 ex
513 4666 640 4722 alio.
672 4666 774 4722 Per
805 4671 1180 4724 rectitudinem
1214 4671 1410 4740 quippe
1442 4671 1669 4741 apostoli
1702 4679 1862 4726 erant

281 4757 454 4812 lienus
479 4759 612 4812 odor
635 4760 742 4816 Deo
759 4761 846 4828 (II
862 4761 982 4815 Cor.
998 4779 1058 4830 ιι,
1077 4763 1186 4832 16.)
1213 4779 1226 4817 :
1256 4765 1350 4818 sed
1373 4765 1514 4833 quod
1537 4765 1858 4834 quibusdam

279 4859 438 4905 erant
453 4853 588 4906 odor
616 4855 810 4909 mortis
833 4857 883 4909 in
910 4865 1136 4910 mortem
1153 4855 1202 4926 (1
1209 4857 1374 4928 bitt);
1405 4873 1508 4911 non
1531 4857 1858 4924 procedebat

279 4957 346 4997 ex
371 4944 736 5015 apostolorum
751 4944 990 5014 justitia,
1007 4947 1098 5002 sed
1115 4963 1178 5002 ex
1201 4947 1574 5002 malivolorum
1595 4947 1851 5016 nequitia.

277 5035 376 5094 Illa
393 5052 526 5095 vero
553 5039 820 5108 voluntas,
847 5055 966 5110 quae
988 5049 1072 5098 est
1095 5041 1163 5096 ad
1183 5039 1468 5098 volendum
1495 5042 1854 5102 commodum,

1963 4491 2013 4546 id
2049 4501 2132 4544 est
2159 4489 2250 4520 ³¹⁴¹²
2305 4489 2704 4550 rectitudinem,
2743 4501 2862 4554 qua:
2910 4493 2996 4538 est
3047 4483 3160 4551 ipsa
3204 4479 3434 4548 justitia,
3485 4485 3539 4529 et

1961 4585 2187 4638 liberum
2233 4581 2538 4644 arbitrium,
2579 4581 2694 4632 sine
2724 4593 2830 4647 quo
2868 4575 3134 4644 justitiam
3167 4585 3386 4626 servare
3431 4583 3536 4622 non

1965 4675 2153 4746 potuit.
2187 4673 2277 4726 Sic
2323 4681 2499 4725 autem
2553 4673 2692 4725 Deus
2721 4669 2814 4701 ³⁸¹⁸
2843 4667 3112 4724 ordinavit
3153 4667 3250 4719 has
3289 4665 3422 4716 duas
3451 4677 3540 4714 vo-

1965 4769 2238 4834 luntates,
2287 4771 2402 4823 sive
2464 4765 2802 4826 aII‘ectioncs;
2847 4771 2902 4816 ut
2953 4761 3236 4820 voluntas,
3291 4771 3410 4825 qua:
3461 4759 3544 4804 est

1967 4859 2409 4922 instrumentum,
2437 4867 2681 4912 uteretur
2707 4871 2790 4918 ea,
2832 4869 2950 4922 qua:
2975 4865 3056 4906 est
3081 4849 3312 4918 justitia,
3344 4847 3411 4898 ad
3439 4845 3542 4896 im-

1965 4950 2172 5017 perium
2215 4957 2267 5003 et
2311 4949 2548 5020 regimen
2573 4945 2686 5009 ³⁸³⁸⁵,
2716 4945 2941 5000 docente
2967 4943 3156 5013 spiritu
3189 4937 3356 5008 quiet
3393 4947 3544 4988 mens

1965 5049 2018 5094 et
2059 5041 2198 5097 ratio
2227 5041 2454 5104 dicitur;
2483 5049 2536 5094 et
2563 5038 2729 5092 altera
2773 5045 3016 5092 uteretur
3051 5033 3114 5088 ad
3162 5027 3542 5088 obediendum,

1571 5195 1805 5250 VARUS
1847 5193 2253 5252 LECTIONES.

358 5331 455 5365 'm
481 5329 686 5388 Facere
709 5333 752 5386 si
796 5349 921 5386 mss.
962 5331 1138 5386 facere
1173 5350 1184 5386 :
1243 5331 1336 5386 sed
1367 5331 1434 5385 si.

1510 5329 1600 5362 ³³³⁸
1629 5329 1734 5385 Sed
1767 5331 1854 5384 ille
1893 5331 2076 5384 verius
2101 5347 2224 5384 mss.
2278 5329 2444 5382 omitt.
2474 5329 2566 5382 sed
2641 5327 2734 5359 ³⁸⁸⁵⁸
2758 5325 2931 5380 Etiam
2965 5321 3092 5374 nihil
3121 5317 3372 5385 differunt
3417 5329 3540 5385 mss.

283 5401 450 5456 ctiam
481 5383 940 5456 itihl‘tocvdiffert—tnt
962 5383 1216 5454 “έέοτ“ιιίει
1244 5383 1518 5470 veroqutc
1547 5383 1722 5455 estad
1769 5383 1892 5436 Ῠ³⁸⁰⁸
1911 5383 2304 5470 Ειςὰιὲιὸειέιῑιιῐ·
2329 5399 2428 5469 legi
2455 5417 2578 5453 mss.
2596 5406 2662 5470 ret
2687 5393 3090 5470 condelceta‘lt‘t‘r
3113 5389 3216 5470 legi
3263 5457 3275 5470 _
3295 5383 3388 5416 ³⁸⁰⁹
3415 5383 3546 5440 Eam

283 5471 488 5526 habere
515 5489 640 5526 mss.
672 5489 788 5526 eam
821 5473 1008 5528 haberi
1086 5473 1178 5504 ³⁸¹⁰
1199 5471 1350 5538 Quod
1379 5467 1497 5524 erat
1529 5469 1580 5523 in
1613 5471 1782 5523 Adam
1809 5489 1934 5524 mss.
1970 5469 2109 5523 Vict.
2144 5470 2286 5538 quod
2315 5467 2418 5524 non
2447 5479 2564 5524 erat
2595 5469 2644 5520 in
2671 5467 2841 5538 Adam

2918 5461 3008 5492 ³⁸η
3033 5457 3366 5512 Rationalem
3399 5471 3544 5510 erea-

285 5551 466 5596 turam
497 5543 752 5596 miseram
783 5559 910 5594 mss.
949 5543 1080 5596 Vict.
1113 5543 1147 5596 3
1176 5529 1278 5596 εἶθ
1301 5552 1346 5594 et
1375 5539 1564 5594 Cister.
1607 5540 1924 5592 rationalem
1956 5529 2203 5594 naturain
2239 5541 2488 5594 miseram
2521 5557 2619 5592 ms.
2669 5535 2804 5588 Vict.
2839 5533 2900 5585 15
2933 5529 3246 5584 rationalem
3299 5534 3548 5581 naturam

287 5613 354 5666 ad
401 5613 678 5666 miseriam
757 5613 848 5643 ³⁸¹¹
899 5613 1288 5666 Beatitudinem
1313 5611 1571 5679 justitiaa,
1609 5611 1658 5662 id
1694 5619 1804 5672 est,
1838 5627 1960 5662 mss.
2014 5611 2404 5663 beatitudinem
2436 5619 2488 5664 et
2519 5609 2850 5662 voluntatem
2893 5601 3144 5671 justitim,
3179 5601 3228 5656 id
3267 5607 3386 5662 est,

3461 5596 3552 5630 10:3}

295 5683 350 5738 Si
375 5695 558 5738 autem
591 5683 730 5738 Deus
775 5699 896 5736 mss.
931 5684 1010 5738 sic
1042 5692 1220 5738 autem
1273 5679 1414 5736 Deus
1490 5682 1582 5713 3"”
1619 5681 1684 5736 Et
1711 5697 1932 5750 regnum
1965 5697 2086 5735 mss.
2124 5689 2177 5736 et
2207 5681 2442 5751 regimen
