3940 6046
418 173 524 230 539

962 176 1017 231 S.
1060 177 1749 235 ANSELMI‘CANTUAR.
1791 179 2114 237 AliCl-IIEP.
2152 179 2303 237 OPP.
2349 178 2530 234 PARS
2568 178 2607 233 l.
2647 207 2717 218 υ·-
2743 174 3161 233 DOGMATICA.

3571 181 3677 237 5M)

418 287 657 347 sine.am
702 288 849 344 omni
886 287 1341 345 incommoditate.
1368 291 1756 347 Beatizudinem
1786 294 2001 364 quidem
2031 303 2075 360 Α
2107 309 2389 367 possumus
2433 295 2614 350 dicere
2660 292 2969 349 affectiones
3008 292 3124 362 ejus
3171 291 3482 358 voluntatis,
3515 311 3674 363 quam

421 382 571 437 dedit
595 382 808 436 homini
852 384 933 451 (ut
960 381 1026 435 de
1056 381 1260 451 angelis
1292 392 1518 453 taceam)
1557 385 1624 438 ad
1665 386 2002 441 commodum

419 471 569 541 ejus;
614 471 890 539 Justitiam
917 485 1045 525 vero
1079 472 1146 525 ad
1195 472 1455 526 honorem
1498 489 1653 528 suum
1683 490 1698 528 :
1730 475 1822 530 sed
1842 476 2003 545 justi-

419 565 569 630 tiam,
602 577 672 617 tta
723 576 779 616 ut
823 562 968 617 illam
1009 571 1193 633 posset
1239 564 1517 631 deserere;
1566 574 1837 636 quatenus
1879 583 2000 623 cum

420 654 567 708 illam
618 669 722 708 non
782 655 1083 721 desereret,
1135 655 1228 710 sed
1279 667 1682 725 perseveranter
1731 669 2002 726 servaret,

418 744 645 819 provehi
675 755 983 800 mereretur
1011 747 1076 800 ad
1107 748 1440 803 consortium
1473 732 1784 820 angelorum
1814 765 1829 804 :
1861 753 2003 821 quod

418 839 462 892 si
498 837 641 891 illam
684 837 982 902 desereret,
1014 837 1320 912 nullatenus
1360 854 1480 893 eam
1521 855 1618 909 per
1663 856 1722 896 se
1751 841 2004 913 deinceps

420 941 694 984 resumere
739 937 960 997 posset;
1009 939 1064 982 et
1103 929 1490 985 beatitudinem
1535 931 1848 1002 angelorum
1895 948 2000 987 non

420 1019 836 1091 adipisceretur,
875 1029 932 1074 et
960 1018 1050 1073 illa
1080 1035 1238 1089 quam
1274 1021 1505 1077 habebat
1530 1024 1834 1093 privaretur
1864 1033 1919 1079 et
1949 1025 2002 1078 in

424 1111 833 1167 similitudinem
892 1112 1171 1166 brutorum
1226 1113 1536 1168 animalium
1596 1116 1824 1181 cadens,
1879 1132 2000 1171 cum

422 1202 530 1257 illis
558 1202 895 1271 corruptioni
928 1210 982 1257 et
1012 1202 1281 1272 smpef‘atis
1310 1203 1632 1275 appetitibus
1663 1203 1998 1274 subiaceret;

424 1294 675 1350 voluntas
707 1303 883 1348 tamen
916 1293 1268 1367 Matitudinis
1313 1304 1597 1353 maneret:
1627 1307 1680 1350 ut
1730 1312 1826 1367 per
1864 1298 2002 1353 indi-

421 1384 657 1454 gentiam
708 1366 973 1438 bonoruni
1030 1398 1150 1454 quae
1198 1383 1545 1454 perdidisset,
1587 1366 1743 1456 gravi
1787 1387 2000 1442 miseria

417 1472 563 1543 juste
603 1474 905 1543 puniretur.
957 1473 1221 1542 Quoniam
1256 1489 1386 1546 ergo
1433 1476 1668 1532 deseruit
1704 1476 1997 1546 justitiam,

422 1564 659 1635 perdidit
689 1564 1113 1629 beatitudinem;
1138 1574 1194 1619 et
1228 1565 1500 1642 voluntas,
1532 1581 1693 1637 quam
1726 1568 1922 1622 bonam
1948 1577 2003 1623 et

417 1656 494 1711 .ad
522 1656 721 1710 bonum
749 1670 903 1709 suum
932 1654 1167 1724 accepit,
1198 1654 1413 1712 fervens
1445 1655 1712 1711 desiderio
1736 1656 1830 1688 ³⁸¹⁸
1858 1673 2005 1712 com-
2038 1642 2080 1697 Β

430 1746 712 1800 modorum
739 1759 857 1815 quae
880 1759 984 1800 non
1022 1744 1155 1801 velle
1181 1746 1386 1816 nequit,
1419 1746 1543 1816 quia
1571 1762 1697 1802 vera
1727 1749 2003 1803 commoda

428 1837 678 1893 rationali
720 1846 924 1892 natum
949 1838 1351 1903 convenientia,
1376 1853 1496 1908 quae
1524 1840 1779 1909 perdidit,
1808 1840 2007 1896 habere

428 1944 533 1983 non
579 1927 753 1995 valet,
795 1930 862 1982 ad
902 1929 1038 1985 falsa
1061 1971 1077 1997 ,
1110 1939 1166 1985 et
1205 1931 1487 1986 brutorum
1522 1930 1831 1986 animalium
1861 1947 2007 1987 cmu-

430 2018 609 2082 moda,
653 2034 773 2088 qure
811 2019 1068 2075 bestiales
1122 2020 1394 2090 appetitus
1434 2032 1755 2091 suggerunt,
1786 2036 1844 2077 se
1880 2037 2006 2077 con-

431 2109 594 2163 vertit
622 2122 635 2161 :
664 2118 717 2162 et
749 2109 820 2163 ita
852 2125 974 2164 cum
1004 2124 1069 2166 ea
1108 2091 1222 2164 vult
1264 2109 1590 2174 inordinate,
1624 2112 2004 2167 rectitudinctn

430 2209 523 2254 aut
565 2214 635 2255 ne
680 2201 980 2271 accipiatur
1024 2201 1237 2269 oblata,
1290 2201 1527 2271 repellit;
1587 2211 1681 2258 aut
1730 2216 2005 2275 acceptam

431 2291 653 2361 expellit
681 2291 817 2345 ‘9":
859 2308 980 2346 cum
1024 2308 1155 2348 vero
1183 2308 1247 2348 ea
1293 2293 1440 2349 licite
1483 2293 1594 2350 vult
1635 2294 1727 2326 ³⁸³⁸
1758 2295 1869 2361 ³⁸¹⁹,
1900 2313 2006 2355 non

432 2382 534 2437 hoc
564 2381 710 2436 facit.
755 2382 869 2437 lloc
905 2383 1069 2452 igitur
1092 2384 1250 2440 modo
1288 2384 1538 2442 voluntas
1571 2385 2007 2455 instrumentum,

432 2483 613 2528 creata
639 2475 778 2528 bona
802 2474 895 2505 ³⁸⁸⁸
915 2515 929 2539 ,
958 2476 1008 2528 in
1037 2485 1295 2544 quantum
1333 2476 1498 2532 habet
1524 2493 1663 2544 esse,
1706 2490 1769 2539 et
1781 2478 1926 2548 justa
1956 2488 2009 2535 et

433 2564 589 2619 fortis
620 2566 685 2620 ad
714 2565 1035 2620 servandum
1059 2577 1333 2636 acceptam
1350 2568 1638 2637 justitiam;
1665 2586 1761 2641 per
1781 2571 2007 2628 liberum

435 2656 720 2712 arbitrium
763 2657 903 2712 facta
932 2668 1013 2713 est
1059 2659 1221 2725 mala,
1250 2676 1358 2716 non
1389 2662 1446 2725 in,
1484 2675 1742 2733 quamum
1772 2674 1877 2732 est,
1914 2669 2008 2723 sed

435 2747 489 2802 in
522 2758 780 2818 quantum
826 2750 1020 2821 injusta
1049 2749 1186 2808 facta
1218 2763 1302 2808 est
1328 2769 1425 2823 per
1472 2757 1768 2811 absentiam
1816 2769 2010 2828 sponte
2046 2754 2051 2759 ί

435 2841 665 2897 desertae
719 2842 975 2919 justitiae,
1026 2861 1188 2916 quam
1241 2862 1456 2917 semper
1510 2847 1710 2905 habere
1768 2850 2009 2907 deberet.

433 2930 649 2987 lnfirma
681 2949 894 3006 quoque
922 2937 1081 2991 modo
1127 2936 1270 2993 facta
1302 2947 1385 2994 est
1421 2939 1488 2995 ad
1521 2940 1803 2997 volendum
1848 2942 2009 3012 justi-

436 3024 566 3079 tiam
594 3026 862 3081 desertam
888 3041 903 3080 :
931 3042 1038 3082 non
1066 3028 1207 3083 enim
1239 3044 1336 3098 per
1364 3029 1590 3085 liberum
1617 3030 1901 3101 arbitrium
1933 3033 2005 3087 ita

436 3123 616 3185 potest
643 3110 760 3171 eam
792 3117 951 3183 velle,
974 3134 1096 3175 cum
1127 3119 1274 3174 illam
1304 3136 1409 3176 non
1440 3121 1629 3186 habet;
1659 3123 2011 3193 quemadmo-

438 3207 566 3261 dum
600 3208 739 3262 valet
766 3223 885 3263 eam
935 3223 1154 3265 servare
1193 3209 1317 3275 ³⁸⁸³,
1347 3227 1470 3266 cum
1517 3212 1698 3268 habet.
1748 3212 2010 3269 Voluntas

438 3298 600 3352 etiam
629 3299 919 3365 commodi,
952 3291 1170 3356 condita
1213 3301 1352 3358 bona
1382 3303 1496 3368 ³⁸¹²,
1545 3303 1599 3357 ἱη
1629 3313 1885 3372 qttantum
1928 3314 2012 3361 est

438 3395 674 3464 aliquid;
707 3396 869 3463 mala,
903 3398 953 3452 id
982 3408 1066 3454 est
1093 3396 1312 3468 injusta,
1342 3398 1481 3455 facta
1512 3407 1616 3463 est,
1634 3400 1756 3471 quia
1786 3414 1894 3456 non
1927 3414 2011 3456 cst

440 3484 651 3539 subdita
677 3484 922 3553 justitiae,
950 3484 1071 3540 sine
1089 3501 1191 3556 qua
1225 3488 1359 3543 nihil
1386 3488 1518 3543 velle
1546 3489 1721 3544 debet.
1750 3490 2011 3545 Voluntas

438 3590 569 3646 ergo
611 3577 1056 3646 instrumentum,
1099 3593 1223 3633 cum
1257 3589 1445 3648 sponte
1477 3580 1620 3636 f‘acta
1670 3580 1739 3635 sit
1779 3580 2007 3649 injusta,

438 3678 562 3739 post
580 3670 846 3725 desertam
870 3671 1137 3742 justitiam
1161 3682 1363 3738 manet,
1394 3681 1654 3742 quantum
1682 3674 1735 3728 in
1768 3674 1882 3744 ipsa
1903 3683 2007 3739 est,

439 3764 768 3820 necessitate
797 3748 1026 3835 injusta,
1068 3775 1123 3821 et
1151 3768 1343 3823 ancilla
1384 3767 1655 3842 injustitize
1697 3787 1709 3822 :
1750 3770 1874 3840 quia
1918 3784 2012 3840 per

441 3869 500 3909 se
528 3856 707 3912 redire
750 3857 938 3927 nequit
983 3858 1050 3912 ad
1082 3858 1387 3928 justitiam,
1434 3858 1549 3913 sine
1592 3874 1696 3925 qua
1737 3874 2009 3929 nunquam

442 3946 610 4002 libera
643 3957 749 4014 est,
794 3950 917 4019 quia
959 3955 1223 4012 naturalis
1250 3950 1473 4005 libertas
1509 3949 1718 4004 arbitrii
1760 3950 1877 4006 sine
1923 3950 2012 4005 illa

441 4039 617 4094 otiosa
648 4049 753 4095 est.
800 4041 1009 4096 Ancilla
1037 4042 1197 4097 etiam
1240 4042 1379 4094 facta
1417 4049 1499 4095 est
1537 4056 1646 4094 suae
1688 4040 2009 4109 affectionis,

441 4146 562 4199 qua:
590 4132 655 4186 ad
684 4133 1024 4188 commodum
1042 4142 1167 4187 est:
1198 4134 1343 4203 quia,
1378 4141 1582 4186 remota
1614 4133 1842 4202 justitia,
1881 4135 2015 4189 nihil

440 4229 618 4290 potest
645 4220 782 4277 velle
813 4221 913 4277 nisi
940 4221 1079 4291 quod
1108 4222 1195 4277 illa
1220 4222 1352 4278 vult.
1382 4222 1509 4275 Dico
1534 4232 1713 4277 autem
1732 4234 1785 4278 ct
1812 4224 2016 4279 instru-

442 4321 707 4379 mentum,
732 4323 789 4370 et
815 4312 1153 4369 affectionem
1179 4313 1312 4383 ejus,
1362 4314 1497 4368 velle
1529 4332 1542 4369 :
1570 4313 1693 4383 quia
1738 4322 1792 4368 et
1822 4315 2015 4370 instru-

442 4410 683 4457 mentum
744 4412 826 4459 est
880 4405 1152 4467 voluntas,
1210 4414 1265 4460 et
1314 4404 1525 4461 affectio
1585 4406 1849 4463 voluntas.
1904 4405 2014 4461 Nec

444 4495 743 4565 incongrue
775 4506 1001 4566 utraque
1046 4498 1295 4553 voluntas
1335 4499 1471 4553 velle
1500 4499 1697 4554 dicitur
1725 4515 1737 4551 :
1768 4498 1893 4568 quia
1926 4496 2011 4552 illa

444 4581 556 4634 vult
587 4598 708 4652 quae
757 4582 1040 4640 affectione
1068 4602 1163 4641 sua
1206 4588 1346 4655 vult;
1378 4596 1435 4643 et
1479 4586 1692 4643 affectio
1737 4587 1877 4652 vult,
1919 4601 2016 4665 per

445 4668 606 4741 quam
642 4672 726 4727 illa
778 4674 893 4729 vult
934 4697 947 4730 ;
981 4676 1119 4732 sicut
1166 4678 1350 4733 videre
1395 4678 1594 4733 dicitur
1628 4687 1682 4735 et
1710 4678 1890 4742 homo,
1921 4677 2013 4748 qui

442 4763 560 4819 visu
582 4764 747 4831 videt,
776 4775 831 4821 et
856 4766 969 4837 ipse
988 4769 1134 4825 visus
1159 4784 1266 4841 quo
1289 4769 1449 4825 videt.
1479 4770 1630 4827 Unde
1654 4784 1758 4824 non
1781 4766 2013 4824 absurde

2106 388 2521 442 instrumentum
2549 385 2656 440 dixi
2689 385 2908 447 animas,
2942 385 3095 456 quasi
3136 385 3498 456 instrumeum
3532 386 3679 454 ejus-

2103 476 2225 531 dem
2261 476 2600 529 instrumenti
2631 490 2788 530 esse:
2821 475 2946 545 quia
2988 474 3120 530 nihil
3162 475 3275 544 ipsa
3300 475 3402 530 nisi
3437 477 3550 531 istis
3580 478 3676 509 ³⁸²³
3770 519 3779 527 .

2103 574 2378 635 operatur.
2428 564 2646 619 Perdite
2690 564 2854 633 igitur
2889 564 3249 620 instrumento
3282 566 3675 636 volendijusti-

2105 657 2268 721 tiam,
2305 656 2356 710 id
2403 664 2516 719 est,
2558 656 2966 721 rcctitudinem;
3012 657 3159 712 nullo
3203 657 3392 721 modo,
3432 658 3532 713 nisi
3578 674 3677 729 per

2103 747 2337 817 gratiam
2388 747 2666 811 reddatur,
2724 756 2902 816 potest
2955 747 3202 801 voluntas
3259 747 3673 803 instrumentum

2106 836 2239 891 velle
2284 835 2573 904 justitiam.
2631 835 2973 906 Quapropter
3024 837 3281 909 quoniam
3349 838 3481 892 nihil
3538 839 3675 895 velle

2104 927 2291 993 debet,
2327 926 2429 980 nisi
2472 925 2615 996 juste
2651 940 2666 978 :
2709 926 2968 996 quidquid
3011 925 3126 980 vult
3171 926 3288 981 sine
3320 928 3671 993 rectitudine,

2103 1018 2219 1072 vult
2249 1016 2762 1090 iujuste.Appetitus
2790 1033 2937 1086 vero,
2968 1034 3103 1087 quos
3136 1033 3325 1095 omnes
3349 1027 3505 1074 vocat
3533 1020 3675 1090 Apo-

2107 1110 2277 1166 stolus
2306 1126 2526 1165 Carnem
2550 1120 2603 1164 ct
2621 1110 3139 1178 concupiscentiam,
3167 1110 3218 1164 in
3244 1121 3501 1180 quantum
3527 1120 3672 1174 Sunt,

2107 1216 2214 1255 non
2249 1208 2375 1254 sunt
2397 1201 2541 1265 mali,
2568 1200 2649 1254 vel
2679 1200 2893 1269 injusti;
2923 1200 3017 1255 scd
3040 1200 3163 1270 quia
3192 1209 3315 1254 sunt
3343 1200 3394 1254 iu
3426 1201 3671 1257 rationali

2103 1300 2352 1346 creatura
2391 1291 2479 1345 ubi
2509 1307 2615 1345 non
2646 1291 2840 1345 debent
2883 1305 3052 1353 esse,,
3077 1288 3329 1344 dicuntur
3367 1288 3568 1358 injusti.
3614 1289 3669 1343 lu

2102 1384 2277 1439 brutis
2303 1385 2569 1453 siquidem
2602 1382 2925 1439 animalibus
2970 1397 3075 1437 non
3119 1390 3245 1436 sunt
3275 1380 3432 1448 ntali,
3465 1380 3547 1436 vel
3592 1381 3675 1435 in-

2098 1471 2254 1541 justi,
2282 1474 2407 1544 quia
2440 1473 2510 1527 ibi
2540 1472 2737 1527 debent
2759 1488 2899 1528 esse.

2106 1582 2234 1638 Car.
2262 1581 2380 1637 XIV
2417 1582 2513 1655 [aL
2560 1580 2777 1654 XXIV].
2803 1611 2875 1620 —
2899 1580 3301 1664 Recapitulatio,
3332 1589 3380 1634 et
3414 1579 3677 1635 conclusio

2785 1668 2973 1722 opem.

2176 1742 2292 1799 Jam
2329 1758 2393 1798 ex
2424 1744 2524 1806 his,
2554 1759 2671 1815 quzc
2695 1744 2836 1823 dicta
2861 1750 3006 1809 sunt,
3028 1741 3277 1812 cognosci
3304 1748 3479 1812 potest
3509 1741 3678 1795 homi-

2108 1853 2229 1893 nem
2259 1837 2378 1893 ideo
2404 1853 2511 1892 non
2555 1838 2755 1892 habere
2794 1850 3006 1905 semper
3041 1834 3306 1905 justitiam
3327 1873 3342 1899 ,
3370 1849 3530 1903 quam
3560 1833 3678 1888 sine

2109 1930 2512 1985 intermissione
2539 1928 2698 1984 debet
2725 1928 2953 1992 habere;
2991 1927 3112 1996 quia
3144 1924 3297 1997 nullo.
3319 1927 3475 1979 modo
3504 1932 3680 1995 potest

2109 2020 2251 2074 illam
2297 2034 2392 2089 per
2420 2034 2479 2074 se
2509 2017 2752 2088 adipisci,
2786 2018 2865 2071 vel
2895 2031 3237 2087 recuperare.
3282 2014 3465 2069 Palam
3512 2016 3675 2069 etiam

2107 2120 2192 2167 est
2210 2111 2332 2180 quia
2356 2112 2497 2166 Deus
2509 2110 2648 2165 bona
2676 2109 2802 2165 facit
2821 2124 2979 2179 opera
3004 2124 3096 2162 sua
3117 2107 3227 2162 sola
3246 2107 3486 2163 bonitate
3506 2125 3519 2161 :
3537 2123 3677 2177 quo-

2108 2203 2255 2258 niam
2283 2201 2396 2271 ipse
2438 2211 2589 2256 creat
2632 2200 2961 2255 voluntatem
2993 2214 3113 2255 cmn
3141 2198 3310 2254 libero
3339 2198 3606 2263 arbitrio,‘
3624 2209 3679 2252 ct

2110 2294 2200 2346 dat
2227 2292 2301 2347 illi
2326 2292 2591 2361 justitiam
2616 2306 2711 2363 per
2738 2306 2896 2360 quam
2925 2299 3199 2361 operatur.
3230 2289 3364 2343 Mala
3395 2305 3525 2343 vero
3552 2288 3680 2342 facit

2110 2384 2203 2417 ³⁸³³
2238 2384 2352 2437 sola
2385 2383 2538 2451 culpa
2582 2383 2894 2445 hominum;
2940 2381 3065 2450 quia
3107 2395 3168 2434 ea
3212 2394 3315 2433 non
3357 2378 3594 2441 faceret,
3632 2378 3676 2432 si

2109 2478 2272 2533 homo
2297 2460 2390 2530 illa
2419 2475 2601 2531 facere
2633 2489 2740 2529 non
2773 2472 2933 2528 vellet
2965 2489 2977 2527 :
3011 2469 3141 2526 facit
3184 2480 3358 2526 tamen
3403 2468 3503 2525 hoc
3534 2468 3677 2539 quod

2109 2578 2265 2634 sunt;
2304 2568 2560 2638 quoniam
2591 2565 2835 2621 condidit
2866 2565 2916 2619 in
2942 2565 3161 2618 homine
3189 2563 3538 2626 voluntatem,
3570 2577 3675 2630 qua

2109 2663 2225 2718 sine
2267 2660 2473 2730 justitia
2504 2660 2674 2713 utitur
2701 2676 2713 2712 :
2747 2667 2801 2713 et
2851 2646 2969 2713 ideo
2994 2657 3105 2711 sola
3135 2657 3231 2689 '3"
3258 2656 3411 2725 culpa
3442 2655 3680 2711 hominis

2108 2751 2248 2808 mala
2281 2759 2429 2814 sunt,
2460 2765 2579 2818 quae
2604 2758 2881 2820 operatur.
2920 2747 3033 2801 Non
3069 2748 3211 2802 enim
3242 2756 3325 2802 est
3357 2746 3510 2816 culpa
3548 2748 3675 2814 Dei,

2108 2845 2197 2916 qui
2231 2843 2433 2898 creavit
2463 2845 2515 2898 itt
2546 2857 2611 2899 eo
2652 2856 2772 2896 cum
2802 2839 3052 2893 libertate
3080 2831 3290 2893 arbitrii
3320 2838 3681 2905 voluntatem,

2112 2949 2165 2994 et
2190 2940 2421 2995 contulit
2447 2939 2494 2993 ei
2518 2936 2807 3006 justitiam,
2835 2944 2893 2988 ut
2916 2933 3044 2989 nihil
3076 2932 3176 2986 nisi
3199 2931 3344 2999 juste
3371 2931 3559 2997 vellet;
3585 2932 3678 2987 sed

2115 3033 2270 3104 culpa
2298 3031 2552 3096 hominis,
2589 3030 2679 3101 qui
2704 3028 2974 3099 justitiam
2998 3025 3253 3087 deseruit,
3278 3041 3438 3095 quam
3462 3039 3682 3080 servare

2113 3124 2305 3196 potuit.
2354 3123 2494 3178 Deus
2536 3122 2700 3193 igitur
2743 3119 2907 3173 habet
2949 3118 3000 3171 in
3048 3116 3203 3171 bonis
3251 3117 3499 3186 quidem,
3536 3116 3680 3186 quod

2111 3218 2251 3272 bona
2292 3224 2419 3270 sunt
2452 3230 2548 3284 per
2588 3212 2909 3276 essentiam;
2952 3219 3003 3266 et
3052 3208 3194 3278 quod
3243 3209 3383 3264 bona
3421 3216 3544 3262 sunt
3586 3222 3685 3275 per

2105 3305 2370 3377 justitiam
2421 3321 2433 3356 :
2489 3303 2541 3358 in
2595 3302 2749 3359 malis
2798 3315 2924 3369 vero
2970 3297 3305 3354 solummodo
3354 3296 3494 3367 quod
3542 3296 3681 3349 bona

2112 3410 2238 3459 sunt
2258 3417 2352 3471 per
2380 3400 2709 3463 essentiam;
2734 3414 2840 3451 non
2872 3394 3012 3465 quod
3043 3394 3184 3448 mala
3206 3402 3331 3448 sunt
3366 3408 3463 3462 per
3488 3391 3684 3444 absen-

2113 3494 2241 3549 tiam
2285 3491 2478 3547 debitm
2506 3489 2764 3558 justitiae,
2816 3503 2934 3558 quae
2984 3503 3088 3543 non
3136 3492 3221 3540 est
3250 3482 3471 3551 aliquid.
3512 3481 3684 3535 Homo

2111 3592 2291 3637 autem
2344 3581 2506 3635 habet
2546 3578 2639 3611 ⁸⁸²⁸
2685 3578 2736 3632 in
2783 3577 2965 3641 bonis,
3017 3575 3157 3645 quod
3199 3572 3337 3627 mala
3373 3586 3481 3626 non
3523 3578 3678 3635 sunt;

2111 3670 2237 3741 quia
2268 3684 2390 3725 cum
2416 3675 2600 3738 posset
2634 3666 2884 3721 deserere
2910 3663 3178 3734 justitiam
3206 3669 3258 3715 et
3296 3658 3434 3713 mala
3466 3658 3644 3711 facere
3664 3697 3679 3721 ,

2112 3776 2219 3818 non
2251 3760 2519 3825 deseruit;
2554 3758 2646 3814 sed
2696 3757 2933 3812 servavit
2960 3771 3056 3825 per
3096 3753 3325 3809 liberum
3374 3749 3680 3812 arbitrium,

2114 3856 2275 3910 dante
2297 3862 2352 3909 et
2373 3853 2732 3921 subsequente
2756 3848 2925 3920 gratia
2947 3864 2963 3912 ;
2983 3848 3033 3901 in
3062 3846 3218 3900 malis
3243 3859 3367 3899 vero
3385 3842 3487 3897 hoc
3508 3840 3682 3895 solum

2112 3947 2255 4016 quod
2283 3944 2420 3999 mala
2454 3953 2580 3998 sunt
2604 3959 2618 3994 :
2646 3942 2769 4010 quia
2793 3954 2858 3994 ea
2886 3938 2996 3992 sola
3016 3937 3255 4008 propria,
3281 3935 3333 3989 id
3379 3941 3459 3987 est
3481 3932 3681 4001 injusta

2112 4038 2391 4091 voluntate
2419 4032 2569 4086 facit.
2622 4029 2758 4083 Puto
2788 4045 2872 4083 me
2907 4027 3019 4095 jam
3051 4042 3283 4097 congrue
3318 4038 3478 4092 posse
3519 4023 3682 4102 finem

2113 4142 2315 4198 ponere
2346 4122 2601 4179 tractatui
2632 4123 2697 4175 de
2727 4122 2899 4175 tribus
2927 4117 3231 4173 difﬁcilibus
3275 4113 3681 4185 qttmstionibus,

2116 4230 2275 4286 quem
2307 4214 2360 4269 in
2391 4228 2483 4284 spe
2514 4210 2698 4267 auxilii
2745 4209 2835 4264 Dei
2871 4207 3089 4276 incaspi,
3125 4207 3177 4260 in
3220 4220 3327 4274 quo
3354 4203 3398 4258 si
3436 4202 3525 4271 qui
3570 4200 3684 4255 dixi

2117 4305 2260 4376 quod
2290 4304 2549 4375 quaerenti
2601 4301 2820 4356 cuilibet
2863 4297 3106 4353 sufﬁcere
3145 4295 3365 4358 debeat,
3414 4308 3521 4348 non
3552 4290 3683 4345 mihi

2117 4399 2355 4469 imputo;
2388 4396 2516 4466 quia
2559 4410 2664 4449 non
2691 4408 2821 4464 ego,
2852 4391 2945 4447 sed
2990 4390 3163 4461 gratia
3200 4389 3292 4443 Dei
3323 4388 3415 4419 ³⁸²⁷
3452 4398 3686 4440 mecum.

2116 4487 2231 4542 Hoc
2279 4496 2458 4541 autem
2512 4483 2634 4539 dico
2668 4484 2793 4553 quia
2845 4481 2888 4535 si
2946 4481 3066 4549 quis
3119 4478 3251 4534 mihi
3305 4473 3565 4551 quaerenti
3618 4471 3689 4528 de

2116 4574 2504 4649 quaestionibus
2529 4573 2765 4634 eisdem,
2819 4571 3035 4641 quando
3087 4571 3139 4625 in
3168 4569 3247 4624 eis
3275 4582 3427 4622 mens
3453 4580 3573 4619 mea
3600 4579 3690 4616 ra-

2116 4669 2317 4723 tionem
2362 4663 2654 4735 quaerendo
2688 4660 3014 4724 ﬂuctuabat,
3053 4674 3117 4715 ea
3156 4673 3276 4728 quae
3324 4654 3515 4724 scripsi
3567 4650 3689 4717 ⁸³⁸⁸,

2116 4758 2516 4830 respondisset;
2549 4754 2754 4827 gratias
2797 4757 3030 4828 egissem
3061 4751 3185 4822 quia
3216 4747 3349 4803 mihi
3391 4743 3688 4801 satisfecis-

1724 4896 1957 4952 VARIE
1994 4889 2394 4950 LECTIONES.

515 5028 607 5061 ³⁸η
628 5028 707 5083 Ad
736 5029 1094 5085 obedientiam
1121 5032 1238 5084 sine
1259 5046 1384 5083 mss.
1415 5027 1479 5082 ad
1503 5026 1859 5083 obedientium
1888 5027 2004 5080 sine
2077 5025 2171 5056 ³⁸¹⁶
2188 5023 2395 5077 Fruens
2417 5019 2685 5090 desiderio
2699 5017 3058 5090 mss._l‘ervens
3079 5011 3347 5090 desiderio
3416 5006 3692 5090 ια’ρψ-

442 5110 554 5157 tam
588 5078 799 5165 repellit
811 5078 1599 5169 Si;I‘éii'éitit'th‘.‘3tti£téti{
1612 5078 1949 5169 ieﬁénn'aat
1960 5078 2248 5163 acceptam
2290 5090 2507 5169 expellit
2570 5089 2795 5169 fjffm
2817 5087 2986 5169 Licite
3014 5085 3418 5169 vulteamf't'tsf
3450 5078 3695 5169 eaﬂlieite

588 5147 2126 5225 '35'?"iisiiitth'éiiii'é'réliiit'ﬁdaﬁhi‘itisiriitstiti’méauitii
2141 5172 2322 5216 creata
2352 5147 2492 5214 bona
2568 5158 2658 5191 ³⁸³³
2679 5159 2808 5214 Eam
2835 5157 3009 5211 velle:
3055 5164 3229 5209 tamen
3278 5150 3423 5225 illam
3455 5164 3558 5201 non
3593 5147 3693 5225 Ita-

615 5216 2285 5309 queniéiiliitigd'tiif{aerea-35%};"didicistiéi’mvcttg,
2324 5246 2444 5284 cum
2494 5229 2644 5309 illam
2682 5243 2792 5282 non
2839 5226 3027 5290 habet,
3064 5216 3691 5309 qttetnadmodttttljaEI

443 5293 564 5364 eam
617 5293 856 5365 servare.
913 5307 1114 5363 Tamen
1160 5307 1303 5361 illaut
1336 5321 1441 5378 non
1466 5322 1612 5378 imss.
1638 5303 2004 5378 Gem.__t_amen
2036 5293 2334 5378 camillam
2381 5316 2524 5378 non;
2548 5298 2701 5378 Valet
2727 5311 2944 5378 servare
2970 5293 3689 5378 mgf‘\_}'qlt3l£§l}1£§[}'ﬁ‘f-

443 5356 794 5435 ’v‘w’I-Cohilit‘a
1647 5356 1769 5407 ’⁸⁸η
1785 5373 1924 5428 Nihil
1945 5356 2057 5428 “nisi
2086 5373 2205 5426 istis
2238 5388 2361 5442 mss.
2397 5370 2525 5442 nihil
2554 5370 2666 5442 ipsa
2703 5367 2806 5422 nisi
2846 5363 3240 5442 isfisf'f‘Mala
3276 5356 3691 5442 ηενρ-(θρέψις

454 5427 862 5503 Vict:
1225 5427 1339 5478 ‘79,”
1357 5427 1666 5502 Utititrsttla
1693 5427 1814 5499 mss.
1833 5427 2034 5509 utitur,
2059 5452 2114 5496 et
2140 5444 2259 5498 ideo
2287 5441 2399 5496 sola
2475 5427 2755 5493 “"llomo
2776 5444 2965 5510 autem
2978 5434 3283 5510 habet
3316 5427 3450 5510 Vict.
3474 5427 3694 5510 éhomo

446 5497 851 5598 aaiém'iéﬁigi"
880 5497 1238 5588 i‘v’rlu‘tpu'to,
1278 5497 1390 5572 sed
1404 5497 1589 5587 gratiae
1632 5497 2136 5585 Dcirmss‘.vitnp'uto,
2167 5514 2290 5582 quia
2325 5526 2427 5566 non
2474 5524 2573 5580 ego
2600 5510 2693 5564 sed
2727 5507 2895 5578 gratia
2938 5505 3027 5559 Dei
3104 5503 3200 5536 ³⁸²⁸
3216 5501 3345 5568 Qui?
3368 5497 3523 5554 rem"
3558 5510 3688 5549 πων

445 5600 564 5655 qua:
603 5601 790 5656 scrrpsn
