3940 6046
315 257 350 313 ii
367 263 433 317 i5

1213 257 1301 316 DE
1331 209 1576 316 hAZYMO
1627 257 1713 312 ET
1753 255 2100 314 FERMENT.
2143 255 2234 311 AD
2273 251 2650 310 WALERAN.

3482 265 3585 321 ΜΘ

317 393 380 429 m
409 374 586 446 Moyse
613 375 859 444 baptizati
882 386 1002 428 sunt
1029 375 1081 428 in
1113 376 1266 440 nube,
1297 387 1346 430 et
1381 377 1436 430 in
1459 378 1596 430 mari
1617 375 1670 447 (I
1698 375 1820 431 Cor.
1845 389 1901 438 κ,
1931 377 1979 434 Α
2013 371 2506 440 concupiscentiam.
2537 371 2664 426 Sine
2691 368 2800 439 lege
2843 372 2980 424 estin:
3013 381 3284 441 peccatum
3321 385 3586 432 mortuum

315 465 411 532 ‘1);
439 465 580 532 quod
607 463 791 534 negari
829 465 1016 534 nequit
1051 464 1144 496 ³⁸⁸⁸
1174 465 1230 519 in
1268 465 1441 536 ﬁgura
1471 466 1637 521 fuisse
1672 481 1687 520 :
1716 481 1784 520 ne
1815 466 1903 498 ³⁸⁶¹

318 554 612 608 videantur
637 553 914 622 baptizare
943 555 1210 624 baptismo
1238 556 1485 622 Joannis,
1524 557 1614 627 qui
1663 557 1908 627 baptiza-

315 643 402 696 vit
429 643 478 696 in
512 657 670 711 aqua.
703 641 760 698 Si
796 658 925 714 ergo
954 644 1505 713 irreprehensibiliter
1545 647 1772 716 ﬁgurate
1813 645 1908 701 ba-

314 735 590 801 ptizamus
626 731 718 764 ³⁸⁶¹
761 735 813 788 in
846 751 984 804 aqua
1039 755 1051 790 :
1101 737 1226 791 licet
1263 737 1392 792 illud
1435 737 1701 808 baptisma
1727 747 1902 804 vetus,

315 824 466 890 quod
500 823 600 878 fuit
633 824 796 893 hujus
835 828 958 881 novi
1005 827 1198 896 figura,
1237 829 1289 882 in
1333 845 1473 898 aqua
1514 829 1678 884 fuerit
1711 849 1724 883 :
1757 845 1914 912 quas

315 931 444 966 nam
479 925 562 968 est
608 915 660 968 in
707 917 806 969 ista
849 915 1160 971 Graecorum
1191 919 1482 986 sapientia,
1516 935 1637 990 quae
1681 930 1904 991 propter

313 1009 444 1068 hoc,
470 1005 593 1072 quia
623 1015 778 1059 vetus
807 1007 1028 1070 Pascha,
1056 1023 1153 1076 per
1178 1010 1318 1076 quod
1347 1020 1588 1064 nostrum
1615 1009 1898 1080 ﬁguratum

311 1107 402 1148 est
427 1095 542 1160 ³⁸⁸³,
568 1095 894 1151 celebratum
920 1107 1002 1152 est
1033 1099 1086 1152 in
1116 1101 1344 1170 azymis,
1367 1103 1776 1156 detestaturmm
1803 1117 1902 1158 nos

313 1187 631 1240 sacrilicare
661 1203 857 1256 corpus
895 1187 1119 1254 Christi,
1148 1191 1238 1259 qui
1269 1201 1354 1244 est
1391 1192 1595 1246 Pascha
1631 1202 1894 1260 nostrum,

314 1277 388 1331 de
417 1293 606 1347 azyme
645 1277 694 1331 in
733 1279 920 1349 ﬁgura,
954 1280 1068 1334 sive
1107 1281 1172 1334 ad
1201 1284 1734 1338 commemorandum
1773 1285 1900 1354 quia

315 1367 444 1422 talis
490 1369 592 1422 fuit
637 1369 746 1432 ille,
800 1371 954 1439 cujus
1003 1385 1200 1441 corpus
1253 1372 1645 1440 sacriﬁcamus,
1689 1375 1898 1430 scilicet

313 1459 437 1513 sine
463 1461 669 1528 peccati
703 1461 1025 1527 inl‘ectione;
1051 1463 1166 1517 sive
1201 1463 1268 1516 ad
1299 1466 1750 1519 commonendum
1776 1481 1895 1532 nos,

313 1549 444 1617 quia
479 1563 676 1618 corpus
711 1550 806 1581 ³⁸⁸⁵
833 1549 952 1618 ejus
985 1553 1338 1618 comedimus,
1373 1554 1506 1609 tales
1537 1554 1734 1610 debere
1756 1571 1894 1622 esse,

311 1640 615 1694 secundum
659 1639 974 1710 Apestelum
1027 1643 1296 1698 dicentem
1349 1663 1362 1698 :
1426 1645 1726 1716 Expurgate
1756 1658 1897 1702 vetus

2008 471 2140 516 erat.
2189 460 2299 529 Ego
2346 471 2520 514 autem
2565 461 2792 514 vivebam
2829 462 2941 514 sine
2989 461 3099 530 lege
3137 462 3449 533 aliquando.
3479 467 3584 522 Seu

2008 568 2126 604 cum
2153 551 2368 605 venisset
2393 552 2722 615 mandatum,
2751 561 3022 621 peccatum
3047 553 3250 606 revixit.
3279 553 3390 623 Ego
3411 565 3582 610 autem

2007 653 2246 696 mortuus
2278 659 2413 706 sum,
2443 653 2490 696 et
2521 644 2790 697 inventum
2820 653 2895 697 est
2925 644 3054 697 mihi
3085 645 3414 714 mandatum,
3447 659 3584 724 quod

2005 744 2116 788 erat
2157 735 2226 788 ad
2257 735 2430 798 vitam,
2479 735 2576 788 hoc
2612 750 2724 788 esse
2749 735 2818 788 ad
2849 744 3085 789 mortem.
3121 734 3265 790 Nam
3291 751 3583 806 peccatum.

2011 822 2286 874 occasione
2315 832 2526 890 accepta
2548 838 2644 886 per
2665 823 3214 890 mandatum,sedua:it
3229 841 3328 891 me,
3343 835 3392 880 et
3402 843 3494 896 per
3519 828 3586 880 il-

2003 909 2097 968 lud
2117 911 2304 964 occidit
2322 911 2501 980 (Rom.
2519 911 2674 976 vu,7,
2694 922 2740 964 et
2767 912 2950 982 seqq.).
2985 911 3268 988 Siclittera
3299 917 3416 972 sine
3432 917 3582 986 adju-

2001 1012 2163 1056 vante
2179 1002 2352 1071 gratia
2370 1002 2590 1066 occidit,
2607 1001 2840 1072 Spiritus
2861 1013 3041 1059 autem
3057 1007 3321 1073 viviﬁcat;
3344 1008 3484 1062 sicut
3505 1009 3584 1062 ait

2001 1091 2143 1146 idem
2175 1091 2465 1160 Apostolus
2493 1093 2560 1147 ad
2592 1093 2774 1148 Titum
2813 1112 2828 1147 :
2857 1095 2989 1148 Cum
3018 1105 3194 1150 autem
3219 1098 3505 1168 benignitas
3531 1103 3582 1152 et

1999 1183 2302 1236 humanitas
2354 1185 2600 1253 apparuit
2649 1184 2940 1240 Saluatoris
2995 1190 3161 1242 nostri
3202 1189 3318 1256 Dei,
3371 1207 3476 1244 non
3512 1207 3579 1246 ea:

1999 1273 2242 1343 operibus
2253 1275 2500 1341 justitiw,
2526 1292 2644 1344 qua:
2667 1276 2884 1344 fecimus
2913 1294 3036 1343 nos;
3069 1279 3158 1332 sed
3177 1282 3458 1334 secundum
3483 1282 3578 1316 ⁸⁸⁸³

1997 1381 2147 1418 suam
2177 1367 2594 1420 misericordiam
2621 1367 2790 1422 salvos
2821 1386 2914 1422 nos
2940 1371 3062 1438 fecit
3083 1387 3176 1439 per
3199 1370 3470 1426 lavacrum
3491 1391 3586 1446 re:

1995 1458 2345 1526 generationis
2373 1468 2422 1512 et
2461 1461 2813 1514 renovationis
2844 1461 2936 1492 ³⁸⁶⁹
2961 1463 3192 1531 Spiritus
3213 1467 3406 1530 sancti,
3425 1483 3578 1536 quem

1996 1549 2181 1618 effudit
2209 1551 2262 1603 in
2292 1566 2385 1604 nos
2409 1551 2616 1605 abunde
2645 1569 2737 1620 per
2760 1552 2940 1606 Jesum
2965 1553 3228 1608 Christum
3254 1556 3577 1614 Salvatorem

1999 1647 2258 1702 nostrum,
2293 1648 2348 1692 ut
2373 1639 2659 1708 justiﬁcati
2707 1641 2880 1710 gratia
2925 1643 3088 1711 ipsius
3135 1645 3366 1698 ha’redes
3413 1647 3576 1701 simus

313 1729 649 1798 fermentum,
675 1743 728 1784 ut
755 1734 872 1786 sitis
897 1749 1026 1787 nova
1053 1737 1372 1802 conspersio,
1396 1738 1530 1790 sicut
1553 1739 1676 1791 estis
1697 1739 1887 1809 azymi.

1997 1731 2284 1782 secundum
2305 1745 2446 1798 spem
2471 1730 2590 1783 vita!
2613 1741 2824 1786 αξιοι-ηαξ
2843 1731 2969 1800 (Tit.
3005 1749 3086 1800 ιιι,
3112 1734 3144 1787 4
3174 1744 3220 1787 et
3247 1735 3436 1805 seqq.).
3455 1736 3577 1790 Ideo

313 1819 524 1873 Etenim
556 1819 762 1875 Pascha
794 1833 1034 1877 nostrum
1055 1825 1355 1880 immolatus
1382 1837 1457 1881 est
1485 1827 1748 1882 Christus.
1773 1829 1893 1883 Ita-

307 1925 410 1977 que
441 1910 712 1977 epulemur
737 1928 840 1966 non
883 1915 937 1966 in
987 1913 1238 1982 fermento
1285 1919 1466 1983 veteri,
1509 1934 1674 1987 neque
1699 1921 1754 1972 in
1784 1920 1893 1990 fer-

311 2009 489 2052 mento
512 2001 728 2054 malitia:
757 2013 806 2056 et
829 2004 1070 2074 nequitiae
1094 2022 1113 2070 ;
1143 2005 1234 2059 sed
1263 2009 1318 2060 in
1343 2008 1549 2077 azymis
1575 2008 1892 2064 sinceritatis

307 2100 358 2142 et
388 2091 618 2145 veritatis
642 2092 692 2162 (I
727 2092 848 2147 Cor.
877 2108 930 2159 ι’,
957 2093 989 2144 7
1019 2103 1070 2147 et
1099 2095 1174 2166 8).

932 2227 1158 2286 CAPUT
1199 2232 1262 2284 V.

267 2319 278 2328 ’
307 2317 450 2372 Loca
478 2317 773 2392 Scriptura:
797 2323 986 2392 quibus
1009 2320 1182 2378 (ἶναξεὶ
1210 2335 1390 2379 contra
1419 2323 1634 2380 Latinos
1679 2327 1734 2381 in
1759 2345 1886 2382 con-

381 2394 634 2467 troversia
678 2393 742 2447 de
767 2395 1092 2467 fermentata
1133 2396 1501 2467 abutebantur,
1533 2413 1760 2467 congrue
1797 2415 1889 2452 ea:-

379 2463 577 2528 posita,
604 2479 666 2515 ac
695 2464 922 2531 primum
944 2475 1206 2518 tractatur
1235 2466 1367 2519 illud
1385 2481 1402 2517 .'
1429 2463 1884 2523 Littera'occidit.

381 2567 512 2625 Sive
549 2571 732 2641 itaque
776 2573 827 2626 in
877 2574 972 2606 ³⁸⁸⁸
1023 2574 1194 2646 ﬁgura
1235 2577 1604 2632 sacriﬁcemus
1633 2593 1884 2649 azymum

303 2675 528 2729 panem,
564 2662 680 2716 sive
705 2663 822 2718 sine
848 2665 994 2720 omni
1027 2666 1220 2738 ﬁgura,
1252 2668 1559 2724 nullatenus
1589 2685 1684 2724 nos
1713 2671 1886 2726 Graeci

305 2753 770 2820 reprehensihilcs
797 2756 978 2811 valent
1019 2759 1334 2824 ostendere;
1381 2761 1474 2815 sed
1521 2770 1614 2816 aut
1658 2763 1757 2817 soli
1788 2779 1888 2818 nos

305 2846 446 2898 bene
473 2844 711 2914 agimus.
741 2847 812 2900 illi
845 2863 948 2902 non
999 2849 1161 2916 bene;
1205 2861 1296 2904 aut
1337 2867 1436 2906 nos
1463 2851 1654 2907 mélius
1681 2863 1736 2908 et
1763 2855 1884 2908 dili-

305 2938 544 3006 gentius,
577 2938 621 2992 si
653 2937 727 2992 illi
763 2939 918 3022 bene.
949 2939 1150 3008 Nempe
1176 2943 1310 2996 satis
1343 2943 1635 2997 ostendunt
1679 2959 1737 3000 se
1768 2945 1884 2998 nul-

305 3029 412 3082 lam
437 3029 638 3084 habere
663 3031 924 3086 rationem
947 3033 1012 3087 ad
1030 3048 1182 3088 suam
1205 3044 1412 3103 partem
1433 3035 1877 3100 conﬁrmandam,
1912 3063 1957 3124 ρ

305 3130 550 3176 nostram
603 3121 982 3177 inﬁrmandam
1013 3141 1026 3176 :
1055 3140 1178 3180 cum
1211 3125 1314 3180 hoc
1337 3135 1530 3180 contra
1577 3141 1675 3180 nos
1705 3126 1884 3195 profe-

303 3223 451 3276 runt,
485 3213 624 3282 quod
654 3213 798 3268 nullo
835 3215 994 3268 modo
1023 3224 1116 3269 aut
1141 3225 1327 3270 contra
1357 3231 1476 3282 nos,
1507 3225 1600 3270 aut
1629 3232 1752 3271 cum
1779 3215 1884 3272 illis

302 3319 424 3360 esse
465 3307 832 3374 cognoscitur.
889 3306 1164 3374 Objiciunt
1208 3309 1351 3362 enim
1399 3309 1586 3373 uehis,
1642 3309 1782 3362 sicut
1829 3309 1882 3362 in

303 3403 488 3449 vestra
535 3395 634 3466 legi
666 3397 916 3466 epistola,
950 3400 1092 3468 quod
1122 3399 1252 3453 dicit
1279 3401 1569 3469 Apostolus
1622 3419 1634 3452 :
1683 3399 1882 3454 Littera

301 3487 438 3540 enim
467 3489 688 3553 occidit;
724 3491 936 3557 spiritus
959 3501 1132 3544 autem
1155 3492 1380 3560 viviﬁcat
1409 3492 1492 3560 (11
1521 3491 1644 3546 Cor.
1683 3509 1762 3558 ιιι,
1797 3493 1876 3560 ϐ);

302 3586 358 3632 et
382 3580 526 3647 quod
549 3580 712 3634 Amos
747 3582 1011 3650 propheta
1058 3599 1072 3636 :
1104 3582 1432 3650 Sacriﬁcate,
1462 3584 1656 3652 inquit,
1685 3585 1748 3638 de
1771 3584 1880 3653 fer-

301 3677 532 3722 mentato
563 3669 773 3724 laudem
803 3669 984 3742 (Amos
1011 3689 1085 3740 tv,
1123 3671 1201 3742 5).
1242 3673 1392 3728 Unde
1423 3675 1670 3729 nituntur
1699 3685 1882 3730 osten-

302 3759 432 3812 dere
457 3759 583 3828 quia
617 3759 816 3824 littera,
855 3777 974 3831 qtue
1001 3771 1156 3818 vetus
1197 3763 1400 3820 Pascha
1445 3765 1708 3820 celebrari
1727 3766 1882 3834 jubet

302 3851 356 3904 in
382 3852 606 3920 azymis,
639 3869 736 3907 nos
757 3855 981 3920 occidit;
1009 3871 1130 3910 cum
1153 3871 1272 3908 eam
1302 3871 1606 3920 servamus,
1631 3871 1879 3927 azymum

303 3945 684 4012 sacriﬁcando,
719 3961 822 4000 non
855 3948 989 4001 bene
1017 3949 1258 4017 Apostoli
1289 3949 1456 4002 verba
1484 3947 1876 4018 intelligentes.

301 4035 506 4092 Littera
557 4039 698 4093 enim
753 4049 880 4094 tunc
937 4040 1136 4094 dicitur
1181 4042 1453 4106 occidere,
1518 4042 1736 4109 quando
1788 4039 1876 4094 illa

294 4129 494 4197 jubens
517 4146 544 4182 a
571 4140 792 4198 peccato
819 4131 1110 4198 declinare,
1135 4143 1414 4201 peccatum
1440 4135 1677 4188 ostendit
1705 4150 1717 4185 :
1744 4147 1879 4202 quo-

301 4221 472 4282 niam,
507 4222 606 4276 nisi
647 4223 861 4290 adjuvet
892 4225 1087 4294 gratia,
1141 4234 1196 4278 ut
1226 4225 1318 4280 ﬁat
1348 4227 1490 4294 quod
1517 4226 1762 4296 jubetur,
1792 4227 1876 4282 in-

296 4313 636 4367 ebedientem
659 4316 1194 4382 etprmvaricatorem
1219 4315 1369 4369 facit.
1387 4317 1538 4384 Quod
1559 4319 1609 4370 in
1634 4317 1872 4386 Epistola

297 4407 364 4460 ad
413 4405 688 4462 Romanos
731 4409 871 4463 idem
908 4419 1094 4477 aperte
1137 4417 1404 4463 monstrat
1433 4408 1742 4477 Apostolus,
1787 4409 1872 4463 di—

295 4511 424 4551 cens
457 4517 469 4550 :
505 4497 783 4552 Peccatum
829 4517 932 4553 non
980 4499 1194 4568 cognovi
1234 4499 1340 4552 nisi
1382 4515 1475 4568 per
1509 4499 1689 4568 legem.
1729 4498 1872 4551 Nam

294 4589 1096 4656 concupiscentiamnesciebam,
1132 4591 1232 4644 nisi
1255 4590 1348 4620 ⁸³⁸⁷
1385 4590 1468 4643 lea:
1486 4591 1676 4643 diceret
1705 4603 1722 4641 :
1755 4587 1872 4644 Non

294 4667 620 4746 concupices
643 4679 841 4750 (Exod.
873 4695 964 4745 xx,
993 4681 1103 4750 1'7).
1131 4679 1416 4734 Occasione
1437 4692 1610 4733 autem
1635 4689 1868 4748 accepta,

291 4781 558 4840 peccatum
585 4789 678 4839 per
705 4773 1016 4826 mandatum
1067 4783 1337 4842 operatum
1365 4783 1438 4826 est
1465 4773 1520 4825 in
1556 4787 1636 4825 me
1664 4787 1867 4826 omnem

1997 1835 2120 1876 cum
2149 1819 2242 1852 "7°
2275 1819 2502 1874 dixisset
2534 1837 2547 1874 :
2581 1817 2914 1890 Sufﬁcientia
2944 1832 3121 1876 nostra
3143 1839 3206 1876 ex
3233 1823 3341 1877 Deo
3368 1836 3462 1890 est,
3487 1827 3576 1894 qui

1995 1919 2042 1964 et
2071 1911 2286 1965 idoneos
2326 1929 2420 1966 nos
2463 1911 2581 1980 fecit
2607 1912 2871 1964 ministros
2907 1910 3044 1966 Novi
3080 1911 3426 1980 Testamenti,
3471 1932 3574 1968 non

1995 1999 2291 2068 littera,sed
2305 2003 2494 2071 spiritu
2515 1999 2600 2072 (II
2616 1999 2734 2054 Cor.
2754 2017 2836 2066 ιιι,
2861 2001 2939 2072 5),
2965 2002 3042 2056 ait
3079 2019 3092 2055 :
3117 2002 3291 2058 littera
3318 2006 3456 2059 enim
3479 2005 3568 2037 ³³⁷¹

1993 2094 2180 2150 occidit
2206 2107 2224 2145 :
2255 2094 2469 2162 spiritus
2494 2103 2668 2147 autem
2698 2095 2925 2161 viviﬁcat
2968 2093 3178 2164 (Ibid.).
3200 2096 3282 2152 Ac
3305 2097 3350 2152 si
3375 2098 3520 2153 dicat
3555 2115 3568 2150 :

1991 2181 2145 2236 Fecit
2167 2197 2266 2236 nos
2291 2182 2430 2238 Deus
2457 2183 2737 2237 ministros
2757 2181 2890 2238 Novi
2918 2183 3276 2250 Testamenti,
3299 2188 3441 2256 quod
3463 2203 3568 2242 non

1991 2279 2077 2325 est
2107 2272 2157 2324 in
2189 2270 2368 2326 littera
2399 2271 2701 2338 occidente,
2733 2274 2874 2327 sicut
2904 2273 3106 2338 Vetus;
3149 2276 3241 2330 sed
3283 2276 3336 2329 in
3378 2276 3570 2344 Spiritu

1991 2361 2319 2416 viviﬁcante.
2349 2363 2430 2416 Ad
2479 2371 2770 2432 utrumque
2822 2378 2971 2428 vero,
3003 2366 3070 2420 ad
3103 2367 3430 2422 occisionem
3461 2370 3568 2424 sci-

1992 2452 2118 2508 licet
2176 2453 2370 2509 litterae
2431 2462 2486 2508 et
2549 2455 2968 2510 viviﬁcatienem
3020 2457 3266 2526 spiritus,
3336 2462 3574 2529 pertinet

1989 2547 2133 2616 quod
2166 2546 2448 2616 subjunxit
2481 2564 2496 2599 :
2531 2546 2684 2612 Quod
2718 2549 2765 2600 si
2797 2548 3112 2602 ministratio
3151 2552 3352 2614 ntortis,
3384 2552 3570 2609 litteris

1989 2637 2282 2706 deformata
2309 2639 2366 2691 in
2389 2637 2676 2706 lapidibus,
2707 2637 2806 2706 fuit
2832 2639 2884 2692 in
2907 2640 3076 2708 gloria
3100 2657 3117 2702 ;
3147 2643 3220 2695 ita
3245 2653 3298 2694 ut
3323 2660 3426 2698 non
3451 2663 3571 2714 pos-

1987 2737 2098 2782 sent
2129 2727 2395 2782 intendere
2415 2727 2514 2796 ﬁlii
2547 2727 2716 2782 Israel
2743 2729 2797 2781 in
2824 2729 3012 2797 faciem
3031 2729 3204 2800 Moysi
3231 2743 3442 2800 propter
3463 2735 3570 2804 glo-

1989 2821 2123 2874 riam
2153 2820 2326 2874 vultus
2357 2820 2494 2889 ejus,
2526 2836 2644 2890 qua:
2671 2832 2957 2874 evacuatur
2981 2837 2999 2874 :
3027 2824 3286 2890 quomodo
3327 2842 3430 2879 non
3459 2843 3571 2900 ma-

1987 2914 2064 2982 gis
2097 2914 2417 2968 ministratio
2459 2913 2676 2982 spiritus
2706 2913 2802 2966 erit
2829 2914 2882 2966 in
2917 2913 3084 2984 gloria
3104 2915 3129 2966 ?
3159 2914 3300 2968 Nunt
3342 2916 3387 2969 si
3415 2920 3571 2972 mini-

1988 3006 2174 3056 stratio
2215 3003 2576 3057 damnationis
2613 3004 2784 3074 gloria
2810 3013 2905 3069 est,
2949 3005 3114 3057 multo
3147 3007 3313 3076 magis
3337 3007 3568 3060 abundat

1988 3094 2336 3146 ministerium
2354 3093 2582 3161 justitiu:
2608 3095 2662 3148 in
2685 3093 2874 3163 gloria.
2920 3090 3065 3146 Nam
3098 3110 3189 3147 nec
3213 3089 3568 3164 glorificamus

1985 3193 2082 3248 est,
2105 3184 2244 3252 quod
2260 3183 2449 3236 claruit
2472 3183 2526 3238 in
2553 3185 2650 3236 hac
2675 3193 2846 3252 parte,
2868 3195 3079 3254 propter
3101 3185 3432 3238 excellentem
3456 3187 3569 3256 gle-

1987 3277 2143 3330 riam.
2180 3276 2240 3330 Si
2261 3277 2398 3328 enim
2429 3279 2565 3346 quod
2590 3287 2897 3340 evacuatur,
2916 3275 3236 3346 pergloriam
3263 3287 3338 3330 est
3364 3291 3382 3328 :
3403 3279 3567 3330 multo

1985 3367 2152 3438 magis
2183 3366 2320 3436 quod
2348 3375 2546 3430 manet,
2575 3367 2628 3420 in
2660 3365 2829 3436 gloria
2859 3377 2956 3420 est.
2995 3366 3260 3421 Habentes
3295 3369 3456 3438 igitur
3485 3379 3568 3422 ta-

1985 3461 2084 3515 lem
2113 3477 2274 3530 spem,
2307 3458 2473 3512 multa
2499 3459 2696 3526 ﬁducia
2734 3461 2932 3512 utimur
2954 3477 2972 3516 :
2997 3471 3042 3512 et
3069 3477 3171 3513 non
3195 3461 3328 3514 sicut
3358 3461 3565 3532 Moyses

1983 3553 2202 3621 ponebat
2241 3551 2471 3604 velamen
2505 3567 2661 3620 super
2687 3550 2878 3620 faciem
2904 3567 3077 3615 suam,
3103 3561 3158 3604 ut
3185 3568 3288 3605 non
3333 3553 3567 3608 intende-

1985 3655 2098 3697 rent
2128 3644 2225 3712 ﬁlii
2266 3643 2438 3698 Israel
2475 3645 2528 3696 in
2558 3643 2747 3711 faciem
2781 3643 2916 3712 ejus,
2966 3643 3104 3712 quod
3132 3655 3446 3711 evacuatur;
3471 3647 3564 3700 sed

1985 3737 2154 3790 obtusi
2184 3745 2303 3789 sunt
2339 3751 2520 3789 sensus
2559 3751 2772 3788 eorum:
2803 3751 2962 3804 usque
2997 3737 3051 3788 in
3081 3737 3391 3788 hodiernum
3423 3740 3564 3791 enim

1982 3829 2119 3880 diem
2145 3827 2370 3894 idipsum
2422 3825 2578 3894 137
2621 3824 2851 3878 velamen
2885 3826 2936 3876 in
2969 3825 3186 3878 lectione
3227 3825 3423 3880 Veteris
3469 3828 3564 3882 Te-

1981 3921 2226 3974 stamenti
2265 3928 2438 3970 manet
2483 3933 2588 3969 non
2628 3914 2945 3979 revelatum;
2985 3919 3233 3985 quoniam
3262 3919 3314 3970 in
3351 3917 3558 3972 Christo

1981 4021 2286 4067 evacuatur.
2323 4009 2426 4066 Sed
2459 4023 2620 4078 usque
2650 4009 2702 4060 in
2748 4007 3060 4060 hodiernum
3091 4009 3250 4072 diem,
3287 4025 3402 4062 cum
3430 4011 3560 4080 legi--

1981 4115 2068 4160 tur
2111 4105 2342 4174 Moyses,
2390 4103 2622 4157 velamen
2661 4110 2736 4155 est
2784 4102 3007 4170 positum
3051 4119 3207 4170 super
3237 4120 3328 4155 cor
3356 4121 3556 4157 eorum.

1981 4195 2113 4249 Cum
2148 4205 2319 4248 autem
2351 4209 2629 4248 conversus
2660 4191 2819 4260 fuerit
2849 4193 2918 4244 ad
2949 4191 3256 4256 Dominum,
3289 4195 3562 4262 auferetur

1979 4287 2230 4341 velamen.
2263 4285 2520 4340 Dominus
2544 4293 2718 4337 atttem
2746 4285 2963 4352 spiritus
2992 4295 3100 4346 est;
3135 4285 3224 4337 ubi
3247 4299 3419 4339 autem
3449 4289 3560 4356 spi-

1901 4398 1952 4457 D
1981 4381 2114 4434 ritus
2141 4378 2371 4442 Domini,
2415 4377 2486 4430 ibi
2535 4377 2766 4431 libertas.
2803 4373 2918 4428 Nos
2954 4392 3073 4429 vero
3106 4392 3283 4428 omnes
3336 4379 3561 4432 revelata

1980 4472 2116 4542 facie
2144 4469 2367 4540 gloriam
2403 4469 2616 4522 Domini
2639 4467 2989 4537 speculantes,
3024 4468 3082 4520 in
3114 4467 3348 4520 eamdem
3372 4467 3562 4538 integi-

1981 4579 2094 4616 nem
2118 4562 2564 4630 transformamur
2592 4578 2622 4612 a
2652 4557 2956 4612 claritatein
2981 4556 3558 4629 claritatem,tanquam

1980 4672 2010 4707 a
2055 4654 2266 4707 Domini
2315 4653 2522 4715 spiritu.
2557 4649 2686 4704 Ideo
2741 4651 2985 4704 habentes
3029 4650 3558 4716 administrationem,

1968 4750 2126 4818 juxta
2153 4762 2310 4817 quam
2339 4745 2430 4776 ⁸⁸⁷³
2461 4744 2878 4799 misericordiam
2918 4744 3184 4798 consecuti
3219 4743 3422 4811 sumus,
3453 4761 3558 4800 non

1559 4949 1794 5005 VARIZE
1835 4945 2240 5004 LECTIONES.

367 5103 457 5137 “‘°
473 5105 668 5177 Negari
695 5105 874 5174 nequit
899 5113 1025 5159 mss.
1068 5103 1198 5158 Vict.
1237 5103 1302 5157 l5
1329 5103 1470 5156 Edit.
1506 5101 1663 5156 Goth.
1689 5111 1737 5154 et
1769 5099 1901 5177 Col.
1923 5113 2122 5177 negare
2178 5105 2455 5177 nequeunt
2527 5095 2621 5127 ³⁸⁶¹
2647 5094 2832 5177 Vitent
2857 5109 3075 5177 quoque
3102 5109 3294 5177 aquam
3327 5109 3397 5177 ne
3425 5111 3552 5177 mss.

295 5175 432 5230 Vict.
465 5177 535 5232 20
553 5165 632 5230 vet
664 5165 852 5230 Cister.
881 5179 1046 5229 omitt.
1079 5177 1250 5228 vitent
1291 5189 1503 5250 quoque
1538 5171 1901 5250 aquationis.“
1928 5165 2200 5250 rFi'gura‘te
2229 5167 2698 5250 baptizamusnms.
2725 5165 2932 5250 ‘lliste’r.
2973 5165 3201 5250 ﬁgurate
3225 5165 3559 5250 “baptiaatur

289 5247 436 5300 Edit.
469 5245 623 5302 Goth.
654 5245 768 5300 Col.
812 5246 988 5300 Venet.
1027 5233 1670 5316 ﬁguraturbaptismum
1704 5241 1797 5316 '“f”
1813 5233 2062 5316 Nostrum
2092 5233 2410 5316 [figuratum
2435 5249 2516 5316 est
2541 5237 2686 5291 Edit.
2725 5237 2906 5316 Venet.
2945 5233 3558 5316 itaett'utn_ﬁgttrebatur

289 5277 436 5300 ιῖιιιη.
469 5277 623 5302 υυιη.
654 5277 768 5300 υυιο
819 5277 836 5300 7
857 5277 988 5300 σησι.
1028 5277 1275 5316 ΙΙῦΙιΙιΙΙ-ΙΙΙ
1333 5277 1628 5312 υιιμηδιιιιιδ
1813 5277 1957 5294 Lava»:
1976 5277 2062 5320 u‘u-
2113 5277 2410 5322 :lbillu|\llll‘
2435 5277 2516 5292 νυ·
2541 5277 2686 5291 uenir-
2733 5277 2746 5290 ν
2771 5277 2906 5291 ιιυυνο
2945 5277 3086 5290 ιιυυιι
3104 5277 3190 5289 uu-
3221 5277 3546 5356 ..ἦς-ιιιυιιῠιοιι

285 5317 384 5349 ³⁸⁸³
404 5317 538 5383 Qui.
566 5355 582 5370 .
613 5318 950 5370 detestantur
996 5333 1119 5369 mss.
1163 5315 1292 5367 Vict.
1320 5315 1353 5369 9
1382 5313 1600 5386 e_t7__l73__et
1629 5311 1786 5386 Corb.
1819 5321 1866 5364 et
1902 5310 2050 5386 Edtl:
2073 5307 2240 5386 90th:
2295 5317 2342 5360 et
2371 5305 2482 5386 col.
2517 5324 2634 5386 qua;
2656 5349 2668 5360 .
2697 5349 2708 5360 .
2727 5310 3050 5386 _tle_t_esta_tur
3122 5305 3241 5386 '3“:
3261 5323 3279 5356 ι
3307 5321 3374 5386 on
3426 5322 3552 5378 quia
3629 5335 3636 5352 ι

285 5375 484 5457 corpus
509 5405 607 5440 ms.
651 5387 839 5440 (ἤειρεν.
877 5403 978 5440 non
1011 5387 1098 5455 qui
1133 5401 1329 5454 corpus
1403 5383 1636 5460 ε’ξθθρἰχθ
1675 5381 1954 5460 itaque‘in
1999 5377 2343 5460 Emungam.
2378 5379 2490 5460 sive
2536 5375 2686 5432 enim
2727 5379 2777 5430 in
2813 5375 3012 5460 Pascha
3065 5375 3362 5456 sacriﬁcari
3423 5375 3552 5460 mss.

293 5449 430 5511 Vict.
459 5457 491 5511 9
517 5469 562 5509 et
591 5459 656 5509 15
681 5468 725 5509 et
749 5453 900 5509 Corb.
927 5467 972 5508 et
1003 5449 1145 5508 Edit.
1171 5449 1326 5510 Goth.
1349 5465 1394 5506 et
1421 5452 1536 5506 Col.
1569 5449 1781 5504 Pascha,
1804 5450 2064 5505 celebrari
2141 5449 2231 5479 33‘”
2251 5449 2563 5502 Nescieham
2597 5465 2717 5502 esse
2741 5456 3018 5516 peccatum
3047 5449 3151 5516 nisi
3183 5462 3307 5500 mss.
3339 5451 3552 5502 nescie-

279 5529 408 5581 bam
439 5527 540 5581 nisi
615 5527 708 5561 ⁸⁸⁸³
728 5527 1032 5581 Secundum
1062 5541 1308 5594 magnam
1341 5541 1464 5576 mss.
1497 5525 1792 5598 sec_u_ndum
1823 5537 1976 5598 suam
2162 5519 2226 5598 itit
2258 5519 2590 5598 renovaiieni
2620 5514 2753 5598 mss;
2773 5519 2938 5598 omizt.
3137 5514 3262 5569 ideo
3298 5533 3416 5598 eum
3451 5535 3548 5572 ms.

285 5599 444 5652 Corb.
478 5599 608 5651 Item
639 5613 760 5651 cum
790 5615 885 5649 ms.
919 5595 1050 5650 Vict.
1081 5585 1276 5660 illlvjam
1307 5611 1428 5649 cum
1505 5590 1982 5655 3“"1'estameuti,
2015 5587 2257 5660 addidit:
2292 5605 2395 5641 ιιιιιι
2441 5591 2616 5642 littera
2642 5589 2733 5660 sed
2771 5586 2998 5660 spirilu;
3033 5585 3210 5660 littera
3246 5589 3547 5660 cuimimss.

287 5667 616 5724 Testatncuti
665 5683 771 5722 non
805 5669 982 5722 littera
1022 5669 1110 5723 sed
1147 5655 1381 5736 Spiritu,
1413 5665 1488 5718 ait
1527 5682 1537 5715 :
1581 5663 1756 5718 littera
1790 5661 1932 5717 enim
2008 5661 2098 5692 ³⁸⁷³
2131 5658 2289 5714 Juxta
2325 5675 2484 5728 quam
2519 5675 2615 5712 ms.
2658 5655 2842 5710 Cister.
2871 5657 3056 5710 rectius
3095 5655 3250 5724 juxta
3276 5659 3437 5726 quod.
