  <div class='ocr_page' id='page_1' title='image "/cluster/home/n/w/nwhite01/storage/ocr_20150623/158/hvd.32044054760160/279.png"; bbox 0 0 3936 6048; ppageno 0'>
   <div class='ocr_carea' id='block_1_1' title="bbox 439 225 545 282">
    <p class='ocr_par' dir='ltr' id='par_1_1' title="bbox 439 225 545 282">
     <span class='ocr_line' id='line_1_1' title="bbox 439 225 545 282; baseline -0.009 0"><span class='ocrx_word' id='word_1_1' title='bbox 439 225 545 282; x_wconf 68' lang='grc'><strong>547</strong></span> 
     </span>
    </p>
   </div>
   <div class='ocr_carea' id='block_1_2' title="bbox 436 335 2096 411">
    <p class='ocr_par' dir='ltr' id='par_1_2' title="bbox 436 335 2096 411">
     <span class='ocr_line' id='line_1_2' title="bbox 436 335 2096 411; baseline -0.004 -15"><span class='ocrx_word' id='word_1_2' title='bbox 436 342 706 411; x_wconf 77' lang='lat' dir='ltr'><strong>deﬁcimus</strong></span> <span class='ocrx_word' id='word_1_3' title='bbox 731 341 814 410; x_wconf 87' lang='lat' dir='ltr'><strong>(II</strong></span> <span class='ocrx_word' id='word_1_4' title='bbox 841 339 963 395; x_wconf 85' lang='lat' dir='ltr'><strong>Cor.</strong></span> <span class='ocrx_word' id='word_1_5' title='bbox 1001 357 1082 406; x_wconf 86' lang='lat' dir='ltr'><strong>In,</strong></span> <span class='ocrx_word' id='word_1_6' title='bbox 1110 342 1261 403; x_wconf 84' lang='lat' dir='ltr'><strong>1-l8,</strong></span> <span class='ocrx_word' id='word_1_7' title='bbox 1297 354 1374 402; x_wconf 81' lang='lat' dir='ltr'><strong>tv,</strong></span> <span class='ocrx_word' id='word_1_8' title='bbox 1409 337 1463 407; x_wconf 82' lang='grc' dir='ltr'><strong>Ι)</strong></span> <span class='ocrx_word' id='word_1_9' title='bbox 1520 338 1596 391; x_wconf 91' lang='lat' dir='ltr'><strong>De</strong></span> <span class='ocrx_word' id='word_1_10' title='bbox 1621 335 1896 391; x_wconf 86' lang='lat' dir='ltr'><strong>occisione</strong></span> <span class='ocrx_word' id='word_1_11' title='bbox 1928 335 2016 389; x_wconf 90' lang='lat' dir='ltr'><strong>lit-</strong></span> <span class='ocrx_word' id='word_1_12' title='bbox 2050 338 2096 393; x_wconf 85' lang='grc' dir='ltr'><strong>Α</strong></span> 
     </span>
    </p>
   </div>
   <div class='ocr_carea' id='block_1_3' title="bbox 443 427 2018 502">
    <p class='ocr_par' dir='ltr' id='par_1_3' title="bbox 443 427 2018 502">
     <span class='ocr_line' id='line_1_3' title="bbox 443 427 2018 502; baseline -0.005 -15"><span class='ocrx_word' id='word_1_13' title='bbox 443 444 612 499; x_wconf 67' lang='lat' dir='ltr'><strong>terte,</strong></span> <span class='ocrx_word' id='word_1_14' title='bbox 642 445 693 488; x_wconf 83' lang='lat' dir='ltr'><strong>et</strong></span> <span class='ocrx_word' id='word_1_15' title='bbox 723 434 1085 488; x_wconf 83' lang='lat' dir='ltr'><strong>viviﬁcatione</strong></span> <span class='ocrx_word' id='word_1_16' title='bbox 1113 432 1357 502; x_wconf 76' lang='lat' dir='ltr'><strong>spiritus,</strong></span> <span class='ocrx_word' id='word_1_17' title='bbox 1392 427 1722 499; x_wconf 81' lang='lat' dir='ltr'><strong>superﬂuum</strong></span> <span class='ocrx_word' id='word_1_18' title='bbox 1771 427 1900 481; x_wconf 86' lang='lat' dir='ltr'><strong>mihi</strong></span> <span class='ocrx_word' id='word_1_19' title='bbox 1941 427 2018 481; x_wconf 91' lang='lat' dir='ltr'><strong>vi-</strong></span> 
     </span>
    </p>
   </div>
   <div class='ocr_carea' id='block_1_4' title="bbox 440 519 2021 596">
    <p class='ocr_par' dir='ltr' id='par_1_4' title="bbox 440 519 2021 596">
     <span class='ocr_line' id='line_1_4' title="bbox 440 519 2021 596; baseline -0.003 -19"><span class='ocrx_word' id='word_1_20' title='bbox 440 527 598 580; x_wconf 87' lang='lat' dir='ltr'><strong>detur</strong></span> <span class='ocrx_word' id='word_1_21' title='bbox 631 541 800 596; x_wconf 79' lang='lat' dir='ltr'><strong>super</strong></span> <span class='ocrx_word' id='word_1_22' title='bbox 829 525 940 578; x_wconf 65' lang='lat' dir='ltr'><strong>hinc</strong></span> <span class='ocrx_word' id='word_1_23' title='bbox 970 522 1173 594; x_wconf 89' lang='lat' dir='ltr'><strong>aliquid</strong></span> <span class='ocrx_word' id='word_1_24' title='bbox 1208 522 1428 576; x_wconf 87' lang='lat' dir='ltr'><strong>addere.</strong></span> <span class='ocrx_word' id='word_1_25' title='bbox 1469 519 1616 576; x_wconf 86' lang='lat' dir='ltr'><strong>Satis</strong></span> <span class='ocrx_word' id='word_1_26' title='bbox 1661 519 1825 589; x_wconf 86' lang='lat' dir='ltr'><strong>igitur</strong></span> <span class='ocrx_word' id='word_1_27' title='bbox 1873 528 2021 588; x_wconf 84' lang='lat' dir='ltr'><strong>patet</strong></span> 
     </span>
    </p>
   </div>
   <div class='ocr_carea' id='block_1_5' title="bbox 438 612 2017 686">
    <p class='ocr_par' dir='ltr' id='par_1_5' title="bbox 438 612 2017 686">
     <span class='ocr_line' id='line_1_5' title="bbox 438 612 2017 686; baseline -0.002 -19"><span class='ocrx_word' id='word_1_28' title='bbox 438 617 562 686; x_wconf 85' lang='lat' dir='ltr'><strong>quia</strong></span> <span class='ocrx_word' id='word_1_29' title='bbox 600 631 698 670; x_wconf 84' lang='lat' dir='ltr'><strong>nec</strong></span> <span class='ocrx_word' id='word_1_30' title='bbox 731 615 932 669; x_wconf 71' lang='lat' dir='ltr'><strong>Graecis</strong></span> <span class='ocrx_word' id='word_1_31' title='bbox 963 615 1202 682; x_wconf 89' lang='lat' dir='ltr'><strong>prodest,</strong></span> <span class='ocrx_word' id='word_1_32' title='bbox 1235 628 1336 668; x_wconf 88' lang='lat' dir='ltr'><strong>nec</strong></span> <span class='ocrx_word' id='word_1_33' title='bbox 1371 612 1528 669; x_wconf 87' lang='lat' dir='ltr'><strong>nobis</strong></span> <span class='ocrx_word' id='word_1_34' title='bbox 1565 612 1740 676; x_wconf 86' lang='lat' dir='ltr'><strong>obest,</strong></span> <span class='ocrx_word' id='word_1_35' title='bbox 1773 612 1914 680; x_wconf 83' lang='lat' dir='ltr'><strong>qqu</strong></span> <span class='ocrx_word' id='word_1_36' title='bbox 1949 613 2017 664; x_wconf 85' lang='lat' dir='ltr'><strong>de</strong></span> 
     </span>
    </p>
   </div>
   <div class='ocr_carea' id='block_1_6' title="bbox 437 705 1234 775">
    <p class='ocr_par' dir='ltr' id='par_1_6' title="bbox 437 705 1234 775">
     <span class='ocr_line' id='line_1_6' title="bbox 437 705 1234 775; baseline -0.003 -15"><span class='ocrx_word' id='word_1_37' title='bbox 437 709 720 762; x_wconf 89' lang='lat' dir='ltr'><strong>occidente</strong></span> <span class='ocrx_word' id='word_1_38' title='bbox 748 706 926 760; x_wconf 90' lang='lat' dir='ltr'><strong>littera</strong></span> <span class='ocrx_word' id='word_1_39' title='bbox 951 705 1234 775; x_wconf 90' lang='lat' dir='ltr'><strong>objiciunt.</strong></span> 
     </span>
    </p>
   </div>
   <div class='ocr_carea' id='block_1_7' title="bbox 1052 806 1406 870">
    <p class='ocr_par' dir='ltr' id='par_1_7' title="bbox 1052 806 1406 870">
     <span class='ocr_line' id='line_1_7' title="bbox 1052 806 1406 870; baseline -0.003 0"><span class='ocrx_word' id='word_1_40' title='bbox 1052 806 1280 870; x_wconf 73' lang='lat' dir='ltr'><strong>CAPUT</strong></span> <span class='ocrx_word' id='word_1_41' title='bbox 1319 815 1406 870; x_wconf 79' lang='lat' dir='ltr'><strong>Vl.</strong></span> 
     </span>
    </p>
   </div>
   <div class='ocr_carea' id='block_1_8' title="bbox 439 907 2018 1030">
    <p class='ocr_par' dir='ltr' id='par_1_8' title="bbox 439 907 2018 1030">
     <span class='ocr_line' id='line_1_8' title="bbox 439 907 2018 1030; baseline -0.004 -67"><span class='ocrx_word' id='word_1_42' title='bbox 439 909 714 974; x_wconf 83' lang='lat' dir='ltr'><strong>Quomodo</strong></span> <span class='ocrx_word' id='word_1_43' title='bbox 744 910 992 978; x_wconf 81' lang='lat' dir='ltr'><strong>propheta</strong></span> <span class='ocrx_word' id='word_1_44' title='bbox 1029 907 1555 1030; x_wconf 59' lang='lat' dir='ltr'><strong>jubleatdsacri/icari</strong></span> <span class='ocrx_word' id='word_1_45' title='bbox 1598 907 1661 960; x_wconf 85' lang='lat' dir='ltr'><strong>de</strong></span> <span class='ocrx_word' id='word_1_46' title='bbox 1707 907 2018 975; x_wconf 79' lang='lat' dir='ltr'><strong>fermentato</strong></span> 
     </span>
     <span class='ocr_line' id='line_1_9' title="bbox 1143 995 1353 1030; baseline 0 0"><span class='ocrx_word' id='word_1_47' title='bbox 1143 996 1212 1030; x_wconf 82' lang='lat' dir='ltr'><strong>au</strong></span> <span class='ocrx_word' id='word_1_48' title='bbox 1251 995 1353 1030; x_wconf 87' lang='lat' dir='ltr'><strong>em.</strong></span> 
     </span>
    </p>
   </div>
   <div class='ocr_carea' id='block_1_9' title="bbox 1143 995 1353 1032">
    <p class='ocr_par' dir='ltr' id='par_1_9' title="bbox 1143 995 1353 1032">
     <span class='ocr_line' id='line_1_10' title="bbox 1143 995 1353 1032; baseline 0.005 -2"><span class='ocrx_word' id='word_1_49' title='bbox 1143 995 1353 1032; x_wconf 84' lang='lat' dir='ltr'><strong>auaem.</strong></span> 
     </span>
    </p>
   </div>
   <div class='ocr_carea' id='block_1_10' title="bbox 508 1067 2018 1139">
    <p class='ocr_par' dir='ltr' id='par_1_10' title="bbox 508 1067 2018 1139">
     <span class='ocr_line' id='line_1_11' title="bbox 508 1067 2018 1139; baseline -0.003 -14"><span class='ocrx_word' id='word_1_50' title='bbox 508 1071 662 1136; x_wconf 85' lang='lat' dir='ltr'><strong>Quod</strong></span> <span class='ocrx_word' id='word_1_51' title='bbox 715 1082 895 1126; x_wconf 89' lang='lat' dir='ltr'><strong>autem</strong></span> <span class='ocrx_word' id='word_1_52' title='bbox 944 1080 1230 1125; x_wconf 83' lang='lat' dir='ltr'><strong>assumunt</strong></span> <span class='ocrx_word' id='word_1_53' title='bbox 1265 1071 1330 1125; x_wconf 89' lang='lat' dir='ltr'><strong>de</strong></span> <span class='ocrx_word' id='word_1_54' title='bbox 1373 1071 1629 1139; x_wconf 82' lang='lat' dir='ltr'><strong>propheta</strong></span> <span class='ocrx_word' id='word_1_55' title='bbox 1672 1086 1684 1122; x_wconf 92' lang='lat'>:</span> <span class='ocrx_word' id='word_1_56' title='bbox 1742 1067 1920 1121; x_wconf 79' lang='lat' dir='ltr'><strong>Venite</strong></span> <span class='ocrx_word' id='word_1_57' title='bbox 1964 1069 2018 1121; x_wconf 87' lang='lat' dir='ltr'><strong>in</strong></span> 
     </span>
    </p>
   </div>
   <div class='ocr_carea' id='block_1_11' title="bbox 436 1161 2018 1232">
    <p class='ocr_par' dir='ltr' id='par_1_11' title="bbox 436 1161 2018 1232">
     <span class='ocr_line' id='line_1_12' title="bbox 436 1161 2018 1232; baseline -0.003 -16"><span class='ocrx_word' id='word_1_58' title='bbox 436 1161 680 1232; x_wconf 67' lang='lat' dir='ltr'><strong>Galguta,</strong></span> <span class='ocrx_word' id='word_1_59' title='bbox 713 1173 759 1216; x_wconf 90' lang='lat' dir='ltr'><strong>et</strong></span> <span class='ocrx_word' id='word_1_60' title='bbox 791 1165 946 1231; x_wconf 80' lang='lat' dir='ltr'><strong>impie</strong></span> <span class='ocrx_word' id='word_1_61' title='bbox 986 1163 1124 1232; x_wconf 80' lang='lat' dir='ltr'><strong>agite</strong></span> <span class='ocrx_word' id='word_1_62' title='bbox 1161 1166 1259 1216; x_wconf 63' lang='lat' dir='ltr'><strong>:‘et</strong></span> <span class='ocrx_word' id='word_1_63' title='bbox 1303 1163 1594 1229; x_wconf 81' lang='lat' dir='ltr'><strong>sacriﬁcate</strong></span> <span class='ocrx_word' id='word_1_64' title='bbox 1621 1161 1684 1213; x_wconf 86' lang='lat' dir='ltr'><strong>de</strong></span> <span class='ocrx_word' id='word_1_65' title='bbox 1713 1161 2018 1228; x_wconf 80' lang='lat' dir='ltr'><strong>fermentata</strong></span> 
     </span>
    </p>
   </div>
   <div class='ocr_carea' id='block_1_12' title="bbox 437 1251 2018 1323">
    <p class='ocr_par' dir='ltr' id='par_1_12' title="bbox 437 1251 2018 1323">
     <span class='ocr_line' id='line_1_13' title="bbox 437 1251 2018 1323; baseline -0.001 -18"><span class='ocrx_word' id='word_1_66' title='bbox 437 1254 646 1307; x_wconf 82' lang='lat' dir='ltr'><strong>laudem</strong></span> <span class='ocrx_word' id='word_1_67' title='bbox 680 1254 858 1323; x_wconf 76' lang='lat' dir='ltr'><strong>(Amos</strong></span> <span class='ocrx_word' id='word_1_68' title='bbox 886 1271 958 1320; x_wconf 82' lang='lat' dir='ltr'><strong>iv,</strong></span> <span class='ocrx_word' id='word_1_69' title='bbox 990 1253 1075 1323; x_wconf 81' lang='lat'><strong>5);</strong></span> <span class='ocrx_word' id='word_1_70' title='bbox 1117 1251 1516 1322; x_wconf 86' lang='lat' dir='ltr'><strong>intelligendum</strong></span> <span class='ocrx_word' id='word_1_71' title='bbox 1551 1263 1630 1305; x_wconf 88' lang='lat' dir='ltr'><strong>est</strong></span> <span class='ocrx_word' id='word_1_72' title='bbox 1659 1267 1780 1306; x_wconf 87' lang='lat' dir='ltr'><strong>esse</strong></span> <span class='ocrx_word' id='word_1_73' title='bbox 1817 1251 2018 1305; x_wconf 86' lang='lat' dir='ltr'><strong>dictum</strong></span> 
     </span>
    </p>
   </div>
   <div class='ocr_carea' id='block_1_13' title="bbox 439 1342 2016 1414">
    <p class='ocr_par' dir='ltr' id='par_1_13' title="bbox 439 1342 2016 1414">
     <span class='ocr_line' id='line_1_14' title="bbox 439 1342 2016 1414; baseline -0.001 -16"><span class='ocrx_word' id='word_1_74' title='bbox 439 1355 532 1398; x_wconf 84' lang='lat' dir='ltr'><strong>aut</strong></span> <span class='ocrx_word' id='word_1_75' title='bbox 580 1345 927 1414; x_wconf 78' lang='lat' dir='ltr'><strong>approbando</strong></span> <span class='ocrx_word' id='word_1_76' title='bbox 965 1345 1070 1399; x_wconf 87' lang='lat' dir='ltr'><strong>tale</strong></span> <span class='ocrx_word' id='word_1_77' title='bbox 1113 1345 1474 1406; x_wconf 89' lang='lat' dir='ltr'><strong>sacriﬁcium,</strong></span> <span class='ocrx_word' id='word_1_78' title='bbox 1531 1351 1623 1396; x_wconf 90' lang='lat' dir='ltr'><strong>aut</strong></span> <span class='ocrx_word' id='word_1_79' title='bbox 1660 1342 2016 1412; x_wconf 81' lang='lat' dir='ltr'><strong>reprobando.</strong></span> 
     </span>
    </p>
   </div>
   <div class='ocr_carea' id='block_1_14' title="bbox 438 1433 2018 1504">
    <p class='ocr_par' dir='ltr' id='par_1_14' title="bbox 438 1433 2018 1504">
     <span class='ocr_line' id='line_1_15' title="bbox 438 1433 2018 1504; baseline -0.002 -15"><span class='ocrx_word' id='word_1_80' title='bbox 438 1433 542 1489; x_wconf 89' lang='lat' dir='ltr'><strong>Sed</strong></span> <span class='ocrx_word' id='word_1_81' title='bbox 573 1436 618 1489; x_wconf 91' lang='lat' dir='ltr'><strong>si</strong></span> <span class='ocrx_word' id='word_1_82' title='bbox 663 1437 765 1488; x_wconf 92' lang='lat' dir='ltr'><strong>hoc</strong></span> <span class='ocrx_word' id='word_1_83' title='bbox 801 1433 1042 1504; x_wconf 69' lang='lat' dir='ltr'><strong>przccipit</strong></span> <span class='ocrx_word' id='word_1_84' title='bbox 1075 1435 1329 1504; x_wconf 87' lang='lat' dir='ltr'><strong>propheta</strong></span> <span class='ocrx_word' id='word_1_85' title='bbox 1351 1475 1364 1494; x_wconf 89' lang='lat'><strong>.</strong></span> <span class='ocrx_word' id='word_1_86' title='bbox 1397 1442 1456 1487; x_wconf 88' lang='lat' dir='ltr'><strong>ut</strong></span> <span class='ocrx_word' id='word_1_87' title='bbox 1498 1435 1788 1489; x_wconf 88' lang='lat' dir='ltr'><strong>secundum</strong></span> <span class='ocrx_word' id='word_1_88' title='bbox 1816 1449 1910 1488; x_wconf 88' lang='lat' dir='ltr'><strong>eos</strong></span> <span class='ocrx_word' id='word_1_89' title='bbox 1938 1433 2018 1487; x_wconf 85' lang='lat' dir='ltr'><strong>lo-</strong></span> 
     </span>
    </p>
   </div>
   <div class='ocr_carea' id='block_1_15' title="bbox 433 1525 2019 1595">
    <p class='ocr_par' dir='ltr' id='par_1_15' title="bbox 433 1525 2019 1595">
     <span class='ocr_line' id='line_1_16' title="bbox 433 1525 2019 1595; baseline 0 -15"><span class='ocrx_word' id='word_1_90' title='bbox 433 1541 602 1595; x_wconf 88' lang='lat' dir='ltr'><strong>quar,</strong></span> <span class='ocrx_word' id='word_1_91' title='bbox 636 1525 756 1580; x_wconf 88' lang='lat' dir='ltr'><strong>illos</strong></span> <span class='ocrx_word' id='word_1_92' title='bbox 776 1526 973 1580; x_wconf 85' lang='lat' dir='ltr'><strong>occidit</strong></span> <span class='ocrx_word' id='word_1_93' title='bbox 1001 1525 1177 1580; x_wconf 86' lang='lat' dir='ltr'><strong>littera</strong></span> <span class='ocrx_word' id='word_1_94' title='bbox 1197 1566 1210 1590; x_wconf 95' lang='lat'><strong>,</strong></span> <span class='ocrx_word' id='word_1_95' title='bbox 1237 1526 1326 1594; x_wconf 90' lang='lat' dir='ltr'><strong>qui</strong></span> <span class='ocrx_word' id='word_1_96' title='bbox 1356 1525 1591 1579; x_wconf 82' lang='lat' dir='ltr'><strong>litteram</strong></span> <span class='ocrx_word' id='word_1_97' title='bbox 1623 1526 1922 1586; x_wconf 88' lang='lat' dir='ltr'><strong>servando.</strong></span> <span class='ocrx_word' id='word_1_98' title='bbox 1951 1525 2019 1580; x_wconf 87' lang='lat' dir='ltr'><strong>de</strong></span> 
     </span>
    </p>
   </div>
   <div class='ocr_carea' id='block_1_16' title="bbox 434 1617 2019 1685">
    <p class='ocr_par' dir='ltr' id='par_1_16' title="bbox 434 1617 2019 1685">
     <span class='ocr_line' id='line_1_17' title="bbox 434 1617 2019 1685; baseline 0 -15"><span class='ocrx_word' id='word_1_99' title='bbox 434 1617 763 1672; x_wconf 82' lang='lat' dir='ltr'><strong>fermentato</strong></span> <span class='ocrx_word' id='word_1_100' title='bbox 793 1617 1126 1672; x_wconf 87' lang='lat' dir='ltr'><strong>sacriﬁcant.</strong></span> <span class='ocrx_word' id='word_1_101' title='bbox 1175 1620 1244 1671; x_wconf 83' lang='lat' dir='ltr'><strong>At</strong></span> <span class='ocrx_word' id='word_1_102' title='bbox 1275 1617 1318 1670; x_wconf 91' lang='lat' dir='ltr'><strong>si</strong></span> <span class='ocrx_word' id='word_1_103' title='bbox 1364 1619 1467 1672; x_wconf 91' lang='lat' dir='ltr'><strong>hoc</strong></span> <span class='ocrx_word' id='word_1_104' title='bbox 1495 1617 1876 1685; x_wconf 81' lang='lat' dir='ltr'><strong>exprobrando</strong></span> <span class='ocrx_word' id='word_1_105' title='bbox 1905 1617 2019 1670; x_wconf 86' lang='lat' dir='ltr'><strong>dio-</strong></span> 
     </span>
    </p>
   </div>
   <div class='ocr_carea' id='block_1_17' title="bbox 436 1707 2013 1777">
    <p class='ocr_par' dir='ltr' id='par_1_17' title="bbox 436 1707 2013 1777">
     <span class='ocr_line' id='line_1_18' title="bbox 436 1707 2013 1777; baseline -0.001 -16"><span class='ocrx_word' id='word_1_106' title='bbox 436 1716 548 1761; x_wconf 88' lang='lat' dir='ltr'><strong>tum</strong></span> <span class='ocrx_word' id='word_1_107' title='bbox 587 1718 704 1773; x_wconf 89' lang='lat' dir='ltr'><strong>est,</strong></span> <span class='ocrx_word' id='word_1_108' title='bbox 753 1723 855 1777; x_wconf 86' lang='lat' dir='ltr'><strong>qua</strong></span> <span class='ocrx_word' id='word_1_109' title='bbox 904 1707 1081 1762; x_wconf 83' lang='lat' dir='ltr'><strong>fronte</strong></span> <span class='ocrx_word' id='word_1_110' title='bbox 1123 1707 1434 1762; x_wconf 88' lang='lat' dir='ltr'><strong>sacriﬁcant</strong></span> <span class='ocrx_word' id='word_1_111' title='bbox 1470 1708 1611 1776; x_wconf 87' lang='lat' dir='ltr'><strong>quod</strong></span> <span class='ocrx_word' id='word_1_112' title='bbox 1655 1707 1912 1776; x_wconf 89' lang='lat' dir='ltr'><strong>propheta</strong></span> <span class='ocrx_word' id='word_1_113' title='bbox 1961 1709 2013 1760; x_wconf 86' lang='lat' dir='ltr'><strong>in</strong></span> 
     </span>
    </p>
   </div>
   <div class='ocr_carea' id='block_1_18' title="bbox 435 1798 2013 1867">
    <p class='ocr_par' dir='ltr' id='par_1_18' title="bbox 435 1798 2013 1867">
     <span class='ocr_line' id='line_1_19' title="bbox 435 1798 2013 1867; baseline 0.001 -15"><span class='ocrx_word' id='word_1_114' title='bbox 435 1798 762 1852; x_wconf 81' lang='lat' dir='ltr'><strong>sacriﬁcium</strong></span> <span class='ocrx_word' id='word_1_115' title='bbox 794 1809 1108 1852; x_wconf 81' lang='lat' dir='ltr'><strong>exsecratur</strong></span> <span class='ocrx_word' id='word_1_116' title='bbox 1138 1817 1151 1855; x_wconf 92' lang='lat'><strong>:</strong></span> <span class='ocrx_word' id='word_1_117' title='bbox 1181 1808 1274 1852; x_wconf 88' lang='lat' dir='ltr'><strong>aut</strong></span> <span class='ocrx_word' id='word_1_118' title='bbox 1302 1814 1404 1867; x_wconf 87' lang='lat' dir='ltr'><strong>qua</strong></span> <span class='ocrx_word' id='word_1_119' title='bbox 1435 1799 1639 1852; x_wconf 87' lang='lat' dir='ltr'><strong>ratione</strong></span> <span class='ocrx_word' id='word_1_120' title='bbox 1671 1801 1771 1852; x_wconf 93' lang='lat' dir='ltr'><strong>boc</strong></span> <span class='ocrx_word' id='word_1_121' title='bbox 1807 1799 1857 1851; x_wconf 90' lang='lat' dir='ltr'><strong>in</strong></span> <span class='ocrx_word' id='word_1_122' title='bbox 1885 1814 2013 1853; x_wconf 87' lang='lat' dir='ltr'><strong>auc-</strong></span> 
     </span>
    </p>
   </div>
   <div class='ocr_carea' id='block_1_19' title="bbox 437 1887 2015 1958">
    <p class='ocr_par' dir='ltr' id='par_1_19' title="bbox 437 1887 2015 1958">
     <span class='ocr_line' id='line_1_20' title="bbox 437 1887 2015 1958; baseline 0.004 -20"><span class='ocrx_word' id='word_1_123' title='bbox 437 1887 708 1940; x_wconf 78' lang='lat' dir='ltr'><strong>toritatem</strong></span> <span class='ocrx_word' id='word_1_124' title='bbox 737 1887 838 1943; x_wconf 88' lang='lat' dir='ltr'><strong>sibi</strong></span> <span class='ocrx_word' id='word_1_125' title='bbox 880 1889 1197 1944; x_wconf 86' lang='lat' dir='ltr'><strong>assumunt?</strong></span> <span class='ocrx_word' id='word_1_126' title='bbox 1221 1888 1372 1956; x_wconf 82' lang='lat' dir='ltr'><strong>Quod</strong></span> <span class='ocrx_word' id='word_1_127' title='bbox 1417 1898 1594 1943; x_wconf 88' lang='lat' dir='ltr'><strong>autem</strong></span> <span class='ocrx_word' id='word_1_128' title='bbox 1625 1889 1724 1943; x_wconf 91' lang='lat' dir='ltr'><strong>hoc</strong></span> <span class='ocrx_word' id='word_1_129' title='bbox 1753 1891 2015 1958; x_wconf 81' lang='lat' dir='ltr'><strong>pr0pheta</strong></span> 
     </span>
    </p>
   </div>
   <div class='ocr_carea' id='block_1_20' title="bbox 434 1977 2017 2050">
    <p class='ocr_par' dir='ltr' id='par_1_20' title="bbox 434 1977 2017 2050">
     <span class='ocr_line' id='line_1_21' title="bbox 434 1977 2017 2050; baseline 0.001 -19"><span class='ocrx_word' id='word_1_130' title='bbox 434 1993 543 2032; x_wconf 88' lang='lat' dir='ltr'><strong>non</strong></span> <span class='ocrx_word' id='word_1_131' title='bbox 586 1977 858 2046; x_wconf 76' lang='lat' dir='ltr'><strong>iubendo,</strong></span> <span class='ocrx_word' id='word_1_132' title='bbox 901 1980 993 2034; x_wconf 86' lang='lat' dir='ltr'><strong>sed</strong></span> <span class='ocrx_word' id='word_1_133' title='bbox 1032 1980 1471 2050; x_wconf 86' lang='lat' dir='ltr'><strong>reprehendendo</strong></span> <span class='ocrx_word' id='word_1_134' title='bbox 1518 1979 1746 2043; x_wconf 84' lang='lat' dir='ltr'><strong>dixerit,</strong></span> <span class='ocrx_word' id='word_1_135' title='bbox 1796 1978 2017 2033; x_wconf 88' lang='lat' dir='ltr'><strong>dubimn</strong></span> 
     </span>
    </p>
   </div>
   <div class='ocr_carea' id='block_1_21' title="bbox 435 2068 2014 2140">
    <p class='ocr_par' dir='ltr' id='par_1_21' title="bbox 435 2068 2014 2140">
     <span class='ocr_line' id='line_1_22' title="bbox 435 2068 2014 2140; baseline 0.001 -20"><span class='ocrx_word' id='word_1_136' title='bbox 435 2083 543 2121; x_wconf 90' lang='lat' dir='ltr'><strong>non</strong></span> <span class='ocrx_word' id='word_1_137' title='bbox 579 2077 692 2134; x_wconf 88' lang='lat' dir='ltr'><strong>est;</strong></span> <span class='ocrx_word' id='word_1_138' title='bbox 735 2085 856 2123; x_wconf 91' lang='lat' dir='ltr'><strong>cum</strong></span> <span class='ocrx_word' id='word_1_139' title='bbox 883 2072 997 2126; x_wconf 83' lang='lat' dir='ltr'><strong>-hoc</strong></span> <span class='ocrx_word' id='word_1_140' title='bbox 1049 2071 1224 2140; x_wconf 78' lang='lat' dir='ltr'><strong>impiae</strong></span> <span class='ocrx_word' id='word_1_141' title='bbox 1274 2071 1471 2125; x_wconf 88' lang='lat' dir='ltr'><strong>actioni</strong></span> <span class='ocrx_word' id='word_1_142' title='bbox 1521 2069 1869 2124; x_wconf 76' lang='lat' dir='ltr'><strong>associaverit</strong></span> <span class='ocrx_word' id='word_1_143' title='bbox 1899 2068 2014 2121; x_wconf 78' lang='grc'><strong>³⁸⁷³.</strong></span> 
     </span>
    </p>
   </div>
   <div class='ocr_carea' id='block_1_22' title="bbox 438 2157 2020 2229">
    <p class='ocr_par' dir='ltr' id='par_1_22' title="bbox 438 2157 2020 2229">
     <span class='ocr_line' id='line_1_23' title="bbox 438 2157 2020 2229; baseline -0.001 -17"><span class='ocrx_word' id='word_1_144' title='bbox 438 2158 658 2212; x_wconf 80' lang='lat' dir='ltr'><strong>Dixerat</strong></span> <span class='ocrx_word' id='word_1_145' title='bbox 687 2160 830 2212; x_wconf 89' lang='lat' dir='ltr'><strong>enim</strong></span> <span class='ocrx_word' id='word_1_146' title='bbox 865 2178 877 2213; x_wconf 92' lang='lat'><strong>:</strong></span> <span class='ocrx_word' id='word_1_147' title='bbox 922 2159 1094 2214; x_wconf 76' lang='lat' dir='ltr'><strong>Venite</strong></span> <span class='ocrx_word' id='word_1_148' title='bbox 1135 2160 1203 2213; x_wconf 87' lang='lat' dir='ltr'><strong>ad</strong></span> <span class='ocrx_word' id='word_1_149' title='bbox 1245 2159 1454 2223; x_wconf 78' lang='lat' dir='ltr'><strong>Bel/tet,</strong></span> <span class='ocrx_word' id='word_1_150' title='bbox 1494 2169 1539 2213; x_wconf 89' lang='lat' dir='ltr'><strong>et</strong></span> <span class='ocrx_word' id='word_1_151' title='bbox 1587 2159 1741 2229; x_wconf 80' lang='lat' dir='ltr'><strong>impie</strong></span> <span class='ocrx_word' id='word_1_152' title='bbox 1769 2157 1925 2228; x_wconf 82' lang='lat' dir='ltr'><strong>agite.</strong></span> <span class='ocrx_word' id='word_1_153' title='bbox 1954 2159 2020 2213; x_wconf 90' lang='lat' dir='ltr'><strong>Et</strong></span> 
     </span>
    </p>
   </div>
   <div class='ocr_carea' id='block_1_23' title="bbox 436 2249 2018 2320">
    <p class='ocr_par' dir='ltr' id='par_1_23' title="bbox 436 2249 2018 2320">
     <span class='ocr_line' id='line_1_24' title="bbox 436 2249 2018 2320; baseline 0.002 -21"><span class='ocrx_word' id='word_1_154' title='bbox 436 2249 598 2316; x_wconf 78' lang='lat' dir='ltr'><strong>paulo</strong></span> <span class='ocrx_word' id='word_1_155' title='bbox 625 2259 745 2320; x_wconf 86' lang='lat' dir='ltr'><strong>post</strong></span> <span class='ocrx_word' id='word_1_156' title='bbox 772 2292 784 2313; x_wconf 88' lang='lat'><strong><em>.</em></strong></span> <span class='ocrx_word' id='word_1_157' title='bbox 816 2253 1124 2306; x_wconf 81' lang='lat' dir='ltr'><strong>continuata</strong></span> <span class='ocrx_word' id='word_1_158' title='bbox 1158 2252 1529 2319; x_wconf 87' lang='lat' dir='ltr'><strong>increpatione</strong></span> <span class='ocrx_word' id='word_1_159' title='bbox 1584 2251 1660 2305; x_wconf 91' lang='lat' dir='ltr'><strong>ait</strong></span> <span class='ocrx_word' id='word_1_160' title='bbox 1705 2268 1718 2304; x_wconf 91' lang='lat'><strong>:</strong></span> <span class='ocrx_word' id='word_1_161' title='bbox 1755 2249 1820 2303; x_wconf 83' lang='lat' dir='ltr'><strong>Et</strong></span> <span class='ocrx_word' id='word_1_162' title='bbox 1856 2250 2018 2304; x_wconf 83' lang='lat' dir='ltr'><strong>sacri-</strong></span> 
     </span>
    </p>
   </div>
   <div class='ocr_carea' id='block_1_24' title="bbox 437 2339 2015 2411">
    <p class='ocr_par' dir='ltr' id='par_1_24' title="bbox 437 2339 2015 2411">
     <span class='ocr_line' id='line_1_25' title="bbox 437 2339 2015 2411; baseline 0.003 -20"><span class='ocrx_word' id='word_1_163' title='bbox 437 2339 590 2407; x_wconf 77' lang='lat' dir='ltr'><strong>ficate</strong></span> <span class='ocrx_word' id='word_1_164' title='bbox 620 2341 683 2394; x_wconf 83' lang='lat' dir='ltr'><strong>de</strong></span> <span class='ocrx_word' id='word_1_165' title='bbox 708 2341 1013 2409; x_wconf 76' lang='lat' dir='ltr'><strong>fermentato</strong></span> <span class='ocrx_word' id='word_1_166' title='bbox 1041 2343 1270 2395; x_wconf 79' lang='lat' dir='ltr'><strong>tandem.</strong></span> <span class='ocrx_word' id='word_1_167' title='bbox 1300 2343 1409 2396; x_wconf 81' lang='lat' dir='ltr'><strong>Aut</strong></span> <span class='ocrx_word' id='word_1_168' title='bbox 1446 2357 1576 2411; x_wconf 83' lang='lat' dir='ltr'><strong>ergo</strong></span> <span class='ocrx_word' id='word_1_169' title='bbox 1616 2350 1763 2395; x_wconf 86' lang='lat' dir='ltr'><strong>tanta</strong></span> <span class='ocrx_word' id='word_1_170' title='bbox 1806 2342 2015 2395; x_wconf 87' lang='lat' dir='ltr'><strong>ratione</strong></span> 
     </span>
    </p>
   </div>
   <div class='ocr_carea' id='block_1_25' title="bbox 439 2432 2015 2501">
    <p class='ocr_par' dir='ltr' id='par_1_25' title="bbox 439 2432 2015 2501">
     <span class='ocr_line' id='line_1_26' title="bbox 439 2432 2015 2501; baseline 0.002 -20"><span class='ocrx_word' id='word_1_171' title='bbox 439 2441 648 2499; x_wconf 81' lang='lat' dir='ltr'><strong>partem</strong></span> <span class='ocrx_word' id='word_1_172' title='bbox 701 2447 851 2486; x_wconf 90' lang='lat' dir='ltr'><strong>suam</strong></span> <span class='ocrx_word' id='word_1_173' title='bbox 898 2433 1240 2486; x_wconf 42' lang='lat' dir='ltr'><strong>&#39;t‘ermentarii</strong></span> <span class='ocrx_word' id='word_1_174' title='bbox 1293 2434 1585 2487; x_wconf 81' lang='lat' dir='ltr'><strong>defendant</strong></span> <span class='ocrx_word' id='word_1_175' title='bbox 1633 2432 1764 2496; x_wconf 62' lang='grc'>³⁸⁷⁸,</span> <span class='ocrx_word' id='word_1_176' title='bbox 1818 2442 2015 2501; x_wconf 88' lang='lat' dir='ltr'><strong>quanta</strong></span> 
     </span>
    </p>
   </div>
   <div class='ocr_carea' id='block_1_26' title="bbox 436 2525 2016 2598">
    <p class='ocr_par' dir='ltr' id='par_1_26' title="bbox 436 2525 2016 2598">
     <span class='ocr_line' id='line_1_27' title="bbox 436 2525 2016 2598; baseline 0.004 -23"><span class='ocrx_word' id='word_1_177' title='bbox 436 2539 588 2578; x_wconf 90' lang='lat' dir='ltr'><strong>suam</strong></span> <span class='ocrx_word' id='word_1_178' title='bbox 619 2525 876 2580; x_wconf 89' lang='lat' dir='ltr'><strong>roborant</strong></span> <span class='ocrx_word' id='word_1_179' title='bbox 903 2527 1149 2598; x_wconf 71' lang='lat' dir='ltr'><strong>azymitre</strong></span> <span class='ocrx_word' id='word_1_180' title='bbox 1175 2545 1187 2580; x_wconf 92' lang='lat'><strong>:</strong></span> <span class='ocrx_word' id='word_1_181' title='bbox 1214 2537 1306 2582; x_wconf 89' lang='lat' dir='ltr'><strong>aut</strong></span> <span class='ocrx_word' id='word_1_182' title='bbox 1333 2527 1577 2596; x_wconf 87' lang='lat' dir='ltr'><strong>rejiciant</strong></span> <span class='ocrx_word' id='word_1_183' title='bbox 1606 2542 1758 2580; x_wconf 91' lang='lat' dir='ltr'><strong>suum</strong></span> <span class='ocrx_word' id='word_1_184' title='bbox 1783 2526 2016 2582; x_wconf 81' lang='lat' dir='ltr'><strong>fermen-</strong></span> 
     </span>
    </p>
   </div>
   <div class='ocr_carea' id='block_1_27' title="bbox 439 2615 2014 2687">
    <p class='ocr_par' dir='ltr' id='par_1_27' title="bbox 439 2615 2014 2687">
     <span class='ocr_line' id='line_1_28' title="bbox 439 2615 2014 2687; baseline 0.006 -23"><span class='ocrx_word' id='word_1_185' title='bbox 439 2623 582 2679; x_wconf 88' lang='lat' dir='ltr'><strong>tum,</strong></span> <span class='ocrx_word' id='word_1_186' title='bbox 613 2625 667 2668; x_wconf 88' lang='lat' dir='ltr'><strong>et</strong></span> <span class='ocrx_word' id='word_1_187' title='bbox 689 2615 820 2670; x_wconf 88' lang='lat' dir='ltr'><strong>ﬁant</strong></span> <span class='ocrx_word' id='word_1_188' title='bbox 844 2617 1088 2687; x_wconf 78' lang='lat' dir='ltr'><strong>azymitzc</strong></span> <span class='ocrx_word' id='word_1_189' title='bbox 1121 2635 1135 2673; x_wconf 87' lang='lat'><strong>:</strong></span> <span class='ocrx_word' id='word_1_190' title='bbox 1165 2626 1259 2672; x_wconf 89' lang='lat' dir='ltr'><strong>aut</strong></span> <span class='ocrx_word' id='word_1_191' title='bbox 1296 2618 1341 2673; x_wconf 89' lang='lat' dir='ltr'><strong>si</strong></span> <span class='ocrx_word' id='word_1_192' title='bbox 1374 2634 1471 2673; x_wconf 92' lang='lat' dir='ltr'><strong>nec</strong></span> <span class='ocrx_word' id='word_1_193' title='bbox 1510 2617 1638 2672; x_wconf 88' lang='lat' dir='ltr'><strong>illud</strong></span> <span class='ocrx_word' id='word_1_194' title='bbox 1667 2618 1878 2684; x_wconf 87' lang='lat' dir='ltr'><strong>valent,</strong></span> <span class='ocrx_word' id='word_1_195' title='bbox 1914 2634 2014 2674; x_wconf 90' lang='lat' dir='ltr'><strong>nec</strong></span> 
     </span>
    </p>
   </div>
   <div class='ocr_carea' id='block_1_28' title="bbox 438 2702 1903 2778">
    <p class='ocr_par' dir='ltr' id='par_1_28' title="bbox 438 2702 1903 2778">
     <span class='ocr_line' id='line_1_29' title="bbox 438 2702 1903 2778; baseline 0.005 -24"><span class='ocrx_word' id='word_1_196' title='bbox 438 2702 578 2755; x_wconf 87' lang='lat' dir='ltr'><strong>istud</strong></span> <span class='ocrx_word' id='word_1_197' title='bbox 606 2703 817 2770; x_wconf 91' lang='lat' dir='ltr'><strong>volunt,</strong></span> <span class='ocrx_word' id='word_1_198' title='bbox 839 2706 1028 2760; x_wconf 88' lang='lat' dir='ltr'><strong>saltem</strong></span> <span class='ocrx_word' id='word_1_199' title='bbox 1057 2724 1161 2764; x_wconf 92' lang='lat' dir='ltr'><strong>non</strong></span> <span class='ocrx_word' id='word_1_200' title='bbox 1191 2708 1592 2778; x_wconf 87' lang='lat' dir='ltr'><strong>reprehendunt</strong></span> <span class='ocrx_word' id='word_1_201' title='bbox 1621 2709 1903 2778; x_wconf 88' lang='lat' dir='ltr'><strong>azymitas.</strong></span> 
     </span>
    </p>
   </div>
   <div class='ocr_carea' id='block_1_29' title="bbox 965 217 3711 282">
    <p class='ocr_par' dir='ltr' id='par_1_29' title="bbox 965 217 3711 282">
     <span class='ocr_line' id='line_1_30' title="bbox 965 217 3711 282; baseline -0 -1"><span class='ocrx_word' id='word_1_202' title='bbox 965 226 1022 282; x_wconf 86' lang='lat' dir='ltr'><strong>S.</strong></span> <span class='ocrx_word' id='word_1_203' title='bbox 1064 224 1362 280; x_wconf 82' lang='lat' dir='ltr'><strong>ANSELMI</strong></span> <span class='ocrx_word' id='word_1_204' title='bbox 1403 220 1754 277; x_wconf 72' lang='lat' dir='ltr'><strong>CANT‘UAR.</strong></span> <span class='ocrx_word' id='word_1_205' title='bbox 1797 218 2116 274; x_wconf 75' lang='lat' dir='ltr'><strong>ARCHIEP.</strong></span> <span class='ocrx_word' id='word_1_206' title='bbox 2149 217 2299 275; x_wconf 86' lang='lat' dir='ltr'><strong>OPP.</strong></span> <span class='ocrx_word' id='word_1_207' title='bbox 2343 218 2521 274; x_wconf 81' lang='lat' dir='ltr'><strong>PARS</strong></span> <span class='ocrx_word' id='word_1_208' title='bbox 2551 219 2588 273; x_wconf 84' lang='grc' dir='ltr'><strong>Ι.</strong></span> <span class='ocrx_word' id='word_1_209' title='bbox 2615 251 2684 260; x_wconf 89' lang='grc'><strong><em>-</em></strong></span> <span class='ocrx_word' id='word_1_210' title='bbox 2725 218 3121 276; x_wconf 66' lang='lat' dir='ltr'><strong>DOGMATICA</strong></span> <span class='ocrx_word' id='word_1_211' title='bbox 3602 224 3711 280; x_wconf 63' lang='grc'><strong>548</strong></span> 
     </span>
    </p>
   </div>
   <div class='ocr_carea' id='block_1_30' title="bbox 2729 333 3108 390">
    <p class='ocr_par' dir='ltr' id='par_1_30' title="bbox 2729 333 3108 390">
     <span class='ocr_line' id='line_1_31' title="bbox 2729 333 3108 390; baseline -0.011 0"><span class='ocrx_word' id='word_1_212' title='bbox 2729 333 2954 390; x_wconf 84' lang='lat' dir='ltr'><strong>CAPUT</strong></span> <span class='ocrx_word' id='word_1_213' title='bbox 2998 333 3108 388; x_wconf 77' lang='lat' dir='ltr'><strong>VII.</strong></span> 
     </span>
    </p>
   </div>
   <div class='ocr_carea' id='block_1_31' title="bbox 2122 426 3710 493">
    <p class='ocr_par' dir='ltr' id='par_1_31' title="bbox 2122 426 3710 493">
     <span class='ocr_line' id='line_1_32' title="bbox 2122 426 3710 493; baseline 0.001 -11"><span class='ocrx_word' id='word_1_214' title='bbox 2122 426 2395 482; x_wconf 86' lang='lat' dir='ltr'><strong>Connubia</strong></span> <span class='ocrx_word' id='word_1_215' title='bbox 2433 426 2741 480; x_wconf 83' lang='lat' dir='ltr'><strong>Latinorum</strong></span> <span class='ocrx_word' id='word_1_216' title='bbox 2787 429 2849 480; x_wconf 86' lang='lat' dir='ltr'><strong>de</strong></span> <span class='ocrx_word' id='word_1_217' title='bbox 2886 427 3066 480; x_wconf 84' lang='lat' dir='ltr'><strong>eadem</strong></span> <span class='ocrx_word' id='word_1_218' title='bbox 3111 427 3418 493; x_wconf 80' lang='lat' dir='ltr'><strong>cognatione</strong></span> <span class='ocrx_word' id='word_1_219' title='bbox 3456 427 3511 479; x_wconf 86' lang='lat' dir='ltr'><strong>in</strong></span> <span class='ocrx_word' id='word_1_220' title='bbox 3554 431 3710 484; x_wconf 80' lang='lat' dir='ltr'><strong>certis</strong></span> 
     </span>
    </p>
   </div>
   <div class='ocr_carea' id='block_1_32' title="bbox 2263 495 3561 568">
    <p class='ocr_par' dir='ltr' id='par_1_32' title="bbox 2263 495 3561 568">
     <span class='ocr_line' id='line_1_33' title="bbox 2263 495 3561 568; baseline 0.002 -20"><span class='ocrx_word' id='word_1_221' title='bbox 2263 495 2512 568; x_wconf 83' lang='lat' dir='ltr'><strong>gradibus</strong></span> <span class='ocrx_word' id='word_1_222' title='bbox 2545 499 2774 561; x_wconf 73' lang='lat' dir='ltr'><strong>dissitis,</strong></span> <span class='ocrx_word' id='word_1_223' title='bbox 2812 499 2945 550; x_wconf 80' lang='lat' dir='ltr'><strong>male</strong></span> <span class='ocrx_word' id='word_1_224' title='bbox 2968 515 2997 550; x_wconf 91' lang='lat' dir='ltr'><strong>a</strong></span> <span class='ocrx_word' id='word_1_225' title='bbox 3027 496 3224 550; x_wconf 60' lang='grc' dir='ltr'><strong>(ἔπιθι-ἕης</strong></span> <span class='ocrx_word' id='word_1_226' title='bbox 3263 498 3561 562; x_wconf 81' lang='lat' dir='ltr'><strong>reprobata.</strong></span> 
     </span>
    </p>
   </div>
   <div class='ocr_carea' id='block_1_33' title="bbox 2192 609 3708 680">
    <p class='ocr_par' dir='ltr' id='par_1_33' title="bbox 2192 609 3708 680">
     <span class='ocr_line' id='line_1_34' title="bbox 2192 609 3708 680; baseline -0.001 -15"><span class='ocrx_word' id='word_1_227' title='bbox 2192 611 2249 665; x_wconf 86' lang='lat' dir='ltr'><strong>in</strong></span> <span class='ocrx_word' id='word_1_228' title='bbox 2280 612 2433 666; x_wconf 86' lang='lat' dir='ltr'><strong>tertia</strong></span> <span class='ocrx_word' id='word_1_229' title='bbox 2458 611 2787 680; x_wconf 68' lang='lat' dir='ltr'><strong>qums-tionc,</strong></span> <span class='ocrx_word' id='word_1_230' title='bbox 2820 610 2958 663; x_wconf 84' lang='lat' dir='ltr'><strong>sicut</strong></span> <span class='ocrx_word' id='word_1_231' title='bbox 2989 609 3258 678; x_wconf 84' lang='lat' dir='ltr'><strong>intelligo,</strong></span> <span class='ocrx_word' id='word_1_232' title='bbox 3293 609 3564 664; x_wconf 86' lang='lat' dir='ltr'><strong>mandatis</strong></span> <span class='ocrx_word' id='word_1_233' title='bbox 3581 609 3708 680; x_wconf 87' lang='lat' dir='ltr'><strong>quia</strong></span> 
     </span>
    </p>
   </div>
   <div class='ocr_carea' id='block_1_34' title="bbox 2122 698 3708 768">
    <p class='ocr_par' dir='ltr' id='par_1_34' title="bbox 2122 698 3708 768">
     <span class='ocr_line' id='line_1_35' title="bbox 2122 698 3708 768; baseline -0.004 -11"><span class='ocrx_word' id='word_1_234' title='bbox 2122 703 2293 757; x_wconf 77' lang='lat' dir='ltr'><strong>Graeci</strong></span> <span class='ocrx_word' id='word_1_235' title='bbox 2323 703 2655 756; x_wconf 87' lang='lat' dir='ltr'><strong>detestantur</strong></span> <span class='ocrx_word' id='word_1_236' title='bbox 2695 708 2875 753; x_wconf 81' lang='lat' dir='ltr'><strong>nostra</strong></span> <span class='ocrx_word' id='word_1_237' title='bbox 2919 699 3216 761; x_wconf 89' lang='lat' dir='ltr'><strong>connubia,</strong></span> <span class='ocrx_word' id='word_1_238' title='bbox 3246 698 3335 753; x_wconf 89' lang='lat' dir='ltr'><strong>ubi</strong></span> <span class='ocrx_word' id='word_1_239' title='bbox 3367 700 3578 768; x_wconf 81' lang='lat' dir='ltr'><strong>cognati</strong></span> <span class='ocrx_word' id='word_1_240' title='bbox 3612 715 3708 752; x_wconf 82' lang='lat' dir='ltr'><strong>co-</strong></span> 
     </span>
    </p>
   </div>
   <div class='ocr_carea' id='block_1_35' title="bbox 2123 787 3710 864">
    <p class='ocr_par' dir='ltr' id='par_1_35' title="bbox 2123 787 3710 864">
     <span class='ocr_line' id='line_1_36' title="bbox 2123 787 3710 864; baseline -0.003 -16"><span class='ocrx_word' id='word_1_241' title='bbox 2123 794 2299 864; x_wconf 84' lang='lat' dir='ltr'><strong>gnatis</strong></span> <span class='ocrx_word' id='word_1_242' title='bbox 2323 795 2388 847; x_wconf 88' lang='lat' dir='ltr'><strong>de</strong></span> <span class='ocrx_word' id='word_1_243' title='bbox 2420 793 2522 846; x_wconf 88' lang='lat' dir='ltr'><strong>alia</strong></span> <span class='ocrx_word' id='word_1_244' title='bbox 2557 791 2877 863; x_wconf 83' lang='lat' dir='ltr'><strong>cognatione</strong></span> <span class='ocrx_word' id='word_1_245' title='bbox 2917 790 3261 858; x_wconf 86' lang='lat' dir='ltr'><strong>copulantur.</strong></span> <span class='ocrx_word' id='word_1_246' title='bbox 3309 787 3464 856; x_wconf 86' lang='lat' dir='ltr'><strong>Quod</strong></span> <span class='ocrx_word' id='word_1_247' title='bbox 3489 805 3590 843; x_wconf 91' lang='lat' dir='ltr'><strong>cur</strong></span> <span class='ocrx_word' id='word_1_248' title='bbox 3628 788 3710 844; x_wconf 84' lang='lat' dir='ltr'><strong>l&#39;a-</strong></span> 
     </span>
    </p>
   </div>
   <div class='ocr_carea' id='block_1_36' title="bbox 2124 885 3740 952">
    <p class='ocr_par' dir='ltr' id='par_1_36' title="bbox 2124 885 3740 952">
     <span class='ocr_line' id='line_1_37' title="bbox 2124 885 3740 952; baseline -0.001 -9"><span class='ocrx_word' id='word_1_249' title='bbox 2124 891 2289 952; x_wconf 88' lang='lat' dir='ltr'><strong>ciant,</strong></span> <span class='ocrx_word' id='word_1_250' title='bbox 2323 888 2522 942; x_wconf 87' lang='lat' dir='ltr'><strong>nullam</strong></span> <span class='ocrx_word' id='word_1_251' title='bbox 2551 888 2708 942; x_wconf 87' lang='lat' dir='ltr'><strong>video</strong></span> <span class='ocrx_word' id='word_1_252' title='bbox 2729 885 3105 940; x_wconf 84' lang='lat' dir='ltr'><strong>auctoritatem</strong></span> <span class='ocrx_word' id='word_1_253' title='bbox 3135 893 3230 940; x_wconf 91' lang='lat' dir='ltr'><strong>aut</strong></span> <span class='ocrx_word' id='word_1_254' title='bbox 3257 887 3542 940; x_wconf 90' lang='lat' dir='ltr'><strong>rationem.</strong></span> <span class='ocrx_word' id='word_1_255' title='bbox 3571 885 3740 941; x_wconf 75' lang='lat' dir='ltr'><strong>Nam‘</strong></span> 
     </span>
    </p>
   </div>
   <div class='ocr_carea' id='block_1_37' title="bbox 2123 977 3711 1049">
    <p class='ocr_par' dir='ltr' id='par_1_37' title="bbox 2123 977 3711 1049">
     <span class='ocr_line' id='line_1_38' title="bbox 2123 977 3711 1049; baseline -0.003 -14"><span class='ocrx_word' id='word_1_256' title='bbox 2123 983 2165 1035; x_wconf 91' lang='lat' dir='ltr'><strong>si</strong></span> <span class='ocrx_word' id='word_1_257' title='bbox 2197 983 2298 1036; x_wconf 89' lang='lat' dir='ltr'><strong>hoc</strong></span> <span class='ocrx_word' id='word_1_258' title='bbox 2325 981 2376 1035; x_wconf 85' lang='lat' dir='ltr'><strong>in</strong></span> <span class='ocrx_word' id='word_1_259' title='bbox 2407 981 2519 1035; x_wconf 91' lang='lat' dir='ltr'><strong>suis</strong></span> <span class='ocrx_word' id='word_1_260' title='bbox 2547 977 2831 1049; x_wconf 86' lang='lat' dir='ltr'><strong>prohibent</strong></span> <span class='ocrx_word' id='word_1_261' title='bbox 2857 977 2971 1031; x_wconf 89' lang='lat' dir='ltr'><strong>ﬁeri</strong></span> <span class='ocrx_word' id='word_1_262' title='bbox 3003 977 3322 1042; x_wconf 85' lang='lat' dir='ltr'><strong>connubiis,</strong></span> <span class='ocrx_word' id='word_1_263' title='bbox 3353 987 3447 1030; x_wconf 91' lang='lat' dir='ltr'><strong>aut</strong></span> <span class='ocrx_word' id='word_1_264' title='bbox 3474 993 3579 1031; x_wconf 91' lang='lat' dir='ltr'><strong>non</strong></span> <span class='ocrx_word' id='word_1_265' title='bbox 3613 993 3711 1031; x_wconf 78' lang='lat' dir='ltr'><strong>ex-</strong></span> 
     </span>
    </p>
   </div>
   <div class='ocr_carea' id='block_1_38' title="bbox 2125 1069 3706 1142">
    <p class='ocr_par' dir='ltr' id='par_1_38' title="bbox 2125 1069 3706 1142">
     <span class='ocr_line' id='line_1_39' title="bbox 2125 1069 3706 1142; baseline -0.004 -14"><span class='ocrx_word' id='word_1_266' title='bbox 2125 1075 2345 1130; x_wconf 88' lang='lat' dir='ltr'><strong>tendunt</strong></span> <span class='ocrx_word' id='word_1_267' title='bbox 2381 1072 2729 1142; x_wconf 74' lang='lat' dir='ltr'><strong>cognationes</strong></span> <span class='ocrx_word' id='word_1_268' title='bbox 2761 1084 2930 1138; x_wconf 89' lang='lat' dir='ltr'><strong>usque</strong></span> <span class='ocrx_word' id='word_1_269' title='bbox 2969 1069 3036 1124; x_wconf 87' lang='lat' dir='ltr'><strong>ad</strong></span> <span class='ocrx_word' id='word_1_270' title='bbox 3072 1069 3356 1138; x_wconf 85' lang='lat' dir='ltr'><strong>septimam</strong></span> <span class='ocrx_word' id='word_1_271' title='bbox 3393 1071 3706 1140; x_wconf 86' lang='lat' dir='ltr'><strong>generatio-</strong></span> 
     </span>
    </p>
   </div>
   <div class='ocr_carea' id='block_1_39' title="bbox 2123 1160 3704 1230">
    <p class='ocr_par' dir='ltr' id='par_1_39' title="bbox 2123 1160 3704 1230">
     <span class='ocr_line' id='line_1_40' title="bbox 2123 1160 3704 1230; baseline -0.003 -10"><span class='ocrx_word' id='word_1_272' title='bbox 2123 1181 2284 1229; x_wconf 86' lang='lat' dir='ltr'><strong>nem,</strong></span> <span class='ocrx_word' id='word_1_273' title='bbox 2315 1166 2456 1220; x_wconf 90' lang='lat' dir='ltr'><strong>sicut</strong></span> <span class='ocrx_word' id='word_1_274' title='bbox 2489 1180 2618 1228; x_wconf 85' lang='lat' dir='ltr'><strong>nos;</strong></span> <span class='ocrx_word' id='word_1_275' title='bbox 2664 1171 2757 1216; x_wconf 92' lang='lat' dir='ltr'><strong>aut</strong></span> <span class='ocrx_word' id='word_1_276' title='bbox 2809 1160 3136 1230; x_wconf 88' lang='lat' dir='ltr'><strong>impossibile</strong></span> <span class='ocrx_word' id='word_1_277' title='bbox 3185 1161 3396 1215; x_wconf 85' lang='lat' dir='ltr'><strong>videtur</strong></span> <span class='ocrx_word' id='word_1_278' title='bbox 3455 1164 3704 1228; x_wconf 87' lang='lat' dir='ltr'><strong>servari,</strong></span> 
     </span>
    </p>
   </div>
   <div class='ocr_carea' id='block_1_40' title="bbox 2121 1255 3704 1326">
    <p class='ocr_par' dir='ltr' id='par_1_40' title="bbox 2121 1255 3704 1326">
     <span class='ocr_line' id='line_1_41' title="bbox 2121 1255 3704 1326; baseline -0.001 -16"><span class='ocrx_word' id='word_1_279' title='bbox 2121 1257 2262 1326; x_wconf 88' lang='lat' dir='ltr'><strong>quod</strong></span> <span class='ocrx_word' id='word_1_280' title='bbox 2295 1257 2634 1326; x_wconf 77' lang='lat' dir='ltr'><strong>praecipiunt.</strong></span> <span class='ocrx_word' id='word_1_281' title='bbox 2660 1255 2796 1310; x_wconf 86' lang='lat' dir='ltr'><strong>Sunt</strong></span> <span class='ocrx_word' id='word_1_282' title='bbox 2825 1257 2968 1310; x_wconf 89' lang='lat' dir='ltr'><strong>enim</strong></span> <span class='ocrx_word' id='word_1_283' title='bbox 3001 1269 3143 1323; x_wconf 77' lang='lat' dir='ltr'><strong>szepe</strong></span> <span class='ocrx_word' id='word_1_284' title='bbox 3167 1255 3216 1306; x_wconf 92' lang='lat' dir='ltr'><strong>in</strong></span> <span class='ocrx_word' id='word_1_285' title='bbox 3251 1269 3356 1306; x_wconf 90' lang='lat' dir='ltr'><strong>una</strong></span> <span class='ocrx_word' id='word_1_286' title='bbox 3381 1255 3704 1323; x_wconf 82' lang='lat' dir='ltr'><strong>cognatione</strong></span> 
     </span>
    </p>
   </div>
   <div class='ocr_carea' id='block_1_41' title="bbox 2123 1343 3701 1417">
    <p class='ocr_par' dir='ltr' id='par_1_41' title="bbox 2123 1343 3701 1417">
     <span class='ocr_line' id='line_1_42' title="bbox 2123 1343 3701 1417; baseline -0.002 -18"><span class='ocrx_word' id='word_1_287' title='bbox 2123 1347 2404 1417; x_wconf 89' lang='lat' dir='ltr'><strong>plusquam</strong></span> <span class='ocrx_word' id='word_1_288' title='bbox 2436 1353 2651 1399; x_wconf 90' lang='lat' dir='ltr'><strong>centum</strong></span> <span class='ocrx_word' id='word_1_289' title='bbox 2684 1343 2782 1397; x_wconf 87' lang='lat' dir='ltr'><strong>viri</strong></span> <span class='ocrx_word' id='word_1_290' title='bbox 2814 1354 2869 1399; x_wconf 90' lang='lat' dir='ltr'><strong>et</strong></span> <span class='ocrx_word' id='word_1_291' title='bbox 2892 1346 3144 1398; x_wconf 85' lang='lat' dir='ltr'><strong>mulieres</strong></span> <span class='ocrx_word' id='word_1_292' title='bbox 3173 1353 3393 1412; x_wconf 80' lang='lat' dir='ltr'><strong>egentes</strong></span> <span class='ocrx_word' id='word_1_293' title='bbox 3423 1343 3701 1413; x_wconf 83' lang='lat' dir='ltr'><strong>conjugio.</strong></span> 
     </span>
    </p>
   </div>
   <div class='ocr_carea' id='block_1_42' title="bbox 2125 1436 3706 1508">
    <p class='ocr_par' dir='ltr' id='par_1_42' title="bbox 2125 1436 3706 1508">
     <span class='ocr_line' id='line_1_43' title="bbox 2125 1436 3706 1508; baseline -0.001 -16"><span class='ocrx_word' id='word_1_294' title='bbox 2125 1438 2370 1493; x_wconf 86' lang='lat' dir='ltr'><strong>Totidem</strong></span> <span class='ocrx_word' id='word_1_295' title='bbox 2403 1439 2564 1508; x_wconf 80' lang='lat' dir='ltr'><strong>igitur</strong></span> <span class='ocrx_word' id='word_1_296' title='bbox 2593 1436 2942 1507; x_wconf 84' lang='lat' dir='ltr'><strong>cognationes</strong></span> <span class='ocrx_word' id='word_1_297' title='bbox 2973 1436 3214 1490; x_wconf 89' lang='lat' dir='ltr'><strong>invenire</strong></span> <span class='ocrx_word' id='word_1_298' title='bbox 3253 1450 3471 1490; x_wconf 84' lang='lat' dir='ltr'><strong>necesse</strong></span> <span class='ocrx_word' id='word_1_299' title='bbox 3496 1444 3579 1489; x_wconf 89' lang='lat' dir='ltr'><strong>est</strong></span> <span class='ocrx_word' id='word_1_300' title='bbox 3600 1477 3614 1497; x_wconf 91' lang='lat'><strong>,</strong></span> <span class='ocrx_word' id='word_1_301' title='bbox 3643 1436 3706 1491; x_wconf 86' lang='lat' dir='ltr'><strong>de</strong></span> 
     </span>
    </p>
   </div>
   <div class='ocr_carea' id='block_1_43' title="bbox 2123 1527 3706 1600">
    <p class='ocr_par' dir='ltr' id='par_1_43' title="bbox 2123 1527 3706 1600">
     <span class='ocr_line' id='line_1_44' title="bbox 2123 1527 3706 1600; baseline 0 -18"><span class='ocrx_word' id='word_1_302' title='bbox 2123 1531 2317 1600; x_wconf 86' lang='lat' dir='ltr'><strong>quibus</strong></span> <span class='ocrx_word' id='word_1_303' title='bbox 2363 1528 2586 1597; x_wconf 78' lang='lat' dir='ltr'><strong>singulis</strong></span> <span class='ocrx_word' id='word_1_304' title='bbox 2631 1527 2822 1597; x_wconf 84' lang='lat' dir='ltr'><strong>singuli</strong></span> <span class='ocrx_word' id='word_1_305' title='bbox 2864 1527 3132 1596; x_wconf 85' lang='lat' dir='ltr'><strong>eligantur</strong></span> <span class='ocrx_word' id='word_1_306' title='bbox 3169 1527 3268 1582; x_wconf 83' lang='lat' dir='ltr'><strong>viri</strong></span> <span class='ocrx_word' id='word_1_307' title='bbox 3318 1537 3372 1580; x_wconf 82' lang='lat' dir='ltr'><strong>et</strong></span> <span class='ocrx_word' id='word_1_308' title='bbox 3419 1528 3706 1594; x_wconf 84' lang='lat' dir='ltr'><strong>mulieres,</strong></span> 
     </span>
    </p>
   </div>
   <div class='ocr_carea' id='block_1_44' title="bbox 2123 1617 3709 1690">
    <p class='ocr_par' dir='ltr' id='par_1_44' title="bbox 2123 1617 3709 1690">
     <span class='ocr_line' id='line_1_45' title="bbox 2123 1617 3709 1690; baseline -0.002 -16"><span class='ocrx_word' id='word_1_309' title='bbox 2123 1622 2318 1690; x_wconf 87' lang='lat' dir='ltr'><strong>quibus</strong></span> <span class='ocrx_word' id='word_1_310' title='bbox 2349 1620 2421 1674; x_wconf 90' lang='lat' dir='ltr'><strong>illi</strong></span> <span class='ocrx_word' id='word_1_311' title='bbox 2451 1621 2516 1675; x_wconf 90' lang='lat' dir='ltr'><strong>de</strong></span> <span class='ocrx_word' id='word_1_312' title='bbox 2545 1635 2648 1673; x_wconf 88' lang='lat' dir='ltr'><strong>una</strong></span> <span class='ocrx_word' id='word_1_313' title='bbox 2680 1619 3000 1689; x_wconf 79' lang='lat' dir='ltr'><strong>cognatione</strong></span> <span class='ocrx_word' id='word_1_314' title='bbox 3043 1617 3240 1690; x_wconf 82' lang='lat' dir='ltr'><strong>singuli</strong></span> <span class='ocrx_word' id='word_1_315' title='bbox 3287 1618 3512 1690; x_wconf 82' lang='lat' dir='ltr'><strong>singulis</strong></span> <span class='ocrx_word' id='word_1_316' title='bbox 3541 1633 3709 1687; x_wconf 86' lang='lat' dir='ltr'><strong>copu-</strong></span> 
     </span>
    </p>
   </div>
   <div class='ocr_carea' id='block_1_45' title="bbox 2119 1711 3708 1782">
    <p class='ocr_par' dir='ltr' id='par_1_45' title="bbox 2119 1711 3708 1782">
     <span class='ocr_line' id='line_1_46' title="bbox 2119 1711 3708 1782; baseline -0.003 -13"><span class='ocrx_word' id='word_1_317' title='bbox 2119 1715 2315 1769; x_wconf 88' lang='lat' dir='ltr'><strong>lentur.</strong></span> <span class='ocrx_word' id='word_1_318' title='bbox 2367 1714 2476 1767; x_wconf 83' lang='lat' dir='ltr'><strong>Aut</strong></span> <span class='ocrx_word' id='word_1_319' title='bbox 2523 1713 2703 1782; x_wconf 86' lang='lat' dir='ltr'><strong>itaque</strong></span> <span class='ocrx_word' id='word_1_320' title='bbox 2753 1711 3090 1767; x_wconf 86' lang='lat' dir='ltr'><strong>detestabilia</strong></span> <span class='ocrx_word' id='word_1_321' title='bbox 3148 1718 3275 1766; x_wconf 84' lang='lat' dir='ltr'><strong>sunt</strong></span> <span class='ocrx_word' id='word_1_322' title='bbox 3335 1711 3708 1766; x_wconf 86' lang='lat' dir='ltr'><strong>indubitanter</strong></span> 
     </span>
    </p>
   </div>
   <div class='ocr_carea' id='block_1_46' title="bbox 2119 1799 3704 1871">
    <p class='ocr_par' dir='ltr' id='par_1_46' title="bbox 2119 1799 3704 1871">
     <span class='ocr_line' id='line_1_47' title="bbox 2119 1799 3704 1871; baseline -0.003 -11"><span class='ocrx_word' id='word_1_323' title='bbox 2119 1819 2305 1860; x_wconf 88' lang='lat' dir='ltr'><strong>eorum</strong></span> <span class='ocrx_word' id='word_1_324' title='bbox 2333 1801 2631 1866; x_wconf 87' lang='lat' dir='ltr'><strong>connubia,</strong></span> <span class='ocrx_word' id='word_1_325' title='bbox 2657 1801 2698 1856; x_wconf 93' lang='lat' dir='ltr'><strong>si</strong></span> <span class='ocrx_word' id='word_1_326' title='bbox 2734 1800 2872 1854; x_wconf 88' lang='lat' dir='ltr'><strong>intra</strong></span> <span class='ocrx_word' id='word_1_327' title='bbox 2901 1811 3106 1869; x_wconf 89' lang='lat' dir='ltr'><strong>septem</strong></span> <span class='ocrx_word' id='word_1_328' title='bbox 3136 1799 3519 1871; x_wconf 84' lang='lat' dir='ltr'><strong>generationes</strong></span> <span class='ocrx_word' id='word_1_329' title='bbox 3547 1811 3704 1866; x_wconf 86' lang='lat' dir='ltr'><strong>sunt;</strong></span> 
     </span>
    </p>
   </div>
   <div class='ocr_carea' id='block_1_47' title="bbox 2120 1893 3707 1964">
    <p class='ocr_par' dir='ltr' id='par_1_47' title="bbox 2120 1893 3707 1964">
     <span class='ocr_line' id='line_1_48' title="bbox 2120 1893 3707 1964; baseline -0.001 -14"><span class='ocrx_word' id='word_1_330' title='bbox 2120 1911 2220 1951; x_wconf 89' lang='lat' dir='ltr'><strong>nec</strong></span> <span class='ocrx_word' id='word_1_331' title='bbox 2267 1895 2464 1950; x_wconf 89' lang='lat' dir='ltr'><strong>debent</strong></span> <span class='ocrx_word' id='word_1_332' title='bbox 2519 1893 2917 1963; x_wconf 85' lang='lat' dir='ltr'><strong>reprehendere</strong></span> <span class='ocrx_word' id='word_1_333' title='bbox 2961 1902 3179 1958; x_wconf 90' lang='lat' dir='ltr'><strong>nostra,</strong></span> <span class='ocrx_word' id='word_1_334' title='bbox 3234 1893 3450 1963; x_wconf 90' lang='lat' dir='ltr'><strong>quando</strong></span> <span class='ocrx_word' id='word_1_335' title='bbox 3489 1893 3707 1964; x_wconf 82' lang='lat' dir='ltr'><strong>cognati</strong></span> 
     </span>
    </p>
   </div>
   <div class='ocr_carea' id='block_1_48' title="bbox 2120 1969 3702 2057">
    <p class='ocr_par' dir='ltr' id='par_1_48' title="bbox 2120 1969 3702 2057">
     <span class='ocr_line' id='line_1_49' title="bbox 2120 1969 3702 2057; baseline 0 -17"><span class='ocrx_word' id='word_1_336' title='bbox 2120 1983 2518 2057; x_wconf 82' lang='lat' dir='ltr'><strong>coniunguntur</strong></span> <span class='ocrx_word' id='word_1_337' title='bbox 2538 1969 2783 2055; x_wconf 82' lang='lat' dir='ltr'><strong>cognatis</strong></span> <span class='ocrx_word' id='word_1_338' title='bbox 2807 1983 2872 2039; x_wconf 92' lang='lat' dir='ltr'><strong>de</strong></span> <span class='ocrx_word' id='word_1_339' title='bbox 2893 1984 2997 2038; x_wconf 88' lang='lat' dir='ltr'><strong>alia</strong></span> <span class='ocrx_word' id='word_1_340' title='bbox 3024 1985 3362 2055; x_wconf 82' lang='lat' dir='ltr'><strong>cognatione,</strong></span> <span class='ocrx_word' id='word_1_341' title='bbox 3389 1986 3533 2055; x_wconf 92' lang='lat' dir='ltr'><strong>quod</strong></span> <span class='ocrx_word' id='word_1_342' title='bbox 3556 1986 3702 2040; x_wconf 88' lang='lat' dir='ltr'><strong>nulla</strong></span> 
     </span>
    </p>
   </div>
   <div class='ocr_carea' id='block_1_49' title="bbox 2119 2075 3704 2148">
    <p class='ocr_par' dir='ltr' id='par_1_49' title="bbox 2119 2075 3704 2148">
     <span class='ocr_line' id='line_1_50' title="bbox 2119 2075 3704 2148; baseline 0.001 -17"><span class='ocrx_word' id='word_1_343' title='bbox 2119 2077 2370 2148; x_wconf 90' lang='lat' dir='ltr'><strong>prohibet</strong></span> <span class='ocrx_word' id='word_1_344' title='bbox 2406 2079 2702 2133; x_wconf 86' lang='lat' dir='ltr'><strong>auctoritas</strong></span> <span class='ocrx_word' id='word_1_345' title='bbox 2746 2075 2829 2132; x_wconf 87' lang='lat' dir='ltr'><strong>vel</strong></span> <span class='ocrx_word' id='word_1_346' title='bbox 2875 2077 3044 2142; x_wconf 88' lang='lat' dir='ltr'><strong>ratio;</strong></span> <span class='ocrx_word' id='word_1_347' title='bbox 3091 2085 3184 2130; x_wconf 87' lang='lat' dir='ltr'><strong>aut</strong></span> <span class='ocrx_word' id='word_1_348' title='bbox 3209 2076 3538 2146; x_wconf 88' lang='lat' dir='ltr'><strong>impossibile</strong></span> <span class='ocrx_word' id='word_1_349' title='bbox 3579 2089 3664 2132; x_wconf 89' lang='lat' dir='ltr'><strong>est</strong></span> <span class='ocrx_word' id='word_1_350' title='bbox 3690 2120 3704 2140; x_wconf 89' lang='lat'><strong>,</strong></span> 
     </span>
    </p>
   </div>
   <div class='ocr_carea' id='block_1_50' title="bbox 2121 2168 3704 2238">
    <p class='ocr_par' dir='ltr' id='par_1_50' title="bbox 2121 2168 3704 2238">
     <span class='ocr_line' id='line_1_51' title="bbox 2121 2168 3704 2238; baseline 0.001 -15"><span class='ocrx_word' id='word_1_351' title='bbox 2121 2178 2182 2223; x_wconf 91' lang='lat' dir='ltr'><strong>ut</strong></span> <span class='ocrx_word' id='word_1_352' title='bbox 2210 2168 2353 2233; x_wconf 89' lang='lat' dir='ltr'><strong>dixi,</strong></span> <span class='ocrx_word' id='word_1_353' title='bbox 2395 2183 2612 2223; x_wconf 80' lang='lat' dir='ltr'><strong>servare</strong></span> <span class='ocrx_word' id='word_1_354' title='bbox 2661 2168 2755 2200; x_wconf 81' lang='grc'><strong>³⁸⁷⁸</strong></span> <span class='ocrx_word' id='word_1_355' title='bbox 2791 2168 2934 2237; x_wconf 87' lang='lat' dir='ltr'><strong>quod</strong></span> <span class='ocrx_word' id='word_1_356' title='bbox 2981 2168 3329 2238; x_wconf 68' lang='lat' dir='ltr'><strong>prarcipiunt;</strong></span> <span class='ocrx_word' id='word_1_357' title='bbox 3365 2177 3422 2222; x_wconf 93' lang='lat' dir='ltr'><strong>ut</strong></span> <span class='ocrx_word' id='word_1_358' title='bbox 3457 2169 3704 2236; x_wconf 85' lang='lat' dir='ltr'><strong>scilicet,</strong></span> 
     </span>
    </p>
   </div>
   <div class='ocr_carea' id='block_1_51' title="bbox 2123 2259 3706 2329">
    <p class='ocr_par' dir='ltr' id='par_1_51' title="bbox 2123 2259 3706 2329">
     <span class='ocr_line' id='line_1_52' title="bbox 2123 2259 3706 2329; baseline 0.001 -16"><span class='ocrx_word' id='word_1_359' title='bbox 2123 2268 2198 2313; x_wconf 83' lang='lat' dir='ltr'><strong>tot</strong></span> <span class='ocrx_word' id='word_1_360' title='bbox 2235 2259 2586 2328; x_wconf 88' lang='lat' dir='ltr'><strong>cognationes</strong></span> <span class='ocrx_word' id='word_1_361' title='bbox 2637 2259 2992 2328; x_wconf 87' lang='lat' dir='ltr'><strong>exquirantur</strong></span> <span class='ocrx_word' id='word_1_362' title='bbox 3039 2259 3106 2312; x_wconf 88' lang='lat' dir='ltr'><strong>ad</strong></span> <span class='ocrx_word' id='word_1_363' title='bbox 3155 2259 3313 2313; x_wconf 88' lang='lat' dir='ltr'><strong>unius</strong></span> <span class='ocrx_word' id='word_1_364' title='bbox 3367 2262 3706 2329; x_wconf 83' lang='lat' dir='ltr'><strong>cognationis</strong></span> 
     </span>
    </p>
   </div>
   <div class='ocr_carea' id='block_1_52' title="bbox 2120 2350 3706 2420">
    <p class='ocr_par' dir='ltr' id='par_1_52' title="bbox 2120 2350 3706 2420">
     <span class='ocr_line' id='line_1_53' title="bbox 2120 2350 3706 2420; baseline 0.001 -15"><span class='ocrx_word' id='word_1_365' title='bbox 2120 2351 2384 2406; x_wconf 86' lang='lat' dir='ltr'><strong>connubia</strong></span> <span class='ocrx_word' id='word_1_366' title='bbox 2405 2393 2418 2416; x_wconf 92' lang='lat'><strong>,</strong></span> <span class='ocrx_word' id='word_1_367' title='bbox 2452 2361 2580 2420; x_wconf 89' lang='lat' dir='ltr'><strong>quot</strong></span> <span class='ocrx_word' id='word_1_368' title='bbox 2611 2360 2736 2404; x_wconf 86' lang='lat' dir='ltr'><strong>sunt</strong></span> <span class='ocrx_word' id='word_1_369' title='bbox 2767 2351 2817 2404; x_wconf 91' lang='lat' dir='ltr'><strong>in</strong></span> <span class='ocrx_word' id='word_1_370' title='bbox 2851 2350 2938 2404; x_wconf 90' lang='lat' dir='ltr'><strong>illa</strong></span> <span class='ocrx_word' id='word_1_371' title='bbox 2971 2350 3071 2404; x_wconf 87' lang='lat' dir='ltr'><strong>viri</strong></span> <span class='ocrx_word' id='word_1_372' title='bbox 3099 2357 3153 2405; x_wconf 91' lang='lat' dir='ltr'><strong>et</strong></span> <span class='ocrx_word' id='word_1_373' title='bbox 3183 2351 3435 2406; x_wconf 85' lang='lat' dir='ltr'><strong>mulieres</strong></span> <span class='ocrx_word' id='word_1_374' title='bbox 3460 2361 3706 2420; x_wconf 80' lang='lat' dir='ltr'><strong>petentes</strong></span> 
     </span>
    </p>
   </div>
   <div class='ocr_carea' id='block_1_53' title="bbox 2119 2441 3706 2514">
    <p class='ocr_par' dir='ltr' id='par_1_53' title="bbox 2119 2441 3706 2514">
     <span class='ocr_line' id='line_1_54' title="bbox 2119 2441 3706 2514; baseline -0.001 -16"><span class='ocrx_word' id='word_1_375' title='bbox 2119 2442 2388 2514; x_wconf 76' lang='lat' dir='ltr'><strong>conjugis.</strong></span> <span class='ocrx_word' id='word_1_376' title='bbox 2419 2441 2570 2509; x_wconf 82' lang='lat' dir='ltr'><strong>Quod</strong></span> <span class='ocrx_word' id='word_1_377' title='bbox 2609 2453 2788 2497; x_wconf 88' lang='lat' dir='ltr'><strong>autem</strong></span> <span class='ocrx_word' id='word_1_378' title='bbox 2832 2443 2948 2497; x_wconf 90' lang='lat' dir='ltr'><strong>sine</strong></span> <span class='ocrx_word' id='word_1_379' title='bbox 2983 2443 3129 2497; x_wconf 89' lang='lat' dir='ltr'><strong>omni</strong></span> <span class='ocrx_word' id='word_1_380' title='bbox 3171 2443 3493 2497; x_wconf 82' lang='lat' dir='ltr'><strong>auctoritate</strong></span> <span class='ocrx_word' id='word_1_381' title='bbox 3535 2453 3590 2497; x_wconf 88' lang='lat' dir='ltr'><strong>et</strong></span> <span class='ocrx_word' id='word_1_382' title='bbox 3620 2460 3706 2496; x_wconf 85' lang='lat' dir='ltr'><strong>ra-</strong></span> 
     </span>
    </p>
   </div>
   <div class='ocr_carea' id='block_1_54' title="bbox 2124 2533 3704 2604">
    <p class='ocr_par' dir='ltr' id='par_1_54' title="bbox 2124 2533 3704 2604">
     <span class='ocr_line' id='line_1_55' title="bbox 2124 2533 3704 2604; baseline -0.001 -14"><span class='ocrx_word' id='word_1_383' title='bbox 2124 2535 2268 2590; x_wconf 91' lang='lat' dir='ltr'><strong>tione</strong></span> <span class='ocrx_word' id='word_1_384' title='bbox 2304 2535 2362 2589; x_wconf 89' lang='lat' dir='ltr'><strong>tit</strong></span> <span class='ocrx_word' id='word_1_385' title='bbox 2402 2544 2586 2590; x_wconf 90' lang='lat' dir='ltr'><strong>contra</strong></span> <span class='ocrx_word' id='word_1_386' title='bbox 2629 2535 2894 2588; x_wconf 88' lang='lat' dir='ltr'><strong>rationem</strong></span> <span class='ocrx_word' id='word_1_387' title='bbox 2920 2574 2934 2598; x_wconf 95' lang='lat'><strong>,</strong></span> <span class='ocrx_word' id='word_1_388' title='bbox 2979 2533 3182 2604; x_wconf 88' lang='lat' dir='ltr'><strong>absque</strong></span> <span class='ocrx_word' id='word_1_389' title='bbox 3212 2533 3307 2566; x_wconf 79' lang='grc'><strong>³⁸⁷⁸</strong></span> <span class='ocrx_word' id='word_1_390' title='bbox 3341 2533 3502 2590; x_wconf 88' lang='lat' dir='ltr'><strong>dubio</strong></span> <span class='ocrx_word' id='word_1_391' title='bbox 3543 2535 3704 2589; x_wconf 88' lang='lat' dir='ltr'><strong>ratio-</strong></span> 
     </span>
    </p>
   </div>
   <div class='ocr_carea' id='block_1_55' title="bbox 2121 2611 3283 2696">
    <p class='ocr_par' dir='ltr' id='par_1_55' title="bbox 2121 2611 3283 2696">
     <span class='ocr_line' id='line_1_56' title="bbox 2121 2611 3283 2696; baseline 0 -18"><span class='ocrx_word' id='word_1_392' title='bbox 2121 2624 2370 2680; x_wconf 85' lang='lat' dir='ltr'><strong>nabiliter</strong></span> <span class='ocrx_word' id='word_1_393' title='bbox 2399 2625 2789 2696; x_wconf 89' lang='lat' dir='ltr'><strong>repudiandum</strong></span> <span class='ocrx_word' id='word_1_394' title='bbox 2824 2622 3100 2694; x_wconf 87' lang='lat' dir='ltr'><strong>judicatur</strong></span> <span class='ocrx_word' id='word_1_395' title='bbox 3129 2623 3244 2678; x_wconf 80' lang='grc'><strong>³⁸⁷⁷.</strong></span> <span class='ocrx_word' id='word_1_396' title='bbox 3272 2611 3283 2621; x_wconf 76' lang='grc'><strong>’</strong></span> 
     </span>
    </p>
   </div>
   <div class='ocr_carea' id='block_1_56' title="bbox 441 2901 3042 2927">
    <p class='ocr_par' dir='ltr' id='par_1_56' title="bbox 441 2901 3042 2927">
     <span class='ocr_line' id='line_1_57' title="bbox 441 2901 3042 2927; baseline 0 -5"><span class='ocrx_word' id='word_1_397' title='bbox 441 2901 3042 2927; x_wconf 56' lang='lat' dir='ltr'><strong>mm</strong></span> 
     </span>
    </p>
   </div>
   <div class='ocr_carea' id='block_1_57' title="bbox 1725 3048 2693 3166">
    <p class='ocr_par' dir='ltr' id='par_1_57' title="bbox 1725 3048 2693 3166">
     <span class='ocr_line' id='line_1_58' title="bbox 1725 3048 2693 3166; baseline 0.002 -2"><span class='ocrx_word' id='word_1_398' title='bbox 1725 3048 2693 3166; x_wconf 71' lang='lat' dir='ltr'><strong>ANSELMUS</strong></span> 
     </span>
    </p>
   </div>
   <div class='ocr_carea' id='block_1_58' title="bbox 757 3273 3373 3402">
    <p class='ocr_par' dir='ltr' id='par_1_58' title="bbox 757 3273 3373 3402">
     <span class='ocr_line' id='line_1_59' title="bbox 757 3273 3373 3402; baseline 0.004 -18"><span class='ocrx_word' id='word_1_399' title='bbox 757 3274 940 3387; x_wconf 92' lang='lat' dir='ltr'><strong>DE</strong></span> <span class='ocrx_word' id='word_1_400' title='bbox 1040 3273 2302 3402; x_wconf 79' lang='lat' dir='ltr'><strong>SACRAMENTOBUM</strong></span> <span class='ocrx_word' id='word_1_401' title='bbox 2412 3277 3373 3395; x_wconf 84' lang='lat' dir='ltr'><strong>DIVERSITATE</strong></span> 
     </span>
    </p>
   </div>
   <div class='ocr_carea' id='block_1_59' title="bbox 1466 3487 2547 3548">
    <p class='ocr_par' dir='ltr' id='par_1_59' title="bbox 1466 3487 2547 3548">
     <span class='ocr_line' id='line_1_60' title="bbox 1466 3487 2547 3548; baseline 0.002 -4"><span class='ocrx_word' id='word_1_402' title='bbox 1466 3487 1558 3544; x_wconf 85' lang='lat' dir='ltr'><strong>AD</strong></span> <span class='ocrx_word' id='word_1_403' title='bbox 1597 3487 2100 3547; x_wconf 77' lang='lat' dir='ltr'><strong>WALERANNUM</strong></span> <span class='ocrx_word' id='word_1_404' title='bbox 2137 3489 2547 3548; x_wconf 81' lang='lat' dir='ltr'><strong>EPISCOPUM.</strong></span> 
     </span>
    </p>
   </div>
   <div class='ocr_carea' id='block_1_60' title="bbox 1246 3766 3047 3920">
    <p class='ocr_par' dir='ltr' id='par_1_60' title="bbox 1246 3766 3047 3920">
     <span class='ocr_line' id='line_1_61' title="bbox 1246 3766 3047 3920; baseline 0.001 -32"><span class='ocrx_word' id='word_1_405' title='bbox 1246 3766 2178 3888; x_wconf 68' lang='lat' dir='ltr'><strong>WALERANNI&quot;</strong></span> <span class='ocrx_word' id='word_1_406' title='bbox 2210 3772 2897 3890; x_wconf 84' lang='lat' dir='ltr'><strong>EPISTOLA</strong></span> 
     </span>
    </p>
   </div>
   <div class='ocr_carea' id='block_1_61' title="bbox 1007 3992 3113 4062">
    <p class='ocr_par' dir='ltr' id='par_1_61' title="bbox 1007 3992 3113 4062">
     <span class='ocr_line' id='line_1_62' title="bbox 1007 3992 3113 4062; baseline 0 -11"><span class='ocrx_word' id='word_1_407' title='bbox 1007 3993 1171 4062; x_wconf 62' lang='lat' dir='ltr'><strong>QUAE</strong></span> <span class='ocrx_word' id='word_1_408' title='bbox 1208 3993 1438 4050; x_wconf 84' lang='grc' dir='ltr'><strong>ΒΕΑΤο</strong></span> <span class='ocrx_word' id='word_1_409' title='bbox 1480 3992 1805 4050; x_wconf 80' lang='lat' dir='ltr'><strong>ANSELMO</strong></span> <span class='ocrx_word' id='word_1_410' title='bbox 1845 3992 2205 4050; x_wconf 77' lang='lat' dir='ltr'><strong>SCRIBENDI</strong></span> <span class='ocrx_word' id='word_1_411' title='bbox 2243 3995 2734 4053; x_wconf 79' lang='lat' dir='ltr'><strong>ARGUMENTUM</strong></span> <span class='ocrx_word' id='word_1_412' title='bbox 2763 3996 3113 4056; x_wconf 57' lang='lat' dir='ltr'><strong>PRIEBUIT.</strong></span> 
     </span>
    </p>
   </div>
   <div class='ocr_carea' id='block_1_62' title="bbox 430 4147 3702 4230">
    <p class='ocr_par' dir='ltr' id='par_1_62' title="bbox 430 4147 3702 4230">
     <span class='ocr_line' id='line_1_63' title="bbox 430 4147 3702 4230; baseline 0.002 -18"><span class='ocrx_word' id='word_1_413' title='bbox 430 4150 856 4230; x_wconf 77' lang='lat' dir='ltr'><strong>Conqueritur</strong></span> <span class='ocrx_word' id='word_1_414' title='bbox 920 4147 992 4206; x_wconf 86' lang='lat' dir='ltr'><strong>de</strong></span> <span class='ocrx_word' id='word_1_415' title='bbox 1043 4147 1342 4230; x_wconf 64' lang='lat' dir='ltr'><strong>varietate</strong></span> <span class='ocrx_word' id='word_1_416' title='bbox 1403 4147 1905 4230; x_wconf 68' lang='lat' dir='ltr'><strong>caeremoniarum</strong></span> <span class='ocrx_word' id='word_1_417' title='bbox 1959 4148 2125 4230; x_wconf 81' lang='lat' dir='ltr'><strong>inter</strong></span> <span class='ocrx_word' id='word_1_418' title='bbox 2184 4149 2410 4230; x_wconf 80' lang='lat' dir='ltr'><strong>altaris</strong></span> <span class='ocrx_word' id='word_1_419' title='bbox 2443 4151 2826 4230; x_wconf 82' lang='lat' dir='ltr'><strong>sacriﬁcium</strong></span> <span class='ocrx_word' id='word_1_420' title='bbox 2859 4155 3094 4215; x_wconf 75' lang='lat' dir='ltr'><strong>variea</strong></span> <span class='ocrx_word' id='word_1_421' title='bbox 3136 4156 3336 4215; x_wconf 79' lang='lat' dir='ltr'><strong>variis</strong></span> <span class='ocrx_word' id='word_1_422' title='bbox 3369 4155 3702 4220; x_wconf 71' lang='lat' dir='ltr'><strong>observari</strong></span> 
     </span>
    </p>
   </div>
   <div class='ocr_carea' id='block_1_63' title="bbox 514 4225 3700 4312">
    <p class='ocr_par' dir='ltr' id='par_1_63' title="bbox 514 4225 3700 4312">
     <span class='ocr_line' id='line_1_64' title="bbox 514 4225 3700 4312; baseline 0.003 -25"><span class='ocrx_word' id='word_1_423' title='bbox 514 4225 842 4312; x_wconf 57' lang='lat' dir='ltr'><strong>solitarum</strong></span> <span class='ocrx_word' id='word_1_424' title='bbox 872 4226 1096 4312; x_wconf 59' lang='lat' dir='ltr'><strong>{quasi</strong></span> <span class='ocrx_word' id='word_1_425' title='bbox 1129 4242 1273 4286; x_wconf 80' lang='lat' dir='ltr'><strong>vero</strong></span> <span class='ocrx_word' id='word_1_426' title='bbox 1303 4225 1393 4286; x_wconf 73' lang='lat' dir='ltr'><strong>ha:</strong></span> <span class='ocrx_word' id='word_1_427' title='bbox 1426 4225 1799 4286; x_wconf 77' lang='lat' dir='ltr'><strong>sacramenti</strong></span> <span class='ocrx_word' id='word_1_428' title='bbox 1827 4227 2148 4287; x_wconf 81' lang='lat' dir='ltr'><strong>essentiam</strong></span> <span class='ocrx_word' id='word_1_429' title='bbox 2186 4228 2587 4308; x_wconf 80' lang='lat' dir='ltr'><strong>attingerent,</strong></span> <span class='ocrx_word' id='word_1_430' title='bbox 2613 4225 2816 4310; x_wconf 41' lang='lat' dir='ltr'><strong>&#39;quin,</strong></span> <span class='ocrx_word' id='word_1_431' title='bbox 2843 4234 3063 4310; x_wconf 83' lang='lat' dir='ltr'><strong>potius</strong></span> <span class='ocrx_word' id='word_1_432' title='bbox 3090 4236 3455 4312; x_wconf 79' lang='lat' dir='ltr'><strong>mysterium</strong></span> <span class='ocrx_word' id='word_1_433' title='bbox 3499 4246 3552 4296; x_wconf 86' lang='lat' dir='ltr'><strong>et</strong></span> <span class='ocrx_word' id='word_1_434' title='bbox 3587 4238 3700 4297; x_wconf 42' lang='lat' dir='ltr'><strong>dea</strong></span> 
     </span>
    </p>
   </div>
   <div class='ocr_carea' id='block_1_64' title="bbox 515 4303 1186 4382">
    <p class='ocr_par' dir='ltr' id='par_1_64' title="bbox 515 4303 1186 4382">
     <span class='ocr_line' id='line_1_65' title="bbox 515 4303 1186 4382; baseline 0 -16"><span class='ocrx_word' id='word_1_435' title='bbox 515 4306 780 4366; x_wconf 84' lang='lat' dir='ltr'><strong>centiam</strong></span> <span class='ocrx_word' id='word_1_436' title='bbox 807 4303 1186 4382; x_wconf 82' lang='lat' dir='ltr'><strong>religiosam.</strong></span> 
     </span>
    </p>
   </div>
   <div class='ocr_carea' id='block_1_65' title="bbox 503 4475 3711 4550">
    <p class='ocr_par' dir='ltr' id='par_1_65' title="bbox 503 4475 3711 4550">
     <span class='ocr_line' id='line_1_66' title="bbox 503 4475 3711 4550; baseline 0.002 -21"><span class='ocrx_word' id='word_1_437' title='bbox 503 4493 862 4549; x_wconf 61' lang='lat' dir='ltr'><strong>serenissimo</strong></span> <span class='ocrx_word' id='word_1_438' title='bbox 889 4491 950 4546; x_wconf 60' lang='grc' dir='ltr'><strong>ι),</strong></span> <span class='ocrx_word' id='word_1_439' title='bbox 981 4491 1234 4549; x_wconf 53' lang='lat' dir='ltr'><strong>“sum</strong></span> <span class='ocrx_word' id='word_1_440' title='bbox 1256 4501 1456 4548; x_wconf 53' lang='lat' dir='ltr'><strong>sanctae</strong></span> <span class='ocrx_word' id='word_1_441' title='bbox 1475 4492 1881 4549; x_wconf 53' lang='lat' dir='ltr'><strong>Cantuariensis</strong></span> <span class='ocrx_word' id='word_1_442' title='bbox 1905 4495 2000 4550; x_wconf 68' lang='lat' dir='ltr'><strong>Ec,</strong></span> <span class='ocrx_word' id='word_1_443' title='bbox 2034 4483 2079 4542; x_wconf 77' lang='grc' dir='ltr'>ο</span> <span class='ocrx_word' id='word_1_444' title='bbox 2110 4475 2412 4532; x_wconf 84' lang='lat' dir='ltr'><strong>litterarum</strong></span> <span class='ocrx_word' id='word_1_445' title='bbox 2435 4484 2733 4533; x_wconf 85' lang='lat' dir='ltr'><strong>sectatores</strong></span> <span class='ocrx_word' id='word_1_446' title='bbox 2751 4477 3106 4534; x_wconf 87' lang='lat' dir='ltr'><strong>ratiocinandi</strong></span> <span class='ocrx_word' id='word_1_447' title='bbox 3129 4478 3508 4548; x_wconf 89' lang='lat' dir='ltr'><strong>probabilitate</strong></span> <span class='ocrx_word' id='word_1_448' title='bbox 3528 4481 3711 4536; x_wconf 82' lang='lat' dir='ltr'><strong>ﬁdem</strong></span> 
     </span>
    </p>
   </div>
   <div class='ocr_carea' id='block_1_66' title="bbox 427 4584 2006 4656">
    <p class='ocr_par' dir='ltr' id='par_1_66' title="bbox 427 4584 2006 4656">
     <span class='ocr_line' id='line_1_67' title="bbox 427 4584 2006 4656; baseline 0.004 -20"><span class='ocrx_word' id='word_1_449' title='bbox 427 4587 607 4641; x_wconf 68' lang='lat' dir='ltr'><strong>desim</strong></span> <span class='ocrx_word' id='word_1_450' title='bbox 648 4584 1096 4640; x_wconf 83' lang='lat' dir='ltr'><strong>reverendissimo</strong></span> <span class='ocrx_word' id='word_1_451' title='bbox 1152 4585 1556 4656; x_wconf 87' lang='lat' dir='ltr'><strong>archiepiscopo</strong></span> <span class='ocrx_word' id='word_1_452' title='bbox 1579 4626 1593 4648; x_wconf 90' lang='lat'><strong>,</strong></span> <span class='ocrx_word' id='word_1_453' title='bbox 1628 4584 2006 4642; x_wconf 71' lang='lat' dir='ltr'><strong>WALERANNUS</strong></span> 
     </span>
    </p>
   </div>
   <div class='ocr_carea' id='block_1_67' title="bbox 431 4673 2002 4747">
    <p class='ocr_par' dir='ltr' id='par_1_67' title="bbox 431 4673 2002 4747">
     <span class='ocr_line' id='line_1_68' title="bbox 431 4673 2002 4747; baseline -0.001 -15"><span class='ocrx_word' id='word_1_454' title='bbox 431 4677 527 4732; x_wconf 83' lang='lat' dir='ltr'><strong>Dei</strong></span> <span class='ocrx_word' id='word_1_455' title='bbox 553 4676 727 4747; x_wconf 82' lang='lat' dir='ltr'><strong>gratia</strong></span> <span class='ocrx_word' id='word_1_456' title='bbox 752 4673 1225 4744; x_wconf 82' lang='lat' dir='ltr'><strong>Nwemburgensis</strong></span> <span class='ocrx_word' id='word_1_457' title='bbox 1249 4675 1562 4746; x_wconf 88' lang='lat' dir='ltr'><strong>episcopus,</strong></span> <span class='ocrx_word' id='word_1_458' title='bbox 1606 4676 1800 4731; x_wconf 86' lang='lat' dir='ltr'><strong>servile</strong></span> <span class='ocrx_word' id='word_1_459' title='bbox 1843 4678 2002 4731; x_wconf 85' lang='lat' dir='ltr'><strong>obse-</strong></span> 
     </span>
    </p>
   </div>
   <div class='ocr_carea' id='block_1_68' title="bbox 427 4765 2002 4836">
    <p class='ocr_par' dir='ltr' id='par_1_68' title="bbox 427 4765 2002 4836">
     <span class='ocr_line' id='line_1_69' title="bbox 427 4765 2002 4836; baseline 0.001 -17"><span class='ocrx_word' id='word_1_460' title='bbox 427 4768 642 4835; x_wconf 88' lang='lat' dir='ltr'><strong>quium,</strong></span> <span class='ocrx_word' id='word_1_461' title='bbox 677 4765 988 4820; x_wconf 88' lang='lat' dir='ltr'><strong>instantiam</strong></span> <span class='ocrx_word' id='word_1_462' title='bbox 1039 4767 1371 4830; x_wconf 88' lang='lat' dir='ltr'><strong>orationum,</strong></span> <span class='ocrx_word' id='word_1_463' title='bbox 1408 4781 1472 4820; x_wconf 89' lang='lat' dir='ltr'><strong>ac</strong></span> <span class='ocrx_word' id='word_1_464' title='bbox 1506 4766 1852 4836; x_wconf 89' lang='lat' dir='ltr'><strong>semetipsum</strong></span> <span class='ocrx_word' id='word_1_465' title='bbox 1884 4782 2002 4822; x_wconf 82' lang='lat' dir='ltr'><strong>oin-</strong></span> 
     </span>
    </p>
   </div>
   <div class='ocr_carea' id='block_1_69' title="bbox 430 4856 1362 4912">
    <p class='ocr_par' dir='ltr' id='par_1_69' title="bbox 430 4856 1362 4912">
     <span class='ocr_line' id='line_1_70' title="bbox 430 4856 1362 4912; baseline -0.003 0"><span class='ocrx_word' id='word_1_466' title='bbox 430 4859 556 4912; x_wconf 95' lang='lat' dir='ltr'><strong>nino</strong></span> <span class='ocrx_word' id='word_1_467' title='bbox 583 4857 636 4912; x_wconf 93' lang='lat' dir='ltr'><strong>in</strong></span> <span class='ocrx_word' id='word_1_468' title='bbox 673 4857 924 4912; x_wconf 90' lang='lat' dir='ltr'><strong>omnibus</strong></span> <span class='ocrx_word' id='word_1_469' title='bbox 949 4856 1362 4912; x_wconf 89' lang='lat' dir='ltr'><strong>deditissimnm.</strong></span> 
     </span>
    </p>
   </div>
   <div class='ocr_carea' id='block_1_70' title="bbox 498 4945 2001 5016">
    <p class='ocr_par' dir='ltr' id='par_1_70' title="bbox 498 4945 2001 5016">
     <span class='ocr_line' id='line_1_71' title="bbox 498 4945 2001 5016; baseline 0.001 -16"><span class='ocrx_word' id='word_1_470' title='bbox 498 4945 632 5000; x_wconf 83' lang='lat' dir='ltr'><strong>Cum</strong></span> <span class='ocrx_word' id='word_1_471' title='bbox 676 4945 912 5000; x_wconf 84' lang='lat' dir='ltr'><strong>Minerva</strong></span> <span class='ocrx_word' id='word_1_472' title='bbox 959 4947 1024 5000; x_wconf 85' lang='lat' dir='ltr'><strong>de</strong></span> <span class='ocrx_word' id='word_1_473' title='bbox 1073 4945 1372 5001; x_wconf 86' lang='lat' dir='ltr'><strong>litterarum</strong></span> <span class='ocrx_word' id='word_1_474' title='bbox 1420 4947 1756 5016; x_wconf 81' lang='lat' dir='ltr'><strong>professione</strong></span> <span class='ocrx_word' id='word_1_475' title='bbox 1802 4947 2001 5016; x_wconf 88' lang='lat' dir='ltr'><strong>aliquid</strong></span> 
     </span>
    </p>
   </div>
   <div class='ocr_carea' id='block_1_71' title="bbox 422 5037 1996 5108">
    <p class='ocr_par' dir='ltr' id='par_1_71' title="bbox 422 5037 1996 5108">
     <span class='ocr_line' id='line_1_72' title="bbox 422 5037 1996 5108; baseline 0.001 -16"><span class='ocrx_word' id='word_1_476' title='bbox 422 5051 748 5108; x_wconf 70' lang='lat' dir='ltr'><strong>praesumere</strong></span> <span class='ocrx_word' id='word_1_477' title='bbox 775 5037 1164 5106; x_wconf 83' lang='lat' dir='ltr'><strong>ineptissimum</strong></span> <span class='ocrx_word' id='word_1_478' title='bbox 1181 5047 1280 5100; x_wconf 89' lang='lat' dir='ltr'><strong>est,</strong></span> <span class='ocrx_word' id='word_1_479' title='bbox 1299 5053 1365 5092; x_wconf 87' lang='lat' dir='ltr'><strong>ac</strong></span> <span class='ocrx_word' id='word_1_480' title='bbox 1385 5038 1525 5092; x_wconf 87' lang='lat' dir='ltr'><strong>inter</strong></span> <span class='ocrx_word' id='word_1_481' title='bbox 1544 5040 1892 5094; x_wconf 86' lang='lat' dir='ltr'><strong>edocumatos</strong></span> <span class='ocrx_word' id='word_1_482' title='bbox 1906 5038 1996 5069; x_wconf 69' lang='lat'><strong>“&#39;9</strong></span> 
     </span>
    </p>
   </div>
   <div class='ocr_carea' id='block_1_72' title="bbox 2094 4568 3692 4640">
    <p class='ocr_par' dir='ltr' id='par_1_72' title="bbox 2094 4568 3692 4640">
     <span class='ocr_line' id='line_1_73' title="bbox 2094 4568 3692 4640; baseline 0.004 -17"><span class='ocrx_word' id='word_1_483' title='bbox 2094 4568 2317 4636; x_wconf 66' lang='lat' dir='ltr'><strong>facere,</strong></span> <span class='ocrx_word' id='word_1_484' title='bbox 2354 4585 2458 4626; x_wconf 85' lang='lat' dir='ltr'><strong>non</strong></span> <span class='ocrx_word' id='word_1_485' title='bbox 2487 4580 2727 4625; x_wconf 91' lang='lat' dir='ltr'><strong>nostram</strong></span> <span class='ocrx_word' id='word_1_486' title='bbox 2755 4572 2932 4640; x_wconf 87' lang='lat' dir='ltr'><strong>attigit</strong></span> <span class='ocrx_word' id='word_1_487' title='bbox 2960 4571 3051 4603; x_wconf 80' lang='grc'>⁸⁸⁸⁰</span> <span class='ocrx_word' id='word_1_488' title='bbox 3081 4571 3413 4626; x_wconf 81' lang='lat' dir='ltr'><strong>facultatem.</strong></span> <span class='ocrx_word' id='word_1_489' title='bbox 3438 4573 3544 4628; x_wconf 88' lang='lat' dir='ltr'><strong>Sed</strong></span> <span class='ocrx_word' id='word_1_490' title='bbox 3567 4589 3692 4628; x_wconf 86' lang='lat' dir='ltr'><strong>cum</strong></span> 
     </span>
    </p>
   </div>
   <div class='ocr_carea' id='block_1_73' title="bbox 2111 4662 3691 4734">
    <p class='ocr_par' dir='ltr' id='par_1_73' title="bbox 2111 4662 3691 4734">
     <span class='ocr_line' id='line_1_74' title="bbox 2111 4662 3691 4734; baseline 0.002 -17"><span class='ocrx_word' id='word_1_491' title='bbox 2111 4663 2379 4734; x_wconf 89' lang='lat' dir='ltr'><strong>Propheta</strong></span> <span class='ocrx_word' id='word_1_492' title='bbox 2402 4665 2724 4734; x_wconf 85' lang='lat' dir='ltr'><strong>suspirando</strong></span> <span class='ocrx_word' id='word_1_493' title='bbox 2758 4682 2770 4716; x_wconf 90' lang='lat'><strong>:</strong></span> <span class='ocrx_word' id='word_1_494' title='bbox 2805 4662 2992 4718; x_wconf 86' lang='lat' dir='ltr'><strong>Revela</strong></span> <span class='ocrx_word' id='word_1_495' title='bbox 3020 4665 3196 4719; x_wconf 80' lang='lat' dir='ltr'><strong>oculos</strong></span> <span class='ocrx_word' id='word_1_496' title='bbox 3222 4684 3361 4722; x_wconf 83' lang='lat' dir='ltr'><strong>meas</strong></span> <span class='ocrx_word' id='word_1_497' title='bbox 3383 4710 3398 4734; x_wconf 96' lang='lat'><strong>,</strong></span> <span class='ocrx_word' id='word_1_498' title='bbox 3434 4677 3481 4721; x_wconf 88' lang='lat' dir='ltr'><strong>et</strong></span> <span class='ocrx_word' id='word_1_499' title='bbox 3510 4669 3691 4722; x_wconf 75' lang='lat' dir='ltr'><strong>consi-</strong></span> 
     </span>
    </p>
   </div>
   <div class='ocr_carea' id='block_1_74' title="bbox 2110 4754 3689 4827">
    <p class='ocr_par' dir='ltr' id='par_1_74' title="bbox 2110 4754 3689 4827">
     <span class='ocr_line' id='line_1_75' title="bbox 2110 4754 3689 4827; baseline 0.003 -19"><span class='ocrx_word' id='word_1_500' title='bbox 2110 4755 2304 4809; x_wconf 85' lang='lat' dir='ltr'><strong>derabo</strong></span> <span class='ocrx_word' id='word_1_501' title='bbox 2337 4754 2599 4808; x_wconf 83' lang='lat' dir='ltr'><strong>mirabilia</strong></span> <span class='ocrx_word' id='word_1_502' title='bbox 2629 4755 2692 4808; x_wconf 83' lang='lat' dir='ltr'><strong>de</strong></span> <span class='ocrx_word' id='word_1_503' title='bbox 2730 4755 2838 4823; x_wconf 86' lang='lat' dir='ltr'><strong>lege</strong></span> <span class='ocrx_word' id='word_1_504' title='bbox 2873 4765 2963 4808; x_wconf 88' lang='lat' dir='ltr'><strong>tua</strong></span> <span class='ocrx_word' id='word_1_505' title='bbox 2994 4755 3166 4827; x_wconf 79' lang='lat' dir='ltr'><strong>(Psat.</strong></span> <span class='ocrx_word' id='word_1_506' title='bbox 3197 4772 3386 4822; x_wconf 80' lang='lat' dir='ltr'><strong>cxvut,</strong></span> <span class='ocrx_word' id='word_1_507' title='bbox 3419 4758 3529 4826; x_wconf 78' lang='grc'><strong>18),</strong></span> <span class='ocrx_word' id='word_1_508' title='bbox 3563 4773 3689 4812; x_wconf 90' lang='lat' dir='ltr'><strong>cum</strong></span> 
     </span>
    </p>
   </div>
   <div class='ocr_carea' id='block_1_75' title="bbox 2111 4845 3693 4903">
    <p class='ocr_par' dir='ltr' id='par_1_75' title="bbox 2111 4845 3693 4903">
     <span class='ocr_line' id='line_1_76' title="bbox 2111 4845 3693 4903; baseline 0.001 -3"><span class='ocrx_word' id='word_1_509' title='bbox 2111 4861 2318 4900; x_wconf 75' lang='lat' dir='ltr'><strong>summa</strong></span> <span class='ocrx_word' id='word_1_510' title='bbox 2363 4845 2647 4900; x_wconf 87' lang='lat' dir='ltr'><strong>devotione</strong></span> <span class='ocrx_word' id='word_1_511' title='bbox 2690 4845 2874 4900; x_wconf 88' lang='lat' dir='ltr'><strong>oculos</strong></span> <span class='ocrx_word' id='word_1_512' title='bbox 2921 4845 3038 4899; x_wconf 87' lang='lat' dir='ltr'><strong>levo</strong></span> <span class='ocrx_word' id='word_1_513' title='bbox 3075 4849 3142 4900; x_wconf 88' lang='lat' dir='ltr'><strong>ad</strong></span> <span class='ocrx_word' id='word_1_514' title='bbox 3187 4857 3423 4902; x_wconf 90' lang='lat' dir='ltr'><strong>montem</strong></span> <span class='ocrx_word' id='word_1_515' title='bbox 3467 4849 3693 4903; x_wconf 89' lang='lat' dir='ltr'><strong>celsitu-</strong></span> 
     </span>
    </p>
   </div>
   <div class='ocr_carea' id='block_1_76' title="bbox 2110 4932 3687 5006">
    <p class='ocr_par' dir='ltr' id='par_1_76' title="bbox 2110 4932 3687 5006">
     <span class='ocr_line' id='line_1_77' title="bbox 2110 4932 3687 5006; baseline 0.001 -13"><span class='ocrx_word' id='word_1_516' title='bbox 2110 4939 2250 4993; x_wconf 90' lang='lat' dir='ltr'><strong>dinis</strong></span> <span class='ocrx_word' id='word_1_517' title='bbox 2285 4941 2496 5004; x_wconf 65' lang='lat' dir='ltr'><strong>vestrae,</strong></span> <span class='ocrx_word' id='word_1_518' title='bbox 2523 4947 2582 4992; x_wconf 91' lang='lat' dir='ltr'><strong>ut</strong></span> <span class='ocrx_word' id='word_1_519' title='bbox 2600 4938 2724 4993; x_wconf 90' lang='lat' dir='ltr'><strong>inde</strong></span> <span class='ocrx_word' id='word_1_520' title='bbox 2746 4939 2927 4992; x_wconf 86' lang='lat' dir='ltr'><strong>veniat</strong></span> <span class='ocrx_word' id='word_1_521' title='bbox 2951 4939 3205 4993; x_wconf 83' lang='lat' dir='ltr'><strong>auxilium</strong></span> <span class='ocrx_word' id='word_1_522' title='bbox 3237 4941 3396 5006; x_wconf 91' lang='lat' dir='ltr'><strong>mihi;</strong></span> <span class='ocrx_word' id='word_1_523' title='bbox 3423 4932 3687 4995; x_wconf 80' lang='lat' dir='ltr'><strong>auxilium</strong></span> 
     </span>
    </p>
   </div>
   <div class='ocr_carea' id='block_1_77' title="bbox 2109 5031 3692 5103">
    <p class='ocr_par' dir='ltr' id='par_1_77' title="bbox 2109 5031 3692 5103">
     <span class='ocr_line' id='line_1_78' title="bbox 2109 5031 3692 5103; baseline 0.003 -19"><span class='ocrx_word' id='word_1_524' title='bbox 2109 5042 2380 5098; x_wconf 85' lang='lat' dir='ltr'><strong>vestrum,</strong></span> <span class='ocrx_word' id='word_1_525' title='bbox 2417 5031 2677 5086; x_wconf 79' lang='lat' dir='ltr'><strong>auxilium</strong></span> <span class='ocrx_word' id='word_1_526' title='bbox 2729 5047 2760 5085; x_wconf 88' lang='lat' dir='ltr'><strong>a</strong></span> <span class='ocrx_word' id='word_1_527' title='bbox 2799 5032 3055 5097; x_wconf 90' lang='lat' dir='ltr'><strong>Domino,</strong></span> <span class='ocrx_word' id='word_1_528' title='bbox 3091 5034 3181 5103; x_wconf 90' lang='lat' dir='ltr'><strong>qui</strong></span> <span class='ocrx_word' id='word_1_529' title='bbox 3232 5032 3361 5089; x_wconf 83' lang='lat' dir='ltr'><strong>fecit</strong></span> <span class='ocrx_word' id='word_1_530' title='bbox 3399 5034 3598 5088; x_wconf 65' lang='lat' dir='ltr'><strong>coalum</strong></span> <span class='ocrx_word' id='word_1_531' title='bbox 3631 5043 3692 5089; x_wconf 86' lang='lat' dir='ltr'><strong>et</strong></span> 
     </span>
    </p>
   </div>
   <div class='ocr_carea' id='block_1_78' title="bbox 1695 5187 2376 5246">
    <p class='ocr_par' dir='ltr' id='par_1_78' title="bbox 1695 5187 2376 5246">
     <span class='ocr_line' id='line_1_79' title="bbox 1695 5187 2376 5246; baseline -0.007 1"><span class='ocrx_word' id='word_1_532' title='bbox 1695 5191 1930 5246; x_wconf 69' lang='lat' dir='ltr'><strong>VARIAE</strong></span> <span class='ocrx_word' id='word_1_533' title='bbox 1969 5187 2376 5246; x_wconf 79' lang='lat' dir='ltr'><strong>LECTlONES.</strong></span> 
     </span>
    </p>
   </div>
   <div class='ocr_carea' id='block_1_79' title="bbox 499 5303 3686 5376">
    <p class='ocr_par' dir='ltr' id='par_1_79' title="bbox 499 5303 3686 5376">
     <span class='ocr_line' id='line_1_80' title="bbox 499 5303 3686 5376; baseline 0.001 -17"><span class='ocrx_word' id='word_1_534' title='bbox 499 5305 591 5338; x_wconf 81' lang='grc'><strong>⁸⁸⁷³</strong></span> <span class='ocrx_word' id='word_1_535' title='bbox 616 5305 750 5360; x_wconf 86' lang='lat' dir='ltr'><strong>Cum</strong></span> <span class='ocrx_word' id='word_1_536' title='bbox 800 5304 977 5374; x_wconf 79' lang='lat' dir='ltr'><strong>impia:</strong></span> <span class='ocrx_word' id='word_1_537' title='bbox 1012 5303 1211 5376; x_wconf 87' lang='lat' dir='ltr'><strong>actioni</strong></span> <span class='ocrx_word' id='word_1_538' title='bbox 1260 5303 1765 5376; x_wconf 12' lang='lat' dir='ltr'><strong>associaveritimss.</strong></span> <span class='ocrx_word' id='word_1_539' title='bbox 1814 5321 1934 5360; x_wconf 90' lang='lat' dir='ltr'><strong>cum</strong></span> <span class='ocrx_word' id='word_1_540' title='bbox 1964 5307 2068 5360; x_wconf 91' lang='lat' dir='ltr'><strong>hoc</strong></span> <span class='ocrx_word' id='word_1_541' title='bbox 2097 5305 2274 5376; x_wconf 62' lang='lat' dir='ltr'><strong>impia:</strong></span> <span class='ocrx_word' id='word_1_542' title='bbox 2311 5304 2510 5376; x_wconf 85' lang='lat' dir='ltr'><strong>actioni</strong></span> <span class='ocrx_word' id='word_1_543' title='bbox 2561 5306 2914 5376; x_wconf 85' lang='lat' dir='ltr'><strong>associaverit</strong></span> <span class='ocrx_word' id='word_1_544' title='bbox 2950 5305 3096 5360; x_wconf 85' lang='lat' dir='ltr'><strong>Edit.</strong></span> <span class='ocrx_word' id='word_1_545' title='bbox 3145 5306 3302 5376; x_wconf 81' lang='lat' dir='ltr'><strong>Goth.</strong></span> <span class='ocrx_word' id='word_1_546' title='bbox 3349 5304 3462 5376; x_wconf 71' lang='lat' dir='ltr'><strong>Col.</strong></span> <span class='ocrx_word' id='word_1_547' title='bbox 3497 5304 3686 5361; x_wconf 78' lang='lat' dir='ltr'><strong>Venet.</strong></span> 
     </span>
    </p>
   </div>
   <div class='ocr_carea' id='block_1_80' title="bbox 425 5373 3687 5444">
    <p class='ocr_par' dir='ltr' id='par_1_80' title="bbox 425 5373 3687 5444">
     <span class='ocr_line' id='line_1_81' title="bbox 425 5373 3687 5444; baseline 0.001 -16"><span class='ocrx_word' id='word_1_548' title='bbox 425 5392 546 5444; x_wconf 71' lang='lat' dir='ltr'><strong>cum</strong></span> <span class='ocrx_word' id='word_1_549' title='bbox 595 5376 698 5430; x_wconf 90' lang='lat' dir='ltr'><strong>hoc</strong></span> <span class='ocrx_word' id='word_1_550' title='bbox 733 5377 894 5444; x_wconf 86' lang='lat' dir='ltr'><strong>impie</strong></span> <span class='ocrx_word' id='word_1_551' title='bbox 922 5374 1218 5444; x_wconf 87' lang='lat' dir='ltr'><strong>auctoritas</strong></span> <span class='ocrx_word' id='word_1_552' title='bbox 1247 5375 1541 5428; x_wconf 81' lang='lat' dir='ltr'><strong>sociaverit</strong></span> <span class='ocrx_word' id='word_1_553' title='bbox 1616 5375 1710 5406; x_wconf 69' lang='grc'><strong>³⁸⁷⁵</strong></span> <span class='ocrx_word' id='word_1_554' title='bbox 1741 5376 2041 5431; x_wconf 77' lang='lat' dir='ltr'><strong>Defendunt</strong></span> <span class='ocrx_word' id='word_1_555' title='bbox 2073 5373 2198 5430; x_wconf 76' lang='lat' dir='ltr'><strong>mss.</strong></span> <span class='ocrx_word' id='word_1_556' title='bbox 2232 5375 2524 5430; x_wconf 80' lang='lat' dir='ltr'><strong>defendant</strong></span> <span class='ocrx_word' id='word_1_557' title='bbox 2597 5375 2690 5407; x_wconf 78' lang='grc'><strong>³⁸⁷⁵</strong></span> <span class='ocrx_word' id='word_1_558' title='bbox 2719 5376 2934 5430; x_wconf 89' lang='lat' dir='ltr'><strong>Servari</strong></span> <span class='ocrx_word' id='word_1_559' title='bbox 2968 5394 3094 5431; x_wconf 77' lang='lat' dir='ltr'><strong>mss.</strong></span> <span class='ocrx_word' id='word_1_560' title='bbox 3120 5389 3164 5430; x_wconf 91' lang='lat' dir='ltr'><strong>et</strong></span> <span class='ocrx_word' id='word_1_561' title='bbox 3194 5375 3338 5430; x_wconf 86' lang='lat' dir='ltr'><strong>Edit.</strong></span> <span class='ocrx_word' id='word_1_562' title='bbox 3373 5373 3529 5429; x_wconf 82' lang='lat' dir='ltr'><strong>Coth.</strong></span> <span class='ocrx_word' id='word_1_563' title='bbox 3565 5376 3687 5432; x_wconf 82' lang='lat' dir='ltr'><strong>Col.</strong></span> 
     </span>
    </p>
   </div>
   <div class='ocr_carea' id='block_1_81' title="bbox 434 5441 3694 5517">
    <p class='ocr_par' dir='ltr' id='par_1_81' title="bbox 434 5441 3694 5517">
     <span class='ocr_line' id='line_1_82' title="bbox 434 5441 3694 5517; baseline 0.001 -20"><span class='ocrx_word' id='word_1_564' title='bbox 434 5441 612 5498; x_wconf 83' lang='lat' dir='ltr'><strong>Venet.</strong></span> <span class='ocrx_word' id='word_1_565' title='bbox 639 5441 858 5499; x_wconf 83' lang='lat' dir='ltr'><strong>servare</strong></span> <span class='ocrx_word' id='word_1_566' title='bbox 932 5443 1283 5517; x_wconf 71' lang='lat' dir='ltr'><strong>_&quot;&quot;’°Batione_</strong></span> <span class='ocrx_word' id='word_1_567' title='bbox 1307 5447 1524 5517; x_wconf 65' lang='lat' dir='ltr'><strong>absque</strong></span> <span class='ocrx_word' id='word_1_568' title='bbox 1547 5447 1918 5517; x_wconf 76' lang='lat' dir='ltr'><strong>mss._ratione</strong></span> <span class='ocrx_word' id='word_1_569' title='bbox 1959 5447 2017 5499; x_wconf 84' lang='lat' dir='ltr'><strong>lit</strong></span> <span class='ocrx_word' id='word_1_570' title='bbox 2053 5447 2533 5517; x_wconf 81' lang='lat' dir='ltr'><strong>contrarationem</strong></span> <span class='ocrx_word' id='word_1_571' title='bbox 2564 5446 2767 5512; x_wconf 82' lang='lat' dir='ltr'><strong>absque</strong></span> <span class='ocrx_word' id='word_1_572' title='bbox 2797 5447 2935 5517; x_wconf 8' lang='lat'><strong>77”,&quot;</strong></span> <span class='ocrx_word' id='word_1_573' title='bbox 2984 5446 3504 5517; x_wconf 84' lang='lat' dir='ltr'><strong>chrehendendum</strong></span> <span class='ocrx_word' id='word_1_574' title='bbox 3535 5446 3694 5517; x_wconf 85' lang='lat' dir='ltr'><strong>judi-</strong></span> 
     </span>
    </p>
   </div>
   <div class='ocr_carea' id='block_1_82' title="bbox 424 5513 3692 5588">
    <p class='ocr_par' dir='ltr' id='par_1_82' title="bbox 424 5513 3692 5588">
     <span class='ocr_line' id='line_1_83' title="bbox 424 5513 3692 5588; baseline 0.002 -22"><span class='ocrx_word' id='word_1_575' title='bbox 424 5523 583 5566; x_wconf 87' lang='lat' dir='ltr'><strong>catur</strong></span> <span class='ocrx_word' id='word_1_576' title='bbox 611 5515 1146 5588; x_wconf 71' lang='lat' dir='ltr'><strong>mss.__repud_iandum</strong></span> <span class='ocrx_word' id='word_1_577' title='bbox 1171 5513 1448 5588; x_wconf 68' lang='lat' dir='ltr'><strong>iudicatur</strong></span> <span class='ocrx_word' id='word_1_578' title='bbox 1479 5513 1624 5567; x_wconf 85' lang='lat' dir='ltr'><strong>Edit.</strong></span> <span class='ocrx_word' id='word_1_579' title='bbox 1680 5514 1858 5570; x_wconf 84' lang='lat' dir='ltr'><strong>Venet.</strong></span> <span class='ocrx_word' id='word_1_580' title='bbox 1907 5517 2261 5588; x_wconf 81' lang='lat' dir='ltr'><strong>rel&#39;utamlum</strong></span> <span class='ocrx_word' id='word_1_581' title='bbox 2294 5515 2569 5588; x_wconf 64' lang='lat' dir='ltr'><strong>iudicatur</strong></span> <span class='ocrx_word' id='word_1_582' title='bbox 2642 5517 2734 5548; x_wconf 77' lang='grc'><strong>³⁸⁷⁸</strong></span> <span class='ocrx_word' id='word_1_583' title='bbox 2769 5513 3081 5588; x_wconf 78' lang='lat' dir='ltr'><strong>Waleranni</strong></span> <span class='ocrx_word' id='word_1_584' title='bbox 3126 5517 3342 5588; x_wconf 81' lang='lat' dir='ltr'><strong>epistola</strong></span> <span class='ocrx_word' id='word_1_585' title='bbox 3376 5513 3571 5571; x_wconf 76' lang='lat' dir='ltr'><strong>collata</strong></span> <span class='ocrx_word' id='word_1_586' title='bbox 3608 5527 3692 5572; x_wconf 70' lang='lat' dir='ltr'><strong>est</strong></span> 
     </span>
    </p>
   </div>
   <div class='ocr_carea' id='block_1_83' title="bbox 426 5581 2906 5659">
    <p class='ocr_par' dir='ltr' id='par_1_83' title="bbox 426 5581 2906 5659">
     <span class='ocr_line' id='line_1_84' title="bbox 426 5581 2906 5659; baseline 0.004 -26"><span class='ocrx_word' id='word_1_587' title='bbox 426 5597 543 5634; x_wconf 77' lang='lat' dir='ltr'><strong>cum</strong></span> <span class='ocrx_word' id='word_1_588' title='bbox 589 5600 685 5635; x_wconf 81' lang='lat' dir='ltr'><strong>ms.</strong></span> <span class='ocrx_word' id='word_1_589' title='bbox 730 5581 859 5641; x_wconf 77' lang='lat' dir='ltr'><strong>Vict.</strong></span> <span class='ocrx_word' id='word_1_590' title='bbox 893 5584 1007 5652; x_wconf 69' lang='lat' dir='ltr'><strong>E12,</strong></span> <span class='ocrx_word' id='word_1_591' title='bbox 1051 5582 1139 5638; x_wconf 74' lang='grc'><strong>20.</strong></span> <span class='ocrx_word' id='word_1_592' title='bbox 1174 5581 1186 5584; x_wconf 64' lang='grc'>⁷</span> <span class='ocrx_word' id='word_1_593' title='bbox 1217 5583 1310 5615; x_wconf 63' lang='grc'><strong>³⁸⁷9</strong></span> <span class='ocrx_word' id='word_1_594' title='bbox 1339 5584 1571 5639; x_wconf 78' lang='lat' dir='ltr'><strong>Edoctos</strong></span> <span class='ocrx_word' id='word_1_595' title='bbox 1603 5601 1727 5639; x_wconf 76' lang='lat' dir='ltr'><strong>mss.</strong></span> <span class='ocrx_word' id='word_1_596' title='bbox 1756 5588 2104 5644; x_wconf 82' lang='lat' dir='ltr'><strong>edocumatos</strong></span> <span class='ocrx_word' id='word_1_597' title='bbox 2176 5587 2270 5618; x_wconf 81' lang='grc'><strong>³⁸⁸⁰</strong></span> <span class='ocrx_word' id='word_1_598' title='bbox 2294 5581 2522 5659; x_wconf 65' lang='grc' dir='ltr'><strong>Άῑιὶιιείι</strong></span> <span class='ocrx_word' id='word_1_599' title='bbox 2557 5604 2682 5642; x_wconf 83' lang='lat' dir='ltr'><strong>mss.</strong></span> <span class='ocrx_word' id='word_1_600' title='bbox 2713 5587 2906 5658; x_wconf 75' lang='lat' dir='ltr'><strong>attigit.</strong></span> 
     </span>
    </p>
   </div>
  </div>
