3940 6046
275 271 384 328 549

1201 265 1290 320 DE
1323 260 1946 322 SACRAMENTORUM
1989 259 2478 318 DIVERSITATE.

3435 263 3546 322 550

274 395 478 438 terram
518 399 530 432 :
565 379 670 445 Qui
705 378 934 434 adliceret
969 376 1215 442 Domino,
1249 393 1384 430 unus
1438 375 1652 442 spiritus
1683 385 1756 427 est
1799 373 1863 444 (1
1893 379 1938 436 Α
1969 387 2072 442 que
2103 383 2344 430 tenemus
2390 391 2418 430 a
2465 377 2722 448 progenie
2759 378 2810 433 in
2841 379 3188 450 progeniem;
3223 389 3279 436 et
3313 391 3547 436 vestram

273 475 400 530 Cor.
435 489 508 536 vt,
535 473 643 539 li).
671 469 740 525 Ut
777 470 902 524 inde
928 477 1112 539 pateat
1150 484 1216 523 ex
1248 466 1363 536 ejus
1401 465 1738 537 plenitudine
1765 481 1863 520 vos

271 566 442 619 etiam
471 560 734 631 profunda
765 561 858 614 Dei
889 559 1151 625 scrutari;
1193 567 1430 614 nostram
1459 572 1590 612 vero
1618 557 1858 626 parvita-

275 666 388 710 tem
419 671 605 708 vocem
654 653 770 722 ejus
805 653 1022 718 audire,
1053 652 1158 708 'sed
1203 666 1429 722 prorsus
1468 633 1696 708 nescire
1719 653 1863 707 unde

271 746 478 810 veniat,
511 753 604 799 aut
631 759 740 814 quo
761 745 938 799 vadat.

703 833 866 903 138
903 829 1130 886 CAPUT
1168 829 1462 886 PRIMUM.

277 926 522 992 Querella
551 924 866 979 Waleranni
889 925 952 977 de
987 933 1134 977 tanta
1158 923 1456 978 diversitate
1485 925 1538 977 in
1567 939 1868 979 sacramen-

791 1005 962 1048 torum
992 993 1356 1048 celebratione.

229 1175 236 1180 α
355 1111 630 1165 lndividua
663 1109 900 1163 Trinitas
937 1108 1076 1162 Deus
1121 1113 1240 1172 est,
1281 1113 1334 1160 et
1368 1113 1629 1176 quotquot
1658 1117 1864 1162 suntm

277 1202 424 1266 Deo,
453 1215 616 1255 unum
661 1209 785 1254 sunt
821 1199 874 1252 in
910 1197 1044 1267 ipso.
1077 1197 1374 1252 Diversitas
1405 1199 1456 1250 in
1499 1197 1738 1252 Ecclesia
1767 1199 1864 1253 ad-

279 1294 502 1348 modum
535 1301 616 1346 est
655 1291 846 1344 unitati
884 1289 1179 1344 contraria.
1213 1289 1309 1343 Diu
1343 1303 1447 1342 non
1481 1299 1656 1358 potest
1682 1301 1828 1344 stare
1849 1332 1863 1358 ,

281 1385 430 1454 quod
466 1383 699 1451 partium
727 1383 780 1436 in
809 1398 866 1436 se
888 1389 1169 1452 grassatur
1195 1380 1554 1435 dissensione.
1585 1381 1659 1435 De
1684 1397 1867 1436 sacra-

281 1477 481 1531 mentis
535 1475 816 1536 Ecclesice,
847 1473 992 1527 aliud
1042 1471 1344 1535 Palestina,
1384 1472 1526 1526 aliud
1571 1473 1824 1528 Armenia
1850 1513 1864 1537 ,

281 1569 644 1623 aliud-nostra
695 1566 974 1630 Romana,
1029 1573 1085 1620 et
1131 1565 1426 1633 Tripartita
1467 1565 1634 1620 sentit
1671 1563 1863 1619 Gallia.

285 1659 549 1714 Dominici
583 1658 748 1712 etiam
777 1656 1022 1725 corporis
1061 1655 1379 1726 mysterium
1414 1654 1570 1710 aliter
1600 1654 1864 1718 Romana,

283 1751 448 1806 aliter
493 1749 770 1804 Gallicana
827 1747 1098 1814 Ecclesia,
1154 1763 1216 1802 ac
1274 1747 1642 1804 diversissima
1683 1758 1866 1804 nostra

287 1853 488 1898 tractat
537 1841 848 1896 Germania.
907 1841 984 1895 Ex
1040 1842 1276 1910 antiquis
1327 1843 1571 1911 patribus
1627 1843 1869 1897 ordinem

285 1937 551 1992 habemus
581 1935 922 1990 sacriﬁcandi
961 1949 976 1988 :
1023 1941 1079 1988 et
1103 1935 1256 1988 valde
1305 1935 1544 1989 admiror
1575 1938 1714 1990 unde
1757 1935 1871 1991 haec

286 2027 502 2080 novitas
525 2026 852 2094 surrcpserit
891 2027 943 2080 in
977 2025 1135 2080 domo
1169 2025 1378 2080 Domini
1411 2044 1425 2080 :
1453 2026 1608 2082 Jesus
1635 2026 1871 2083 Christus

285 2120 402 2173 heri
433 2129 480 2173 et
501 2120 675 2184 hodie,
703 2120 814 2188 ipse
835 2129 908 2174 est
934 2120 987 2174 in
1017 2117 1212 2174 stecula
1236 2118 1393 2189 (Πρὸ.
1425 2135 1544 2184 xm,
1581 2119 1634 2191 8)
1661 2135 1873 2190 semper

287 2227 453 2274 unus,
481 2226 696 2281 semper
733 2213 912 2276 idem,
953 2211 1156 2266 nullam
1193 2212 1404 2281 patiens
1435 2211 1870 2266 mutabilitatem.

217 2375 226 2382 _
286 2307 334 2360 Α
393 2307 608 2362 Christo
659 2305 937 2370 dissentit,
1003 2305 1094 2374 qui
1151 2305 1204 2359 in
1257 2303 1625 2360 diversitatem
1681 2303 1872 2358 tendit.

273 2399 538 2454 Christus
579 2406 662 2454 est
707 2400 862 2469 panis
900 2399 1243 2470 angeldrum,
1272 2397 1362 2467 qui
1395 2399 1461 2452 de
1488 2395 1624 2451 ctelo
1651 2395 1874 2450 descen-

289 2491 366 2544 dit
393 2489 576 2562 (Joan.
607 2489 718 2560 xu)
738 2530 752 2554 ,
779 2497 833 2544 et
877 2487 1052 2544 factus
1078 2497 1161 2543 est
1189 2489 1345 2558 panis
1383 2487 1662 2542 hominum
1688 2525 1702 2549 ,
1747 2499 1872 2540 esca

287 2593 618 2654 pauperum,
669 2575 889 2637 satietas
943 2597 1064 2637 cmn
1113 2595 1178 2636 eo
1229 2579 1572 2650 regnantium
1623 2585 1736 2630 :ut
1782 2577 1873 2646 qui

287 2675 450 2743 digne
476 2674 802 2737 comedunt,
844 2671 1028 2726 vivant
1081 2671 1134 2724 in
1181 2669 1434 2725 sreculum
1477 2666 1682 2722 saeculi.
1727 2663 1872 2720 Unus

283 2765 463 2834 panis,
487 2781 648 2818 unum
671 2780 858 2834 corpus
881 2762 1032 2817 multi
1051 2779 1228 2816 sumus
1250 2763 1304 2814 in
1331 2761 1537 2815 Christo
1563 2775 1762 2822 omnes,
1782 2757 1872 2828 qui

287 2857 356 2910 de
391 2873 496 2910 uno
528 2873 662 2925 pane
703 2855 1076 2926 participamus
1131 2854 1180 2924 (I
1210 2853 1332 2908 Cor.
1359 2869 1423 2917 ι,
1455 2851 1567 2922 17);
1627 2849 1874 2910 Christus

285 2959 374 3004 est
421 2949 507 3002 via
551 2947 731 3020 (Joan.
785 2950 934 3014 xxv),
975 2963 1073 3018 per
1110 2962 1272 3016 quam
1316 2945 1656 3017 gradiamur,
1711 2957 1872 3012 quem

285 3041 554 3094 imitetur.
597 3039 696 3106 Qui
742 3054 772 3092 a
810 3039 1024 3094 Christo
1060 3036 1367 3099 exorbitat,
1414 3033 1715 3104 periculose
1753 3048 1870 3086 am-

291 3134 442 3188 bulat
471 3151 483 3184 :
517 3133 656 3187 inter
689 3129 1102 3187 sacriﬁcandum
1123 3169 1138 3194 ,
1187 3130 1330 3197 quod
1365 3125 1614 3182 Christus
1643 3123 1790 3188 fecit,
1817 3133 1870 3180 et
1899 3123 1903 3140 ³

291 3238 390 3278 nos
435 3222 716 3277 faciamus.
756 3221 1174 3288 Quotiescunque
1201 3260 1216 3286 ,
1257 3219 1468 3287 inquit,
1516 3219 1618 3274 hoc
1660 3216 1870 3284 facitis,

287 3317 693 3386 quotiescunque
721 3313 936 3369 sumitis
961 3310 1016 3382 (Ι
1043 3311 1164 3366 Cor.
1197 3327 1274 3378 XI,
1301 3310 1390 3378 25,
1412 3309 1504 3381 26)
1721 3315 1724 3317 Α

918 3425 1156 3482 CAPUT.
1183 3425 1247 3479 ll.

367 3507 488 3572 Cur
517 3517 680 3589 aliqui
701 3517 1068 3588 fermentatum
1107 3515 1385 3570 adhibeant
1425 3514 1478 3569 in
1507 3511 1788 3583 mysteriis.

365 3609 586 3665 Armeni
612 3609 828 3678 quidem
858 3611 922 3664 de
951 3605 1275 3663 fermentalo
1322 3621 1381 3661 se
1419 3605 1634 3658 laudem
1666 3603 1875 3658 sacriﬁ-

291 3717 422 3758 care
451 3709 670 3772 putant;
705 3701 799 3756 sed
841 3700 896 3757 in
933 3700 1174 3754 novitate
1199 3697 1323 3752 vita:
1355 3711 1476 3751 eum
1515 3693 1736 3750 Christo
1759 3709 1872 3748 non

293 3793 593 3850 ambulant.
627 3792 931 3847 imitatores
956 3789 1156 3846 Christi
1183 3796 1396 3858 oportet
1424 3786 1632 3856 epulari
1681 3801 1786 3839 non
1818 3785 1872 3839 in

297 3887 563 3941 fermento
589 3885 789 3950 veteri,
821 3883 914 3940 sed
953 3883 1006 3937 in
1045 3881 1250 3952 azymis
1281 3879 1612 3935 sinceritatis
1640 3885 1694 3932 et
1727 3877 1875 3932 veri-

296 3977 424 4031 tatis
465 3975 520 4047 (Ῑ
551 3975 672 4030 Cor.
705 3975 781 4044 v).
821 3973 1166 4029 Fermentum
1215 3969 1340 4026 licet
1397 3967 1666 4024 modicum
1709 3977 1872 4021 totam

295 4082 531 4122 massam
569 4065 885 4134 corrumpit.
914 4063 1162 4120 Christus
1192 4075 1386 4129 corpus
1429 4057 1872 4127 incorruptibile,

293 4167 556 4227 quantum
585 4159 836 4228 possibile
878 4165 989 4222 est,
1027 4155 1171 4208 nulla
1205 4152 1477 4208 inﬁciatur
1503 4151 1797 4220 corruptio.
1829 4151 1874 4203 A

293 4253 622 4308 sinceritatis
678 4249 946 4306 sacriﬁcio
993 4247 1169 4302 omnis
1215 4244 1516 4314 hujusmodi
1570 4241 1710 4296 absit
1753 4256 1876 4295 cor—

295 4344 498 4413 ruptio.
530 4343 629 4410 Qui
663 4348 921 4410 exoptant
965 4336 1130 4393 imbui
1166 4334 1368 4391 Christi
1415 4331 1657 4401 corporis
1693 4332 1873 4385 incor-

1965 465 2228 520 miramur
2274 465 2664 524 diversitatem.
2707 469 2818 524 lloc
2865 470 3112 526 Christus
3163 471 3290 528 fecit
3317 513 3331 536 ,
3367 481 3419 527 et
3449 487 3549 528 nos

1966 553 2144 609 facere
2169 558 2464 628 praecepit:
2499 557 2634 626 Hoc,
2673 560 2874 630 inquit,
2903 561 3090 630 facite,
3142 564 3548 633 quotiescunque

1963 647 2168 700 sumitis
2183 645 2398 716 (Matth.
2426 663 2582 714 sxvr;
2612 649 2919 716 Marc.xrv;
2941 651 3268 717 Luc.xxu;1
3297 651 3418 706 Cor.
3445 654 3545 719 ππ).

1963 737 2250 807 Accipiens
2273 753 2466 807 panem
2495 741 2844 810 singulariter
2877 744 3194 809 benedixit,
3227 754 3282 799 et
3320 744 3548 800 calicem

1967 829 2235 886 similiter.
2269 830 2523 902 Singulas
2549 833 2796 901 singulis,
2823 843 2882 888 ut
2909 843 3108 898 noster,
3141 837 3248 890 imo
3271 835 3550 890 Romanus

1965 915 2110 974 Ordo
2139 920 2410 990 praecipit,
2447 935 2640 976 cruces
2664 921 2791 976 iecit
2826 940 2838 974 :
2871 931 2926 976 et
2951 923 3020 976 ita
3047 924 3114 978 ab
3145 924 3278 994 ipso,
3313 925 3402 994 qui
3431 925 3549 978 heri

1965 1019 2020 1064 et
2045 1011 2205 1064 hodie
2235 1019 2289 1065 et
2310 1027 2481 1080 usque
2511 1013 2566 1066 in
2613 1013 2866 1068 szcculum
2898 1013 3034 1068 idem
3075 1025 3152 1068 est
3175 1056 3187 1078 ,
3215 1023 3400 1068 nostra
3431 1016 3551 1070 ino-

1967 1099 2098 1155 levit
2155 1100 2248 1134 ³⁸³¹
2305 1103 2662 1158 consuetudo.
2731 1103 2804 1158 Dc
2859 1119 3080 1158 crucum
3137 1103 3548 1173 singularitate,

1966 1193 2166 1248 Christi
2219 1193 2376 1249 nobis
2432 1196 2729 1250 assentitur
2777 1195 3088 1250 auctoritas.
3151 1195 3317 1249 Miror
3365 1207 3548 1250 autem

1969 1285 2120 1338 valde
2139 1301 2242 1354 qua
2261 1285 2470 1342 ratione
2493 1286 2833 1341 sacrificandi
2863 1287 3027 1356 coepit
3050 1277 3337 1341 diversitas
3377 1306 3388 1339 :
3435 1285 3551 1340 Una

1968 1387 2041 1430 est
2071 1377 2222 1444 ﬁdes,
2252 1394 2414 1431 unum
2447 1379 2702 1447 baptisma
2740 1378 2957 1448 (Ephes.
3002 1395 3073 1445 iV,
3111 1379 3186 1447 5),
3221 1395 3323 1433 una
3349 1377 3552 1432 Christi

1969 1471 2140 1525 amica
2163 1511 2176 1536 ,
2213 1475 2504 1539 sponsa:et
2543 1468 2811 1524 columba.
2861 1469 3116 1523 Ecclesiae
3173 1469 3367 1522 unitati
3399 1467 3589 1525 valde.

1969 1561 2124 1614 obest
2175 1560 2226 1613 in
2275 1559 2634 1613 sacramentis
2674 1558 3010 1628 discrepare;
3050 1569 3100 1613 et
3137 1559 3394 1628 quidquid
3431 1557 3557 1612 libi-

1973 1662 2081 1706 tum
2113 1661 2195 1707 est
2255 1652 2461 1708 licitum
2493 1651 2690 1707 facere.

2583 1741 2811 1799 CAPUT
2851 1744 2937 1798 IV.

2079 1836 2188 1891 Cur
2212 1837 2352 1890 calix
2382 1835 2494 1891 velo
2525 1853 2614 1890 seu
2643 1837 2787 1906 palla
2815 1837 3083 1907 operiatur
3110 1853 3140 1890 a
3171 1836 3445 1906 principio.

2045 1929 2315 1985 Prazterea
2363 1930 2506 1984 inter
2547 1930 2975 1984 COIlSOCI'ﬂlltlllm
3015 1931 3254 1986 nonnulli
3289 1931 3356 1986 ab
3401 1932 3556 1986 initio

1975 2019 2196 2076 calicem
2225 2019 2478 2090 aperiunt
2515 2018 2733 2087 quidam
2767 2018 3064 2088 corporali,
3093 2020 3180 2073 alii
3206 2035 3386 2090 panno
3409 2035 3558 2076 com-

1975 2113 2172 2186 plicato
2215 2113 2389 2168 instar
2441 2112 2666 2176 sudarii,
2714 2112 2856 2182 quod
2907 2121 3177 2181 repertum
3229 2113 3456 2182 legimus
3503 2114 3554 2167 in

1977 2215 2353 2270 monumento,
2407 2219 2512 2258 non
2561 2219 2682 2258 cum
2730 2204 3135 2258 linteaminibus
3175 2207 3430 2273 positum,
3461 2207 3558 2262 sed

1975 2293 2266 2365 separatim
2293 2293 2591 2349 involutum
2635 2294 2687 2348 in
2717 2309 2825 2347 uno
2868 2294 3007 2351 loco.
3043 2295 3292 2350 Christus
3319 2297 3406 2349 via
3437 2305 3556 2360 cst,

1975 2395 2031 2442 et
2053 2386 2288 2451 veritas,
2330 2394 2386 2440 et
2409 2386 2518 2440 vita
2575 2383 2758 2456 (Joau.
2793 2385 2938 2457 stv);
2981 2386 3064 2439 via
3103 2385 3228 2454 ³⁸⁸³,
3270 2401 3367 2456 per
3395 2401 3557 2455 quam

1976 2479 2314 2551 gradiamur,
2343 2487 2404 2532 ut
2443 2477 2511 2532 ad
2565 2478 2738 2546 ipsum
2789 2477 3088 2532 veniamus.
3123 2476 3224 2542 Qui
3258 2478 3382 2531 dicit
3413 2495 3467 2531 se
3502 2477 3558 2530 in

1977 2569 2184 2626 Christo
2217 2585 2453 2636 manere,
2487 2569 2672 2635 debet,
2702 2571 2836 2624 sicut
2873 2571 2981 2638 ipse
3020 2569 3336 2635 ambulavit,
3374 2581 3420 2624 et
3451 2571 3558 2638 ipse

1976 2659 2245 2715 ambulare
2295 2659 2478 2725 (Joan.
2531 2675 2673 2724 xxv,
2705 2659 2783 2728 6).
2821 2659 2934 2714 Non
2985 2661 3210 2715 veniunt
3252 2661 3316 2715 ad
3357 2663 3556 2730 vitam,

1977 2754 2080 2808 nisi
2133 2752 2433 2808 imitatores
2475 2751 2622 2805 vitm.-
2674 2751 2950 2806 Paschalis
2991 2752 3168 2806 hostia
3208 2751 3408 2807 nudato
3440 2767 3561 2808 cor-

1976 2861 2107 2916 pore
2149 2845 2202 2900 in
2230 2861 2322 2900 ara
2360 2846 2538 2901 crucis
2585 2845 2858 2900 immolata
2903 2855 3018 2909 est,
3079 2845 3278 2900 nudato
3332 2861 3562 2915 corpore

1977 2935 2158 2992 offerri
2181 2938 2385 3000 voluit,
2413 2937 2506 3006 qui
2536 2937 2718 2991 omnia
2763 2951 2883 3005 qua:
2919 2935 3124 2988 audivit
3163 2951 3192 2989 a
3231 2935 3420 3002 Patre,
3449 2939 3562 2992 suis

1978 3035 2102 3082 nota
2145 3027 2272 3084 fecit
2317 3029 2498 3100 (Joan.
2537 3029 2647 3098 xv).
2707 3027 2763 3081 ln
2814 3042 2908 3080 sua
2951 3027 3316 3082 immolatione
3360 3039 3562 3084 semet-

1981 3119 2178 3190 ipsum,
2193 3121 2350 3175 sicuti
2365 3131 2467 3184 est,
2487 3119 2880 3184 manifestavit;
2902 3119 3055 3186 cujus
3075 3119 3300 3189 gloriam
3329 3121 3560 3176 revelata

1975 3211 2114 3265 facie
2133 3210 2710 3281 contemplabimur,ut
2735 3210 2782 3264 ei
2820 3223 2916 3280 per
2938 3210 3120 3264 Omnia
3150 3210 3556 3267 conformemur

1976 3301 2294 3372 configurati
2328 3301 2542 3372 corpori
2591 3301 2850 3356 claritatis
2884 3317 2994 3356 sua:
3015 3295 3035 3365 ’,
3068 3311 3127 3354 ιιι
3158 3302 3271 3371 ipse
3305 3302 3377 3357 sit
3401 3303 3558 3357 nobis

1974 3397 2154 3450 omnia
2199 3393 2254 3470 in
2297 3402 2500 3449 aeterna
2542 3393 2897 3449 beatitudine.
2931 3393 2999 3448 Et
3037 3403 3094 3448 ut
3140 3394 3337 3464 (ipsius
3375 3395 3556 3451 verbis

1977 3491 2098 3540 utar
2129 3483 2344 3557 [Matt/t.
2377 3499 2559 3550 xxvii;
2596 3482 2760 3540 Jeau.
2805 3481 2951 3556 xtx])
2983 3481 3416 3538 Consummatum
3449 3493 3560 3551 est,

1975 3573 2184 3644 inquit,
2213 3585 2273 3628 ut
2295 3583 2478 3628 vetera
2509 3588 2616 3630 non
2650 3573 2991 3644 ambigatnus
3022 3573 3330 3636 transiisse,
3360 3585 3412 3628 et
3439 3590 3559 3628 om-

1977 3665 2063 3720 nia
2111 3679 2250 3720 nova
2299 3681 2449 3732 esse;
2492 3667 2660 3721 velum
2691 3665 2868 3736 templi
2908 3667 3128 3720 scissum
3164 3677 3237 3720 est
3281 3683 3312 3720 a
3355 3683 3562 3722 summa

1977 3769 2138 3825 usque
2159 3755 2402 3809 deorsum
2435 3768 2453 3805 :
2477 3754 2619 3823 quod
2647 3768 2820 3822 usque
2849 3756 2903 3808 in
2936 3755 3254 3810 hodiernum
3299 3757 3439 3811 diem
3467 3773 3564 3826 po-

1977 3847 2140 3902 situm
2185 3855 2270 3901 est
2313 3858 2475 3916 super
2519 3845 2682 3900 corda
2717 3843 3056 3911 Judzeorum;
3115 3855 3173 3900 ut
3220 3847 3405 3902 oculos
3462 3849 3560 3902 ha-

1977 3941 2166 3998 bentes
2187 3954 2294 3994 non
2328 3939 2582 4003 videant,
2613 3945 2668 3992 et
2698 3953 2856 3994 aures
2887 3953 2993 3993 non
3037 3939 3363 4011 intelligant.
3392 3941 3560 3998 Nobis

1977 4053 2127 4101 vero,
2158 4035 2354 4105 quibus
2383 4033 2526 4088 Deus
2552 4030 2812 4086 revelavit
2832 4046 2930 4103 per
2964 4033 3214 4102 spiritum
3246 4048 3426 4097 suum,
3452 4049 3558 4088 non

1977 4137 2191 4198 oportet
2213 4125 2552 4182 sacriﬁcandi
2571 4128 2828 4198 mysteria
2851 4125 3130 4195 implicare
3151 4142 3165 4184 :
3193 4125 3284 4180 sed
3308 4126 3559 4196 exemplo

1979 4220 2192 4276 Domini
2225 4219 2381 4275 Jesus
2409 4219 2734 4274 clariﬁcare.
2763 4215 2878 4274 Non
2901 4233 3024 4272 cum
3057 4215 3254 4287 Moyse,
3285 4225 3342 4270 ut
3361 4215 3559 4281 Judaei,

1977 4315 2222 4368 velamen
2270 4312 2802 4382 superimponamus;
2849 4309 2940 4366 sed
2983 4323 3104 4364 cum
3158 4309 3388 4364 Domino
3428 4309 3558 4364 Jesu

294 4435 577 4502 raptione,
609 4432 729 4486 nevi
763 4429 1018 4486 sacriﬁcii
1059 4426 1370 4482 sinceritate
1399 4432 1636 4478 veterem
1673 4423 1871 4478 exuant

1978 4404 2292 4470 offerentes,
2323 4404 2390 4458 de
2417 4403 2666 4459 claritate
2695 4403 2746 4456 in
2777 4401 3082 4456 claritatem
3130 4399 3414 4454 transferri
3439 4409 3560 4454 stu-

297 4525 589 4578 hominem.
635 4521 692 4575 lu
737 4520 936 4575 Christi
985 4515 1228 4587 corporis
1264 4513 1596 4570 confectione
1627 4511 1875 4582 displicet

294 4613 423 4674 alia,
459 4611 559 4666 nisi
595 4626 756 4680 quam
791 4611 904 4679 ipse
929 4609 1120 4664 obtulit
1157 4606 1478 4663 substantia.
1515 4603 1601 4668 Et,
1627 4603 1670 4657 si
1698 4602 1872 4656 ausim

293 4702 576 4773 proﬁteri,
608 4702 837 4758 tenenda
865 4709 948 4756 est
989 4715 1049 4755 ea
1071 4741 1086 4766 ,
1124 4715 1288 4768 quam
1320 4697 1495 4761 dedit,
1527 4692 1871 4749 sacrificandi

211 4861 230 4874 θ
294 4795 502 4865 regula.

913 4881 1142 4940 CAPUT
1177 4881 1264 4936 Ill.

293 4977 406 5030 Cur
447 4978 662 5032 unicum
703 4987 751 5031 et
804 4995 906 5032 non
939 4975 1210 5045 multiplex
1253 4973 1432 5045 crucis
1471 4973 1678 5042 signum
1721 4984 1878 5040 super

507 5065 696 5118 panem
727 5056 774 5103 et
803 5048 1016 5101 calicem
1037 5044 1291 5116 formetur
1322 5063 1354 5098 a
1383 5044 1658 5114 plerisque.

365 5157 476 5213 Nos
505 5157 851 5230 singulariter
881 5171 1092 5228 panem,
1123 5154 1475 5228 singulariter
1502 5152 1878 5210 benedicimus

290 5249 542 5306 calicem.
569 5251 680 5306 lloc
706 5261 972 5316 canones,
1000 5248 1105 5304 hoc
1139 5247 1390 5316 antiquus
1423 5245 1568 5300 Ordo
1599 5243 1877 5298 Romanus

291 5343 568 5413 prtecipit,
593 5351 654 5398 ut
674 5343 744 5398 ab
769 5343 923 5396 initio
958 5343 1011 5395 in
1043 5356 1253 5396 canone
1293 5337 1533 5409 singulas
1577 5351 1767 5392 cruces
1791 5335 1874 5390 fa-

291 5433 504 5490 ciamus
531 5433 776 5506 singulisi
811 5433 924 5488 lloc
955 5431 1170 5504 publico
1197 5440 1256 5487 et
1292 5431 1596 5486 inveterato
1633 5443 1730 5483 usu
1757 5425 1878 5481 ubi-

1980 4497 2223 4551 deamus.
2256 4495 2442 4550 Nudus
2467 4495 2623 4550 Jesus
2653 4495 2706 4548 in
2735 4509 2826 4548 ara
2858 4492 3066 4558 crucis,
3099 4493 3275 4547 nudus
3299 4503 3562 4562 appareat

1983 4591 2035 4644 in
2072 4605 2164 4643 ara
2199 4597 2401 4642 nostrae
2447 4587 2856 4651 immolationis;
2891 4589 3034 4656 quod
3071 4585 3252 4640 verbis
3288 4594 3562 4654 protesta-

1981 4695 2137 4746 mur,
2178 4677 2432 4749 operibus
2470 4685 2815 4748 exsequatur.
2855 4677 3016 4732 Panis
3059 4677 3148 4734 ille
3198 4692 3325 4732 vere
3356 4677 3560 4733 Christi

1982 4789 2180 4844 corpus
2226 4781 2338 4836 est;
2379 4779 2435 4826 et
2463 4779 2522 4826 ut
2561 4771 2760 4826 Christi
2802 4773 3048 4844 corporis
3091 4773 3552 4840 immolationem,

1983 4865 2249 4924 immolari
2274 4872 2505 4934 oportet.
2534 4863 2732 4918 Christi
2757 4877 2954 4933 corpus
2979 4864 3032 4918 in
3065 4881 3157 4919 ara
3185 4867 3365 4922 crucis
3390 4867 3561 4920 nudu—

1984 4968 2128 5023 tum,
2153 4957 2206 5011 in
2236 4955 2482 5026 sepulcro
2519 4953 2696 5009 linteis
2736 4962 2820 5008 est
2857 4955 3190 5022 involutum,
3225 4957 3279 5010 in
3311 4957 3563 5026 passione

1984 5048 2367 5120 discipulorum
2399 5047 2680 5103 devotione
2713 5047 2766 5100 in
2797 5047 3071 5118 sepultura
3115 5057 3198 5102 est
3233 5048 3556 5103 involutum.

1982 5140 2336 5210 Sepeliendo,
2367 5139 2506 5192 sicut
2551 5153 2668 5194 mos
2697 5145 2779 5192 est
2816 5137 3016 5192 Jndteis
3069 5137 3328 5206 sepelire,
3377 5148 3562 5192 osten-

1983 5235 2116 5288 dunt
2142 5246 2268 5303 erga
2302 5229 2610 5300 Magistrum
2645 5231 2806 5302 studii
2833 5231 3204 5294 devotionem;
3243 5231 3336 5285 sed
3381 5229 3560 5285 adhuc

1983 5325 2304 5400 ignorabant
2355 5323 2682 5378 sacramenti
2737 5321 3044 5376 veritatem.
3099 5319 3270 5378 ιιιᾱωί
3326 5321 3559 5377 similem

1985 5419 2281 5490 sepeliunt,
2305 5423 2363 5470 ut
2404 5413 2676 5482 Judaeum;
2723 5413 2846 5484 quia
2883 5415 3121 5471 nondum
3161 5412 3562 5484 perpenderent

1569 5557 1804 5614 vanus
1843 5548 2245 5640 moriones.

367 5661 460 5695 ³⁸⁸⁵
494 5661 560 5716 Ε.
613 5662 756 5720 idem
807 5661 1026 5718 inolevit
1073 5677 1197 5714 mss.
1249 5659 1388 5715 idem
1438 5667 1551 5718 est,
1603 5663 1788 5711 nostra
1840 5651 2058 5709 inolevit
2132 5647 2228 5679 ³⁸⁸³
2267 5644 2400 5700 Vita:
2444 5643 2527 5697 via
2574 5657 2696 5695 mss.
2749 5642 2880 5708 vita,
2919 5641 3002 5696 via
