3936 6048
405 192 506 250 551

405 300 584 357 crucis
611 299 923 371 mysterium
965 316 978 351 :
1011 298 1237 368 Spiritus
1273 301 1449 354 omnia
1488 308 1789 362 scrutatur,
1822 299 1977 351 etiam
2016 301 2061 355 A

401 389 666 459 profunda
696 388 788 443 Dei
837 387 886 458 (I
919 385 1041 441 Cor.
1084 404 1159 452 ιι,
1211 388 1298 459 l0)
1330 407 1344 443 :
1383 389 1489 444 illis
1533 399 1713 445 autem
1745 388 1988 444 nondum

403 481 630 550 spiritus
664 488 783 533 erat
820 477 978 533 datus
1003 518 1019 543 ,
1049 479 1175 549 quia
1214 495 1281 535 ex
1336 480 1652 536 infirmitate
1694 481 1989 537 crucifixus

403 570 658 625 Christus
686 584 789 623 non
822 577 939 623 erat
976 569 1705 640 glorificatus..Glorilicatus
1733 586 1863 626 vero
1897 571 1988 627 Je-

403 678 496 718 sus
527 662 891 732 corruptionis
927 662 1254 717 vestimenta
1290 663 1525 728 deserit,
1556 664 1927 733 corruptibilia
1954 681 1985 721 a

401 756 716 810 scremovit
771 771 785 807 :
856 754 1315 823 incorruptionem
1380 755 1608 811 vestitus
1675 754 1986 825 sepulcrum

401 847 603 901 deserit
633 864 645 899 :
681 846 908 916 gloriam
941 861 1094 900 suam
1132 862 1191 902 se
1227 847 1537 902 amantibus
1572 846 1847 915 patefecit.
1875 846 1987 902 Cur

400 953 529 1007 ergo
579 952 647 993 ex
705 938 1130 1008 incorruptibilis
1183 938 1387 993 sudarii
1441 938 1775 994 involutione
1830 938 1983 1008 quasi

400 1028 604 1083 Christi
653 1038 1019 1099 protestamur
1062 1029 1465 1095 infirmitatem,
1491 1040 1546 1085 et
1588 1030 1640 1084 in
1675 1028 1984 1097 hujusmodi

402 1122 640 1177 tenebris
695 1122 1084 1177 involutionem
1123 1140 1136 1177 :
1185 1138 1308 1177 cum
1355 1136 1479 1177 eum
1529 1123 1813 1178 verissime
1859 1136 1986 1191 pro-

402 1224 666 1267 testamur
691 1213 781 1267 Dei
808 1213 1060 1268 virtutem
1083 1222 1139 1269 et
1166 1212 1350 1266 mundi
1377 1212 1591 1267 lucem?
1612 1212 1725 1265 Lux
1754 1210 1822 1266 de
1842 1211 1984 1276 luce,

399 1320 521 1375 qua:
549 1303 817 1357 illuminat
843 1319 1056 1359 omnem
1084 1303 1355 1357 hominem
1381 1302 1561 1375 (Joan.
1585 1304 1649 1373 ι),
1673 1302 1982 1358 nullatenus

400 1394 500 1449 sub
530 1392 733 1448 sudarii
767 1402 997 1461 ponatur
1026 1393 1204 1448 modio
1238 1410 1251 1446 :
1287 1394 1380 1447 sed
1433 1394 1573 1448 sicut
1617 1395 1848 1464 ipsemet
1896 1409 1984 1449 sa-

399 1485 594 1539 cerdos
619 1493 676 1539 et
707 1483 884 1539 hostia
913 1483 1108 1538 obtulit
1144 1483 1524 1552 semetipsum;
1555 1485 1629 1538 ita
1654 1492 1705 1539 et
1735 1494 1980 1539 nostrum

398 1575 449 1628 ei
478 1572 738 1627 offeratur
767 1572 1092 1628 sacriﬁcium
1112 1611 1128 1637 ,
1173 1572 1406 1642 positum
1456 1574 1555 1627 sub
1584 1574 1706 1627 divo
1731 1615 1745 1641 ,
1775 1583 1832 1627 ut
1867 1588 1984 1628 om-

399 1668 558 1723 nibus
611 1669 706 1701 ³⁸⁸⁸
748 1672 815 1724 ad
859 1671 1025 1724 vitam
1071 1672 1123 1723 in
1154 1669 1357 1724 Christi
1399 1669 1573 1725 luceat
1611 1671 1789 1725 domo.
1831 1669 1982 1726 Tunc

398 1761 635 1815 maxime
666 1762 1015 1831 acccptabilis
1052 1761 1269 1814 victima
1310 1772 1493 1816 nostra
1537 1762 1679 1826 erit,
1708 1762 1752 1817 si
1778 1761 1981 1817 Christi

396 1849 587 1905 hostia:
637 1852 800 1906 fuerit
840 1851 1154 1907 consimilis.
1195 1851 1517 1907 lnvolvimus
1550 1862 1727 1907 tamen
1778 1860 1834 1907 et
1882 1865 1982 1906 nos

396 1941 616 1996 vitalem
642 1944 871 1998 hostiam
896 1960 909 2010 ;
940 1960 1070 2010 non,
1101 1945 1243 2001 sicut
1263 1945 1416 2001 vobis
1445 1959 1580 2012 mos,
1612 1958 1644 1998 a
1674 1944 1974 2014 principio;

397 2032 491 2086 sed
531 2032 583 2086 in
616 2033 750 2099 fine,
787 2050 909 2089 cum
954 2034 1152 2105 Josepli
1201 2043 1256 2091 et
1295 2034 1608 2091 Nicodemo.
1659 2034 1813 2102 Quod
1869 2050 1977 2090 non

397 2122 572 2178 solum
602 2123 824 2179 offertur
855 2126 909 2181 in
937 2128 1117 2197 specie
1144 2127 1240 2183 sed
1272 2128 1326 2183 in
1363 2128 1440 2182 rei
1468 2129 1695 2183 veritate
1720 2168 1735 2192 ,
1768 2128 1977 2184 discre-

395 2230 528 2286 pare
566 2232 673 2271 non
705 2227 918 2286 oportet
949 2218 1001 2273 in
1028 2235 1123 2274 sua
1148 2220 1537 2275 immolatione.
1567 2219 1669 2288 Qui
1698 2219 1975 2277 offerendo

396 2307 685 2377 discrepat,
714 2325 821 2365 non
847 2311 986 2365 sicut
1008 2310 1259 2365 Christus
1296 2311 1615 2375 ambulavit,
1647 2322 1703 2368 et
1722 2312 1837 2380 ipse
1859 2326 1976 2365 am-

396 2395 562 2450 bulat.
597 2397 652 2451 Si
684 2408 863 2453 autem
893 2399 946 2453 in
981 2400 1082 2453 hac
1110 2409 1262 2469 parte
1284 2400 1624 2455 sacrificandi
1645 2400 1975 2457 sinceritatis

395 2498 653 2543 causetur
674 2531 689 2557 ,
720 2489 1034 2547 facillimum
1063 2501 1147 2545 est
1166 2492 1443 2548 nobiscum
1484 2493 1814 2548 sinceritatis
1843 2507 1972 2548 coo-

397 2577 617 2646 pcrculo
662 2579 979 2634 munditiem
1028 2580 1351 2646 observare;
1404 2588 1459 2635 et
1513 2592 1693 2636 tamen
1744 2581 1813 2636 ab
1859 2582 1976 2651 ipso

399 2666 552 2721 initio
584 2669 924 2725 sacrificandi
962 2680 1018 2727 et
1056 2671 1423 2728 vetustissimo
1446 2671 1701 2729 Ecclesia:
1730 2673 1835 2728 ritu
1869 2689 1976 2730 non

396 2758 727 2815 exorbitare.

963 191 1019 244 S.
1061 187 1359 243 ANSELMI
1397 185 1747 243 CANTUAR.
1790 186 1973 242 ARCH

2096 226 2107 239 .
2144 183 2294 239 OPP.
2337 181 2515 236 PARS
2554 182 2594 236 ι.
2638 208 2708 223 -κ-
2741 180 3170 238 υΟῦΜΑῚἹΟΛ.

3567 189 3682 249 κω

2711 293 2937 349 CAPUT
2976 295 3039 347 V.

2163 386 2339 441 Monet
2365 385 2431 439 de
2450 400 2545 439 suo
2581 387 2648 438 ad
2680 388 3097 440 communionem
3131 386 3378 441 Ecclesia!
3417 389 3610 444 reditu.

2161 477 2539 548 Imperfectum
2569 491 2749 531 meum
2782 477 2993 532 videant
3027 478 3170 533 oeuli
3202 479 3366 535 veStri
3389 519 3405 541 ,
3449 488 3508 536 et
3537 480 3688 538 sicut

2089 572 2223 627 estis
2247 571 2302 625 in
2327 584 2543 626 omnem
2571 569 3077 640 circumspectionis
3105 570 3495 641 plenitudinem
3520 574 3683 643 quasi

2088 663 2352 717 virtutum
2378 662 2627 718 manibus
2651 672 2987 731 compactus.
3020 673 3220 717 nostra
3244 662 3680 726 imperfectionis

2089 752 2457 822 compatimini
2524 753 2860 809 excessibus.
2921 751 3202 808 Gloriticat
3250 751 3421 807 Deum
3478 751 3532 807 in
3594 769 3684 809 me

2088 846 2355 902 catholica
2404 845 2645 901 Ecclesia
2675 885 2691 911 ,
2741 845 2998 915 quoniam
3043 845 3097 899 in
3147 855 3332 899 nostra
3379 846 3683 902 mutatione

2088 937 2283 992 divinat
2312 936 2571 992 bonitatis
2599 946 2823 1007 apparet
2855 938 3053 1008 gratia.
3083 936 3299 993 Gratias
3342 937 3438 993 Dei
3468 954 3591 995 sum
3626 939 3683 995 id

2088 1026 2231 1098 quod
2256 1042 2408 1092 smn;
2438 1042 2506 1083 ex
2537 1027 2701 1082 Saulo
2730 1028 2955 1094 Paulus;
2994 1043 3062 1083 ex
3089 1029 3398 1086 adversario
3421 1031 3681 1086 Romana:

2086 1118 2366 1183 Ecclesiae,
2384 1118 2606 1175 intimus
2627 1119 2875 1175 Paschali
2905 1136 3055 1191 papa:
3083 1123 3490 1193 acceptissimus
3520 1124 3681 1197 139

2088 1210 2444 1265 cardinalimn
2474 1211 2944 1277 consecretarius;
2977 1221 3034 1267 et
3074 1212 3128 1266 in
3171 1213 3424 1270 omnibus
3472 1214 3527 1269 in
3575 1215 3681 1271 hac

2087 1310 2241 1371 parte
2269 1316 2560 1371 prosperos
2606 1316 2766 1369 spero
2812 1317 3117 1359 successus.
3156 1302 3354 1375 Ioseph
3411 1304 3463 1360 in
3515 1306 3680 1362 domo

2086 1391 2410 1461 Pharaonis,
2437 1408 2539 1464 ego
2582 1393 2635 1447 in
2678 1393 2880 1464 palatio
2917 1393 3136 1449 Henrici
3178 1396 3545 1466 imperatoris.
3572 1398 3680 1453 Neo

2086 1498 2190 1552 que
2216 1483 2508 1553 iniquitas,
2542 1498 2717 1553 neque
2758 1494 3042 1553 peccatum
3079 1501 3256 1540 meum
3281 1486 3447 1555 (quod
3471 1487 3673 1559 absit),

2087 1582 2182 1627 aut
2206 1572 2361 1643 quasi
2384 1571 2527 1628 Nero
2551 1574 2811 1639 incestus,
2842 1583 2939 1627 aut
2965 1584 3209 1644 apostata
3237 1574 3505 1632 Julianus.
3536 1577 3679 1634 Gra-

2015 1638 2059 1697 B
2089 1663 2191 1717 tias
2223 1638 2332 1717 Deo
2362 1662 2480 1729 ³⁸⁸⁸,
2510 1662 2765 1731 quoniam
2799 1638 2917 1718 sub
2965 1638 3161 1720 vestrae
3195 1668 3504 1722 sanctitatis
3539 1668 3677 1740 regi-

2087 1752 2232 1805 mine
2261 1751 2419 1821 lupus
2442 1760 2497 1806 et
2525 1766 2697 1822 agnus
2720 1751 2883 1807 simul
2916 1763 3213 1822 pascuntur
3233 1793 3250 1820 ,
3278 1754 3361 1809 leo
3385 1766 3442 1811 et
3472 1756 3677 1813 vitulus

2088 1840 2250 1897 simul
2300 1842 2587 1908 accubant,
2635 1858 2879 1913 puerque
2912 1845 3182 1927 \parvulus
3223 1845 3393 1900 minat
3441 1860 3537 1903 eos
3574 1855 3677 1903 :et

2083 1934 2210 2004 quia
2235 1933 2384 2004 virga
2430 1933 2729 2002 mquitatis,
2763 1934 2917 2005 virga
2959 1936 3110 2005 regni
3137 1938 3334 2003 vestri;
3360 1938 3455 1992 Dei
3482 1938 3676 1994 lauda—

2085 2042 2205 2082 mus
2239 2027 2496 2081 virtutem
2524 2026 2907 2083 Ecclesiastico
2946 2037 3153 2085 terrore
3195 2031 3485 2087 indomitas
3526 2030 3676 2090 feras

2088 2133 2490 2189 mansuescere,
2525 2118 2763 2189 nullique
2785 2119 2839 2174 in
2867 2130 3048 2175 monte
3078 2121 3288 2177 Domini
3316 2139 3533 2179 nocere.
3562 2123 3676 2180 Leo

2084 2212 2288 2283 rugiet,
2316 2211 2439 2281 quis
2465 2226 2572 2266 non
2618 2212 2870 2268 timebit?
2906 2212 3014 2268 Sed
3046 2215 3173 2284 quia
3217 2216 3402 2286 justus
3423 2255 3438 2281 ,
3469 2226 3531 2272 ut
3554 2216 3672 2282 leo,

2085 2301 2309 2356 conlidit
2339 2302 2391 2356 in
2422 2298 2752 2369 huiusmodi,
2774 2304 2927 2372 quasi
2961 2304 3130 2375 ipsius
3167 2305 3338 2360 David
3365 2321 3531 2362 manu
3560 2306 3674 2361 for-

2085 2395 2181 2458 tis;
2210 2409 2305 2449 cor
2333 2403 2568 2449 vestrum
2602 2411 2708 2451 non
2739 2395 3005 2466 trepidat,
3029 2396 3124 2452 sed
3154 2396 3208 2451 in
3252 2395 3344 2453 Dei
3380 2402 3580 2453 virtute
3616 2397 3672 2453 in

2084 2486 2338 2542 omnibus
2367 2486 2685 2557 triumphat.
2728 2487 2989 2542 Dominus
3013 2487 3105 2557 qui
3150 2503 3248 2544 vos
3296 2488 3512 2543 iuuuxit
3548 2487 3672 2544 oleo

2081 2578 2459 2635 exsultationis
2498 2593 2611 2648 prae
2647 2580 3005 2650 participibus
3049 2581 3244 2637 vestris
3275 2579 3464 2652 (Hebr.
3495 2597 3536 2648 ι,
3568 2580 3669 2650 9),

2079 2674 2169 2729 ille
2199 2688 2295 2728 vos
2322 2683 2551 2731 coronet
2600 2673 2655 2728 in
2707 2672 3081 2729 misericordia
3128 2684 3185 2729 et
3232 2674 3587 2730 miseratione
3613 2673 3671 2729 in

2077 2780 2248 2836 regno
2273 2766 2644 2822 beatitudinis.

1872 2991 2199 3009 -ῌ

674 3086 1097 3188 ANSELMI
1169 3088 1302 3187 AD
1376 3088 1987 3196 WALERANNI
2056 3094 2570 3217 QUERELAS
2670 3095 3192 3199 BESPONSIO
3252 3076 3386 3197 ³⁸⁸⁸.

467 3310 695 3366 Domino
720 3319 775 3365 et
802 3311 977 3366 amico
1004 3311 1352 3369 War-masne
1383 3314 1500 3380 ³⁸⁸⁸,
1535 3317 1711 3385 gratia
1737 3317 1833 3374 Dei
1861 3317 1967 3374 Ne-
1996 3324 2044 3388 ο

393 3400 789 3471 \vemburgensi
817 3401 1114 3456 venerabili
1141 3402 1418 3472 episcopo,
1446 3405 1750 3470 Anssums,
1784 3397 1977 3466 servus

318 3492 324 3499 '
396 3490 649 3546 Ecclesia:
675 3489 1099 3556 Cauluariensis,
1132 3490 1386 3559 salutem,
1442 3494 1745 3564 servitium,
1772 3499 1980 3554 oratio-

396 3594 515 3637 nes.
542 3577 843 3633 dilectionis
870 3575 1146 3633 aﬂ'ectum.

466 3676 709 3742 Gaudeo,
748 3684 804 3730 et
825 3678 1029 3747 gratias
1055 3693 1155 3751 ago
1200 3678 1311 3737 Deo
1356 3683 1482 3753 quia
1535 3685 1677 3742 sicut
1718 3688 1976 3757 scribitis,

395 3766 663 3837 gloriﬁcat
689 3784 810 3823 eum
840 3770 892 3824 in
929 3771 1083 3827 vobis
1109 3772 1353 3830 Ecclesia
1383 3777 1687 3846 catholica;
1718 3782 1975 3851 quoniam

395 3862 452 3916 in
476 3872 655 3917 vestra
691 3863 987 3920 mutatione
1013 3865 1210 3922 divina:
1238 3868 1497 3926 bonitatis
1520 3883 1743 3942 apparet
1768 3876 1969 3946 gratia,

395 3963 451 4007 et
479 3952 690 4007 Domini
715 3968 866 4024 papa:
891 3952 1172 4011 Paschalis
1224 3958 1520 4014 amicitiam
1575 3962 1786 4019 habetis
1810 3975 1865 4019 et
1896 3965 1981 4021 fa-

394 4043 783 4109 miliaritatem,
810 4043 995 4112 utjam
1019 4047 1148 4101 mihi
1174 4047 1335 4103 liceat
1358 4059 1596 4105 vestram
1621 4056 1978 4113 amicabiliter

395 4133 631 4188 salutare
652 4134 1014 4189 sanctitatem.
1044 4135 1196 4203 Quod
1224 4146 1400 4194 vestra
1433 4141 1676 4199 sublimis
1701 4146 1976 4205 humilitas

396 4239 482 4278 mc
509 4232 786 4292 comparat
825 4223 1076 4280 Minerva:
1103 4236 1159 4282 et
1186 4237 1345 4284 vocat
1375 4241 1632 4299 montem,
1662 4250 1767 4289 non
1795 4236 1849 4292 in
1890 4254 1975 4294 uie

394 4314 637 4382 accipio;
670 4313 925 4381 quoniam
956 4317 1088 4371 nihil
1112 4318 1165 4373 in
1205 4335 1312 4387 me,
1358 4338 1454 4378 cur
1480 4324 1586 4379 hoc
1615 4325 1720 4381 dici
1771 4328 1838 4383 de
1886 4344 1974 4385 me

393 4404 610 4471 debeat,
636 4406 895 4478 intelligo.
934 4406 1052 4463 Non
1108 4418 1286 4466 tamen
1349 4413 1520 4470 debeo
1572 4431 1693 4472 esse
1728 4418 1973 4490 ingratus

393 4502 588 4547 vestrae
638 4493 728 4528 ³⁸⁸⁷
776 4498 1132 4568 benignitati;
1164 4503 1421 4572 quoniam
1471 4504 1575 4560 hoc
1625 4507 1755 4562 facit
1799 4510 1971 4566 abun-

308 4651 328 4665 .
394 4582 583 4639 dantia
626 4596 821 4642 vestrae
872 4603 999 4659 erga
1051 4606 1139 4647 me
1185 4592 1337 4648 home
1371 4595 1682 4653 voluntatis.
1723 4598 1971 4656 Solemus

2204 3382 2209 3387 .
2586 3325 2815 3383 CAPUT
2849 3326 3140 3385 PRIMUM.

2191 3414 2509 3475 Varietatem
2537 3419 2734 3473 rituum
2763 3436 2880 3474 cum
2913 3423 3113 3479 unitate
3136 3423 3262 3492 ﬁdei
3282 3428 3564 3487 coluerere.

2151 3508 2408 3576 Queritur
2434 3507 2527 3542 ³⁸⁸⁸
2550 3520 2729 3565 vestra
2759 3514 3058 3570 reverentia
3082 3517 3145 3572 de
3171 3524 3530 3580 sacramentis
3559 3525 3665 3582 Ec.

2082 3600 2286 3668 clesize,
2309 3602 2568 3673 quoniam
2612 3622 2719 3662 non
2751 3620 2858 3660 uno
2889 3607 3049 3664 modo
3101 3611 3240 3665 fiunt
3294 3612 3519 3684 ubique,
3567 3621 3665 3676 sed

2080 3691 2317 3750 diversis
2353 3697 2529 3753 modis
2554 3699 2608 3753 in
2639 3700 2871 3757 diversis
2896 3698 3031 3756 locis
3080 3713 3409 3760 tractantur.
3466 3709 3665 3781 Utique

2080 3785 2125 3839 si
2156 3800 2254 3856 per
2282 3790 2589 3846 universam
2621 3791 2918 3849 Ecclesiam
2943 3810 3050 3850 uno
3090 3797 3254 3851 modo
3291 3808 3349 3854 et
3375 3803 3665 3859 concordi-

2082 3883 2163 3930 ter
2192 3878 2623 3947 celebrarentur,
2662 3883 2861 3941 bouum
2892 3895 3038 3943 esset
3073 3896 3130 3943 et
3181 3888 3467 3948 laudabile.
3518 3893 3662 3962 Quo—

2079 3965 2227 4019 niam
2259 3978 2437 4025 tamen
2479 3972 2659 4028 multa:
2702 3986 2830 4030 sunt
2865 3976 3229 4048 diversitates,
3284 3998 3406 4054 qua:
3446 4000 3555 4041 non
3608 3988 3662 4042 in

2079 4056 2381 4114 substantia
2436 4059 2531 4094 ³⁸⁸³
2579 4069 2927 4133 sacramenti,
3002 4086 3177 4141 neque
3225 4074 3280 4127 in
3322 4075 3523 4132 virtute
3567 4077 3664 4110 ““

2082 4148 2222 4219 ejus,
2254 4160 2349 4205 aut
2388 4150 2491 4207 fide
2523 4153 2860 4225 discordant;
2913 4176 3088 4232 neque
3140 4179 3333 4221 ornues
3383 4166 3439 4221 in
3494 4183 3663 4225 unam

2081 4243 2526 4299 consuetudinem
2557 4246 2733 4318 colligi
2766 4261 2986 4318 possunt
3015 4271 3029 4308 :
3085 4254 3299 4312 aestimo
3336 4274 3433 4314 eas
3481 4262 3661 4330 potius

2079 4330 2132 4384 in
2174 4346 2307 4402 pace
2357 4337 2700 4391 concorditer
2752 4338 3077 4408 tolerandas,
3126 4360 3288 4413 quam
3338 4348 3660 4408 discorditer

2076 4437 2200 4478 cum
2223 4426 2482 4483 seandalo
2509 4427 2865 4485 damnaudas.
2913 4431 3186 4491 Habemus
3211 4438 3356 4493 enim
3388 4456 3419 4495 a
3450 4446 3662 4500 sanctis

2076 4512 2356 4583 Patribus,
2379 4518 2504 4586 quia
2536 4520 2579 4574 si
2611 4520 2789 4577 unitas
2849 4521 2942 4556 ³⁸⁹¹
2996 4538 3249 4583 servatur
3283 4532 3571 4591 charitatis
3607 4538 3661 4593 iu

2075 4605 2181 4663 fide
2211 4611 2499 4678 catholica,
2527 4612 2661 4666 nihil
2688 4612 2854 4671 ofﬁcit
2906 4624 3243 4679 consuetudo
3300 4625 3539 4682 diversa.
3600 4629 3659 4684 Si

392 4674 537 4728 cnim
564 4691 705 4774 saepe
748 4681 950 4734 sentire
999 4682 1221 4774 meliora
1261 4686 1327 4742 de
1378 4688 1463 4745 his
1496 4705 1632 4761 quos
1674 4692 1966 4766 diligimus,
2001 4687 2046 4742 Ι)
2072 4709 2251 4753 autem
2278 4674 2543 4770 qumritnr
2568 4706 2711 4761 unde
2741 4706 2858 4764 ista:
2881 4674 3027 4766 natae
3049 4674 3661 4774 sum—consuetudinum

393 4779 554 4835 quam
585 4767 1018 4835 ipsimereamur.
1035 4772 1109 4829 De
1130 4773 1284 4832 laude
1305 4776 1487 4847 igitur,
1517 4796 1638 4850 quze
1661 4784 1727 4838 ad
1748 4800 1834 4840 me
1863 4802 1967 4842 non

393 4856 644 4926 pertinet,
668 4874 763 4913 cor
782 4877 958 4917 meum
990 4879 1094 4918 non
1124 4865 1419 4938 gloriatur;
1448 4872 1543 4926 sed
1571 4874 1636 4928 de
1659 4874 1966 4946 dilectione,

392 4964 512 5019 qua:
547 4964 759 5021 semper
788 4954 1017 5009 amanda
1041 4965 1147 5023 est,
1179 4960 1382 5030 gratias
1406 4964 1611 5033 agendo
1638 4964 1872 5023 ltetatur.

2075 4791 2404 4848 varietates:
2435 4796 2568 4851 nihil
2609 4798 2756 4857 aliud
2797 4802 3057 4875 intelligo,
3102 4822 3265 4876 quam
3297 4809 3661 4868 humanorqu
3724 4804 3731 4811 ’

2075 4899 2331 4941 sensuum
2377 4888 2743 4949 diversitates.
2774 4895 2875 4963 Qui
2913 4901 3163 4969 quamvis
3206 4903 3259 4958 in
3310 4905 3387 4961 rei
3417 4908 3661 4962 veritate

2074 4984 2129 5030 et
2157 4977 2363 5033 virtute
2390 4980 2483 5013 ³⁸⁸³
2516 4999 2621 5039 nou
2659 4986 2998 5056 dissentiant,
3049 4992 3103 5047 in
3134 4995 3435 5064 aptttudine
3473 5007 3659 5056 tamen

1675 5105 1913 5162 VARUE
1953 5109 2356 5171 LECTIONES.

463 5228 551 5261 ³⁸⁸³
569 5229 696 5285 Dico
716 5238 785 5307 ut
790 5233 1065 5307 _omnibus
1088 5251 1213 5307 mss.
1241 5237 1397 5307 divo,
1427 5241 1680 5298 omnibus
1754 5243 2049 5301 “‘“Gratia
2082 5246 2191 5303 Deo
2223 5268 2346 5307 mss.

2380 5256 2757 5355 ετέιξέπξτέςξξ
2783 5260 3275 5355 ,ἷῖἶἚξ-,,,ςὲειςττ
3291 5348 3302 5355 .
3321 5268 3556 5355 ενξειοξα
3585 5271 3658 5355 τεο

392 5295 760 5383 Sacramentis
790 5302 1073 5387 Ecclesia}.
1140 5295 1576 5366 ""Waleranuo
1610 5295 1788 5367 Editio
1817 5295 2759 5385 véliéihvéieéiiiﬁb"ﬂigi;
2779 5346 2907 5400 erga

393 5375 519 5412 Inll-
548 5386 800 5412 (Illnntnm
843 5374 944 5412 Imp
975 5374 1099 5412 [amt
1131 5375 1453 5412 nhnnﬂnnlin
1490 5392 1679 5412 ιηιοι-..η
1704 5399 1826 5412 ...η-,ι
1860 5399 1946 5412 ...η
2022 5386 2117 5412 anna
2152 5391 2417 5412 n_-,__2.,_,
2586 5396 2649 5412 υ.
2690 5410 2697 5412 .
2762 5404 2819 5412 .-
2862 5401 2899 5412 ..-
2923 5405 2954 5412 ..
3049 5403 3081 5412 ι..
3152 5407 3162 5412 .
3322 5406 3350 5412 Α
3393 5409 3402 5412 -

393 5375 488 5480 :a
507 5386 811 5480 nam
975 5374 1105 5480 'ai‘.
1130 5375 1680 5480 “lauriferae?
1702 5399 1831 5480 eis:
1859 5386 2121 5480 διελεῖς
2152 5391 2423 5480 ρειεςτειυτ
3038 5374 3657 5480 σοῐξιςῗὲἷὸῖιῗῑίἰὶξὲἑὲι

394 5434 487 5487 ⁸⁸¹ὶ⁹
509 5434 578 5492 Ιη’
606 5456 813 5495 summa
852 5460 949 5498 ms.

392 5576 622 5632 veritate
656 5588 710 5632 et
739 5576 933 5637 virtute

394 5443 562 5511 "‘t’ln
606 5456 813 5495 summa
851 5460 949 5524 ms.
997 5443 1128 5526 l’ict.
1162 5446 1228 5499 l3
1261 5447 1314 5501 in
1364 5450 1663 5507 substantia
1738 5443 1831 5486 ’5”
1858 5454 2041 5527 Neque
2072 5458 2125 5511 in
2161 5443 3280 5544 iiiidié“'.r£¥."vic'i'isvoiiil'inwiiﬁ'6

394 5502 540 5557 Εάιι.
572 5507 749 5557 Venet-
774 5527 895 5557 (tum
927 5514 1014 5557 nln
1074 5517 1255 5557 “nilne
1348 5518 1508 5557 “Nln
1548 5526 1623 5557 1·Λῖ
1680 5527 1911 5557 “mdium
1956 5537 2006 5557 ..ι
2040 5530 2244 5557 mm-.-
2284 5551 2359 5557 --η
2446 5535 2559 5557 πμ.
2644 5541 2702 5557 ..ν
2794 5553 2803 5557 -
2864 5543 2977 5557 ηυγ
3062 5543 3098 5557 Π
3166 5548 3178 5557 .

483 5508 540 5592 it.
572 5507 749 5592 l’enet.
774 5513 896 5592 quia
927 5514 1015 5569 ubi
1074 5517 1255 5573 unitas
1348 5518 1509 5575 “"ln
1548 5526 1624 5579 rei
1680 5507 2380 5590 veritate—Vct'uiiitatehis.

2638 5541 2705 5596 15
2757 5553 2803 5597 et
2856 5543 3001 5600 Edit.
3056 5543 3214 5602 Colla.
3248 5541 3298 5604 et
3340 5547 3455 5608 Col.
3482 5552 3542 5608 in
3574 5556 3655 5610 rei
