  <div class='ocr_page' id='page_1' title='image "/cluster/home/n/w/nwhite01/storage/ocr_20150623/158/hvd.32044054760160/283.png"; bbox 0 0 3940 6046; ppageno 0'>
   <div class='ocr_carea' id='block_1_1' title="bbox 421 212 542 317">
    <p class='ocr_par' dir='ltr' id='par_1_1' title="bbox 421 212 542 317">
     <span class='ocr_line' id='line_1_1' title="bbox 421 212 542 317; baseline -0.008 0"><span class='ocrx_word' id='word_1_1' title='bbox 421 212 542 317; x_wconf 68' lang='lat'><strong>555~</strong></span> 
     </span>
    </p>
   </div>
   <div class='ocr_carea' id='block_1_2' title="bbox 427 430 1192 460">
    <p class='ocr_par' dir='ltr' id='par_1_2' title="bbox 427 430 1192 460">
     <span class='ocr_line' id='line_1_2' title="bbox 427 430 1192 460; baseline -0.005 -10"><span class='ocrx_word' id='word_1_2' title='bbox 427 430 1192 460; x_wconf 58' lang='lat' dir='ltr'><strong>&#39;—-——————o—I—~</strong></span> 
     </span>
    </p>
   </div>
   <div class='ocr_carea' id='block_1_3' title="bbox 970 237 3184 321">
    <p class='ocr_par' dir='ltr' id='par_1_3' title="bbox 970 237 3184 321">
     <span class='ocr_line' id='line_1_3' title="bbox 970 237 3184 321; baseline 0 -3"><span class='ocrx_word' id='word_1_3' title='bbox 970 261 1028 318; x_wconf 93' lang='lat' dir='ltr'><strong>S.</strong></span> <span class='ocrx_word' id='word_1_4' title='bbox 1075 259 1374 318; x_wconf 77' lang='lat' dir='ltr'><strong>ANSELMI</strong></span> <span class='ocrx_word' id='word_1_5' title='bbox 1414 258 1764 317; x_wconf 73' lang='lat' dir='ltr'><strong>CANTUAR.</strong></span> <span class='ocrx_word' id='word_1_6' title='bbox 1809 259 2128 318; x_wconf 81' lang='lat' dir='ltr'><strong>ARCHIEP.</strong></span> <span class='ocrx_word' id='word_1_7' title='bbox 2173 259 2328 321; x_wconf 79' lang='lat' dir='ltr'><strong>OPP.</strong></span> <span class='ocrx_word' id='word_1_8' title='bbox 2360 237 2616 319; x_wconf 81' lang='lat' dir='ltr'><strong>PARS</strong></span> <span class='ocrx_word' id='word_1_9' title='bbox 2649 293 2716 305; x_wconf 95' lang='lat'>—</span> <span class='ocrx_word' id='word_1_10' title='bbox 2757 263 3184 321; x_wconf 74' lang='lat' dir='ltr'><strong>DOGMATICA.</strong></span> 
     </span>
    </p>
   </div>
   <div class='ocr_carea' id='block_1_4' title="bbox 3559 261 3668 319">
    <p class='ocr_par' dir='ltr' id='par_1_4' title="bbox 3559 261 3668 319">
     <span class='ocr_line' id='line_1_4' title="bbox 3559 261 3668 319; baseline -0.018 0"><span class='ocrx_word' id='word_1_11' title='bbox 3559 261 3668 319; x_wconf 80' lang='lat'><strong>556</strong></span> 
     </span>
    </p>
   </div>
   <div class='ocr_carea' id='block_1_5' title="bbox 1486 577 2680 694">
    <p class='ocr_par' dir='ltr' id='par_1_5' title="bbox 1486 577 2680 694">
     <span class='ocr_line' id='line_1_5' title="bbox 1486 577 2680 694; baseline 0.002 -1"><span class='ocrx_word' id='word_1_12' title='bbox 1486 579 1632 693; x_wconf 81' lang='lat' dir='ltr'><strong>S.</strong></span> <span class='ocrx_word' id='word_1_13' title='bbox 1708 577 2680 694; x_wconf 74' lang='lat' dir='ltr'><strong>ANSELMUS</strong></span> 
     </span>
    </p>
   </div>
   <div class='ocr_carea' id='block_1_6' title="bbox 1004 803 3059 898">
    <p class='ocr_par' dir='ltr' id='par_1_6' title="bbox 1004 803 3059 898">
     <span class='ocr_line' id='line_1_6' title="bbox 1004 803 3059 898; baseline -0 -3"><span class='ocrx_word' id='word_1_14' title='bbox 1004 807 1152 896; x_wconf 91' lang='lat' dir='ltr'><strong>DE</strong></span> <span class='ocrx_word' id='word_1_15' title='bbox 1228 805 2044 897; x_wconf 80' lang='lat' dir='ltr'><strong>PRESBYTERIS</strong></span> <span class='ocrx_word' id='word_1_16' title='bbox 2114 803 3059 898; x_wconf 81' lang='lat' dir='ltr'><strong>CONCUBINARIIS</strong></span> 
     </span>
    </p>
   </div>
   <div class='ocr_carea' id='block_1_7' title="bbox 2005 1010 2120 1055">
    <p class='ocr_par' dir='ltr' id='par_1_7' title="bbox 2005 1010 2120 1055">
     <span class='ocr_line' id='line_1_7' title="bbox 2005 1010 2120 1055; baseline 0 0"><span class='ocrx_word' id='word_1_17' title='bbox 2005 1010 2120 1055; x_wconf 82' lang='lat' dir='ltr'><strong>SEU</strong></span> 
     </span>
    </p>
   </div>
   <div class='ocr_carea' id='block_1_8' title="bbox 1456 1157 2698 1226">
    <p class='ocr_par' dir='ltr' id='par_1_8' title="bbox 1456 1157 2698 1226">
     <span class='ocr_line' id='line_1_8' title="bbox 1456 1157 2698 1226; baseline 0.004 -7"><span class='ocrx_word' id='word_1_18' title='bbox 1456 1157 2083 1224; x_wconf 87' lang='lat' dir='ltr'><strong>OFFENDICULUM</strong></span> <span class='ocrx_word' id='word_1_19' title='bbox 2125 1159 2698 1226; x_wconf 81' lang='lat' dir='ltr'><strong>SACERDOTUM.</strong></span> 
     </span>
    </p>
   </div>
   <div class='ocr_carea' id='block_1_9' title="bbox 489 1449 3702 1529">
    <p class='ocr_par' dir='ltr' id='par_1_9' title="bbox 489 1449 3702 1529">
     <span class='ocr_line' id='line_1_9' title="bbox 489 1449 3702 1529; baseline 0.002 -20"><span class='ocrx_word' id='word_1_20' title='bbox 489 1455 584 1488; x_wconf 82' lang='grc'><strong>³⁹⁰⁶</strong></span> <span class='ocrx_word' id='word_1_21' title='bbox 620 1453 698 1509; x_wconf 89' lang='lat' dir='ltr'><strong>De</strong></span> <span class='ocrx_word' id='word_1_22' title='bbox 717 1449 1050 1525; x_wconf 81' lang='lat' dir='ltr'><strong>presbyteris</strong></span> <span class='ocrx_word' id='word_1_23' title='bbox 1076 1451 1170 1520; x_wconf 87' lang='lat' dir='ltr'><strong>qui</strong></span> <span class='ocrx_word' id='word_1_24' title='bbox 1197 1458 1385 1521; x_wconf 88' lang='lat' dir='ltr'><strong>aperta</strong></span> <span class='ocrx_word' id='word_1_25' title='bbox 1420 1449 1660 1507; x_wconf 79' lang='lat' dir='ltr'><strong>libidinis</strong></span> <span class='ocrx_word' id='word_1_26' title='bbox 1706 1466 1999 1511; x_wconf 85' lang='lat' dir='ltr'><strong>conversa-</strong></span> <span class='ocrx_word' id='word_1_27' title='bbox 2025 1458 2076 1519; x_wconf 83' lang='lat' dir='ltr'><strong>A</strong></span> <span class='ocrx_word' id='word_1_28' title='bbox 2104 1456 2230 1513; x_wconf 88' lang='lat' dir='ltr'><strong>huic</strong></span> <span class='ocrx_word' id='word_1_29' title='bbox 2260 1456 2564 1522; x_wconf 73' lang='lat' dir='ltr'><strong>sententiae,</strong></span> <span class='ocrx_word' id='word_1_30' title='bbox 2595 1469 2717 1528; x_wconf 74' lang='lat' dir='ltr'><strong>quae</strong></span> <span class='ocrx_word' id='word_1_31' title='bbox 2741 1453 2809 1510; x_wconf 88' lang='lat' dir='ltr'><strong>ad</strong></span> <span class='ocrx_word' id='word_1_32' title='bbox 2853 1455 2992 1510; x_wconf 84' lang='lat' dir='ltr'><strong>sacri</strong></span> <span class='ocrx_word' id='word_1_33' title='bbox 3029 1455 3238 1513; x_wconf 91' lang='lat' dir='ltr'><strong>ordinis</strong></span> <span class='ocrx_word' id='word_1_34' title='bbox 3287 1455 3522 1515; x_wconf 81' lang='lat' dir='ltr'><strong>oﬁicium</strong></span> <span class='ocrx_word' id='word_1_35' title='bbox 3575 1470 3702 1529; x_wconf 88' lang='lat' dir='ltr'><strong>post</strong></span> 
     </span>
    </p>
   </div>
   <div class='ocr_carea' id='block_1_10' title="bbox 420 1543 2003 1618">
    <p class='ocr_par' dir='ltr' id='par_1_10' title="bbox 420 1543 2003 1618">
     <span class='ocr_line' id='line_1_10' title="bbox 420 1543 2003 1618; baseline -0.005 -11"><span class='ocrx_word' id='word_1_36' title='bbox 420 1552 565 1608; x_wconf 93' lang='lat' dir='ltr'><strong>tione</strong></span> <span class='ocrx_word' id='word_1_37' title='bbox 595 1548 706 1604; x_wconf 89' lang='lat' dir='ltr'><strong>Deo</strong></span> <span class='ocrx_word' id='word_1_38' title='bbox 738 1545 1107 1618; x_wconf 86' lang='lat' dir='ltr'><strong>reprobabiles</strong></span> <span class='ocrx_word' id='word_1_39' title='bbox 1143 1559 1203 1600; x_wconf 92' lang='lat' dir='ltr'><strong>se</strong></span> <span class='ocrx_word' id='word_1_40' title='bbox 1239 1543 1526 1609; x_wconf 74' lang='lat' dir='ltr'><strong>exhibent,</strong></span> <span class='ocrx_word' id='word_1_41' title='bbox 1556 1543 1781 1600; x_wconf 90' lang='lat' dir='ltr'><strong>omnino</strong></span> <span class='ocrx_word' id='word_1_42' title='bbox 1807 1553 2003 1601; x_wconf 89' lang='lat' dir='ltr'><strong>tenen-</strong></span> 
     </span>
    </p>
   </div>
   <div class='ocr_carea' id='block_1_11' title="bbox 420 1636 2009 1710">
    <p class='ocr_par' dir='ltr' id='par_1_11' title="bbox 420 1636 2009 1710">
     <span class='ocr_line' id='line_1_11' title="bbox 420 1636 2009 1710; baseline -0.005 -11"><span class='ocrx_word' id='word_1_43' title='bbox 420 1645 546 1700; x_wconf 89' lang='lat' dir='ltr'><strong>dum</strong></span> <span class='ocrx_word' id='word_1_44' title='bbox 574 1650 676 1706; x_wconf 89' lang='lat' dir='ltr'><strong>est,</strong></span> <span class='ocrx_word' id='word_1_45' title='bbox 701 1653 824 1710; x_wconf 74' lang='lat' dir='ltr'><strong>qua:</strong></span> <span class='ocrx_word' id='word_1_46' title='bbox 855 1637 948 1669; x_wconf 80' lang='grc'><strong>³⁹⁰⁷</strong></span> <span class='ocrx_word' id='word_1_47' title='bbox 981 1636 1279 1710; x_wconf 89' lang='lat' dir='ltr'><strong>apostolica</strong></span> <span class='ocrx_word' id='word_1_48' title='bbox 1344 1636 1688 1707; x_wconf 82' lang='lat' dir='ltr'><strong>providentia</strong></span> <span class='ocrx_word' id='word_1_49' title='bbox 1749 1636 2009 1692; x_wconf 85' lang='lat' dir='ltr'><strong>ecclesia-</strong></span> 
     </span>
    </p>
   </div>
   <div class='ocr_carea' id='block_1_12' title="bbox 420 1727 2006 1805">
    <p class='ocr_par' dir='ltr' id='par_1_12' title="bbox 420 1727 2006 1805">
     <span class='ocr_line' id='line_1_12' title="bbox 420 1727 2006 1805; baseline -0.006 -13"><span class='ocrx_word' id='word_1_50' title='bbox 420 1735 832 1805; x_wconf 87' lang='lat' dir='ltr'><strong>sticojustoque</strong></span> <span class='ocrx_word' id='word_1_51' title='bbox 871 1730 965 1761; x_wconf 78' lang='grc'><strong>³⁹⁰⁸</strong></span> <span class='ocrx_word' id='word_1_52' title='bbox 1029 1729 1205 1800; x_wconf 86' lang='lat' dir='ltr'><strong>rigore</strong></span> <span class='ocrx_word' id='word_1_53' title='bbox 1252 1728 1551 1784; x_wconf 90' lang='lat' dir='ltr'><strong>constituit.</strong></span> <span class='ocrx_word' id='word_1_54' title='bbox 1599 1727 1805 1799; x_wconf 84' lang='lat' dir='ltr'>Nempe</span> <span class='ocrx_word' id='word_1_55' title='bbox 1835 1729 2006 1784; x_wconf 88' lang='lat' dir='ltr'><strong>nulla-</strong></span> 
     </span>
    </p>
   </div>
   <div class='ocr_carea' id='block_1_13' title="bbox 421 1821 2011 1888">
    <p class='ocr_par' dir='ltr' id='par_1_13' title="bbox 421 1821 2011 1888">
     <span class='ocr_line' id='line_1_13' title="bbox 421 1821 2011 1888; baseline -0.004 -4"><span class='ocrx_word' id='word_1_56' title='bbox 421 1839 578 1885; x_wconf 85' lang='lat' dir='ltr'><strong>tenus</strong></span> <span class='ocrx_word' id='word_1_57' title='bbox 606 1823 862 1882; x_wconf 90' lang='lat' dir='ltr'><strong>convenit</strong></span> <span class='ocrx_word' id='word_1_58' title='bbox 891 1832 951 1878; x_wconf 93' lang='lat' dir='ltr'><strong>ut</strong></span> <span class='ocrx_word' id='word_1_59' title='bbox 993 1821 1067 1877; x_wconf 86' lang='lat' dir='ltr'><strong>ibi</strong></span> <span class='ocrx_word' id='word_1_60' title='bbox 1123 1831 1436 1877; x_wconf 79' lang='lat' dir='ltr'><strong>reverenter</strong></span> <span class='ocrx_word' id='word_1_61' title='bbox 1486 1830 1696 1876; x_wconf 90' lang='lat' dir='ltr'><strong>astetnr</strong></span> <span class='ocrx_word' id='word_1_62' title='bbox 1748 1822 1863 1888; x_wconf 82' lang='grc'><strong>³⁹⁰⁹,</strong></span> <span class='ocrx_word' id='word_1_63' title='bbox 1917 1824 2011 1878; x_wconf 91' lang='lat' dir='ltr'><strong>ubi</strong></span> 
     </span>
    </p>
   </div>
   <div class='ocr_carea' id='block_1_14' title="bbox 422 1911 2013 1992">
    <p class='ocr_par' dir='ltr' id='par_1_14' title="bbox 422 1911 2013 1992">
     <span class='ocr_line' id='line_1_14' title="bbox 422 1911 2013 1992; baseline -0.004 -17"><span class='ocrx_word' id='word_1_64' title='bbox 422 1919 782 1992; x_wconf 86' lang='lat' dir='ltr'><strong>pertinaciter</strong></span> <span class='ocrx_word' id='word_1_65' title='bbox 813 1923 1004 1986; x_wconf 83' lang='lat' dir='ltr'><strong>aperta</strong></span> <span class='ocrx_word' id='word_1_66' title='bbox 1048 1922 1104 1968; x_wconf 93' lang='lat' dir='ltr'><strong>et</strong></span> <span class='ocrx_word' id='word_1_67' title='bbox 1142 1911 1442 1985; x_wconf 89' lang='lat' dir='ltr'><strong>impudenti</strong></span> <span class='ocrx_word' id='word_1_68' title='bbox 1493 1911 1721 1968; x_wconf 88' lang='lat' dir='ltr'><strong>libidine</strong></span> <span class='ocrx_word' id='word_1_69' title='bbox 1778 1911 2013 1970; x_wconf 84' lang='lat' dir='ltr'><strong>fetentes</strong></span> 
     </span>
    </p>
   </div>
   <div class='ocr_carea' id='block_1_15' title="bbox 423 2004 2009 2078">
    <p class='ocr_par' dir='ltr' id='par_1_15' title="bbox 423 2004 2009 2078">
     <span class='ocr_line' id='line_1_15' title="bbox 423 2004 2009 2078; baseline -0.003 -10"><span class='ocrx_word' id='word_1_70' title='bbox 423 2013 514 2068; x_wconf 90' lang='lat' dir='ltr'><strong>Dei</strong></span> <span class='ocrx_word' id='word_1_71' title='bbox 540 2021 596 2067; x_wconf 94' lang='lat' dir='ltr'><strong>et</strong></span> <span class='ocrx_word' id='word_1_72' title='bbox 625 2018 937 2066; x_wconf 88' lang='lat' dir='ltr'><strong>sanctorum</strong></span> <span class='ocrx_word' id='word_1_73' title='bbox 961 2004 1382 2078; x_wconf 89' lang='lat' dir='ltr'><strong>prohibitionem</strong></span> <span class='ocrx_word' id='word_1_74' title='bbox 1407 2005 1806 2060; x_wconf 90' lang='lat' dir='ltr'><strong>contemnendo</strong></span> <span class='ocrx_word' id='word_1_75' title='bbox 1832 2007 2009 2063; x_wconf 88' lang='lat' dir='ltr'><strong>sacris</strong></span> 
     </span>
    </p>
   </div>
   <div class='ocr_carea' id='block_1_16' title="bbox 426 2095 2010 2166">
    <p class='ocr_par' dir='ltr' id='par_1_16' title="bbox 426 2095 2010 2166">
     <span class='ocr_line' id='line_1_16' title="bbox 426 2095 2010 2166; baseline -0.002 -8"><span class='ocrx_word' id='word_1_76' title='bbox 426 2100 692 2158; x_wconf 83' lang='lat' dir='ltr'><strong>altaribus</strong></span> <span class='ocrx_word' id='word_1_77' title='bbox 739 2099 1075 2164; x_wconf 87' lang='lat' dir='ltr'><strong>deserviunt,</strong></span> <span class='ocrx_word' id='word_1_78' title='bbox 1145 2097 1310 2153; x_wconf 88' lang='lat' dir='ltr'><strong>iunno</strong></span> <span class='ocrx_word' id='word_1_79' title='bbox 1341 2111 1468 2166; x_wconf 87' lang='lat' dir='ltr'><strong>non</strong></span> <span class='ocrx_word' id='word_1_80' title='bbox 1526 2095 1860 2164; x_wconf 88' lang='lat' dir='ltr'><strong>deserviunt,</strong></span> <span class='ocrx_word' id='word_1_81' title='bbox 1914 2099 2010 2155; x_wconf 91' lang='lat' dir='ltr'><strong>sed</strong></span> 
     </span>
    </p>
   </div>
   <div class='ocr_carea' id='block_1_17' title="bbox 422 2187 2013 2268">
    <p class='ocr_par' dir='ltr' id='par_1_17' title="bbox 422 2187 2013 2268">
     <span class='ocr_line' id='line_1_17' title="bbox 422 2187 2013 2268; baseline -0.003 -17"><span class='ocrx_word' id='word_1_82' title='bbox 422 2188 700 2268; x_wconf 85' lang='lat' dir='ltr'><strong>quantum</strong></span> <span class='ocrx_word' id='word_1_83' title='bbox 725 2193 789 2247; x_wconf 90' lang='lat' dir='ltr'><strong>ad</strong></span> <span class='ocrx_word' id='word_1_84' title='bbox 827 2191 993 2263; x_wconf 91' lang='lat' dir='ltr'><strong>ipsos,</strong></span> <span class='ocrx_word' id='word_1_85' title='bbox 1020 2187 1423 2246; x_wconf 89' lang='lat' dir='ltr'><strong>commaculant</strong></span> <span class='ocrx_word' id='word_1_86' title='bbox 1452 2206 1467 2244; x_wconf 92' lang='lat'><strong>:</strong></span> <span class='ocrx_word' id='word_1_87' title='bbox 1495 2204 1602 2244; x_wconf 92' lang='lat' dir='ltr'><strong>non</strong></span> <span class='ocrx_word' id='word_1_88' title='bbox 1633 2189 1778 2259; x_wconf 90' lang='lat' dir='ltr'><strong>quod</strong></span> <span class='ocrx_word' id='word_1_89' title='bbox 1801 2189 1923 2260; x_wconf 90' lang='lat' dir='ltr'><strong>quis</strong></span> <span class='ocrx_word' id='word_1_90' title='bbox 1948 2204 2013 2246; x_wconf 90' lang='lat' dir='ltr'><strong>ea</strong></span> 
     </span>
    </p>
   </div>
   <div class='ocr_carea' id='block_1_18' title="bbox 426 2281 2015 2360">
    <p class='ocr_par' dir='ltr' id='par_1_18' title="bbox 426 2281 2015 2360">
     <span class='ocr_line' id='line_1_18' title="bbox 426 2281 2015 2360; baseline -0.002 -20"><span class='ocrx_word' id='word_1_91' title='bbox 426 2301 548 2360; x_wconf 71' lang='lat' dir='ltr'><strong>qua:</strong></span> <span class='ocrx_word' id='word_1_92' title='bbox 582 2290 817 2340; x_wconf 81' lang='lat' dir='ltr'><strong>tractant</strong></span> <span class='ocrx_word' id='word_1_93' title='bbox 869 2281 1301 2347; x_wconf 84' lang='lat' dir='ltr'><strong>contemnenda,</strong></span> <span class='ocrx_word' id='word_1_94' title='bbox 1357 2282 1452 2336; x_wconf 91' lang='lat' dir='ltr'><strong>sed</strong></span> <span class='ocrx_word' id='word_1_95' title='bbox 1510 2288 1808 2336; x_wconf 83' lang='lat' dir='ltr'><strong>tractantes</strong></span> <span class='ocrx_word' id='word_1_96' title='bbox 1856 2296 2015 2337; x_wconf 81' lang='lat' dir='ltr'><strong>exse-</strong></span> 
     </span>
    </p>
   </div>
   <div class='ocr_carea' id='block_1_19' title="bbox 424 2369 2014 2442">
    <p class='ocr_par' dir='ltr' id='par_1_19' title="bbox 424 2369 2014 2442">
     <span class='ocr_line' id='line_1_19' title="bbox 424 2369 2014 2442; baseline -0.006 -9"><span class='ocrx_word' id='word_1_97' title='bbox 424 2377 657 2434; x_wconf 88' lang='lat' dir='ltr'><strong>crandos</strong></span> <span class='ocrx_word' id='word_1_98' title='bbox 687 2374 982 2432; x_wconf 79' lang='lat' dir='ltr'><strong>existimet.</strong></span> <span class='ocrx_word' id='word_1_99' title='bbox 1035 2371 1107 2428; x_wconf 90' lang='lat' dir='ltr'><strong>Ut</strong></span> <span class='ocrx_word' id='word_1_100' title='bbox 1145 2371 1238 2442; x_wconf 88' lang='lat' dir='ltr'><strong>qui</strong></span> <span class='ocrx_word' id='word_1_101' title='bbox 1290 2370 1384 2403; x_wconf 80' lang='grc'><strong>³⁹¹⁰</strong></span> <span class='ocrx_word' id='word_1_102' title='bbox 1441 2369 1537 2425; x_wconf 90' lang='lat' dir='ltr'><strong>Dei</strong></span> <span class='ocrx_word' id='word_1_103' title='bbox 1589 2379 1645 2424; x_wconf 88' lang='lat' dir='ltr'><strong>et</strong></span> <span class='ocrx_word' id='word_1_104' title='bbox 1697 2369 2014 2440; x_wconf 84' lang='lat' dir='ltr'><strong>angelorum</strong></span> 
     </span>
    </p>
   </div>
   <div class='ocr_carea' id='block_1_20' title="bbox 421 2461 2016 2542">
    <p class='ocr_par' dir='ltr' id='par_1_20' title="bbox 421 2461 2016 2542">
     <span class='ocr_line' id='line_1_20' title="bbox 421 2461 2016 2542; baseline -0.006 -18"><span class='ocrx_word' id='word_1_105' title='bbox 421 2467 771 2542; x_wconf 60' lang='lat' dir='ltr'><strong>prasentiam</strong></span> <span class='ocrx_word' id='word_1_106' title='bbox 807 2482 916 2521; x_wconf 90' lang='lat' dir='ltr'><strong>non</strong></span> <span class='ocrx_word' id='word_1_107' title='bbox 961 2472 1304 2527; x_wconf 87' lang='lat' dir='ltr'><strong>reverentur,</strong></span> <span class='ocrx_word' id='word_1_108' title='bbox 1339 2461 1424 2516; x_wconf 91' lang='lat' dir='ltr'><strong>vel</strong></span> <span class='ocrx_word' id='word_1_109' title='bbox 1459 2461 1742 2517; x_wconf 91' lang='lat' dir='ltr'><strong>hominum</strong></span> <span class='ocrx_word' id='word_1_110' title='bbox 1779 2461 2016 2516; x_wconf 83' lang='lat' dir='ltr'><strong>detesta-</strong></span> 
     </span>
    </p>
   </div>
   <div class='ocr_carea' id='block_1_21' title="bbox 425 2549 2015 2628">
    <p class='ocr_par' dir='ltr' id='par_1_21' title="bbox 425 2549 2015 2628">
     <span class='ocr_line' id='line_1_21' title="bbox 425 2549 2015 2628; baseline -0.003 -17"><span class='ocrx_word' id='word_1_111' title='bbox 425 2556 573 2615; x_wconf 89' lang='lat' dir='ltr'><strong>tione</strong></span> <span class='ocrx_word' id='word_1_112' title='bbox 609 2555 812 2628; x_wconf 88' lang='lat' dir='ltr'><strong>repulsi</strong></span> <span class='ocrx_word' id='word_1_113' title='bbox 863 2568 1022 2610; x_wconf 87' lang='lat' dir='ltr'><strong>saera</strong></span> <span class='ocrx_word' id='word_1_114' title='bbox 1074 2551 1450 2607; x_wconf 89' lang='lat' dir='ltr'><strong>contaminare</strong></span> <span class='ocrx_word' id='word_1_115' title='bbox 1491 2567 1601 2606; x_wconf 89' lang='lat' dir='ltr'><strong>non</strong></span> <span class='ocrx_word' id='word_1_116' title='bbox 1655 2550 1909 2607; x_wconf 88' lang='lat' dir='ltr'><strong>audeant.</strong></span> <span class='ocrx_word' id='word_1_117' title='bbox 1939 2549 2015 2606; x_wconf 89' lang='lat' dir='ltr'><strong>De</strong></span> 
     </span>
    </p>
   </div>
   <div class='ocr_carea' id='block_1_22' title="bbox 426 2643 2015 2722">
    <p class='ocr_par' dir='ltr' id='par_1_22' title="bbox 426 2643 2015 2722">
     <span class='ocr_line' id='line_1_22' title="bbox 426 2643 2015 2722; baseline -0.006 -17"><span class='ocrx_word' id='word_1_118' title='bbox 426 2651 594 2722; x_wconf 90' lang='lat' dir='ltr'><strong>lapsis</strong></span> <span class='ocrx_word' id='word_1_119' title='bbox 622 2643 805 2704; x_wconf 87' lang='lat' dir='ltr'><strong>autem</strong></span> <span class='ocrx_word' id='word_1_120' title='bbox 837 2660 1028 2700; x_wconf 90' lang='lat' dir='ltr'><strong>sacros</strong></span> <span class='ocrx_word' id='word_1_121' title='bbox 1054 2643 1275 2699; x_wconf 90' lang='lat' dir='ltr'><strong>ordines</strong></span> <span class='ocrx_word' id='word_1_122' title='bbox 1305 2643 1655 2707; x_wconf 85' lang='lat' dir='ltr'><strong>habentibus,</strong></span> <span class='ocrx_word' id='word_1_123' title='bbox 1685 2650 1741 2698; x_wconf 88' lang='lat' dir='ltr'><strong>et</strong></span> <span class='ocrx_word' id='word_1_124' title='bbox 1789 2650 2015 2713; x_wconf 85' lang='lat' dir='ltr'><strong>sponta-</strong></span> 
     </span>
    </p>
   </div>
   <div class='ocr_carea' id='block_1_23' title="bbox 427 2735 2010 2808">
    <p class='ocr_par' dir='ltr' id='par_1_23' title="bbox 427 2735 2010 2808">
     <span class='ocr_line' id='line_1_23' title="bbox 427 2735 2010 2808; baseline -0.007 -7"><span class='ocrx_word' id='word_1_125' title='bbox 427 2761 530 2801; x_wconf 87' lang='lat' dir='ltr'><strong>nea</strong></span> <span class='ocrx_word' id='word_1_126' title='bbox 551 2743 833 2800; x_wconf 87' lang='lat' dir='ltr'><strong>voluntate</strong></span> <span class='ocrx_word' id='word_1_127' title='bbox 865 2747 1076 2797; x_wconf 89' lang='lat' dir='ltr'><strong>secrete</strong></span> <span class='ocrx_word' id='word_1_128' title='bbox 1116 2737 1312 2808; x_wconf 86' lang='lat' dir='ltr'><strong>quibus</strong></span> <span class='ocrx_word' id='word_1_129' title='bbox 1366 2736 1566 2792; x_wconf 88' lang='lat' dir='ltr'><strong>debent</strong></span> <span class='ocrx_word' id='word_1_130' title='bbox 1609 2735 2010 2800; x_wconf 61' lang='lat' dir='ltr'><strong>conﬁtentibus,</strong></span> 
     </span>
    </p>
   </div>
   <div class='ocr_carea' id='block_1_24' title="bbox 2107 1549 3701 1621">
    <p class='ocr_par' dir='ltr' id='par_1_24' title="bbox 2107 1549 3701 1621">
     <span class='ocr_line' id='line_1_24' title="bbox 2107 1549 3701 1621; baseline 0.002 -17"><span class='ocrx_word' id='word_1_131' title='bbox 2107 1549 2320 1620; x_wconf 86' lang='lat' dir='ltr'><strong>lapsum</strong></span> <span class='ocrx_word' id='word_1_132' title='bbox 2354 1549 2623 1614; x_wconf 87' lang='lat' dir='ltr'><strong>concedit,</strong></span> <span class='ocrx_word' id='word_1_133' title='bbox 2664 1562 3010 1618; x_wconf 88' lang='lat' dir='ltr'><strong>nequaquam</strong></span> <span class='ocrx_word' id='word_1_134' title='bbox 3071 1549 3253 1621; x_wconf 84' lang='lat' dir='ltr'><strong>aliqua</strong></span> <span class='ocrx_word' id='word_1_135' title='bbox 3302 1550 3530 1614; x_wconf 88' lang='lat' dir='ltr'><strong>ratione,</strong></span> <span class='ocrx_word' id='word_1_136' title='bbox 3591 1551 3701 1608; x_wconf 89' lang='lat' dir='ltr'><strong>nisi</strong></span> 
     </span>
    </p>
   </div>
   <div class='ocr_carea' id='block_1_25' title="bbox 2055 1639 3703 1712">
    <p class='ocr_par' dir='ltr' id='par_1_25' title="bbox 2055 1639 3703 1712">
     <span class='ocr_line' id='line_1_25' title="bbox 2055 1639 3703 1712; baseline -0.001 -13"><span class='ocrx_word' id='word_1_137' title='bbox 2055 1682 2069 1699; x_wconf 92' lang='lat'><strong>.</strong></span> <span class='ocrx_word' id='word_1_138' title='bbox 2112 1641 2447 1698; x_wconf 87' lang='lat' dir='ltr'><strong>auctoritate</strong></span> <span class='ocrx_word' id='word_1_139' title='bbox 2477 1640 2731 1698; x_wconf 72' lang='lat' dir='ltr'><strong>iniciatur</strong></span> <span class='ocrx_word' id='word_1_140' title='bbox 2780 1639 3212 1712; x_wconf 84' lang='lat' dir='ltr'><strong>Scripturarum,</strong></span> <span class='ocrx_word' id='word_1_141' title='bbox 3236 1641 3347 1696; x_wconf 83' lang='lat' dir='ltr'><strong>vult</strong></span> <span class='ocrx_word' id='word_1_142' title='bbox 3371 1657 3703 1699; x_wconf 86' lang='lat' dir='ltr'><strong>consensum</strong></span> 
     </span>
    </p>
   </div>
   <div class='ocr_carea' id='block_1_26' title="bbox 2109 1733 3702 1806">
    <p class='ocr_par' dir='ltr' id='par_1_26' title="bbox 2109 1733 3702 1806">
     <span class='ocr_line' id='line_1_26' title="bbox 2109 1733 3702 1806; baseline 0.001 -16"><span class='ocrx_word' id='word_1_143' title='bbox 2109 1736 2438 1801; x_wconf 87' lang='lat' dir='ltr'><strong>attribuere;</strong></span> <span class='ocrx_word' id='word_1_144' title='bbox 2470 1735 2616 1806; x_wconf 80' lang='lat' dir='ltr'><strong>legat</strong></span> <span class='ocrx_word' id='word_1_145' title='bbox 2641 1735 2928 1805; x_wconf 88' lang='lat' dir='ltr'><strong>epistolam</strong></span> <span class='ocrx_word' id='word_1_146' title='bbox 2955 1735 3102 1791; x_wconf 87' lang='lat' dir='ltr'><strong>beati</strong></span> <span class='ocrx_word' id='word_1_147' title='bbox 3132 1733 3332 1790; x_wconf 83' lang='lat' dir='ltr'><strong>Calixti</strong></span> <span class='ocrx_word' id='word_1_148' title='bbox 3355 1750 3508 1805; x_wconf 72' lang='lat' dir='ltr'><strong>papre</strong></span> <span class='ocrx_word' id='word_1_149' title='bbox 3551 1735 3702 1792; x_wconf 80' lang='lat' dir='ltr'><strong>dire-</strong></span> 
     </span>
    </p>
   </div>
   <div class='ocr_carea' id='block_1_27' title="bbox 2111 1824 3702 1897">
    <p class='ocr_par' dir='ltr' id='par_1_27' title="bbox 2111 1824 3702 1897">
     <span class='ocr_line' id='line_1_27' title="bbox 2111 1824 3702 1897; baseline 0.001 -18"><span class='ocrx_word' id='word_1_150' title='bbox 2111 1834 2254 1880; x_wconf 89' lang='lat' dir='ltr'><strong>ctam</strong></span> <span class='ocrx_word' id='word_1_151' title='bbox 2283 1824 2552 1896; x_wconf 88' lang='lat' dir='ltr'><strong>episc0pis</strong></span> <span class='ocrx_word' id='word_1_152' title='bbox 2577 1824 2784 1891; x_wconf 65' lang='lat' dir='ltr'><strong>Galliae,</strong></span> <span class='ocrx_word' id='word_1_153' title='bbox 2831 1831 2888 1880; x_wconf 91' lang='lat' dir='ltr'><strong>et</strong></span> <span class='ocrx_word' id='word_1_154' title='bbox 2935 1824 3082 1881; x_wconf 84' lang='lat' dir='ltr'><strong>beati</strong></span> <span class='ocrx_word' id='word_1_155' title='bbox 3133 1825 3381 1896; x_wconf 80' lang='lat' dir='ltr'><strong>Gregorii</strong></span> <span class='ocrx_word' id='word_1_156' title='bbox 3433 1841 3588 1897; x_wconf 69' lang='lat' dir='ltr'><strong>papas</strong></span> <span class='ocrx_word' id='word_1_157' title='bbox 3629 1827 3702 1881; x_wconf 87' lang='lat' dir='ltr'><strong>ad</strong></span> 
     </span>
    </p>
   </div>
   <div class='ocr_carea' id='block_1_28' title="bbox 2113 1916 3706 1987">
    <p class='ocr_par' dir='ltr' id='par_1_28' title="bbox 2113 1916 3706 1987">
     <span class='ocr_line' id='line_1_28' title="bbox 2113 1916 3706 1987; baseline -0.002 -11"><span class='ocrx_word' id='word_1_158' title='bbox 2113 1918 2481 1976; x_wconf 90' lang='lat' dir='ltr'><strong>Secundinum</strong></span> <span class='ocrx_word' id='word_1_159' title='bbox 2505 1917 2810 1983; x_wconf 88' lang='lat' dir='ltr'><strong>inclusum;</strong></span> <span class='ocrx_word' id='word_1_160' title='bbox 2839 1916 2930 1972; x_wconf 92' lang='lat' dir='ltr'><strong>ubi</strong></span> <span class='ocrx_word' id='word_1_161' title='bbox 2967 1917 3066 1987; x_wconf 88' lang='lat' dir='ltr'><strong>ipsi</strong></span> <span class='ocrx_word' id='word_1_162' title='bbox 3095 1916 3238 1972; x_wconf 91' lang='lat' dir='ltr'><strong>hanc</strong></span> <span class='ocrx_word' id='word_1_163' title='bbox 3265 1918 3589 1974; x_wconf 84' lang='lat' dir='ltr'><strong>sententiam</strong></span> <span class='ocrx_word' id='word_1_164' title='bbox 3620 1919 3706 1974; x_wconf 90' lang='lat' dir='ltr'><strong>sic</strong></span> 
     </span>
    </p>
   </div>
   <div class='ocr_carea' id='block_1_29' title="bbox 2113 2010 3704 2083">
    <p class='ocr_par' dir='ltr' id='par_1_29' title="bbox 2113 2010 3704 2083">
     <span class='ocr_line' id='line_1_29' title="bbox 2113 2010 3704 2083; baseline -0.001 -15"><span class='ocrx_word' id='word_1_165' title='bbox 2113 2012 2286 2069; x_wconf 90' lang='lat' dir='ltr'><strong>ﬁrmis</strong></span> <span class='ocrx_word' id='word_1_166' title='bbox 2312 2021 2366 2068; x_wconf 90' lang='lat' dir='ltr'><strong>et</strong></span> <span class='ocrx_word' id='word_1_167' title='bbox 2399 2028 2536 2083; x_wconf 88' lang='lat' dir='ltr'><strong>pene</strong></span> <span class='ocrx_word' id='word_1_168' title='bbox 2565 2012 2771 2068; x_wconf 88' lang='lat' dir='ltr'><strong>eisdem</strong></span> <span class='ocrx_word' id='word_1_169' title='bbox 2817 2011 3121 2067; x_wconf 87' lang='lat' dir='ltr'><strong>rationibus</strong></span> <span class='ocrx_word' id='word_1_170' title='bbox 3169 2019 3225 2066; x_wconf 90' lang='lat' dir='ltr'><strong>et</strong></span> <span class='ocrx_word' id='word_1_171' title='bbox 3283 2010 3704 2066; x_wconf 83' lang='lat' dir='ltr'><strong>auctoritatibus</strong></span> 
     </span>
    </p>
   </div>
   <div class='ocr_carea' id='block_1_30' title="bbox 2113 2099 3705 2171">
    <p class='ocr_par' dir='ltr' id='par_1_30' title="bbox 2113 2099 3705 2171">
     <span class='ocr_line' id='line_1_30' title="bbox 2113 2099 3705 2171; baseline -0.004 -12"><span class='ocrx_word' id='word_1_172' title='bbox 2113 2103 2466 2171; x_wconf 84' lang='lat' dir='ltr'><strong>conﬁrmant,</strong></span> <span class='ocrx_word' id='word_1_173' title='bbox 2497 2112 2558 2158; x_wconf 91' lang='lat' dir='ltr'><strong>ut</strong></span> <span class='ocrx_word' id='word_1_174' title='bbox 2581 2101 2888 2158; x_wconf 90' lang='lat' dir='ltr'><strong>nullatenus</strong></span> <span class='ocrx_word' id='word_1_175' title='bbox 2940 2099 3168 2155; x_wconf 85' lang='lat' dir='ltr'><strong>aliorum</strong></span> <span class='ocrx_word' id='word_1_176' title='bbox 3197 2099 3517 2171; x_wconf 85' lang='lat' dir='ltr'><strong>probatione</strong></span> <span class='ocrx_word' id='word_1_177' title='bbox 3554 2100 3705 2156; x_wconf 88' lang='lat' dir='ltr'><strong>indi-</strong></span> 
     </span>
    </p>
   </div>
   <div class='ocr_carea' id='block_1_31' title="bbox 2115 2189 3709 2265">
    <p class='ocr_par' dir='ltr' id='par_1_31' title="bbox 2115 2189 3709 2265">
     <span class='ocr_line' id='line_1_31' title="bbox 2115 2189 3709 2265; baseline -0.001 -18"><span class='ocrx_word' id='word_1_178' title='bbox 2115 2201 2258 2265; x_wconf 85' lang='lat' dir='ltr'><strong>geat.</strong></span> <span class='ocrx_word' id='word_1_179' title='bbox 2295 2191 2401 2250; x_wconf 89' lang='lat' dir='ltr'><strong>Sed</strong></span> <span class='ocrx_word' id='word_1_180' title='bbox 2431 2193 2576 2263; x_wconf 90' lang='lat' dir='ltr'><strong>quod</strong></span> <span class='ocrx_word' id='word_1_181' title='bbox 2607 2192 2746 2248; x_wconf 90' lang='lat' dir='ltr'><strong>idem</strong></span> <span class='ocrx_word' id='word_1_182' title='bbox 2785 2191 2978 2246; x_wconf 86' lang='lat' dir='ltr'><strong>beatus</strong></span> <span class='ocrx_word' id='word_1_183' title='bbox 2997 2189 3314 2262; x_wconf 78' lang='lat' dir='ltr'><strong>Gregorius,</strong></span> <span class='ocrx_word' id='word_1_184' title='bbox 3343 2200 3396 2245; x_wconf 91' lang='lat' dir='ltr'><strong>et</strong></span> <span class='ocrx_word' id='word_1_185' title='bbox 3433 2190 3524 2244; x_wconf 88' lang='lat' dir='ltr'><strong>alii</strong></span> <span class='ocrx_word' id='word_1_186' title='bbox 3580 2205 3709 2246; x_wconf 88' lang='lat' dir='ltr'><strong>san-</strong></span> 
     </span>
    </p>
   </div>
   <div class='ocr_carea' id='block_1_32' title="bbox 2115 2279 3700 2354">
    <p class='ocr_par' dir='ltr' id='par_1_32' title="bbox 2115 2279 3700 2354">
     <span class='ocr_line' id='line_1_32' title="bbox 2115 2279 3700 2354; baseline -0.004 -13"><span class='ocrx_word' id='word_1_187' title='bbox 2115 2285 2188 2341; x_wconf 91' lang='lat' dir='ltr'><strong>cti</strong></span> <span class='ocrx_word' id='word_1_188' title='bbox 2222 2284 2411 2340; x_wconf 87' lang='lat' dir='ltr'><strong>Patres</strong></span> <span class='ocrx_word' id='word_1_189' title='bbox 2439 2284 2671 2354; x_wconf 88' lang='lat' dir='ltr'><strong>idipsum</strong></span> <span class='ocrx_word' id='word_1_190' title='bbox 2693 2281 2817 2336; x_wconf 90' lang='lat' dir='ltr'><strong>alibi</strong></span> <span class='ocrx_word' id='word_1_191' title='bbox 2843 2279 3096 2335; x_wconf 86' lang='lat' dir='ltr'><strong>videntur</strong></span> <span class='ocrx_word' id='word_1_192' title='bbox 3123 2280 3364 2338; x_wconf 89' lang='lat' dir='ltr'><strong>studiose</strong></span> <span class='ocrx_word' id='word_1_193' title='bbox 3391 2279 3700 2350; x_wconf 84' lang='lat' dir='ltr'><strong>prohibere,</strong></span> 
     </span>
    </p>
   </div>
   <div class='ocr_carea' id='block_1_33' title="bbox 2117 2372 3705 2447">
    <p class='ocr_par' dir='ltr' id='par_1_33' title="bbox 2117 2372 3705 2447">
     <span class='ocr_line' id='line_1_33' title="bbox 2117 2372 3705 2447; baseline -0.001 -17"><span class='ocrx_word' id='word_1_194' title='bbox 2117 2375 2183 2431; x_wconf 92' lang='lat' dir='ltr'><strong>de</strong></span> <span class='ocrx_word' id='word_1_195' title='bbox 2229 2376 2433 2446; x_wconf 87' lang='lat' dir='ltr'><strong>apertis</strong></span> <span class='ocrx_word' id='word_1_196' title='bbox 2471 2376 2692 2447; x_wconf 87' lang='lat' dir='ltr'><strong>quidem</strong></span> <span class='ocrx_word' id='word_1_197' title='bbox 2746 2375 3112 2446; x_wconf 91' lang='lat' dir='ltr'><strong>prohibuisse,</strong></span> <span class='ocrx_word' id='word_1_198' title='bbox 3169 2374 3234 2428; x_wconf 88' lang='lat' dir='ltr'><strong>de</strong></span> <span class='ocrx_word' id='word_1_199' title='bbox 3285 2372 3520 2428; x_wconf 84' lang='lat' dir='ltr'><strong>occultis</strong></span> <span class='ocrx_word' id='word_1_200' title='bbox 3568 2388 3705 2428; x_wconf 88' lang='lat' dir='ltr'><strong>vero</strong></span> 
     </span>
    </p>
   </div>
   <div class='ocr_carea' id='block_1_34' title="bbox 2115 2462 3704 2539">
    <p class='ocr_par' dir='ltr' id='par_1_34' title="bbox 2115 2462 3704 2539">
     <span class='ocr_line' id='line_1_34' title="bbox 2115 2462 3704 2539; baseline -0.004 -17"><span class='ocrx_word' id='word_1_201' title='bbox 2115 2475 2241 2536; x_wconf 90' lang='lat' dir='ltr'><strong>post</strong></span> <span class='ocrx_word' id='word_1_202' title='bbox 2268 2467 2487 2538; x_wconf 87' lang='lat' dir='ltr'><strong>dignam</strong></span> <span class='ocrx_word' id='word_1_203' title='bbox 2544 2467 2920 2539; x_wconf 80' lang='lat' dir='ltr'><strong>paenitentiam</strong></span> <span class='ocrx_word' id='word_1_204' title='bbox 2971 2465 3311 2521; x_wconf 87' lang='lat' dir='ltr'><strong>concessisse</strong></span> <span class='ocrx_word' id='word_1_205' title='bbox 3361 2462 3704 2533; x_wconf 80' lang='lat' dir='ltr'><strong>intelligitur.</strong></span> 
     </span>
    </p>
   </div>
   <div class='ocr_carea' id='block_1_35' title="bbox 2117 2555 3706 2631">
    <p class='ocr_par' dir='ltr' id='par_1_35' title="bbox 2117 2555 3706 2631">
     <span class='ocr_line' id='line_1_35' title="bbox 2117 2555 3706 2631; baseline -0.004 -16"><span class='ocrx_word' id='word_1_206' title='bbox 2117 2560 2254 2617; x_wconf 84' lang='lat' dir='ltr'><strong>Nam</strong></span> <span class='ocrx_word' id='word_1_207' title='bbox 2277 2562 2482 2618; x_wconf 91' lang='lat' dir='ltr'><strong>crimen</strong></span> <span class='ocrx_word' id='word_1_208' title='bbox 2515 2563 2658 2631; x_wconf 89' lang='lat' dir='ltr'><strong>quod</strong></span> <span class='ocrx_word' id='word_1_209' title='bbox 2685 2576 2715 2615; x_wconf 92' lang='lat' dir='ltr'><strong>a</strong></span> <span class='ocrx_word' id='word_1_210' title='bbox 2745 2561 2857 2616; x_wconf 90' lang='lat' dir='ltr'><strong>Deo</strong></span> <span class='ocrx_word' id='word_1_211' title='bbox 2881 2575 2988 2615; x_wconf 92' lang='lat' dir='ltr'><strong>non</strong></span> <span class='ocrx_word' id='word_1_212' title='bbox 3015 2559 3334 2628; x_wconf 87' lang='lat' dir='ltr'><strong>imputatur,</strong></span> <span class='ocrx_word' id='word_1_213' title='bbox 3365 2571 3466 2611; x_wconf 86' lang='lat' dir='ltr'><strong>nec</strong></span> <span class='ocrx_word' id='word_1_214' title='bbox 3509 2555 3579 2610; x_wconf 87' lang='lat' dir='ltr'><strong>ab</strong></span> <span class='ocrx_word' id='word_1_215' title='bbox 3599 2555 3706 2610; x_wconf 89' lang='lat' dir='ltr'><strong>ho-</strong></span> 
     </span>
    </p>
   </div>
   <div class='ocr_carea' id='block_1_36' title="bbox 2118 2646 3712 2725">
    <p class='ocr_par' dir='ltr' id='par_1_36' title="bbox 2118 2646 3712 2725">
     <span class='ocr_line' id='line_1_36' title="bbox 2118 2646 3712 2725; baseline -0.004 -16"><span class='ocrx_word' id='word_1_216' title='bbox 2118 2654 2356 2710; x_wconf 89' lang='lat' dir='ltr'><strong>minibus</strong></span> <span class='ocrx_word' id='word_1_217' title='bbox 2387 2669 2508 2710; x_wconf 91' lang='lat' dir='ltr'><strong>esse</strong></span> <span class='ocrx_word' id='word_1_218' title='bbox 2530 2662 2770 2725; x_wconf 85' lang='lat' dir='ltr'><strong>putatur.</strong></span> <span class='ocrx_word' id='word_1_219' title='bbox 2802 2668 2908 2708; x_wconf 92' lang='lat' dir='ltr'><strong>non</strong></span> <span class='ocrx_word' id='word_1_220' title='bbox 2955 2652 3212 2722; x_wconf 90' lang='lat' dir='ltr'><strong>reprobat</strong></span> <span class='ocrx_word' id='word_1_221' title='bbox 3265 2663 3443 2719; x_wconf 90' lang='lat' dir='ltr'><strong>neque</strong></span> <span class='ocrx_word' id='word_1_222' title='bbox 3488 2646 3712 2703; x_wconf 89' lang='lat' dir='ltr'><strong>decolo-</strong></span> 
     </span>
    </p>
   </div>
   <div class='ocr_carea' id='block_1_37' title="bbox 2119 2740 3704 2814">
    <p class='ocr_par' dir='ltr' id='par_1_37' title="bbox 2119 2740 3704 2814">
     <span class='ocr_line' id='line_1_37' title="bbox 2119 2740 3704 2814; baseline -0.006 -13"><span class='ocrx_word' id='word_1_223' title='bbox 2119 2754 2204 2801; x_wconf 89' lang='lat' dir='ltr'><strong>rat</strong></span> <span class='ocrx_word' id='word_1_224' title='bbox 2235 2764 2248 2802; x_wconf 88' lang='lat'><strong>:</strong></span> <span class='ocrx_word' id='word_1_225' title='bbox 2278 2761 2402 2802; x_wconf 91' lang='lat' dir='ltr'><strong>cum</strong></span> <span class='ocrx_word' id='word_1_226' title='bbox 2433 2756 2609 2802; x_wconf 91' lang='lat' dir='ltr'><strong>tamen</strong></span> <span class='ocrx_word' id='word_1_227' title='bbox 2638 2745 2692 2800; x_wconf 93' lang='lat' dir='ltr'><strong>in</strong></span> <span class='ocrx_word' id='word_1_228' title='bbox 2724 2745 2815 2800; x_wconf 91' lang='lat' dir='ltr'><strong>tali</strong></span> <span class='ocrx_word' id='word_1_229' title='bbox 2847 2759 2908 2799; x_wconf 86' lang='lat' dir='ltr'><strong>re</strong></span> <span class='ocrx_word' id='word_1_230' title='bbox 2933 2743 3130 2814; x_wconf 89' lang='lat' dir='ltr'><strong>cuique</strong></span> <span class='ocrx_word' id='word_1_231' title='bbox 3170 2741 3340 2796; x_wconf 85' lang='lat' dir='ltr'><strong>tutius</strong></span> <span class='ocrx_word' id='word_1_232' title='bbox 3393 2740 3464 2796; x_wconf 86' lang='lat' dir='ltr'><strong>sit</strong></span> <span class='ocrx_word' id='word_1_233' title='bbox 3513 2753 3704 2793; x_wconf 90' lang='lat' dir='ltr'><strong>coram</strong></span> 
     </span>
    </p>
   </div>
   <div class='ocr_carea' id='block_1_38' title="bbox 405 2815 3710 2910">
    <p class='ocr_par' dir='ltr' id='par_1_38' title="bbox 405 2815 3710 2910">
     <span class='ocr_line' id='line_1_38' title="bbox 405 2815 3710 2910; baseline -0.006 -17"><span class='ocrx_word' id='word_1_234' title='bbox 405 2850 773 2908; x_wconf 87' lang='lat' dir='ltr'><strong>-nequaquam</strong></span> <span class='ocrx_word' id='word_1_235' title='bbox 803 2841 888 2888; x_wconf 91' lang='lat' dir='ltr'><strong>est</strong></span> <span class='ocrx_word' id='word_1_236' title='bbox 917 2829 1269 2887; x_wconf 89' lang='lat' dir='ltr'><strong>asserendum</strong></span> <span class='ocrx_word' id='word_1_237' title='bbox 1299 2829 1442 2898; x_wconf 89' lang='lat' dir='ltr'><strong>quod</strong></span> <span class='ocrx_word' id='word_1_238' title='bbox 1473 2828 1680 2884; x_wconf 83' lang='lat' dir='ltr'><strong>eisdem</strong></span> <span class='ocrx_word' id='word_1_239' title='bbox 1707 2815 2012 2882; x_wconf 86' lang='lat' dir='ltr'><strong>ordinibus</strong></span> <span class='ocrx_word' id='word_1_240' title='bbox 2041 2825 2087 2884; x_wconf 90' lang='lat' dir='ltr'><strong>B</strong></span> <span class='ocrx_word' id='word_1_241' title='bbox 2117 2839 2228 2896; x_wconf 75' lang='lat' dir='ltr'><strong>Deo</strong></span> <span class='ocrx_word' id='word_1_242' title='bbox 2261 2839 2365 2895; x_wconf 74' lang='lat' dir='ltr'><strong>sibi</strong></span> <span class='ocrx_word' id='word_1_243' title='bbox 2392 2838 2514 2910; x_wconf 76' lang='lat' dir='ltr'><strong>plus</strong></span> <span class='ocrx_word' id='word_1_244' title='bbox 2577 2837 2790 2904; x_wconf 61' lang='lat' dir='ltr'><strong>limem,</strong></span> <span class='ocrx_word' id='word_1_245' title='bbox 2850 2849 3012 2906; x_wconf 72' lang='lat' dir='ltr'><strong>quam</strong></span> <span class='ocrx_word' id='word_1_246' title='bbox 3071 2832 3366 2889; x_wconf 65' lang='lat' dir='ltr'><strong>conﬁdere,</strong></span> <span class='ocrx_word' id='word_1_247' title='bbox 3422 2831 3710 2888; x_wconf 64' lang='lat' dir='ltr'><strong>prohiberi</strong></span> 
     </span>
    </p>
   </div>
   <div class='ocr_carea' id='block_1_39' title="bbox 428 2917 2012 2998">
    <p class='ocr_par' dir='ltr' id='par_1_39' title="bbox 428 2917 2012 2998">
     <span class='ocr_line' id='line_1_39' title="bbox 428 2917 2012 2998; baseline -0.005 -16"><span class='ocrx_word' id='word_1_248' title='bbox 428 2927 661 2998; x_wconf 89' lang='lat' dir='ltr'><strong>amplius</strong></span> <span class='ocrx_word' id='word_1_249' title='bbox 712 2924 790 2979; x_wconf 90' lang='lat' dir='ltr'><strong>uti</strong></span> <span class='ocrx_word' id='word_1_250' title='bbox 830 2923 1140 2979; x_wconf 86' lang='lat' dir='ltr'><strong>nullatenus</strong></span> <span class='ocrx_word' id='word_1_251' title='bbox 1187 2921 1417 2992; x_wconf 90' lang='lat' dir='ltr'><strong>possint,</strong></span> <span class='ocrx_word' id='word_1_252' title='bbox 1458 2919 1503 2973; x_wconf 90' lang='lat' dir='ltr'><strong>si</strong></span> <span class='ocrx_word' id='word_1_253' title='bbox 1538 2934 1635 2989; x_wconf 91' lang='lat' dir='ltr'><strong>per</strong></span> <span class='ocrx_word' id='word_1_254' title='bbox 1681 2917 2012 2976; x_wconf 89' lang='lat' dir='ltr'><strong>sacriﬁcium</strong></span> 
     </span>
    </p>
   </div>
   <div class='ocr_carea' id='block_1_40' title="bbox 428 3008 2016 3089">
    <p class='ocr_par' dir='ltr' id='par_1_40' title="bbox 428 3008 2016 3089">
     <span class='ocr_line' id='line_1_40' title="bbox 428 3008 2016 3089; baseline -0.008 -15"><span class='ocrx_word' id='word_1_255' title='bbox 428 3018 656 3089; x_wconf 90' lang='lat' dir='ltr'><strong>spiritus</strong></span> <span class='ocrx_word' id='word_1_256' title='bbox 686 3013 1057 3077; x_wconf 88' lang='lat' dir='ltr'><strong>contribulati,</strong></span> <span class='ocrx_word' id='word_1_257' title='bbox 1103 3011 1393 3079; x_wconf 89' lang='lat' dir='ltr'><strong>cordisque</strong></span> <span class='ocrx_word' id='word_1_258' title='bbox 1431 3009 1525 3042; x_wconf 81' lang='grc'><strong>³⁹¹¹</strong></span> <span class='ocrx_word' id='word_1_259' title='bbox 1561 3008 1784 3064; x_wconf 87' lang='lat' dir='ltr'><strong>contriti</strong></span> <span class='ocrx_word' id='word_1_260' title='bbox 1830 3017 1885 3062; x_wconf 88' lang='lat' dir='ltr'><strong>et</strong></span> <span class='ocrx_word' id='word_1_261' title='bbox 1916 3008 2016 3062; x_wconf 90' lang='lat' dir='ltr'><strong>hu-</strong></span> 
     </span>
    </p>
   </div>
   <div class='ocr_carea' id='block_1_41' title="bbox 430 3095 2018 3177">
    <p class='ocr_par' dir='ltr' id='par_1_41' title="bbox 430 3095 2018 3177">
     <span class='ocr_line' id='line_1_41' title="bbox 430 3095 2018 3177; baseline -0.008 -13"><span class='ocrx_word' id='word_1_262' title='bbox 430 3107 622 3164; x_wconf 89' lang='lat' dir='ltr'><strong>miliati</strong></span> <span class='ocrx_word' id='word_1_263' title='bbox 654 3107 822 3162; x_wconf 89' lang='lat' dir='ltr'><strong>Deum</strong></span> <span class='ocrx_word' id='word_1_264' title='bbox 849 3104 1151 3177; x_wconf 88' lang='lat' dir='ltr'><strong>placantes,</strong></span> <span class='ocrx_word' id='word_1_265' title='bbox 1181 3101 1247 3156; x_wconf 90' lang='lat' dir='ltr'><strong>ad</strong></span> <span class='ocrx_word' id='word_1_266' title='bbox 1277 3095 1538 3156; x_wconf 90' lang='lat' dir='ltr'><strong>virtutum</strong></span> <span class='ocrx_word' id='word_1_267' title='bbox 1567 3099 1876 3171; x_wconf 83' lang='lat' dir='ltr'><strong>profectum</strong></span> <span class='ocrx_word' id='word_1_268' title='bbox 1905 3106 2018 3153; x_wconf 89' lang='lat' dir='ltr'><strong>stu-</strong></span> 
     </span>
    </p>
   </div>
   <div class='ocr_carea' id='block_1_42' title="bbox 431 3192 2020 3265">
    <p class='ocr_par' dir='ltr' id='par_1_42' title="bbox 431 3192 2020 3265">
     <span class='ocr_line' id='line_1_42' title="bbox 431 3192 2020 3265; baseline -0.007 -8"><span class='ocrx_word' id='word_1_269' title='bbox 431 3203 582 3258; x_wconf 89' lang='lat' dir='ltr'><strong>diose</strong></span> <span class='ocrx_word' id='word_1_270' title='bbox 612 3199 706 3232; x_wconf 81' lang='grc'><strong>²⁹¹¹</strong></span> <span class='ocrx_word' id='word_1_271' title='bbox 731 3214 788 3254; x_wconf 90' lang='lat' dir='ltr'><strong>se</strong></span> <span class='ocrx_word' id='word_1_272' title='bbox 811 3197 1206 3254; x_wconf 85' lang='lat' dir='ltr'><strong>converterint.</strong></span> <span class='ocrx_word' id='word_1_273' title='bbox 1237 3193 1371 3249; x_wconf 78' lang='lat' dir='ltr'><strong>Nam</strong></span> <span class='ocrx_word' id='word_1_274' title='bbox 1400 3208 1499 3249; x_wconf 92' lang='lat' dir='ltr'><strong>nec</strong></span> <span class='ocrx_word' id='word_1_275' title='bbox 1545 3195 1685 3265; x_wconf 91' lang='lat' dir='ltr'><strong>apud</strong></span> <span class='ocrx_word' id='word_1_276' title='bbox 1719 3192 1887 3248; x_wconf 92' lang='lat' dir='ltr'><strong>Deum</strong></span> <span class='ocrx_word' id='word_1_277' title='bbox 1930 3205 2020 3247; x_wconf 89' lang='lat' dir='ltr'><strong>re-</strong></span> 
     </span>
    </p>
   </div>
   <div class='ocr_carea' id='block_1_43' title="bbox 430 3283 2018 3364">
    <p class='ocr_par' dir='ltr' id='par_1_43' title="bbox 430 3283 2018 3364">
     <span class='ocr_line' id='line_1_43' title="bbox 430 3283 2018 3364; baseline -0.008 -16"><span class='ocrx_word' id='word_1_278' title='bbox 430 3291 694 3364; x_wconf 87' lang='lat' dir='ltr'><strong>probatur</strong></span> <span class='ocrx_word' id='word_1_279' title='bbox 735 3289 973 3346; x_wconf 83' lang='lat' dir='ltr'><strong>oﬂicium</strong></span> <span class='ocrx_word' id='word_1_280' title='bbox 1023 3287 1252 3358; x_wconf 84' lang='lat' dir='ltr'><strong>alicujus</strong></span> <span class='ocrx_word' id='word_1_281' title='bbox 1297 3294 1519 3358; x_wconf 91' lang='lat' dir='ltr'><strong>propter</strong></span> <span class='ocrx_word' id='word_1_282' title='bbox 1566 3283 1802 3354; x_wconf 90' lang='lat' dir='ltr'><strong>culpam,</strong></span> <span class='ocrx_word' id='word_1_283' title='bbox 1855 3297 2018 3354; x_wconf 86' lang='lat' dir='ltr'><strong>quam</strong></span> 
     </span>
    </p>
   </div>
   <div class='ocr_carea' id='block_1_44' title="bbox 433 3372 2020 3452">
    <p class='ocr_par' dir='ltr' id='par_1_44' title="bbox 433 3372 2020 3452">
     <span class='ocr_line' id='line_1_44' title="bbox 433 3372 2020 3452; baseline -0.006 -15"><span class='ocrx_word' id='word_1_284' title='bbox 433 3384 547 3452; x_wconf 90' lang='lat' dir='ltr'><strong>ipse</strong></span> <span class='ocrx_word' id='word_1_285' title='bbox 574 3381 835 3452; x_wconf 87' lang='lat' dir='ltr'><strong>ignoscit;</strong></span> <span class='ocrx_word' id='word_1_286' title='bbox 864 3395 964 3434; x_wconf 90' lang='lat' dir='ltr'><strong>nec</strong></span> <span class='ocrx_word' id='word_1_287' title='bbox 989 3378 1130 3449; x_wconf 88' lang='lat' dir='ltr'><strong>apud</strong></span> <span class='ocrx_word' id='word_1_288' title='bbox 1177 3376 1428 3433; x_wconf 88' lang='lat' dir='ltr'><strong>homines</strong></span> <span class='ocrx_word' id='word_1_289' title='bbox 1473 3373 1822 3430; x_wconf 89' lang='lat' dir='ltr'><strong>decoloratur</strong></span> <span class='ocrx_word' id='word_1_290' title='bbox 1876 3372 2020 3429; x_wconf 90' lang='lat' dir='ltr'><strong>sacri</strong></span> 
     </span>
    </p>
   </div>
   <div class='ocr_carea' id='block_1_45' title="bbox 432 3465 2022 3542">
    <p class='ocr_par' dir='ltr' id='par_1_45' title="bbox 432 3465 2022 3542">
     <span class='ocr_line' id='line_1_45' title="bbox 432 3465 2022 3542; baseline -0.006 -12"><span class='ocrx_word' id='word_1_291' title='bbox 432 3475 642 3530; x_wconf 85' lang='lat' dir='ltr'><strong>ordinis</strong></span> <span class='ocrx_word' id='word_1_292' title='bbox 673 3471 929 3542; x_wconf 84' lang='lat' dir='ltr'><strong>dignitas,</strong></span> <span class='ocrx_word' id='word_1_293' title='bbox 957 3479 1178 3540; x_wconf 88' lang='lat' dir='ltr'><strong>propter</strong></span> <span class='ocrx_word' id='word_1_294' title='bbox 1205 3482 1498 3538; x_wconf 91' lang='lat' dir='ltr'><strong>personam</strong></span> <span class='ocrx_word' id='word_1_295' title='bbox 1527 3465 1683 3536; x_wconf 84' lang='lat' dir='ltr'><strong>cujus</strong></span> <span class='ocrx_word' id='word_1_296' title='bbox 1739 3465 1840 3536; x_wconf 91' lang='lat' dir='ltr'><strong>ipsi</strong></span> <span class='ocrx_word' id='word_1_297' title='bbox 1893 3479 2022 3537; x_wconf 89' lang='lat' dir='ltr'><strong>pec-</strong></span> 
     </span>
    </p>
   </div>
   <div class='ocr_carea' id='block_1_46' title="bbox 434 3557 2024 3632">
    <p class='ocr_par' dir='ltr' id='par_1_46' title="bbox 434 3557 2024 3632">
     <span class='ocr_line' id='line_1_46' title="bbox 434 3557 2024 3632; baseline -0.004 -15"><span class='ocrx_word' id='word_1_298' title='bbox 434 3571 618 3618; x_wconf 87' lang='lat' dir='ltr'><strong>catum</strong></span> <span class='ocrx_word' id='word_1_299' title='bbox 643 3576 748 3616; x_wconf 92' lang='lat' dir='ltr'><strong>non</strong></span> <span class='ocrx_word' id='word_1_300' title='bbox 778 3568 1134 3632; x_wconf 80' lang='lat' dir='ltr'><strong>cognoscunt.</strong></span> <span class='ocrx_word' id='word_1_301' title='bbox 1165 3557 1372 3624; x_wconf 84' lang='lat' dir='ltr'><strong>Quibus</strong></span> <span class='ocrx_word' id='word_1_302' title='bbox 1407 3557 1617 3612; x_wconf 88' lang='lat' dir='ltr'><strong>duabus</strong></span> <span class='ocrx_word' id='word_1_303' title='bbox 1669 3557 1848 3612; x_wconf 85' lang='lat' dir='ltr'><strong>causis</strong></span> <span class='ocrx_word' id='word_1_304' title='bbox 1899 3571 2024 3611; x_wconf 90' lang='lat' dir='ltr'><strong>car-</strong></span> 
     </span>
    </p>
   </div>
   <div class='ocr_carea' id='block_1_47' title="bbox 436 3647 2026 3724">
    <p class='ocr_par' dir='ltr' id='par_1_47' title="bbox 436 3647 2026 3724">
     <span class='ocr_line' id='line_1_47' title="bbox 436 3647 2026 3724; baseline -0.002 -17"><span class='ocrx_word' id='word_1_305' title='bbox 436 3652 576 3710; x_wconf 90' lang='lat' dir='ltr'><strong>nalis</strong></span> <span class='ocrx_word' id='word_1_306' title='bbox 604 3650 786 3724; x_wconf 88' lang='lat' dir='ltr'><strong>lapsus</strong></span> <span class='ocrx_word' id='word_1_307' title='bbox 815 3647 1068 3721; x_wconf 88' lang='lat' dir='ltr'><strong>prohibet</strong></span> <span class='ocrx_word' id='word_1_308' title='bbox 1090 3648 1182 3681; x_wconf 83' lang='grc'><strong>³⁹¹³</strong></span> <span class='ocrx_word' id='word_1_309' title='bbox 1209 3648 1276 3704; x_wconf 89' lang='lat' dir='ltr'><strong>ad</strong></span> <span class='ocrx_word' id='word_1_310' title='bbox 1324 3663 1540 3705; x_wconf 90' lang='lat' dir='ltr'><strong>sacrum</strong></span> <span class='ocrx_word' id='word_1_311' title='bbox 1571 3649 1812 3704; x_wconf 87' lang='lat' dir='ltr'><strong>ordinem</strong></span> <span class='ocrx_word' id='word_1_312' title='bbox 1842 3661 2026 3704; x_wconf 89' lang='lat' dir='ltr'><strong>acces-</strong></span> 
     </span>
    </p>
   </div>
   <div class='ocr_carea' id='block_1_48' title="bbox 437 3738 2026 3812">
    <p class='ocr_par' dir='ltr' id='par_1_48' title="bbox 437 3738 2026 3812">
     <span class='ocr_line' id='line_1_48' title="bbox 437 3738 2026 3812; baseline -0.003 -14"><span class='ocrx_word' id='word_1_313' title='bbox 437 3758 557 3798; x_wconf 90' lang='lat' dir='ltr'><strong>sum</strong></span> <span class='ocrx_word' id='word_1_314' title='bbox 607 3753 662 3798; x_wconf 88' lang='lat' dir='ltr'><strong>et</strong></span> <span class='ocrx_word' id='word_1_315' title='bbox 696 3741 953 3798; x_wconf 86' lang='lat' dir='ltr'><strong>reditum.</strong></span> <span class='ocrx_word' id='word_1_316' title='bbox 1011 3739 1117 3796; x_wconf 89' lang='lat' dir='ltr'><strong>Sed</strong></span> <span class='ocrx_word' id='word_1_317' title='bbox 1149 3740 1403 3812; x_wconf 91' lang='lat' dir='ltr'><strong>quoniam</strong></span> <span class='ocrx_word' id='word_1_318' title='bbox 1459 3738 1634 3795; x_wconf 81' lang='lat' dir='ltr'><strong>ferme</strong></span> <span class='ocrx_word' id='word_1_319' title='bbox 1667 3751 1882 3808; x_wconf 88' lang='lat' dir='ltr'><strong>semper</strong></span> <span class='ocrx_word' id='word_1_320' title='bbox 1931 3749 2026 3793; x_wconf 86' lang='lat' dir='ltr'><strong>oc-</strong></span> 
     </span>
    </p>
   </div>
   <div class='ocr_carea' id='block_1_49' title="bbox 438 3830 2027 3907">
    <p class='ocr_par' dir='ltr' id='par_1_49' title="bbox 438 3830 2027 3907">
     <span class='ocr_line' id='line_1_49' title="bbox 438 3830 2027 3907; baseline -0.006 -13"><span class='ocrx_word' id='word_1_321' title='bbox 438 3838 642 3894; x_wconf 89' lang='lat' dir='ltr'><strong>cultum</strong></span> <span class='ocrx_word' id='word_1_322' title='bbox 677 3845 799 3904; x_wconf 92' lang='lat' dir='ltr'><strong>est,</strong></span> <span class='ocrx_word' id='word_1_323' title='bbox 835 3851 1066 3907; x_wconf 92' lang='lat' dir='ltr'><strong>quorum</strong></span> <span class='ocrx_word' id='word_1_324' title='bbox 1113 3835 1354 3891; x_wconf 86' lang='lat' dir='ltr'><strong>remissae</strong></span> <span class='ocrx_word' id='word_1_325' title='bbox 1408 3840 1536 3889; x_wconf 90' lang='lat' dir='ltr'><strong>sunt</strong></span> <span class='ocrx_word' id='word_1_326' title='bbox 1586 3830 1924 3901; x_wconf 87' lang='lat' dir='ltr'><strong>iniquitates,</strong></span> <span class='ocrx_word' id='word_1_327' title='bbox 1972 3839 2027 3885; x_wconf 93' lang='lat' dir='ltr'><strong>et</strong></span> 
     </span>
    </p>
   </div>
   <div class='ocr_carea' id='block_1_50' title="bbox 437 3921 2028 4000">
    <p class='ocr_par' dir='ltr' id='par_1_50' title="bbox 437 3921 2028 4000">
     <span class='ocr_line' id='line_1_50' title="bbox 437 3921 2028 4000; baseline -0.006 -17"><span class='ocrx_word' id='word_1_328' title='bbox 437 3943 670 4000; x_wconf 92' lang='lat' dir='ltr'><strong>quorum</strong></span> <span class='ocrx_word' id='word_1_329' title='bbox 707 3933 852 3982; x_wconf 90' lang='lat' dir='ltr'><strong>tecta</strong></span> <span class='ocrx_word' id='word_1_330' title='bbox 883 3936 1010 3982; x_wconf 91' lang='lat' dir='ltr'><strong>sunt</strong></span> <span class='ocrx_word' id='word_1_331' title='bbox 1037 3932 1261 3997; x_wconf 85' lang='lat' dir='ltr'><strong>peccata</strong></span> <span class='ocrx_word' id='word_1_332' title='bbox 1297 3922 1524 3996; x_wconf 78' lang='lat' dir='ltr'><strong>(Psalm.</strong></span> <span class='ocrx_word' id='word_1_333' title='bbox 1556 3936 1707 3986; x_wconf 78' lang='lat' dir='ltr'><strong>mu,</strong></span> <span class='ocrx_word' id='word_1_334' title='bbox 1759 3921 1834 3991; x_wconf 83' lang='lat' dir='ltr'><strong>l),</strong></span> <span class='ocrx_word' id='word_1_335' title='bbox 1893 3932 2028 3991; x_wconf 90' lang='lat' dir='ltr'><strong>quo-</strong></span> 
     </span>
    </p>
   </div>
   <div class='ocr_carea' id='block_1_51' title="bbox 439 4013 2027 4092">
    <p class='ocr_par' dir='ltr' id='par_1_51' title="bbox 439 4013 2027 4092">
     <span class='ocr_line' id='line_1_51' title="bbox 439 4013 2027 4092; baseline -0.008 -11"><span class='ocrx_word' id='word_1_336' title='bbox 439 4042 558 4081; x_wconf 91' lang='lat' dir='ltr'><strong>rum</strong></span> <span class='ocrx_word' id='word_1_337' title='bbox 592 4040 725 4092; x_wconf 82' lang='lat' dir='ltr'><strong>vero</strong></span> <span class='ocrx_word' id='word_1_338' title='bbox 753 4023 1004 4089; x_wconf 87' lang='lat' dir='ltr'><strong>minime;</strong></span> <span class='ocrx_word' id='word_1_339' title='bbox 1037 4023 1204 4077; x_wconf 90' lang='lat' dir='ltr'><strong>tutius</strong></span> <span class='ocrx_word' id='word_1_340' title='bbox 1234 4030 1318 4076; x_wconf 92' lang='lat' dir='ltr'><strong>est</strong></span> <span class='ocrx_word' id='word_1_341' title='bbox 1347 4033 1561 4089; x_wconf 86' lang='lat' dir='ltr'><strong>semper</strong></span> <span class='ocrx_word' id='word_1_342' title='bbox 1599 4016 1879 4072; x_wconf 91' lang='lat' dir='ltr'><strong>conscium</strong></span> <span class='ocrx_word' id='word_1_343' title='bbox 1924 4013 2027 4069; x_wconf 90' lang='lat' dir='ltr'><strong>sibi</strong></span> 
     </span>
    </p>
   </div>
   <div class='ocr_carea' id='block_1_52' title="bbox 438 4110 2027 4184">
    <p class='ocr_par' dir='ltr' id='par_1_52' title="bbox 438 4110 2027 4184">
     <span class='ocr_line' id='line_1_52' title="bbox 438 4110 2027 4184; baseline -0.01 -10"><span class='ocrx_word' id='word_1_344' title='bbox 438 4118 687 4175; x_wconf 88' lang='lat' dir='ltr'><strong>criminis</strong></span> <span class='ocrx_word' id='word_1_345' title='bbox 723 4117 789 4171; x_wconf 88' lang='lat' dir='ltr'><strong>ab</strong></span> <span class='ocrx_word' id='word_1_346' title='bbox 818 4117 885 4170; x_wconf 89' lang='lat' dir='ltr'><strong>iis</strong></span> <span class='ocrx_word' id='word_1_347' title='bbox 937 4129 1059 4184; x_wconf 68' lang='lat' dir='ltr'><strong>qua:</strong></span> <span class='ocrx_word' id='word_1_348' title='bbox 1110 4113 1366 4183; x_wconf 87' lang='lat' dir='ltr'><strong>placitam</strong></span> <span class='ocrx_word' id='word_1_349' title='bbox 1400 4110 1508 4165; x_wconf 88' lang='lat' dir='ltr'><strong>Deo</strong></span> <span class='ocrx_word' id='word_1_350' title='bbox 1542 4122 1830 4180; x_wconf 90' lang='lat' dir='ltr'><strong>personam</strong></span> <span class='ocrx_word' id='word_1_351' title='bbox 1860 4119 2027 4174; x_wconf 79' lang='lat' dir='ltr'><strong>expo-</strong></span> 
     </span>
    </p>
   </div>
   <div class='ocr_carea' id='block_1_53' title="bbox 439 4197 2023 4278">
    <p class='ocr_par' dir='ltr' id='par_1_53' title="bbox 439 4197 2023 4278">
     <span class='ocr_line' id='line_1_53' title="bbox 439 4197 2023 4278; baseline -0.008 -14"><span class='ocrx_word' id='word_1_352' title='bbox 439 4215 621 4273; x_wconf 90' lang='lat' dir='ltr'><strong>scunt,</strong></span> <span class='ocrx_word' id='word_1_353' title='bbox 655 4222 751 4278; x_wconf 90' lang='lat' dir='ltr'><strong>per</strong></span> <span class='ocrx_word' id='word_1_354' title='bbox 787 4204 1115 4276; x_wconf 81' lang='lat' dir='ltr'><strong>laudabilem</strong></span> <span class='ocrx_word' id='word_1_355' title='bbox 1173 4204 1284 4258; x_wconf 85' lang='lat' dir='ltr'><strong>Deo</strong></span> <span class='ocrx_word' id='word_1_356' title='bbox 1313 4199 1673 4258; x_wconf 89' lang='lat' dir='ltr'><strong>humilitatem</strong></span> <span class='ocrx_word' id='word_1_357' title='bbox 1726 4197 2023 4263; x_wconf 88' lang='lat' dir='ltr'><strong>abstinere,</strong></span> 
     </span>
    </p>
   </div>
   <div class='ocr_carea' id='block_1_54' title="bbox 439 4289 2026 4371">
    <p class='ocr_par' dir='ltr' id='par_1_54' title="bbox 439 4289 2026 4371">
     <span class='ocr_line' id='line_1_54' title="bbox 439 4289 2026 4371; baseline -0.006 -17"><span class='ocrx_word' id='word_1_358' title='bbox 439 4314 604 4371; x_wconf 90' lang='lat' dir='ltr'><strong>quam</strong></span> <span class='ocrx_word' id='word_1_359' title='bbox 635 4313 732 4368; x_wconf 90' lang='lat' dir='ltr'><strong>per</strong></span> <span class='ocrx_word' id='word_1_360' title='bbox 755 4295 1080 4368; x_wconf 88' lang='lat' dir='ltr'><strong>culpabilem</strong></span> <span class='ocrx_word' id='word_1_361' title='bbox 1114 4294 1464 4351; x_wconf 86' lang='lat' dir='ltr'><strong>securitatem</strong></span> <span class='ocrx_word' id='word_1_362' title='bbox 1509 4305 1862 4364; x_wconf 85' lang='lat' dir='ltr'><strong>praesumere.</strong></span> <span class='ocrx_word' id='word_1_363' title='bbox 1891 4289 2026 4344; x_wconf 85' lang='lat' dir='ltr'><strong>illud</strong></span> 
     </span>
    </p>
   </div>
   <div class='ocr_carea' id='block_1_55' title="bbox 441 4381 2025 4461">
    <p class='ocr_par' dir='ltr' id='par_1_55' title="bbox 441 4381 2025 4461">
     <span class='ocr_line' id='line_1_55' title="bbox 441 4381 2025 4461; baseline -0.006 -15"><span class='ocrx_word' id='word_1_364' title='bbox 441 4404 676 4461; x_wconf 90' lang='lat' dir='ltr'><strong>namque</strong></span> <span class='ocrx_word' id='word_1_365' title='bbox 699 4403 913 4458; x_wconf 91' lang='lat' dir='ltr'><strong>semper</strong></span> <span class='ocrx_word' id='word_1_366' title='bbox 938 4395 1140 4460; x_wconf 90' lang='lat' dir='ltr'><strong>potest,</strong></span> <span class='ocrx_word' id='word_1_367' title='bbox 1177 4386 1287 4440; x_wconf 91' lang='lat' dir='ltr'><strong>Deo</strong></span> <span class='ocrx_word' id='word_1_368' title='bbox 1313 4399 1421 4439; x_wconf 92' lang='lat' dir='ltr'><strong>non</strong></span> <span class='ocrx_word' id='word_1_369' title='bbox 1477 4382 1822 4454; x_wconf 87' lang='lat' dir='ltr'><strong>improbante</strong></span> <span class='ocrx_word' id='word_1_370' title='bbox 1848 4400 1863 4437; x_wconf 91' lang='lat'><strong>:</strong></span> <span class='ocrx_word' id='word_1_371' title='bbox 1919 4381 2025 4437; x_wconf 89' lang='lat' dir='ltr'><strong>hoc</strong></span> 
     </span>
    </p>
   </div>
   <div class='ocr_carea' id='block_1_56' title="bbox 353 4473 2025 4548">
    <p class='ocr_par' dir='ltr' id='par_1_56' title="bbox 353 4473 2025 4548">
     <span class='ocr_line' id='line_1_56' title="bbox 353 4473 2025 4548; baseline -0.005 -11"><span class='ocrx_word' id='word_1_372' title='bbox 353 4525 359 4529; x_wconf 86' lang='lat'><strong>.</strong></span> <span class='ocrx_word' id='word_1_373' title='bbox 440 4496 571 4538; x_wconf 87' lang='lat' dir='ltr'><strong>vero</strong></span> <span class='ocrx_word' id='word_1_374' title='bbox 609 4495 714 4537; x_wconf 91' lang='lat' dir='ltr'><strong>non</strong></span> <span class='ocrx_word' id='word_1_375' title='bbox 751 4480 930 4548; x_wconf 87' lang='lat' dir='ltr'><strong>debet,</strong></span> <span class='ocrx_word' id='word_1_376' title='bbox 983 4477 1086 4535; x_wconf 89' lang='lat' dir='ltr'><strong>nisi</strong></span> <span class='ocrx_word' id='word_1_377' title='bbox 1125 4477 1238 4534; x_wconf 90' lang='lat' dir='ltr'><strong>Deo</strong></span> <span class='ocrx_word' id='word_1_378' title='bbox 1292 4475 1649 4548; x_wconf 89' lang='lat' dir='ltr'><strong>approbante.</strong></span> <span class='ocrx_word' id='word_1_379' title='bbox 1685 4473 1790 4542; x_wconf 87' lang='lat' dir='ltr'><strong>Qui</strong></span> <span class='ocrx_word' id='word_1_380' title='bbox 1844 4481 2025 4530; x_wconf 91' lang='lat' dir='ltr'><strong>autem</strong></span> 
     </span>
    </p>
   </div>
   <div class='ocr_carea' id='block_1_57' title="bbox 2116 2923 3708 2997">
    <p class='ocr_par' dir='ltr' id='par_1_57' title="bbox 2116 2923 3708 2997">
     <span class='ocr_line' id='line_1_57' title="bbox 2116 2923 3708 2997; baseline -0.006 -13"><span class='ocrx_word' id='word_1_381' title='bbox 2116 2940 2296 2985; x_wconf 90' lang='lat' dir='ltr'><strong>autem</strong></span> <span class='ocrx_word' id='word_1_382' title='bbox 2330 2929 2557 2984; x_wconf 88' lang='lat' dir='ltr'><strong>invitum</strong></span> <span class='ocrx_word' id='word_1_383' title='bbox 2586 2928 2810 2992; x_wconf 90' lang='lat' dir='ltr'><strong>debere,</strong></span> <span class='ocrx_word' id='word_1_384' title='bbox 2836 2926 2927 2997; x_wconf 90' lang='lat' dir='ltr'><strong>qui</strong></span> <span class='ocrx_word' id='word_1_385' title='bbox 2959 2926 3232 2982; x_wconf 90' lang='lat' dir='ltr'><strong>occultum</strong></span> <span class='ocrx_word' id='word_1_386' title='bbox 3261 2926 3472 2981; x_wconf 89' lang='lat' dir='ltr'><strong>crimen</strong></span> <span class='ocrx_word' id='word_1_387' title='bbox 3510 2923 3708 2978; x_wconf 90' lang='lat' dir='ltr'><strong>humili</strong></span> 
     </span>
    </p>
   </div>
   <div class='ocr_carea' id='block_1_58' title="bbox 2118 3015 3712 3091">
    <p class='ocr_par' dir='ltr' id='par_1_58' title="bbox 2118 3015 3712 3091">
     <span class='ocr_line' id='line_1_58' title="bbox 2118 3015 3712 3091; baseline -0.006 -14"><span class='ocrx_word' id='word_1_388' title='bbox 2118 3020 2458 3078; x_wconf 86' lang='lat' dir='ltr'><strong>confessione</strong></span> <span class='ocrx_word' id='word_1_389' title='bbox 2486 3027 2680 3091; x_wconf 90' lang='lat' dir='ltr'><strong>sponte</strong></span> <span class='ocrx_word' id='word_1_390' title='bbox 2715 3027 2770 3073; x_wconf 91' lang='lat' dir='ltr'><strong>et</strong></span> <span class='ocrx_word' id='word_1_391' title='bbox 2801 3017 3012 3074; x_wconf 91' lang='lat' dir='ltr'><strong>occulte</strong></span> <span class='ocrx_word' id='word_1_392' title='bbox 3037 3017 3262 3088; x_wconf 79' lang='lat' dir='ltr'><strong>detegit,</strong></span> <span class='ocrx_word' id='word_1_393' title='bbox 3318 3015 3540 3071; x_wconf 90' lang='lat' dir='ltr'><strong>minime</strong></span> <span class='ocrx_word' id='word_1_394' title='bbox 3591 3015 3712 3069; x_wconf 81' lang='lat' dir='ltr'><strong>exi-</strong></span> 
     </span>
    </p>
   </div>
   <div class='ocr_carea' id='block_1_59' title="bbox 2119 3105 3709 3179">
    <p class='ocr_par' dir='ltr' id='par_1_59' title="bbox 2119 3105 3709 3179">
     <span class='ocr_line' id='line_1_59' title="bbox 2119 3105 3709 3179; baseline -0.006 -9"><span class='ocrx_word' id='word_1_395' title='bbox 2119 3116 2317 3179; x_wconf 89' lang='lat' dir='ltr'><strong>stimo;</strong></span> <span class='ocrx_word' id='word_1_396' title='bbox 2347 3127 2414 3168; x_wconf 89' lang='lat' dir='ltr'><strong>ne</strong></span> <span class='ocrx_word' id='word_1_397' title='bbox 2436 3112 2622 3166; x_wconf 91' lang='lat' dir='ltr'><strong>multis</strong></span> <span class='ocrx_word' id='word_1_398' title='bbox 2650 3110 2968 3166; x_wconf 88' lang='lat' dir='ltr'><strong>obstruatur</strong></span> <span class='ocrx_word' id='word_1_399' title='bbox 2997 3110 3084 3164; x_wconf 86' lang='lat' dir='ltr'><strong>via</strong></span> <span class='ocrx_word' id='word_1_400' title='bbox 3111 3108 3347 3165; x_wconf 87' lang='lat' dir='ltr'><strong>salubris</strong></span> <span class='ocrx_word' id='word_1_401' title='bbox 3401 3105 3709 3163; x_wconf 80' lang='lat' dir='ltr'><strong>confessio-</strong></span> 
     </span>
    </p>
   </div>
   <div class='ocr_carea' id='block_1_60' title="bbox 2121 3197 3710 3276">
    <p class='ocr_par' dir='ltr' id='par_1_60' title="bbox 2121 3197 3710 3276">
     <span class='ocr_line' id='line_1_60' title="bbox 2121 3197 3710 3276; baseline -0.007 -15"><span class='ocrx_word' id='word_1_402' title='bbox 2121 3207 2228 3272; x_wconf 91' lang='lat' dir='ltr'><strong>nis,</strong></span> <span class='ocrx_word' id='word_1_403' title='bbox 2255 3206 2346 3276; x_wconf 91' lang='lat' dir='ltr'><strong>qui</strong></span> <span class='ocrx_word' id='word_1_404' title='bbox 2369 3206 2546 3276; x_wconf 90' lang='lat' dir='ltr'><strong>potius</strong></span> <span class='ocrx_word' id='word_1_405' title='bbox 2579 3204 2783 3275; x_wconf 86' lang='lat' dir='ltr'><strong>cligent</strong></span> <span class='ocrx_word' id='word_1_406' title='bbox 2810 3203 2905 3236; x_wconf 74' lang='grc'><strong>³⁹¹³⁸</strong></span> <span class='ocrx_word' id='word_1_407' title='bbox 2933 3204 2986 3258; x_wconf 93' lang='lat' dir='ltr'><strong>iu</strong></span> <span class='ocrx_word' id='word_1_408' title='bbox 3020 3210 3249 3257; x_wconf 89' lang='lat' dir='ltr'><strong>mortem</strong></span> <span class='ocrx_word' id='word_1_409' title='bbox 3277 3200 3492 3270; x_wconf 90' lang='lat' dir='ltr'><strong>penitus</strong></span> <span class='ocrx_word' id='word_1_410' title='bbox 3521 3197 3710 3256; x_wconf 81' lang='lat' dir='ltr'><strong>occul-</strong></span> 
     </span>
    </p>
   </div>
   <div class='ocr_carea' id='block_1_61' title="bbox 2124 3296 3714 3372">
    <p class='ocr_par' dir='ltr' id='par_1_61' title="bbox 2124 3296 3714 3372">
     <span class='ocr_line' id='line_1_61' title="bbox 2124 3296 3714 3372; baseline -0.004 -16"><span class='ocrx_word' id='word_1_411' title='bbox 2124 3300 2248 3366; x_wconf 90' lang='lat' dir='ltr'><strong>tari,</strong></span> <span class='ocrx_word' id='word_1_412' title='bbox 2277 3314 2438 3372; x_wconf 89' lang='lat' dir='ltr'><strong>quam</strong></span> <span class='ocrx_word' id='word_1_413' title='bbox 2470 3302 2572 3355; x_wconf 89' lang='lat' dir='ltr'><strong>hac</strong></span> <span class='ocrx_word' id='word_1_414' title='bbox 2591 3299 2878 3355; x_wconf 87' lang='lat' dir='ltr'><strong>occasione</strong></span> <span class='ocrx_word' id='word_1_415' title='bbox 2905 3299 2960 3354; x_wconf 89' lang='lat' dir='ltr'><strong>in</strong></span> <span class='ocrx_word' id='word_1_416' title='bbox 2983 3298 3363 3355; x_wconf 89' lang='lat' dir='ltr'><strong>certitudinem</strong></span> <span class='ocrx_word' id='word_1_417' title='bbox 3393 3296 3479 3352; x_wconf 85' lang='lat' dir='ltr'><strong>vel</strong></span> <span class='ocrx_word' id='word_1_418' title='bbox 3511 3296 3563 3350; x_wconf 92' lang='lat' dir='ltr'><strong>in</strong></span> <span class='ocrx_word' id='word_1_419' title='bbox 3586 3309 3714 3350; x_wconf 84' lang='lat' dir='ltr'><strong>sus-</strong></span> 
     </span>
    </p>
   </div>
   <div class='ocr_carea' id='block_1_62' title="bbox 2122 3387 3712 3464">
    <p class='ocr_par' dir='ltr' id='par_1_62' title="bbox 2122 3387 3712 3464">
     <span class='ocr_line' id='line_1_62' title="bbox 2122 3387 3712 3464; baseline -0.004 -18"><span class='ocrx_word' id='word_1_420' title='bbox 2122 3393 2393 3464; x_wconf 90' lang='lat' dir='ltr'><strong>picionem</strong></span> <span class='ocrx_word' id='word_1_421' title='bbox 2431 3391 2659 3462; x_wconf 82' lang='lat' dir='ltr'><strong>alicujus</strong></span> <span class='ocrx_word' id='word_1_422' title='bbox 2683 3391 2929 3448; x_wconf 88' lang='lat' dir='ltr'><strong>criminis</strong></span> <span class='ocrx_word' id='word_1_423' title='bbox 2957 3390 3175 3448; x_wconf 89' lang='lat' dir='ltr'><strong>adduci.</strong></span> <span class='ocrx_word' id='word_1_424' title='bbox 3205 3387 3314 3444; x_wconf 86' lang='lat' dir='ltr'><strong>Nec</strong></span> <span class='ocrx_word' id='word_1_425' title='bbox 3341 3387 3438 3452; x_wconf 90' lang='lat' dir='ltr'><strong>illi,</strong></span> <span class='ocrx_word' id='word_1_426' title='bbox 3467 3387 3554 3442; x_wconf 90' lang='lat' dir='ltr'><strong>cui</strong></span> <span class='ocrx_word' id='word_1_427' title='bbox 3583 3401 3712 3441; x_wconf 83' lang='lat' dir='ltr'><strong>cor.-</strong></span> 
     </span>
    </p>
   </div>
   <div class='ocr_carea' id='block_1_63' title="bbox 2125 3477 3712 3554">
    <p class='ocr_par' dir='ltr' id='par_1_63' title="bbox 2125 3477 3712 3554">
     <span class='ocr_line' id='line_1_63' title="bbox 2125 3477 3712 3554; baseline -0.006 -12"><span class='ocrx_word' id='word_1_428' title='bbox 2125 3486 2314 3542; x_wconf 88' lang='lat' dir='ltr'><strong>ﬁtetur</strong></span> <span class='ocrx_word' id='word_1_429' title='bbox 2363 3483 2620 3540; x_wconf 91' lang='lat' dir='ltr'><strong>statuitur</strong></span> <span class='ocrx_word' id='word_1_430' title='bbox 2649 3484 2716 3538; x_wconf 84' lang='lat' dir='ltr'><strong>ad</strong></span> <span class='ocrx_word' id='word_1_431' title='bbox 2751 3491 3069 3554; x_wconf 89' lang='lat' dir='ltr'><strong>peccatum;</strong></span> <span class='ocrx_word' id='word_1_432' title='bbox 3111 3480 3157 3538; x_wconf 88' lang='lat' dir='ltr'><strong>si</strong></span> <span class='ocrx_word' id='word_1_433' title='bbox 3181 3479 3530 3536; x_wconf 90' lang='lat' dir='ltr'><strong>conﬁtentem</strong></span> <span class='ocrx_word' id='word_1_434' title='bbox 3580 3477 3712 3532; x_wconf 84' lang='lat' dir='ltr'><strong>abs-</strong></span> 
     </span>
    </p>
   </div>
   <div class='ocr_carea' id='block_1_64' title="bbox 2125 3567 3712 3647">
    <p class='ocr_par' dir='ltr' id='par_1_64' title="bbox 2125 3567 3712 3647">
     <span class='ocr_line' id='line_1_64' title="bbox 2125 3567 3712 3647; baseline -0.004 -17"><span class='ocrx_word' id='word_1_435' title='bbox 2125 3590 2233 3647; x_wconf 91' lang='lat' dir='ltr'><strong>que</strong></span> <span class='ocrx_word' id='word_1_436' title='bbox 2259 3575 2374 3647; x_wconf 81' lang='lat' dir='ltr'><strong>ejus</strong></span> <span class='ocrx_word' id='word_1_437' title='bbox 2402 3589 2668 3632; x_wconf 90' lang='lat' dir='ltr'><strong>consensu</strong></span> <span class='ocrx_word' id='word_1_438' title='bbox 2694 3588 2912 3631; x_wconf 87' lang='lat' dir='ltr'><strong>cessare</strong></span> <span class='ocrx_word' id='word_1_439' title='bbox 2969 3588 2999 3628; x_wconf 92' lang='lat' dir='ltr'><strong>a</strong></span> <span class='ocrx_word' id='word_1_440' title='bbox 3025 3572 3112 3629; x_wconf 90' lang='lat' dir='ltr'><strong>sui</strong></span> <span class='ocrx_word' id='word_1_441' title='bbox 3143 3571 3354 3627; x_wconf 81' lang='lat' dir='ltr'><strong>ordinis</strong></span> <span class='ocrx_word' id='word_1_442' title='bbox 3398 3567 3573 3624; x_wconf 71' lang='lat' dir='ltr'><strong>ofﬁcio</strong></span> <span class='ocrx_word' id='word_1_443' title='bbox 3600 3583 3712 3623; x_wconf 90' lang='lat' dir='ltr'><strong>non</strong></span> 
     </span>
    </p>
   </div>
   <div class='ocr_carea' id='block_1_65' title="bbox 2126 3661 3707 3742">
    <p class='ocr_par' dir='ltr' id='par_1_65' title="bbox 2126 3661 3707 3742">
     <span class='ocr_line' id='line_1_65' title="bbox 2126 3661 3707 3742; baseline -0.008 -17"><span class='ocrx_word' id='word_1_444' title='bbox 2126 3671 2300 3742; x_wconf 86' lang='lat' dir='ltr'><strong>cogit,</strong></span> <span class='ocrx_word' id='word_1_445' title='bbox 2326 3669 2418 3726; x_wconf 91' lang='lat' dir='ltr'><strong>sed</strong></span> <span class='ocrx_word' id='word_1_446' title='bbox 2451 3668 2630 3740; x_wconf 89' lang='lat' dir='ltr'><strong>potius</strong></span> <span class='ocrx_word' id='word_1_447' title='bbox 2654 3667 2837 3739; x_wconf 86' lang='lat' dir='ltr'><strong>magni</strong></span> <span class='ocrx_word' id='word_1_448' title='bbox 2871 3666 3117 3722; x_wconf 91' lang='lat' dir='ltr'><strong>criminis</strong></span> <span class='ocrx_word' id='word_1_449' title='bbox 3149 3679 3272 3720; x_wconf 90' lang='lat' dir='ltr'><strong>reus</strong></span> <span class='ocrx_word' id='word_1_450' title='bbox 3300 3678 3422 3719; x_wconf 90' lang='lat' dir='ltr'><strong>esse</strong></span> <span class='ocrx_word' id='word_1_451' title='bbox 3469 3661 3707 3727; x_wconf 88' lang='lat' dir='ltr'><strong>videtur,</strong></span> 
     </span>
    </p>
   </div>
   <div class='ocr_carea' id='block_1_66' title="bbox 2129 3756 3712 3840">
    <p class='ocr_par' dir='ltr' id='par_1_66' title="bbox 2129 3756 3712 3840">
     <span class='ocr_line' id='line_1_66' title="bbox 2129 3756 3712 3840; baseline -0.008 -16"><span class='ocrx_word' id='word_1_452' title='bbox 2129 3769 2173 3824; x_wconf 89' lang='lat' dir='ltr'><strong>si</strong></span> <span class='ocrx_word' id='word_1_453' title='bbox 2199 3767 2370 3840; x_wconf 85' lang='lat' dir='ltr'><strong>cogit:</strong></span> <span class='ocrx_word' id='word_1_454' title='bbox 2395 3767 2522 3838; x_wconf 91' lang='lat' dir='ltr'><strong>quia</strong></span> <span class='ocrx_word' id='word_1_455' title='bbox 2542 3765 2622 3822; x_wconf 86' lang='lat' dir='ltr'><strong>sic</strong></span> <span class='ocrx_word' id='word_1_456' title='bbox 2646 3772 2700 3821; x_wconf 91' lang='lat' dir='ltr'><strong>et</strong></span> <span class='ocrx_word' id='word_1_457' title='bbox 2721 3763 3070 3820; x_wconf 91' lang='lat' dir='ltr'><strong>conﬁtentem</strong></span> <span class='ocrx_word' id='word_1_458' title='bbox 3095 3762 3188 3794; x_wconf 79' lang='grc'><strong>³⁹¹³</strong></span> <span class='ocrx_word' id='word_1_459' title='bbox 3211 3760 3476 3833; x_wconf 76' lang='lat' dir='ltr'><strong>ptenitere</strong></span> <span class='ocrx_word' id='word_1_460' title='bbox 3495 3756 3712 3814; x_wconf 82' lang='lat' dir='ltr'><strong>confes—</strong></span> 
     </span>
    </p>
   </div>
   <div class='ocr_carea' id='block_1_67' title="bbox 2129 3849 3715 3930">
    <p class='ocr_par' dir='ltr' id='par_1_67' title="bbox 2129 3849 3715 3930">
     <span class='ocr_line' id='line_1_67' title="bbox 2129 3849 3715 3930; baseline -0.009 -12"><span class='ocrx_word' id='word_1_461' title='bbox 2129 3861 2318 3929; x_wconf 87' lang='lat' dir='ltr'><strong>sionis,</strong></span> <span class='ocrx_word' id='word_1_462' title='bbox 2341 3869 2397 3917; x_wconf 92' lang='lat' dir='ltr'><strong>et</strong></span> <span class='ocrx_word' id='word_1_463' title='bbox 2420 3859 2603 3930; x_wconf 85' lang='lat' dir='ltr'><strong>plures</strong></span> <span class='ocrx_word' id='word_1_464' title='bbox 2626 3858 2862 3914; x_wconf 82' lang='lat' dir='ltr'><strong>nondum</strong></span> <span class='ocrx_word' id='word_1_465' title='bbox 2901 3856 3224 3913; x_wconf 89' lang='lat' dir='ltr'><strong>conﬁtentes</strong></span> <span class='ocrx_word' id='word_1_466' title='bbox 3247 3855 3473 3910; x_wconf 87' lang='lat' dir='ltr'><strong>horrere</strong></span> <span class='ocrx_word' id='word_1_467' title='bbox 3495 3849 3715 3906; x_wconf 81' lang='lat' dir='ltr'><strong>confes-</strong></span> 
     </span>
    </p>
   </div>
   <div class='ocr_carea' id='block_1_68' title="bbox 2132 3942 3561 4020">
    <p class='ocr_par' dir='ltr' id='par_1_68' title="bbox 2132 3942 3561 4020">
     <span class='ocr_line' id='line_1_68' title="bbox 2132 3942 3561 4020; baseline -0.01 -11"><span class='ocrx_word' id='word_1_468' title='bbox 2132 3952 2342 4009; x_wconf 86' lang='lat' dir='ltr'><strong>sionem</strong></span> <span class='ocrx_word' id='word_1_469' title='bbox 2371 3948 2669 4020; x_wconf 89' lang='lat' dir='ltr'><strong>compellit.</strong></span> <span class='ocrx_word' id='word_1_470' title='bbox 2705 3946 2989 4016; x_wconf 71' lang='lat' dir='ltr'><strong>Hucusque</strong></span> <span class='ocrx_word' id='word_1_471' title='bbox 3015 3946 3180 4001; x_wconf 73' lang='lat' dir='ltr'><strong>codex</strong></span> <span class='ocrx_word' id='word_1_472' title='bbox 3199 3943 3258 4000; x_wconf 91' lang='lat' dir='ltr'><strong>S.</strong></span> <span class='ocrx_word' id='word_1_473' title='bbox 3287 3942 3561 4010; x_wconf 79' lang='lat' dir='ltr'><strong>Ebrulplti.</strong></span> 
     </span>
    </p>
   </div>
   <div class='ocr_carea' id='block_1_69' title="bbox 2199 4029 3712 4112">
    <p class='ocr_par' dir='ltr' id='par_1_69' title="bbox 2199 4029 3712 4112">
     <span class='ocr_line' id='line_1_69' title="bbox 2199 4029 3712 4112; baseline -0.011 -14"><span class='ocrx_word' id='word_1_474' title='bbox 2199 4043 2340 4112; x_wconf 80' lang='lat' dir='ltr'><strong>Aug.</strong></span> <span class='ocrx_word' id='word_1_475' title='bbox 2367 4039 2631 4096; x_wconf 85' lang='lat' dir='ltr'><strong>Dominus</strong></span> <span class='ocrx_word' id='word_1_476' title='bbox 2654 4037 2950 4094; x_wconf 85' lang='lat' dir='ltr'><strong>declaravit</strong></span> <span class='ocrx_word' id='word_1_477' title='bbox 2981 4037 3038 4091; x_wconf 92' lang='lat' dir='ltr'><strong>in</strong></span> <span class='ocrx_word' id='word_1_478' title='bbox 3091 4049 3200 4090; x_wconf 91' lang='lat' dir='ltr'><strong>uno</strong></span> <span class='ocrx_word' id='word_1_479' title='bbox 3241 4041 3387 4089; x_wconf 86' lang='lat' dir='ltr'><strong>coetu</strong></span> <span class='ocrx_word' id='word_1_480' title='bbox 3431 4029 3712 4086; x_wconf 91' lang='lat' dir='ltr'><strong>hominum</strong></span> 
     </span>
    </p>
   </div>
   <div class='ocr_carea' id='block_1_70' title="bbox 2056 4123 3717 4230">
    <p class='ocr_par' dir='ltr' id='par_1_70' title="bbox 2056 4123 3717 4230">
     <span class='ocr_line' id='line_1_70' title="bbox 2056 4123 3717 4230; baseline -0.01 -40"><span class='ocrx_word' id='word_1_481' title='bbox 2056 4169 2100 4230; x_wconf 63' lang='grc' dir='ltr'><strong>ρ</strong></span> <span class='ocrx_word' id='word_1_482' title='bbox 2131 4135 2322 4189; x_wconf 90' lang='lat' dir='ltr'><strong>eadem</strong></span> <span class='ocrx_word' id='word_1_483' title='bbox 2359 4140 2703 4189; x_wconf 85' lang='lat' dir='ltr'><strong>sacramenta</strong></span> <span class='ocrx_word' id='word_1_484' title='bbox 2733 4128 3090 4196; x_wconf 90' lang='lat' dir='ltr'><strong>sumentium,</strong></span> <span class='ocrx_word' id='word_1_485' title='bbox 3141 4127 3445 4197; x_wconf 88' lang='lat' dir='ltr'><strong>aliquorum</strong></span> <span class='ocrx_word' id='word_1_486' title='bbox 3477 4123 3717 4177; x_wconf 84' lang='lat' dir='ltr'><strong>immun-</strong></span> 
     </span>
    </p>
   </div>
   <div class='ocr_carea' id='block_1_71' title="bbox 2132 4215 3718 4294">
    <p class='ocr_par' dir='ltr' id='par_1_71' title="bbox 2132 4215 3718 4294">
     <span class='ocr_line' id='line_1_71' title="bbox 2132 4215 3718 4294; baseline -0.008 -11"><span class='ocrx_word' id='word_1_487' title='bbox 2132 4226 2320 4283; x_wconf 89' lang='lat' dir='ltr'><strong>ditiam</strong></span> <span class='ocrx_word' id='word_1_488' title='bbox 2363 4225 2580 4281; x_wconf 91' lang='lat' dir='ltr'><strong>mundis</strong></span> <span class='ocrx_word' id='word_1_489' title='bbox 2603 4224 2797 4280; x_wconf 87' lang='lat' dir='ltr'><strong>obesse</strong></span> <span class='ocrx_word' id='word_1_490' title='bbox 2844 4238 2952 4280; x_wconf 89' lang='lat' dir='ltr'><strong>non</strong></span> <span class='ocrx_word' id='word_1_491' title='bbox 2975 4235 3180 4294; x_wconf 87' lang='lat' dir='ltr'><strong>posse:</strong></span> <span class='ocrx_word' id='word_1_492' title='bbox 3223 4219 3318 4290; x_wconf 92' lang='lat' dir='ltr'><strong>qui</strong></span> <span class='ocrx_word' id='word_1_493' title='bbox 3367 4224 3547 4273; x_wconf 87' lang='lat' dir='ltr'><strong>autem</strong></span> <span class='ocrx_word' id='word_1_494' title='bbox 3596 4215 3718 4271; x_wconf 90' lang='lat' dir='ltr'><strong>solo</strong></span> 
     </span>
    </p>
   </div>
   <div class='ocr_carea' id='block_1_72' title="bbox 2133 4308 3716 4386">
    <p class='ocr_par' dir='ltr' id='par_1_72' title="bbox 2133 4308 3716 4386">
     <span class='ocr_line' id='line_1_72' title="bbox 2133 4308 3716 4386; baseline -0.009 -11"><span class='ocrx_word' id='word_1_495' title='bbox 2133 4328 2496 4386; x_wconf 88' lang='lat' dir='ltr'><strong>sacramento,</strong></span> <span class='ocrx_word' id='word_1_496' title='bbox 2539 4317 2794 4374; x_wconf 89' lang='lat' dir='ltr'><strong>sacerdos</strong></span> <span class='ocrx_word' id='word_1_497' title='bbox 2834 4323 2938 4380; x_wconf 92' lang='lat' dir='ltr'><strong>est,</strong></span> <span class='ocrx_word' id='word_1_498' title='bbox 2970 4314 3113 4370; x_wconf 89' lang='lat' dir='ltr'><strong>sicut</strong></span> <span class='ocrx_word' id='word_1_499' title='bbox 3138 4308 3488 4380; x_wconf 84' lang='lat' dir='ltr'><strong>fuitCaipha,</strong></span> <span class='ocrx_word' id='word_1_500' title='bbox 3523 4321 3716 4378; x_wconf 81' lang='lat' dir='ltr'><strong>perse-</strong></span> 
     </span>
    </p>
   </div>
   <div class='ocr_carea' id='block_1_73' title="bbox 2133 4404 3250 4469">
    <p class='ocr_par' dir='ltr' id='par_1_73' title="bbox 2133 4404 3250 4469">
     <span class='ocr_line' id='line_1_73' title="bbox 2133 4404 3250 4469; baseline -0.009 0"><span class='ocrx_word' id='word_1_501' title='bbox 2133 4419 2295 4469; x_wconf 91' lang='lat' dir='ltr'><strong>cutor</strong></span> <span class='ocrx_word' id='word_1_502' title='bbox 2319 4411 2480 4468; x_wconf 89' lang='lat' dir='ltr'><strong>unius</strong></span> <span class='ocrx_word' id='word_1_503' title='bbox 2504 4420 2558 4467; x_wconf 90' lang='lat' dir='ltr'><strong>et</strong></span> <span class='ocrx_word' id='word_1_504' title='bbox 2587 4409 2703 4467; x_wconf 87' lang='lat' dir='ltr'><strong>veri</strong></span> <span class='ocrx_word' id='word_1_505' title='bbox 2731 4407 2926 4467; x_wconf 91' lang='lat' dir='ltr'><strong>summi</strong></span> <span class='ocrx_word' id='word_1_506' title='bbox 2949 4404 3250 4465; x_wconf 88' lang='lat' dir='ltr'><strong>sacerdotis</strong></span> 
     </span>
    </p>
   </div>
   <div class='ocr_carea' id='block_1_74' title="bbox 1734 4647 2401 4707">
    <p class='ocr_par' dir='ltr' id='par_1_74' title="bbox 1734 4647 2401 4707">
     <span class='ocr_line' id='line_1_74' title="bbox 1734 4647 2401 4707; baseline 0 -2"><span class='ocrx_word' id='word_1_507' title='bbox 1734 4647 1962 4706; x_wconf 65' lang='lat' dir='ltr'><strong>VARIA!</strong></span> <span class='ocrx_word' id='word_1_508' title='bbox 1999 4649 2401 4707; x_wconf 82' lang='lat' dir='ltr'><strong>LECTIONES.</strong></span> 
     </span>
    </p>
   </div>
   <div class='ocr_carea' id='block_1_75' title="bbox 515 4754 3103 4836">
    <p class='ocr_par' dir='ltr' id='par_1_75' title="bbox 515 4754 3103 4836">
     <span class='ocr_line' id='line_1_75' title="bbox 515 4754 3103 4836; baseline -0.007 -13"><span class='ocrx_word' id='word_1_509' title='bbox 515 4767 608 4800; x_wconf 78' lang='grc'><strong>³⁹⁶⁶</strong></span> <span class='ocrx_word' id='word_1_510' title='bbox 630 4765 890 4822; x_wconf 81' lang='lat' dir='ltr'><strong>Collatum</strong></span> <span class='ocrx_word' id='word_1_511' title='bbox 913 4775 985 4819; x_wconf 81' lang='lat' dir='ltr'><strong>est</strong></span> <span class='ocrx_word' id='word_1_512' title='bbox 1015 4765 1407 4836; x_wconf 70' lang='lat' dir='ltr'><strong>Uﬂendiculum</strong></span> <span class='ocrx_word' id='word_1_513' title='bbox 1431 4781 1549 4820; x_wconf 85' lang='lat' dir='ltr'><strong>cum</strong></span> <span class='ocrx_word' id='word_1_514' title='bbox 1578 4780 1723 4836; x_wconf 77' lang='lat' dir='ltr'><strong>mss.</strong></span> <span class='ocrx_word' id='word_1_515' title='bbox 1777 4759 2029 4836; x_wconf 68' lang='lat' dir='ltr'><strong>Becccnsi</strong></span> <span class='ocrx_word' id='word_1_516' title='bbox 2067 4759 2136 4816; x_wconf 88' lang='lat' dir='ltr'><strong>E.</strong></span> <span class='ocrx_word' id='word_1_517' title='bbox 2167 4763 2277 4836; x_wconf 84' lang='lat' dir='ltr'><strong>_lO.</strong></span> <span class='ocrx_word' id='word_1_518' title='bbox 2317 4771 2364 4816; x_wconf 80' lang='lat' dir='ltr'><strong>et</strong></span> <span class='ocrx_word' id='word_1_519' title='bbox 2514 4757 2794 4836; x_wconf 48' lang='lat' dir='ltr'><strong>librum/ii.</strong></span> <span class='ocrx_word' id='word_1_520' title='bbox 2869 4754 3103 4836; x_wconf 38' lang='lat'><strong>&quot;2.91.,</strong></span> 
     </span>
    </p>
   </div>
   <div class='ocr_carea' id='block_1_76' title="bbox 439 4829 2816 4906">
    <p class='ocr_par' dir='ltr' id='par_1_76' title="bbox 439 4829 2816 4906">
     <span class='ocr_line' id='line_1_76' title="bbox 439 4829 2816 4906; baseline -0.002 -16"><span class='ocrx_word' id='word_1_521' title='bbox 439 4835 586 4894; x_wconf 89' lang='lat' dir='ltr'><strong>dicio</strong></span> <span class='ocrx_word' id='word_1_522' title='bbox 605 4849 661 4893; x_wconf 93' lang='lat' dir='ltr'><strong>et</strong></span> <span class='ocrx_word' id='word_1_523' title='bbox 732 4837 826 4868; x_wconf 71' lang='lat'><strong>’9”</strong></span> <span class='ocrx_word' id='word_1_524' title='bbox 845 4836 944 4898; x_wconf 81' lang='grc' dir='ltr'><strong>αι..</strong></span> <span class='ocrx_word' id='word_1_525' title='bbox 970 4829 1183 4892; x_wconf 61' lang='grc' dir='ltr'><strong>ιδίιεῖθηι</strong></span> <span class='ocrx_word' id='word_1_526' title='bbox 1255 4837 1349 4869; x_wconf 72' lang='grc' dir='ltr'><strong>³⁹ι⁰</strong></span> <span class='ocrx_word' id='word_1_527' title='bbox 1371 4836 1469 4903; x_wconf 82' lang='lat' dir='ltr'><strong>aL,</strong></span> <span class='ocrx_word' id='word_1_528' title='bbox 1498 4835 1714 4906; x_wconf 87' lang='lat' dir='ltr'><strong>quidem</strong></span> <span class='ocrx_word' id='word_1_529' title='bbox 1788 4833 1882 4866; x_wconf 79' lang='grc'><strong>³⁹¹¹</strong></span> <span class='ocrx_word' id='word_1_530' title='bbox 1910 4833 2010 4897; x_wconf 81' lang='grc' dir='ltr'><strong>αι..</strong></span> <span class='ocrx_word' id='word_1_531' title='bbox 2051 4833 2321 4902; x_wconf 82' lang='lat' dir='ltr'><strong>cordeque</strong></span> <span class='ocrx_word' id='word_1_532' title='bbox 2392 4830 2486 4866; x_wconf 79' lang='grc'><strong>⁸⁸³⁸</strong></span> <span class='ocrx_word' id='word_1_533' title='bbox 2515 4829 2609 4892; x_wconf 81' lang='lat' dir='ltr'><strong>aL,</strong></span> <span class='ocrx_word' id='word_1_534' title='bbox 2637 4829 2816 4886; x_wconf 88' lang='lat' dir='ltr'><strong>studio</strong></span> 
     </span>
    </p>
   </div>
   <div class='ocr_carea' id='block_1_77' title="bbox 443 4907 1456 4983">
    <p class='ocr_par' dir='ltr' id='par_1_77' title="bbox 443 4907 1456 4983">
     <span class='ocr_line' id='line_1_77' title="bbox 443 4907 1456 4983; baseline 0.001 -21"><span class='ocrx_word' id='word_1_535' title='bbox 443 4908 543 4977; x_wconf 77' lang='grc' dir='ltr'><strong>αι..</strong></span> <span class='ocrx_word' id='word_1_536' title='bbox 571 4909 831 4983; x_wconf 86' lang='lat' dir='ltr'><strong>eligerent</strong></span> <span class='ocrx_word' id='word_1_537' title='bbox 905 4908 998 4940; x_wconf 69' lang='grc'>³⁸⁸⁸</span> <span class='ocrx_word' id='word_1_538' title='bbox 1024 4909 1124 4974; x_wconf 75' lang='lat' dir='ltr'><strong>aL,</strong></span> <span class='ocrx_word' id='word_1_539' title='bbox 1149 4907 1456 4965; x_wconf 85' lang='lat' dir='ltr'><strong>conﬁtendo</strong></span> 
     </span>
    </p>
   </div>
   <div class='ocr_carea' id='block_1_78' title="bbox 3155 4746 3724 4822">
    <p class='ocr_par' dir='ltr' id='par_1_78' title="bbox 3155 4746 3724 4822">
     <span class='ocr_line' id='line_1_78' title="bbox 3155 4746 3724 4822; baseline 0 0"><span class='ocrx_word' id='word_1_540' title='bbox 3155 4751 3298 4822; x_wconf 76' lang='grc' dir='ltr'><strong>ψιοά</strong></span> <span class='ocrx_word' id='word_1_541' title='bbox 3333 4821 3339 4822; x_wconf 63' lang='lat'><strong><em>,</em></strong></span> <span class='ocrx_word' id='word_1_542' title='bbox 3373 4746 3468 4822; x_wconf 51' lang='lat' dir='ltr'><strong>i’”</strong></span> <span class='ocrx_word' id='word_1_543' title='bbox 3498 4746 3571 4799; x_wconf 76' lang='grc' dir='ltr'><strong>αίο</strong></span> <span class='ocrx_word' id='word_1_544' title='bbox 3593 4757 3724 4822; x_wconf 59' lang='grc' dir='ltr'><strong>’ΜΤ</strong></span> 
     </span>
    </p>
   </div>
   <div class='ocr_carea' id='block_1_79' title="bbox 2925 4813 3722 4893">
    <p class='ocr_par' dir='ltr' id='par_1_79' title="bbox 2925 4813 3722 4893">
     <span class='ocr_line' id='line_1_79' title="bbox 2925 4813 3722 4893; baseline -0.016 -12"><span class='ocrx_word' id='word_1_545' title='bbox 2925 4825 3020 4859; x_wconf 76' lang='grc'><strong>⁸⁹³³</strong></span> <span class='ocrx_word' id='word_1_546' title='bbox 3074 4813 3188 4888; x_wconf 47' lang='lat' dir='ltr'><strong>aL,-</strong></span> <span class='ocrx_word' id='word_1_547' title='bbox 3228 4820 3546 4893; x_wconf 86' lang='lat' dir='ltr'><strong>prohibetur</strong></span> <span class='ocrx_word' id='word_1_548' title='bbox 3619 4813 3722 4848; x_wconf 63' lang='grc' dir='ltr'><strong>*ηδ</strong></span> 
     </span>
    </p>
   </div>
  </div>
