3940 6046
283 269 392 326 567

288 407 3362 432 ΜΝ

1341 265 1429 320 DE
1467 261 1739 319 NUPTIIS
1776 256 2477 316 CONSANGUINEORUM.

3452 261 3556 315 I553

1311 559 1459 674 s.
1533 517 2503 672 Δπειιιιιππε

601 800 798 922 DE
887 794 1518 924 NUPTIIS
1614 719 3223 922 CONSANGUINEORUM.

340 1029 439 1100 An
465 1036 706 1114 nuptiae
769 1031 1374 1112 consanguineorum
1405 1031 1533 1092 sint
1577 1029 1802 1101 vetita,
1835 1025 1988 1088 adeo
2020 1035 2092 1089 ut
2119 1027 2358 1089 remitti
2386 1035 2696 1108 nequeant
2727 1051 2748 1099 ;
2792 1035 2847 1090 et
2884 1047 2999 1091 cur
3033 1030 3164 1091 sint
3193 1027 3513 1094 damnatis.

354 1329 507 1402 ιιι
538 1330 821 1408 Ausstuus
849 1325 1254 1384 Cantuariensis
1286 1323 1464 1408 fratri
1503 1321 1699 1378 dilecto
1734 1320 1858 1391 Spi-
1887 1320 1933 1378 Α
1959 1335 2062 1391 que
2083 1328 2236 1374 extra
2268 1317 2532 1375 dividere.
2565 1298 2713 1374 Talis
2737 1319 2934 1390 quippe
2960 1329 3080 1376 erat
3105 1321 3394 1380 limreditas
3423 1324 3544 1380 illo-

274 1423 443 1478 ritum
469 1422 767 1492 sapientiai,
797 1429 852 1475 et
877 1418 1206 1474 intellectus.

790 1507 1018 1565 CAPUT
1046 1505 1334 1562 PRIMUM.

275 1625 414 1691 Quae
433 1625 498 1680 sit
524 1624 662 1680 ratio
679 1621 1040 1702 prohibitionis
1063 1619 1426 1690 coniugiorum
1450 1616 1583 1672 inter
1603 1616 1859 1686 sanguine

953 1702 1190 1760 Junctos.

346 1782 600 1838 Gratulor
618 1780 928 1846 admodum,
953 1781 1125 1834 frater
1146 1777 1486 1843 charissima,
1511 1777 1703 1833 studiis
1729 1776 1854 1840 tuis,

271 1873 469 1942 quibus
501 1886 584 1926 me
623 1886 867 1935 exerces,
895 1871 1020 1926 dum
1049 1868 1267 1926 desidiae
1309 1883 1502 1924 somno
1532 1874 1855 1936 torpentem,

272 1980 376 2018 nec
405 1963 508 2019 tale
528 1963 655 2033 quid
677 1962 1058 2025 somniantem,
1079 1959 1377 2030 qumstione
1401 1957 1585 2028 pulsas
1608 1965 1667 2012 ut
1687 1955 1859 2026 evigi-

271 2054 374 2108 lcr.
409 2054 588 2124 [togas
623 2053 768 2108 enim
820 2068 906 2108 me
935 2051 1227 2115 hominem,
1263 2059 1322 2104 ut
1351 2059 1531 2120 putas,
1566 2047 1748 2104 multa:
1782 2047 1860 2103 le-

269 2144 489 2207 ctionis,
514 2151 574 2198 ut
601 2143 695 2198 tibi
718 2142 1005 2213 diligenter
1024 2151 1080 2196 et
1099 2139 1331 2194 dilucide
1356 2138 1655 2199 rescribam
1681 2137 1854 2192 sicubi

270 2233 326 2287 in
351 2242 659 2288 sanctorum
686 2230 907 2286 Patrum
935 2230 1168 2286 decretis
1194 2228 1278 2284 vel
1312 2229 1632 2284 tractatibus
1662 2227 1856 2282 memi-

269 2319 444 2373 nerim
469 2335 554 2374 me
577 2319 771 2389 legisse
797 2317 1216 2388 prohibitionem
1245 2315 1616 2388 conjugiorum
1647 2314 1701 2369 in
1729 2329 1858 2370 con-

267 2410 660 2482 sanguinitate;
711 2425 817 2480 qua
861 2409 1074 2465 ratione
1119 2409 1172 2464 in
1217 2407 1460 2463 Ecclesia
1502 2406 1597 2461 Dei
1648 2415 1854 2461 tantam

267 2506 378 2558 vim
409 2502 723 2566 obtinuerit,
752 2511 812 2557 ut
844 2500 1002 2571 hujus
1033 2514 1289 2556 excessus
1317 2498 1460 2553 nulla
1482 2497 1703 2553 omnino
1731 2511 1855 2568 pos-

265 2595 340 2647 sit
366 2608 486 2648 esse
525 2593 874 2664 indulgentia,
914 2592 1017 2647 nisi
1057 2591 1394 2661 praecedente
1423 2590 1590 2660 ipsius
1618 2589 1853 2660 conjugii

1964 1428 2105 1477 rum,
2150 1411 2379 1480 talisque
2414 1419 2468 1466 et
2493 1412 2670 1467 omnis
2697 1420 2910 1468 terrena
2938 1414 3245 1480 btereditas,
3284 1426 3343 1470 ut
3371 1417 3546 1474 divisa

1963 1503 2238 1557 minuatur
2263 1511 2318 1556 et
2355 1510 2464 1558 tota
2495 1504 2562 1558 ad
2592 1519 2687 1558 eos
2712 1519 2819 1559 non
2857 1505 3158 1572 perveniat.
3188 1505 3374 1577 itaque
3405 1508 3548 1563 sicut

1961 1593 2218 1650 Dominus
2249 1594 2300 1648 in
2328 1594 2622 1664 Evangelio
2646 1594 2862 1666 (Matth.
2893 1594 3006 1664 xu)
3031 1595 3163 1651 dicit
3187 1597 3254 1653 de
3277 1598 3454 1654 dando
3476 1597 3546 1654 li-

1959 1683 2100 1738 bello
2131 1683 2362 1754 repudii,
2392 1686 2690 1740 secundum
2734 1685 2989 1741 duritiam
3021 1687 3202 1744 cordis
3237 1703 3422 1744 eorum
3457 1703 3547 1745 re—

1959 1787 2214 1844 sponsum
2243 1781 2328 1830 est
2358 1788 2548 1830 eorum
2579 1773 2906 1830 carnalitati.

2573 1885 2801 1944 CAPUT
2839 1887 2923 1944 Ill.

2208 2000 2367 2058 Ratio
2393 2002 2646 2056 contrarii
2681 2001 2839 2056 edicti
2864 2002 2919 2058 in
2944 2002 3055 2073 lege
3080 2004 3289 2075 gratim.

2027 2129 2193 2185 Porro
2220 2130 2524 2185 Christiana
2555 2133 2727 2201 pietas
2757 2150 2862 2190 non
2891 2137 2992 2193 sic.
3022 2135 3157 2192 Cum
3189 2139 3334 2194 enim
3366 2139 3541 2197 haere-

1957 2222 2098 2277 ditas
2141 2229 2324 2277 nostra
2357 2221 2446 2287 sit,
2479 2224 2543 2277 de
2573 2240 2682 2294 quo
2724 2226 2969 2282 dicitur:
3016 2227 3156 2284 Deus
3196 2231 3427 2286 charitas
3468 2245 3546 2288 est

1957 2312 2010 2386 (1
2030 2312 2192 2368 Joan.
2221 2328 2298 2380 iv,
2319 2312 2403 2378 8);
2437 2314 2578 2369 sicut
2600 2314 2676 2369 illi
2705 2315 2824 2387 lege
2851 2327 3075 2374 utuntur
3095 2335 3208 2376 suae
3234 2321 3540 2378 haereditati

1955 2419 2214 2474 congrua,
2235 2402 2313 2459 sic
2331 2411 2386 2458 et
2407 2418 2506 2460 nos
2527 2415 2726 2460 nostrae
2749 2407 3050 2463 hmreditati
3072 2409 3243 2482 legem
3265 2411 3545 2469 vindicare

1955 2497 2230 2552 debemus.
2263 2495 2513 2552 Charitas
2548 2497 2714 2561 enim,
2757 2513 2865 2569 quo
2898 2499 3060 2560 latius
3089 2501 3260 2556 divisa
3284 2501 3540 2559 diffundi-

1957 2594 2063 2649 tur,
2117 2593 2266 2640 tanto
2315 2584 2534 2642 uberior
2583 2586 2840 2643 dividenti
2895 2597 3142 2645 remanet
3189 2603 3245 2645 et
3294 2601 3540 2662 augetur.

265 2683 535 2748 divortio;
569 2681 648 2736 vel
678 2698 774 2738 cur
798 2682 990 2739 saltem
1021 2681 1310 2751 deputetur
1343 2680 1396 2734 in
1431 2687 1714 2750 peccatum
1747 2678 1852 2734 tale
1884 2674 1928 2730 Β
1954 2675 2158 2732 Statuit
2182 2677 2345 2748 igitur
2377 2677 2684 2733 Christiana
2717 2679 2924 2751 religio,
2955 2689 3016 2736 ut
3038 2681 3286 2738 terminis
3308 2697 3543 2739 consan-

264 2775 597 2852 conjugium.
631 2775 718 2839 Et,
762 2783 822 2829 ut
865 2773 1039 2839 video,
1081 2787 1188 2828 non
1229 2772 1429 2842 quaeris
1467 2770 1848 2827 auctoritatem

265 2867 384 2922 solo
414 2867 483 2938 (si
509 2867 581 2921 ita
606 2866 803 2937 dicam)
832 2865 1060 2935 imperio
1084 2873 1520 2937 cognoscentem,
1545 2861 1640 2919 sed
1666 2863 1849 2933 potius

267 2957 540 3013 rationem
585 2956 984 3012 rationabiliter
1021 2956 1323 3012 docentem.
1358 2955 1602 3010 Dicerem
1641 2954 1848 3022 simpli-

265 3063 384 3103 cem
415 3055 680 3118 et,puram
711 3061 832 3103 esse
867 3046 1160 3111 rationem,
1191 3059 1386 3101 eorum
1417 3045 1639 3101 obedire
1665 3053 1852 3100 aucto-

265 3139 437 3204 ritati,
469 3139 665 3209 quibus
695 3139 895 3195 dictum
927 3147 1010 3194 est
1042 3157 1056 3192 :
1081 3136 1206 3192 Non
1234 3138 1371 3192 enim
1398 3153 1486 3192 eos
1513 3137 1634 3192 estis
1655 3137 1744 3207 qui
1772 3135 1851 3194 lo-

265 3231 509 3296 quimini,
548 3231 640 3285 sed
677 3231 893 3298 spiritus
936 3227 1118 3286 Patris
1149 3230 1303 3284 vestri
1338 3227 1571 3300 loquitur
1604 3229 1657 3281 in
1709 3228 1849 3282 vobis

267 3321 482 3393 (Matth.
527 3337 585 3386 κ,
617 3321 741 3393 20);
776 3332 830 3378 et
876 3321 1132 3377 Ecclesiae
1181 3321 1332 3391 sequi
1382 3321 1847 3386 consuetudinem,

267 3413 422 3483 cujus
474 3413 898 3468 consuetudines
954 3409 1440 3468 velle'convellere
1469 3451 1485 3476 ,
1536 3423 1705 3481 genus
1768 3417 1854 3463 est

1953 2769 2232 2842 guinitatis
2259 2771 2557 2826 secundum
2597 2783 2912 2828 sanctorum
2936 2773 3155 2828 Patrum
3185 2783 3239 2828 et
3267 2789 3542 2832 canonum

1953 2863 2190 2929 decreta,
2237 2877 2409 2933 usque
2453 2863 2521 2918 ad
2569 2871 2784 2919 sextum
2816 2864 3040 2936 gradum
3086 2878 3155 2920 ex
3191 2867 3337 2921 omni
3384 2876 3543 2937 parte

1951 2952 2383 3024 pertingentibus
2427 2951 2494 3006 ad
2557 2952 2878 3008 charitatem
2925 2955 3357 3031 conservandam
3408 2972 3541 3011 suus

1950 3043 2148 3098 natalis
2189 3041 2416 3099 sufficiat
2459 3041 2705 3111 affectus,
2752 3059 2912 3114 quem
2952 3044 3156 3102 violare
3186 3047 3352 3102 etiam
3396 3049 3542 3118 apud

1951 3136 2214 3191 barbaros
2249 3135 2400 3190 nefas
2427 3135 2660 3190 ducitur.
2694 3133 2796 3191 Ubi
2829 3149 2961 3191 vero
2998 3137 3087 3192 ille
3112 3137 3316 3202 deficit,
3346 3139 3418 3194 ibi
3447 3141 3540 3196 de-

1953 3239 2099 3280 mum
2123 3224 2190 3279 ad
2217 3224 2538 3278 charitatem
2571 3223 2904 3295 religandam
2942 3241 3010 3281 ne
3033 3227 3298 3283 subducat
3331 3244 3410 3296 se,
3443 3230 3544 3284 ad-

1935 3314 2273 3370 nectendum
2298 3328 2418 3370 esse
2441 3314 2714 3370 vinculum
2741 3315 3022 3388 coniugale
3048 3317 3114 3372 ad
3142 3318 3539 3392 prolongandos

1954 3404 2213 3460 terminos
2239 3413 2435 3461 nostra:
2464 3404 2819 3472 hmreditatis,
2853 3422 2974 3477 quae
2997 3416 3081 3463 est
3118 3408 3232 3478 ipsa
3263 3409 3537 3476 Charitas;

265 3503 511 3558 haresis.
577 3502 682 3558 Sed
734 3511 790 3556 ut
843 3502 984 3557 scias
1033 3501 1087 3556 in
1148 3499 1400 3557 omnibus
1446 3511 1531 3552 me
1577 3497 1713 3553 velle
1753 3496 1853 3552 ob-’
1947 3495 2418 3568 justissimumque
2470 3496 2708 3563 videtur,
2755 3506 2817 3553 ut
2872 3499 3015 3555 sicut
3068 3501 3210 3570 apud
3264 3501 3382 3558 illos
3440 3516 3544 3558 sua

267 3603 575 3664 temperare
627 3591 886 3646 voluntati
935 3601 1061 3656 tuae,
1116 3590 1218 3646 etsi
1269 3587 1408 3644 forte
1457 3603 1562 3642 non
1617 3588 1849 3656 possim,

265 3686 506 3742 conabor
537 3694 716 3740 tamen
755 3692 811 3740 et
853 3685 906 3739 in
947 3684 1050 3738 hoc
1088 3696 1156 3738 ex
1195 3680 1374 3750 aliqua
1422 3680 1516 3736 tibi
1552 3689 1706 3750 parte
1744 3694 1850 3733 non

267 3779 476 3834 deesse.

885 3863 1114 3922 CAPUT
1150 3863 1214 3918 ll.

375 3981 605 4036 Iudaica
635 3979 877 4052 qutedam
916 3977 1175 4060 connubia
1211 3991 1306 4030 cur
1339 3976 1475 4029 inter
1496 3983 1742 4044 cognatos

923 4064 1196 4118 permissa.

338 4142 616 4213 Praecepto
647 4143 771 4206 hoc,
805 4141 1013 4197 scilicet
1048 4142 1104 4196 in
1138 4139 1590 4210 consanguinitate
1627 4153 1729 4192 non
1754 4137 1853 4191 mi-

267 4241 461 4296 scenda
489 4240 774 4306 connubia,
801 4240 881 4294 uel
915 4241 960 4293 si
998 4239 1154 4292 mista
1182 4247 1302 4292 sunt
1338 4236 1652 4298 dirimenda,
1687 4251 1855 4291 cauo-

267 4348 368 4389 nes
393 4331 536 4403 pleni
581 4341 726 4396 sunt,
758 4339 812 4384 et
858 4329 1023 4384 multa
1064 4337 1192 4382 sunt
1220 4327 1437 4383 decreta
1468 4325 1722 4390 Patrum;
1757 4326 1854 4380 sed

270 4425 538 4479 rationem
567 4423 820 4494 praecepti
846 4437 1008 4492 quam
1030 4421 1218 4490 exigis,
1247 4418 1436 4481 fateor,
1462 4433 1549 4473 me
1574 4433 1851 4486 nunquam

269 4516 465 4586 legisse
491 4514 736 4570 memini.
769 4512 860 4569 Sic
886 4522 1066 4568 tamen
1094 4511 1159 4566 de
1181 4511 1280 4564 hac
1309 4523 1366 4564 re
1397 4522 1606 4563 mecum
1632 4522 1696 4562 ex
1719 4523 1850 4562 con-

261 4608 601 4674 sideratione
630 4614 938 4660 sanctarum
973 4602 1376 4672 Scripturarum
1414 4598 1561 4654 soleo
1589 4599 1848 4668 cogitare.

268 4699 325 4754 In
353 4699 519 4753 veteri
542 4698 632 4752 illo
658 4696 852 4767 populo
883 4694 1150 4750 connubia
1180 4691 1391 4747 misceri
1414 4691 1480 4745 de
1510 4689 1648 4744 tribu
1681 4690 1731 4743 in
1761 4689 1848 4742 tri-

268 4789 395 4844 bum
428 4803 534 4843 non
567 4787 781 4843 licebat.
829 4784 1102 4852 Quaerenti
1137 4783 1263 4837 mihi
1301 4798 1398 4836 cur
1437 4796 1574 4844 non,
1601 4795 1853 4836 occurre-

269 4889 396 4935 runt
435 4880 538 4934 illa:
566 4879 688 4932 ﬁliae
719 4877 977 4946 Salpbaat
1006 4889 1168 4944 super
1197 4872 1483 4927 connubiis
1514 4869 1851 4926 consulenti-

267 4970 372 5025 bus
398 4968 638 5040 Hoysen,
666 4975 721 5021 et
747 4982 842 5036 per
865 4964 1082 5035 Moysen
1113 4963 1395 5026 Dominum
1420 4958 1610 5030 (Num.
1640 4961 1850 5027 xxxvi),

269 5063 585 5117 mandatum
619 5076 650 5114 a
700 5059 929 5117 Domino
978 5057 1047 5112 de
1083 5056 1222 5110 tribu
1268 5055 1322 5109 in
1372 5055 1570 5109 tribum
1602 5068 1708 5106 non
1753 5053 1854 5106 mi-

269 5154 470 5210 scenda
501 5153 768 5208 connubia
799 5159 1020 5222 propter
1047 5149 1324 5204 vitandam
1363 5161 1584 5202 suarum
1623 5145 1854 5201 haeredi-

270 5253 442 5300 tatum
476 5243 909 5299 diminutionem.
938 5240 1174 5311 Populus
1201 5239 1346 5294 enim
1376 5237 1463 5292 ille
1493 5236 1729 5292 carnalis
1757 5252 1854 5292 cor

268 5351 426 5390 suum
450 5334 653 5391 habere
673 5332 967 5398 neSciebat,
992 5331 1084 5387 sed
1111 5339 1168 5384 ut
1195 5328 1382 5400 reptile
1398 5338 1671 5383 terrenum
1696 5337 1853 5383 terra:

272 5435 385 5482 toto
417 5435 636 5495 pectore
664 5423 969 5487 adhaerens,
994 5421 1362 5476 hmreditatem
1385 5418 1554 5474 solam
1580 5426 1848 5474 terrenam

271 5512 563 5586 cogitabat.
603 5515 834 5569 Malebat
869 5512 1075 5584 singula
1111 5511 1283 5566 tribus
1313 5508 1580 5565 connubia
1613 5509 1754 5564 inter
1792 5524 1852 5564 sc

270 5609 448 5663 dando
477 5616 532 5663 et
573 5606 888 5676 accipiendo
934 5604 1074 5658 inter
1112 5618 1238 5658 suas
1283 5617 1340 5657 se
1380 5601 1656 5672 augustius
1700 5600 1852 5654 cohi-

271 5699 421 5767 bere,
451 5713 613 5771 quam
633 5707 784 5756 extra
813 5694 988 5752 dando
1012 5693 1300 5758 connubia,
1327 5692 1695 5748 lnereditatem
1717 5706 1851 5762 quo-

1953 3586 2284 3642 multabatur
2329 3601 2489 3657 paena
2559 3597 2932 3658 transgressor
2986 3589 3134 3660 legis
3191 3591 3382 3661 positae
3441 3607 3544 3663 pro

1956 3683 2171 3731 terrena
2215 3692 2405 3732 eorum
2454 3678 2772 3734 haereditate
2821 3682 3214 3746 conservanda,
3269 3683 3350 3738 sic
3394 3685 3538 3754 apud

1955 3784 2054 3823 nos
2113 3785 2219 3824 non
2276 3771 2495 3840 impune
2562 3769 2726 3826 abeat
2798 3781 3092 3829 temerator
3156 3773 3290 3846 legis
3349 3776 3540 3845 positae

1954 3875 2053 3930 pro
2078 3860 2284 3916 cmlesti
2315 3875 2473 3931 pane,
2513 3870 2570 3917 et
2606 3863 2784 3918 divina
2828 3863 3146 3920 haereditate
3181 3874 3369 3920 nostra
3403 3866 3539 3920 dila-

1958 3951 2140 4006 tanda.

2561 4042 2792 4101 CAPUT
2841 3999 2932 4100 iv.

1954 4159 2076 4214 Alia
2098 4159 2334 4231 ejusdem
2360 4160 2514 4214 edicti
2537 4160 2672 4214 ratio
2695 4159 2983 4214 communis
3010 4159 3270 4230 plerisque
3295 4160 3540 4217 Judaicis

2192 4231 2328 4284 inter
2357 4239 2606 4300 cognatos
2637 4231 2930 4296 connubiis,
2956 4231 3078 4285 item
3107 4233 3294 4288 vetitis.

2024 4342 2216 4399 Adhuc
2267 4343 2433 4398 aliud.
2481 4343 2582 4408 Qui
2630 4351 2784 4398 extra
2831 4343 3029 4413 tribum
3089 4343 3359 4399 connubia
3407 4345 3539 4400 dare

1952 4434 2381 4505 prohibebantur
2407 4435 2548 4490 sicut
2583 4450 2703 4500 nos,
2743 4435 2811 4488 ad
2843 4435 3117 4504 proximos
3141 4435 3421 4505 sanguinis
3451 4452 3542 4492 ac-

1955 4525 2148 4578 cedere
2177 4523 2364 4578 eadcm
2409 4523 2526 4592 lege
2562 4538 2668 4578 non
2705 4506 3178 4593 permittebantur.
3211 4523 3353 4578 Dicit
3391 4525 3537 4579 enim

1953 4615 2038 4669 lex
2083 4609 2106 4668 τ’
2144 4615 2325 4680 Quivis
2365 4615 2518 4668 homo
2557 4615 2626 4667 ad
2663 4615 2958 4685 proximam
3000 4617 3082 4669 sui
3128 4617 3399 4688 sanguinis
3438 4634 3541 4672 non

1955 4707 2160 4760 accedet
2186 4705 2371 4776 (Levit.
2397 4721 2552 4771 xvut,
2576 4704 2653 4776 6),
2681 4706 2932 4776 additque
2956 4707 3334 4762 auctoritatem
3351 4707 3541 4776 juben-

1956 4799 2024 4854 tis
2054 4813 2067 4851 :
2100 4797 2214 4867 Ego
2246 4796 2498 4851 Dominus
2528 4797 2704 4868 (ibid.)
2733 4816 2745 4849 :
2775 4807 2831 4852 et
2854 4799 3006 4866 quasi
3038 4799 3282 4870 exigeret
3317 4815 3540 4855 causam

1955 4891 2228 4961 princepti,
2279 4890 2540 4945 rationem
2570 4889 2717 4944 addit
2754 4909 2766 4944 :
2810 4889 3205 4961 Turpitudinth
3248 4893 3457 4960 patris,
3493 4901 3542 4944 et

1954 4983 2330 5052 turpitudinem
2354 4984 2536 5037 matris
2554 4992 2658 5036 tua:
2685 5001 2787 5037 non
2811 4984 3058 5038 reuelabis
3082 5001 3100 5038 :
3122 4984 3243 5054 quia
3270 4986 3541 5052 turpitudo

1954 5083 2028 5128 est
2055 5073 2242 5143 patris,
2272 5074 2347 5126 vel
2372 5076 2552 5127 matris
2597 5085 2702 5129 tua:
2734 5075 2884 5142 (ibid.
2910 5092 2962 5141 v,
3007 5075 3081 5143 7).
3129 5075 3329 5129 Deinde
3365 5090 3428 5128 ex
3457 5087 3543 5128 se-

1955 5163 2142 5232 quenti
2191 5162 2380 5218 ordine
2430 5164 2705 5233 proximos
2751 5163 2868 5219 illos
2916 5164 3194 5234 sanguinis
3223 5203 3236 5226 ,
3289 5164 3356 5217 ad
3405 5178 3541 5232 quos

1957 5269 2063 5309 non
2112 5253 2183 5308 sit
2231 5254 2599 5308 accedendum
2657 5271 2755 5309 nec
2801 5255 3084 5309 revelanda
3131 5269 3317 5308 eorum
3366 5254 3541 5324 turpi-

1961 5347 2108 5410 tudo,
2156 5347 2351 5401 fratres
2391 5345 2600 5402 scilicet
2657 5357 2711 5403 et
2749 5362 2986 5414 sorores,
3045 5356 3207 5414 atque
3259 5347 3396 5402 alios
3445 5348 3539 5416 qui

1957 5438 2029 5494 ibi
2061 5439 2457 5494 describuntur.
2486 5439 2616 5506 Quae
2660 5454 2823 5495 causa
2867 5439 3170 5493 communis
3209 5445 3386 5508 potest
3418 5453 3542 5493 esse

1957 5538 2011 5585 et
2043 5529 2198 5584 nobis
2233 5539 2287 5584 et
2316 5530 2441 5600 illis,
2473 5533 2614 5588 sicut
2654 5537 2982 5600 praeceptum
3028 5544 3313 5585 commune
3363 5539 3442 5585 est
3485 5539 3542 5584 et

1958 5621 2111 5679 nobis
2133 5629 2186 5677 et
2212 5621 2336 5677 illis.
