3936 6048
481 293 591 353 559

1011 404 1167 476 ιω
1201 405 1426 462 CAPUT
1458 405 1523 460 v.

485 519 782 591 Exponitur
815 533 932 588 qua:
968 519 1034 572 sit
1059 517 1520 591 turpitudodetegi
1542 519 1718 582 vetita,
1742 518 1811 571 ad
1837 518 2056 573 rationis

917 590 1193 657 propositw
1216 587 1631 657 intelligentiam.

549 679 865 744 Quaeramus
893 678 1055 748 igitur
1076 693 1198 747 quae
1227 678 1297 732 sit
1322 678 1437 732 haec
1464 677 1760 746 turpitudo,
1791 676 1946 746 cujus
1972 692 2054 732 re-

479 771 675 825 velatio
719 771 936 841 dignum
984 769 1147 824 eﬂicit
1186 779 1361 824 morte
1397 769 1529 840 legis
1573 777 2052 840 transgressorem.

479 861 658 931 Turpe
691 870 794 925 est,
828 861 915 914 ubi
962 876 1086 930 pars
1127 860 1265 929 parti
1299 862 1404 915 non
1435 860 1708 914 convenit.
1741 858 1796 913 In
1831 874 2057 928 corpore

475 960 656 1006 autem
681 952 918 1006 humano
947 961 1072 1005 ante
1103 951 1258 1020 primi
1289 950 1524 1005 hominis
1553 950 2054 1020 praevaricationem

477 1045 608 1100 nihil
629 1053 746 1100 erat
773 1055 949 1114 turpe,
976 1045 1108 1099 nihil
1142 1045 1420 1099 dissonum
1453 1061 1466 1098 :
1494 1060 1617 1099 cum
1649 1043 1932 1100 harmonia
1962 1043 2053 1098 illa

476 1138 602 1192 boni
628 1137 899 1192 Creatoris
932 1152 1092 1190 manu
1129 1136 1265 1190 bene
1297 1150 1362 1190 ac
1389 1136 1645 1190 decenter
1666 1144 1851 1205 aptata
1874 1136 2055 1191 adhuc

378 1285 381 1287 _
474 1236 825 1297 permanente
865 1241 991 1296 pars
1031 1226 1167 1295 parti
1213 1227 1548 1288 conveniret,
1600 1226 1816 1295 Deoque
1846 1227 2051 1293 anima,

410 1304 415 1310 ’
474 1319 670 1374 animae
694 1333 822 1373 vero
849 1333 1042 1388 corpus
1073 1332 1230 1372 suum
1253 1332 1350 1386 per
1373 1318 1552 1372 omnia
1584 1316 1858 1373 subditum
1887 1328 2051 1374 esset.

474 1408 765 1479 Postquam
795 1423 924 1463 vero
961 1407 1400 1478 praevaricatione
1442 1407 1680 1460 mandati
1717 1405 1897 1462 anima
1943 1407 2051 1463 Deo

474 1500 614 1555 facta
645 1509 729 1555 est
766 1498 1101 1563 inobedieus,
1149 1498 1445 1568 superioris
1475 1498 1564 1552 Dei
1595 1497 1780 1553 rebelli
1825 1497 2052 1556 inferius

471 1609 669 1662 corpus
707 1592 912 1646 destitit
955 1605 1074 1645 esse
1111 1589 1390 1645 obcdiens.
1438 1587 1636 1644 Statim
1675 1591 1873 1661 quippe
1909 1591 2050 1648 oculi

471 1683 641 1753 aperti
679 1690 803 1737 sunt
831 1680 1346 1751 transgressoribus.
1384 1679 1449 1733 Et
1476 1683 1646 1750 aperti
1671 1693 1812 1746 sunt,
1849 1683 2043 1754 inquit,

471 1772 606 1826 oculi
635 1789 813 1826 eorum
844 1769 1051 1841 (Cenes.
1082 1786 1166 1836 Ill,
1199 1770 1252 1842 7)
1295 1789 1307 1824 ε
1355 1770 1602 1826 videlicet
1630 1772 1697 1826 ad
1725 1787 1783 1828 se
1813 1774 2047 1831 invicem

469 1864 977 1934 concupiscendum.
1004 1864 1069 1916 Et
1096 1879 1217 1918 cum
1240 1864 1388 1933 prius
1415 1865 1542 1920 nudi
1565 1875 1767 1931 essent,
1794 1880 1891 1922 nec
1917 1883 2046 1923 eru-

468 1953 774 2018 bescerent,
806 1966 932 2007 mox
962 1953 1206 2022 corporis
1232 1953 1312 2007 sui
1355 1962 1540 2023 partes
1569 1970 1754 2010 versas
1780 1971 1901 2013 esse
1925 1971 2050 2014 sen-

467 2047 665 2102 tientes
692 2045 746 2100 in
783 2044 1058 2114 pudenda,
1088 2053 1144 2100 et
1173 2053 1353 2115 tegere
1395 2045 1483 2099 illa
1524 2045 1870 2112 festinantes,
1904 2050 2048 2120 peri-

466 2143 678 2189 zomata
709 2132 810 2188 sibi
847 2133 1109 2189 fecerunt.
1152 2132 1306 2200 Quod
1349 2134 1513 2188 etiam
1556 2151 1699 2192 nunc
1747 2138 1799 2191 in
1841 2141 2044 2208 pueris,

463 2225 551 2282 vel
596 2224 893 2281 infantibus
935 2224 1119 2280 videre
1165 2234 1474 2296 promptum
1523 2235 1626 2292 est,
1679 2229 1771 2297 qui
1807 2231 2046 2299 quandiu

465 2318 960 2389 concupiscentiam
1007 2318 1146 2373 hanc
1190 2332 1294 2373 non
1339 2319 1602 2384 sentiunt,
1640 2320 1889 2389 pudenda
1937 2338 2044 2380 non

463 2409 688 2475 habent,
731 2409 857 2479 quia
902 2409 966 2464 de
1005 2409 1185 2479 aliqua
1222 2411 1464 2478 corporis
1512 2411 1597 2465 sui
1645 2420 1799 2480 parte
1845 2415 2043 2471 erube-

461 2515 617 2556 scere
641 2501 906 2556 nesciunt.
951 2499 1054 2556 Ubi
1084 2515 1210 2555 vero
1233 2499 1377 2555 illius
1407 2501 1672 2571 incipiun‘t
1699 2518 1820 2559 esse
1845 2519 2043 2574 exper-

463 2599 564 2656 tes,
583 2590 696 2660 jam
721 2598 904 2660 partes
926 2587 1044 2643 illas
1069 2589 1298 2644 intectas
1327 2588 1470 2644 ferre
1493 2605 1598 2644 non
1625 2589 1825 2646 ferunt.
1853 2593 2043 2650 Soluta

465 2682 628 2750 igitur
658 2681 711 2735 in
734 2681 925 2750 primis
946 2679 1050 2735 illis
1074 2680 1384 2736 hominibus
1407 2680 1772 2751 pulcherrima
1794 2683 1883 2738 illa
1914 2685 2045 2741 har-

462 2769 668 2835 monia,
715 2768 861 2824 facta
903 2777 988 2825 est
1028 2770 1301 2840 turpitudo
1339 2784 1445 2825 non
1488 2770 1734 2840 minima,
1761 2773 2043 2844 originalis

459 2875 622 2932 poena
669 2876 791 2916 cum
843 2862 1096 2934 originali
1142 2873 1366 2934 peccato
1409 2864 1478 2921 ab
1529 2865 1635 2920 illis
1684 2867 1738 2922 in
1792 2877 2040 2937 posteros

464 2953 785 3009 transitura.
814 2954 892 3009 Ex
921 2954 1023 3011 hoc
1049 2955 1212 3026 igitur
1242 2955 1294 3010 in
1325 2971 1551 3026 corpore
1577 2967 1789 3026 nostro,
1812 2975 2042 3032 corpore

450 3046 692 3118 peccati,
742 3046 985 3104 membra
1011 3046 1120 3114 illa,
1170 3063 1291 3118 qua;
1332 3049 1458 3104 huic
1502 3051 1746 3108 serviunt
1776 3056 2035 3127 concupi-

458 3140 697 3206 scentiae,
721 3139 992 3210 pudenda,
1014 3139 1098 3194 vel
1124 3140 1416 3212 turpitudo,
1433 3142 1517 3197 vel
1539 3143 1834 3214 ignominia
1862 3147 2039 3203 nomi-

455 3241 688 3293 nantur,
716 3231 1003 3286 exterioris
1035 3231 1403 3301 turpitudinis,
1437 3234 1488 3289 id
1528 3244 1615 3291 est
1649 3240 2037 3309 concupiscen-

458 3330 544 3375 tia:
567 3320 808 3397 velamen
835 3335 1048 3390 semper
1073 3331 1126 3376 et
1147 3321 1382 3378 latebras
1403 3325 1724 3380 naturaliter
1739 3327 2031 3398 exigentia.

458 3412 582 3467 llaec
602 3422 780 3466 autem
806 3414 1254 3483 concupiscentia;
1281 3416 1553 3484 turpitudo
1582 3426 1710 3473 tunc
1738 3419 2031 3486 revelatur,

457 3519 579 3558 cum
619 3503 685 3557 ad
710 3504 967 3559 iudicium
999 3506 1080 3560 sui
1109 3506 1474 3561 membrorum
1501 3523 1722 3562 suorum
1753 3509 1854 3564 sibi
1881 3511 2037 3566 exbi-

453 3603 546 3654 bet
574 3597 809 3652 ofﬁcium
843 3616 855 3652 :
888 3608 942 3654 et
964 3599 1127 3670 gestit
1149 3599 1202 3654 in
1229 3599 1479 3655 effectum
1500 3603 1647 3657 omni
1681 3603 1770 3659 illo
1799 3607 2035 3663 rationa-

453 3687 520 3742 lis
549 3693 742 3742 anima:
767 3688 948 3758 vigore
973 3689 1052 3742 sic
1079 3689 1356 3756 hebetato,
1387 3691 1615 3748 confuso
1638 3702 1692 3748 et
1714 3693 1943 3764 dejecto,
1979 3705 2034 3752 et

453 3778 777 3850 turpissimae
807 3778 1012 3836 libidini
1041 3779 1222 3834 carnis
1267 3782 1559 3846 substrato,
1605 3791 1666 3838 ut
1707 3785 1902 3840 merito
1942 3785 2031 3842 illa

455 3870 588 3924 hora
618 3869 789 3940 possit
811 3870 998 3926 audire
1036 3887 1049 3924 :
1098 3870 1269 3925 Adam
1297 3871 1386 3926 ubi
1427 3888 1480 3927 es
1507 3872 1654 3944 (ibid.
1704 3874 1804 3936 9)?
1848 3875 1901 3930 id
1927 3886 2027 3944 est,

450 3963 540 4032 qui
575 3962 683 4017 Deo
705 3977 828 4018 esse
853 3962 1049 4018 similis
1080 3962 1317 4026 voluisti,
1354 3979 1459 4018 non
1487 3965 1636 4020 vides
1667 3982 1773 4036 quo
1806 3968 2028 4026 deveni-

447 4054 556 4109 sti?
583 4054 650 4109 Et
689 4055 818 4123 quid
860 4055 1068 4124 turpius
1105 4056 1205 4110 bac
1236 4055 1602 4125 turpitudine?
1633 4059 1762 4128 quid
1800 4060 2028 4129 ignomi-

447 4144 655 4198 niosius
683 4144 785 4197 hac
814 4143 1140 4212 ignominia?
1176 4159 1340 4213 quam
1381 4145 1675 4216 Apostolus
1709 4151 1972 4208 denotans
2008 4173 2023 4208 :

447 4233 660 4305 Fugite,
687 4234 881 4304 inquit,
910 4235 1327 4304 fornicationem.
1365 4236 1533 4294 Omne
1557 4253 1846 4310 peccatum,
1888 4248 2026 4316 quod

443 4324 673 4395 peccarit
700 4324 875 4388 homo,
899 4333 1046 4378 extra
1086 4340 1272 4394 corpus
1297 4335 1370 4380 est
1396 4340 1414 4378 :
1440 4328 1529 4398 qui
1558 4345 1674 4382 vero
1708 4331 2022 4401 fornicatur,

443 4417 500 4472 in
522 4432 708 4488 corpus
746 4433 900 4472 suum
938 4427 1115 4488 peccat
1147 4417 1199 4488 (I
1224 4416 1347 4472 Cor.
1375 4435 1447 4486 vi,
1479 4421 1596 4489 18);

441 4521 664 4584 peccata
695 4513 928 4568 animam
957 4511 1174 4582 quidem
1212 4511 1435 4580 lmdunt,
1481 4529 1676 4586 corpus
1707 4526 1884 4574 tamen
1915 4536 2022 4577 non

444 4603 754 4672 deturpant.
803 4601 904 4670 Qui
946 4618 1074 4658 vero
1124 4603 1442 4673 fornicatur,
1484 4623 1592 4662 non
1635 4609 1807 4664 solum
1852 4612 2021 4668 Deum

441 4693 687 4761 offendit,
724 4703 778 4749 et
808 4697 1141 4750 contaminat
1181 4697 1441 4766 animam,
1486 4700 1578 4755 sed
1617 4711 1672 4757 et
1699 4704 1870 4772 ipsam
1902 4721 2023 4760 cor—

443 4783 592 4854 poris
606 4783 1061 4853 pulchritudinem
1087 4793 1249 4840 lotam
1274 4785 1512 4843 ftedatct
1539 4789 1874 4848 dehonestat.
1903 4793 2021 4850 Sic-

447 4873 682 4944 ut.enim
727 4873 832 4928 furi
861 4873 1216 4942 deprehenso,
1257 4877 1404 4932 ferro
1430 4879 1512 4933 vel
1541 4881 1660 4951 igne
1689 4895 1812 4939 nota
1845 4885 2016 4940 inuri-

443 4973 532 5019 tur
556 4967 743 5022 aeterni
767 4965 1073 5036 opprobrii,
1100 4967 1178 5022 sic
1201 4977 1408 5024 natura:
1432 4980 1632 5027 nostrae
1655 4975 1784 5031 vitio
1808 4993 2016 5048 praeva-

438 5059 718 5114 ricationis
745 5059 797 5113 in
829 5067 940 5114 toto
971 5074 1070 5115 suo
1096 5071 1388 5133 corruptaa,
1416 5079 1514 5134 per
1538 5079 1660 5121 eum
1691 5068 1743 5122 in
1769 5085 1874 5139 quo
1907 5081 2016 5128 tota

439 5168 584 5208 nunc
611 5161 754 5218 erat,
796 5161 852 5208 et
888 5163 1039 5208 extra
1085 5169 1245 5224 quem
1293 5171 1400 5210 non
1448 5167 1587 5222 erat,
1637 5159 1893 5217 indicium
1933 5175 2017 5221 est

441 5241 544 5296 hoc
578 5242 629 5296 in
668 5258 882 5312 poenam
913 5245 1120 5313 peccati
1148 5244 1252 5298 sui.
1295 5245 1425 5312 Qua:
1455 5250 1730 5319 turpitudo
1752 5252 1805 5306 in
1838 5257 2013 5310 omni—

437 5332 539 5385 bus
591 5341 849 5400 perpctuo
903 5334 1240 5389 verecundia:
1291 5335 1523 5404 tegmine
1573 5348 1721 5392 esset
1767 5341 2015 5410 velanda,

440 5421 540 5475 nisi
567 5435 630 5474 ex
656 5438 811 5492 poena
835 5425 991 5496 primi
1017 5425 1220 5495 peccati
1239 5427 1575 5497 generationi
1601 5429 1847 5487 humana:
1871 5447 2016 5492 esset

440 5526 762 5570 ιιεοεδδπιιι.

1017 293 1075 349 S.
1117 294 1413 350 ANSELMI
1452 290 1803 349 CANTUAR.
1853 289 2036 346 ARCH

2144 295 2172 347 ⁵.
2200 279 2635 348 ΟΡΡᾙΡΑΚΒΙ.
2679 322 2747 333 -
2785 291 3204 352 DOGMATICA.

2079 404 2127 464 Δ

3641 299 3747 355 560

2770 404 2998 463 CAPUT
3037 406 3126 462 Vl.

2161 492 2505 548 Concluditur
2534 496 2670 549 ratio
2693 499 2961 565 proposita
2983 510 3028 552 et
3055 499 3399 555 declarantur
3418 507 3576 558 vetita
3603 507 3748 561 inter

2227 566 2482 633 quosdam
2507 568 2762 635 sanguine
2777 567 2992 635 junctus
3015 571 3278 624 connubia
3303 572 3366 625 ob
3397 579 3744 631 reverentiam

2230 650 2386 703 quam
2412 635 2511 689 sibi
2549 636 2764 690 invicem
2785 637 2991 692 debent.

2226 723 2392 794 Cujus
2439 733 2616 780 tamen
2661 727 3028 797 generationis
3081 729 3260 787 nullus
3306 748 3462 789 amor
3507 735 3744 792 revelari

2157 825 2274 866 eam
2303 813 2568 882 permittit
2599 813 2650 868 in
2685 813 2792 870 illis
2821 818 2886 871 de
2917 817 3112 886 quibus
3137 819 3220 873 lex
3248 821 3380 875 dicit
3410 841 3424 876 :
3458 839 3567 893 quo
3611 842 3744 894 pro-

2158 903 2286 959 ximi
2316 904 2426 958 sint
2465 905 2762 975 sanguinis,
2801 916 2856 962 et
2896 909 3064 978 ipsius
3085 908 3210 978 jure
3241 920 3297 966 et
3327 911 3588 970 instinctu
3637 932 3743 970 na-

2159 1003 2290 1050 tura:
2331 1009 2450 1050 eam
2488 997 2591 1051 sibi
2638 995 2834 1052 debent
2881 998 3109 1055 invicem
3153 1002 3436 1059 charitatis
3482 1020 3742 1063 reveren-

2157 1084 2309 1152 tiam,
2341 1096 2402 1141 ut
2444 1087 2586 1143 inter
2622 1103 2681 1144 se
2719 1089 2805 1145 his
2835 1092 3179 1149 contumeliis
3210 1094 3478 1152 alliciendi
3509 1113 3743 1168 corpora

2156 1191 2250 1231 sua
2281 1178 2423 1232 nulla
2459 1180 2632 1248 possit
2659 1195 2779 1238 esse
2811 1181 2959 1253 justa
2998 1199 3185 1253 causa,
3215 1201 3317 1242 nec
3346 1189 3522 1258 possit
3544 1206 3741 1262 super-

2155 1267 2274 1322 duci
2309 1269 2512 1340 aliquid
2537 1272 2844 1339 honestum,
2871 1274 3011 1344 quod
3039 1283 3222 1345 tegere
3256 1279 3426 1346 possit
3453 1280 3555 1335 hoc
3585 1282 3741 1336 inho-

2154 1369 2386 1414 nestum.
2420 1360 2537 1416 Non
2565 1369 2710 1432 quod
2736 1379 2928 1435 negem
2953 1367 3170 1436 nuptias
3195 1378 3418 1424 sanctas
3463 1379 3520 1424 et
3561 1372 3741 1428 cubile

2154 1447 2579 1517 immaculatum,
2607 1466 2730 1521 qua:
2757 1452 2998 1524 legitime
3035 1463 3092 1509 et
3131 1470 3255 1510 cum
3287 1457 3484 1513 timore
3515 1459 3610 1515 Dei
3642 1477 3740 1516 ce-

2153 1534 2374 1592 lebrata:
2403 1539 2494 1609 pio
2529 1555 2714 1596 amore
2741 1543 3164 1611 matrimonium,
3194 1561 3302 1616 quo
3328 1549 3603 1604 nubentes
3628 1552 3741 1606 etii-

2151 1629 2369 1684 ciuntur
2396 1647 2534 1688 unus
2575 1633 2826 1704 Spiritus,
2882 1653 2949 1692 ex
2983 1653 3092 1709 quo
3121 1638 3253 1696 facti
3292 1652 3420 1698 sunt
3449 1660 3555 1699 una
3587 1663 3739 1713 caro,

2078 1749 2127 1809 Β
2153 1732 2208 1776 et
2233 1737 2418 1779 amore
2448 1735 2657 1793 sancto,
2685 1737 2738 1783 et
2767 1728 3038 1786 desiderio
3077 1729 3400 1802 generandae
3429 1737 3627 1807 prolis,
3655 1743 3740 1798 sic

2150 1822 2443 1884 contegunt
2465 1816 2754 1874 honestate
2782 1821 2887 1885 sui,
2918 1830 2973 1876 et
3007 1822 3302 1880 absorbent
3331 1828 3740 1894 quodammodo

2145 1901 2293 1959 illam
2319 1905 2566 1964 humana:
2588 1911 2955 1979 generationis
2993 1915 3260 1984 poenalem
3294 1920 3690 1989 turpitudinem
3719 1943 3734 1978 :

2147 2005 2216 2050 ut.
2234 1999 2532 2055 secundum
2569 2001 2887 2073 Apostolum
2932 2005 2985 2078 (I
3029 2005 3154 2064 Cor.
3195 2010 3317 2080 vn),
3359 2013 3451 2082 qui
3500 2015 3736 2082 nubunt,

2147 2087 2252 2144 sint
2283 2092 2436 2160 quasi
2459 2108 2566 2148 non
2594 2095 2874 2152 nubentes.
2911 2097 3064 2155 Unde
3104 2110 3160 2156 et
3195 2101 3249 2156 in
3279 2104 3526 2176 catalogo
3560 2112 3736 2179 turpi-

2149 2183 2392 2238 tudinum
2445 2200 2552 2240 non
2618 2189 3027 2246 revelandarum
3083 2193 3245 2248 etiam
3301 2197 3544 2268 conjugis
3613 2211 3735 2256 tur-

2146 2275 2444 2345 pitudinem
2472 2278 2558 2334 lex
2586 2281 2739 2349 ponit
2763 2298 2870 2338 non
2903 2286 3271 2342 revelandam.
3305 2287 3733 2361 Turpitudinem,

2147 2366 2341 2438 inquit,
2367 2373 2548 2426 uxoris
2574 2381 2679 2428 tute
2704 2390 2806 2428 non
2829 2361 3076 2431 reuelabis
3106 2377 3299 2449 (Levii.
3329 2397 3482 2450 xvnl,
3522 2385 3634 2456 l7}.

2751 2467 2984 2524 CAPUT
3024 2469 3134 2526 VII.

2145 2553 2254 2610 Cur
2274 2572 2336 2610 ea
2347 2557 2625 2642 prohibitio
2644 2559 2785 2642 apud
2795 2559 3122 2617 Christianos
3148 2565 3226 2642 ad
3236 2565 3508 2642 ulteriores
3530 2573 3732 2642 gradus

2447 2630 2809 2697 protendatur,
2840 2648 2995 2702 quam
3025 2634 3167 2702 apud
3191 2634 3431 2692 Judwos.

2217 2712 2370 2771 Sicut
2403 2716 2568 2786 igitur
2589 2715 2703 2785 jam
2733 2719 2936 2774 dictum
2958 2730 3062 2786 est,
3089 2723 3180 2792 qui
3212 2733 3367 2780 extra
3392 2728 3593 2784 tribum
3629 2748 3732 2785 nu-

2142 2804 2272 2862 bere
2315 2808 2766 2877 prohibebantur,
2809 2811 2998 2866 eadem
3031 2812 3148 2885 lege
3186 2816 3252 2870 ad
3298 2819 3576 2891 proximos
3605 2838 3732 2876 san-

2142 2897 2319 2967 guinis
2349 2899 2607 2954 accedere
2643 2916 2748 2957 non
2792 2904 3264 2973 permittebantur,
3298 2910 3394 2964 sed
3423 2913 3565 2981 apud
3609 2915 3730 2970 illos

2140 2987 2232 3040 vix
2272 2986 2492 3042 tertium
2533 2991 2759 3059 gradum
2785 2995 3276 3064 consanguinitatis
3321 3001 3589 3056 transibat
3642 3005 3726 3058 lex

2063 3097 2112 3161 ο
2143 3077 2230 3132 illa
2260 3080 2521 3136 naturalis
2543 3080 2767 3138 affectus
2796 3097 2813 3137 :
2844 3085 2985 3154 apud
3025 3101 3123 3142 nos
3152 3103 3299 3152 vero,
3330 3091 3385 3145 in
3417 3108 3554 3163 quos
3600 3106 3728 3151 tem-

2140 3187 2240 3242 pus
2259 3173 2613 3228 correCtionis
2625 3175 2862 3241 devenit,
2884 3177 3070 3246 quibus
3093 3183 3319 3234 correxit
3344 3184 3519 3237 orbem
3544 3184 3728 3239 Domi-

2139 3279 2259 3328 nus,
2317 3263 2372 3318 id
2417 3273 2502 3318 est
2549 3264 2956 3334 perfectionem,
3021 3269 3112 3338 qui
3168 3287 3272 3325 non
3320 3274 3729 3330 commovebitur

2139 3352 2311 3424 (l’sal.
2359 3369 2481 3420 xcv,
2526 3356 2649 3425 10),
2695 3358 2868 3412 crevit
2904 3359 3100 3428 pietas,
3139 3363 3724 3432 superabundavitho-

2137 3454 2338 3511 nestas,
2380 3455 2434 3501 et
2465 3448 2532 3502 ad
2575 3449 2963 3520 designandam
3013 3455 3284 3526 Evangelii
3328 3458 3722 3526 perfectionem

2137 3537 2407 3592 ternarius
2435 3536 2522 3593 ille
2545 3556 2803 3597 numerus
2830 3543 3133 3614 duplicatus
3153 3549 3530 3616 porrexitsein
3557 3565 3723 3605 sena-

2135 3629 2296 3696 rium,
2347 3631 2440 3701 qui
2475 3633 2746 3703 perfectus
2789 3645 2872 3691 est
2919 3653 3180 3694 numerus
3212 3649 3269 3694 et
3311 3641 3423 3696 suis
3471 3643 3722 3712 partibus

2133 3731 2346 3778 constat
2387 3738 2402 3777 :
2451 3724 2593 3780 sicut
2635 3725 2911 3798 Evangelii
2957 3730 3159 3785 veritas
3201 3745 3299 3801 per
3332 3746 3393 3787 se
3433 3742 3569 3799 stat,
3624 3749 3723 3788 nec

2106 3823 2256 3885 ceget
2313 3813 2532 3884 aliquo,
2592 3831 2701 3886 quo
2751 3816 3024 3876 fulciatur.
3065 3820 3219 3876 Licet
3272 3823 3414 3892 apud
3462 3825 3722 3894 antiquos

2134 3903 2300 3957 etiam
2331 3903 2430 3957 viri
2469 3902 2627 3960 laude
2651 3904 2798 3976 digni
2840 3907 3084 3964 honestis
3112 3909 3381 3981 aliquibus
3414 3913 3598 3968 causis
3635 3915 3721 3968 in-

2135 3993 2558 4048 tervenientibus
2585 3995 2653 4050 de
2682 3996 2858 4065 primo
2887 4007 2944 4053 et
2987 4001 3227 4055 secundo
3251 4001 3418 4071 gradu
3448 4013 3722 4061 temerare

2130 4085 2592 4154 prmsumpserint,
2636 4095 2694 4142 ut
2730 4099 2856 4145 ante
2893 4089 3091 4160 legem,
3130 4093 3429 4157 Abraham,
3463 4093 3634 4158 Isaac,
3665 4105 3718 4151 et

2128 4170 2296 4229 Iacob
2321 4190 2493 4246 nuper
2515 4191 2545 4230 a
2576 4179 2788 4235 caeteris
2814 4182 3068 4252 gentibus
3094 4185 3364 4256 segregati
3393 4195 3619 4256 propter
3643 4190 3718 4241 fu-

2127 4266 2377 4336 giendam
2436 4284 2559 4326 cum
2617 4273 2870 4344 gentibus
2925 4276 3382 4348 commistionem,
3436 4280 3716 4348 proximas

2128 4361 2406 4430 sanguinis
2451 4363 2534 4417 sui
2571 4364 2878 4431 duxerunt;
2917 4367 3019 4423 sub
3062 4347 3180 4439 lege
3209 4384 3337 4425 vero
3381 4369 3586 4441 (losue.
3621 4373 3712 4443 xv)

1632 4422 1680 4477 id
1708 4433 1810 4490 (δεῖν
1843 4428 2021 4482 omnia
2055 4435 2102 4496 θ
2126 4451 2326 4524 Caleph
2353 4453 2604 4511 Othoniel
2634 4455 2788 4512 fratri
2817 4473 2917 4514 suo
2947 4462 3141 4517 minori
3171 4463 3313 4518 victa
3345 4464 3570 4518 civitate
3605 4466 3711 4522 De—

2126 4544 2366 4600 birarum
2392 4547 2444 4601 in
2472 4549 2752 4618 prtemium
2775 4552 3018 4607 victoria:
3039 4554 3206 4608 tiliam
3230 4569 3382 4609 suam
3409 4555 3560 4611 dedit
3581 4573 3714 4614 uxo-

2125 4649 2260 4690 rem.
2293 4635 2399 4692 Sed
2429 4647 2482 4692 et
2513 4638 2767 4704 Thamar,
2799 4655 2923 4696 cum
2969 4643 3368 4712 opprimeretur
3406 4659 3434 4698 a
3475 4645 3649 4702 fratre
3692 4661 3710 4701 :

2127 4727 2274 4794 Noli,
2316 4728 2506 4798 inquit,
2537 4731 2724 4798 frater,
2755 4732 2846 4786 sed
2882 4743 2994 4802 pete
3023 4750 3104 4788 me
3138 4743 3170 4788 ὰ
3197 4751 3337 4803 rege,
3370 4751 3472 4790 non
3503 4737 3711 4807 negabit

2123 4834 2203 4870 me
2231 4819 2325 4871 tibi
2367 4818 2454 4889 (11
2489 4818 2616 4891 Reg.
2668 4837 2787 4888 xm,
2838 4822 2926 4891 12,
2977 4824 3089 4893 i5).
3141 4825 3208 4880 Et
3253 4835 3404 4883 certe
3454 4841 3575 4892 rex,
3615 4828 3708 4896 qui

2122 4905 2278 4961 fratri
2333 4924 2576 4966 sororem
2629 4911 2911 4968 dicebatur
2967 4915 3194 4970 daturus
3245 4931 3490 4980 uxorem,
3548 4927 3708 4988 pater

2124 4996 2408 5066 utriusque
2437 5015 2451 5051 :
2481 4999 2622 5068 quod
2651 5015 2794 5067 cum,
2823 5003 2963 5058 sicut
2988 5003 3120 5072 dixi,
3150 5005 3474 5073 quibusdam
3516 5007 3700 5062 causis

2125 5088 2608 5146 intervenientibus
2645 5090 2719 5146 illi
2743 5104 3161 5163 praesumerent,
3195 5095 3500 5150 Christiana
3530 5097 3705 5165 pietas

2123 5180 2258 5236 nihil
2293 5182 2406 5237 vult
2436 5182 2721 5240 honestum
2740 5183 3007 5252 judicare,
3033 5187 3176 5256 quod
3206 5186 3372 5242 faciat
3397 5197 3587 5243 contra
3609 5187 3682 5243 ho

2123 5281 2388 5328 nestatem
2437 5283 2663 5330 naturae.
2710 5276 2871 5344 Ecce,
2907 5278 3036 5348 quid
3080 5280 3212 5334 mihi
3252 5280 3499 5334 videatur
3542 5295 3708 5348 super

2119 5369 2418 5438 quaestione
2460 5379 2568 5436 tua,
2603 5371 2649 5426 si
2694 5371 2891 5442 placet,
2925 5373 3061 5430 bene
3104 5394 3116 5429 :
3160 5376 3204 5431 si
3246 5374 3515 5446 displicet,
3548 5373 3716 5430 facile

2120 5461 2333 5516 veniam
2357 5461 2615 5521 obtinebo
2645 5464 2786 5535 apud
2817 5476 2886 5521 te.
