3940 6046
239 213 346 270 561

1581 218 1670 273 DE
1708 215 2193 275 GRAMMATICI).

240 351 3525 378 m

1077 459 1778 597 εΑΝατι
1884 477 2715 597 ANSELMI

1529 712 2128 814 DIALOGUS

792 935 1100 1090 DE
1303 929 2995 1150 GRAMMATICQ

762 1267 991 1324 CAPUT
1029 1268 1312 1326 PRIMUM.

248 1384 410 1457 143
435 1383 530 1416 ³9η
551 1383 630 1438 An
654 1385 1028 1457 grammaticus
1050 1385 1114 1457 sit
1137 1379 1545 1447 substantia,'au
1565 1385 1792 1451 qualitas
1819 1401 1837 1439 :

426 1463 791 1524 proponuntur
813 1455 1039 1508 rationes
1069 1455 1122 1509 in
1147 1465 1417 1525 utramque
1435 1463 1658 1524 partem.

326 1548 661 1602 DISCIPULUS.
704 1545 780 1600 De
822 1545 1176 1617 grammatico
1215 1555 1372 1616 peto,
1415 1555 1474 1601 ut
1508 1561 1596 1600 me
1630 1554 1838 1603 certum

243 1635 422 1691 facias
453 1644 633 1690 utrum
673 1635 744 1690 sit
773 1635 1075 1712 substantia
1104 1651 1172 1690 an
1212 1635 1446 1705 qualitas
1475 1637 1598 1702 ³⁹¹⁷;
1641 1647 1698 1693 ιιι
1735 1638 1841 1694 hoc

242 1729 508 1798 cognito,
549 1728 677 1798 quid
723 1728 788 1783 de
830 1728 952 1783 aliis
997 1742 1116 1799 quae
1159 1728 1409 1784 similiter
1443 1729 1842 1788 denominative

244 1821 508 1875 dicuntur
547 1821 751 1876 sentire
788 1821 1011 1875 debeam
1049 1835 1357 1891 agnoscam.
1399 1821 1704 1878 MAGISTEB.
1747 1824 1873 1880 Dic~

245 1916 483 1986 primum
511 1930 610 1969 cur
631 1915 879 1970 dubites?
906 1915 1053 1970 DISC.
1081 1913 1223 1979 Ideo,
1253 1915 1378 1985 quia
1400 1915 1615 1971 videtur
1636 1925 1839 1971 utrum-

246 2021 358 2076 que
386 2021 546 2076 posse
570 2006 788 2076 probari
823 2007 1152 2062 necessariis
1187 2006 1506 2074 rationibus,
1544 2023 1665 2064 esse
1694 2009 1843 2064 scili-

246 2106 371 2160 cet,
411 2105 465 2149 et
499 2111 606 2150 non
644 2111 784 2152 esse.
828 2096 967 2151 MAG.
1004 2094 1179 2151 Proba
1223 2112 1372 2167 ergo.
1410 2097 1554 2153 Dtsc.
1594 2097 1674 2154 Ne
1712 2112 1842 2170 ergo

248 2189 478 2244 festines
525 2189 902 2244 contradicere
949 2187 1207 2259 quidquid
1267 2189 1476 2255 dixero,
1509 2191 1603 2245 sed
1655 2199 1842 2262 patere

246 2296 340 2335 me
367 2281 630 2336 rationem
661 2283 730 2335 ad
761 2280 856 2315 ⁸⁸η
886 2297 1042 2336 suum
1080 2282 1238 2336 tinem
1275 2284 1569 2352 perducere
1602 2303 1616 2338 :
1649 2285 1842 2342 deinde

250 2381 349 2426 aut
373 2370 469 2405 ³⁹¹⁹
503 2371 762 2442 approba,
793 2385 884 2428 aut
911 2375 1139 2445 corrige.
1171 2373 1312 2431 MAG.
1357 2374 1425 2430 Ut
1454 2376 1558 2431 vis.
1592 2376 1736 2432 DlSC.
1771 2376 1844 2432 Ut

251 2459 470 2530 quidem
510 2463 895 2532 grammaticus
925 2464 1184 2534 probetur
1216 2480 1337 2520 esse
1364 2466 1691 2534 substantia,
1729 2468 1842 2524 suf-

251 2553 370 2607 ﬁcit
395 2554 518 2623 quia
547 2555 726 2609 omnis
755 2556 1143 2626 grammaticus
1167 2556 1351 2624 homo,
1381 2569 1438 2614 et
1471 2560 1648 2616 omnis
1677 2562 1842 2618 homo

250 2646 576 2701 substantia.
617 2646 886 2717 Quidquid
923 2648 1068 2721 enim
1114 2648 1278 2706 habet
1319 2653 1740 2722 grammaticus,
1781 2663 1842 2711 ut

251 2748 514 2805 sequatur
543 2753 665 2794 eum
704 2739 1005 2795 substantia
1045 2739 1162 2808 'm,
1195 2756 1302 2796 non
1341 2743 1504 2799 habet
1544 2745 1646 2800 nisi
1680 2761 1746 2801 ex
1776 2761 1842 2803 eo

250 2829 379 2898 quia
419 2830 581 2887 homo
617 2839 720 2886 est.
767 2831 948 2900 Quare
985 2832 1088 2888 hoc
1127 2848 1384 2890 concesso
1422 2845 1482 2891 ut
1521 2838 1682 2894 homo
1730 2840 1838 2908 sit,

251 2936 592 2992 quaecunque
637 2932 938 2994 sequuntur
969 2925 1243 2980 hominem
1271 2967 1285 2992 ,
1323 2937 1624 2997 sequuntur
1661 2944 1843 3000 gram-

251 3015 536 3070 maticum.
559 3014 711 3083 Quod
732 3030 862 3072 vero
883 3017 1270 3088 grammaticus
1291 3017 1361 3074 sit
1381 3020 1632 3091 qualitas,
1658 3030 1845 3091 aperte

256 3107 501 3164 fatentur
525 3109 826 3182 philosophi
854 3111 945 3182 qui
974 3111 1040 3165 de
1065 3109 1168 3165 hac
1195 3125 1252 3166 re
1279 3119 1670 3179 tractaverunt,
1702 3118 1842 3184 quo-

252 3215 376 3256 rum
418 3203 800 3259 auctoritatem
831 3203 898 3260 de
940 3203 1025 3259 his
1058 3204 1219 3259 rebus
1261 3213 1344 3259 est
1374 3203 1701 3275 impudentia
1751 3205 1843 3239 ⁸⁹²¹

257 3294 584 3363 improbare.
624 3296 754 3350 Item
785 3298 1039 3367 quoniam
1072 3310 1294 3351 necesse
1325 3306 1411 3352 est
1438 3305 1498 3351 ut
1525 3298 1846 3368 grammati-

256 3403 355 3441 cus
386 3388 458 3442 sit
484 3397 578 3441 aut
611 3389 912 3443 substantia
950 3395 1042 3442 aut
1078 3388 1310 3458 qualitas
1336 3389 1450 3456 '9”,
1484 3396 1542 3442 ut
1571 3389 1847 3458 quodlibet

255 3479 353 3511 ⁸⁹¹⁸
378 3480 568 3535 horum
594 3481 693 3544 sit,
725 3481 952 3536 alterum
981 3497 1086 3535 non
1109 3480 1211 3546 sit;
1239 3490 1292 3535 et
1321 3480 1595 3550 quodlibet
1620 3497 1725 3538 non
1754 3483 1842 3546 sit,

259 3571 489 3628 alterum
521 3587 743 3629 necesse
769 3574 839 3628 sit
867 3588 988 3630 esse
1017 3574 1112 3605 ’9”
1144 3592 1157 3627 :
1192 3573 1452 3643 quidquid
1485 3573 1624 3628 valet
1653 3574 1721 3629 ad
1752 3575 1846 3608 ³⁹¹⁸

257 3666 634 3722 instruendam
679 3681 839 3721 unam
891 3675 1103 3737 partem
1133 3706 1149 3731 ,
1199 3665 1431 3722 destruit
1480 3666 1739 3722 alteram:
1791 3676 1848 3722 et

256 3759 519 3830 Quidquid
552 3775 714 3814 unam
753 3759 1019 3826 debilitat,
1051 3759 1274 3815 alteram
1315 3759 1556 3814 roborat.
1588 3759 1720 3815 Cum
1754 3760 1847 3792 ³⁸³⁸

257 3868 390 3921 ergo
414 3852 642 3908 alterum
668 3853 858 3907 horum
884 3869 1068 3909 verum
1093 3853 1181 3918 sit,
1210 3853 1438 3907 alterum
1463 3850 1689 3919 falsum;
1718 3832 1847 3922 rogo

257 3953 317 3997 ut
355 3943 642 4000 falsitatem
673 3945 960 4016 detegens,
994 3944 1204 4014 aperias
1236 3944 1369 3999 mihi
1407 3943 1712 4000 veritatem.

885 4035 1112 4091 CAPUT
1150 4036 1211 4092 ll.

558 4127 806 4183 Rationes
839 4130 1116 4199 proposita:
1146 4129 1553 4199 redarguuntur.

1869 1275 1914 1332 Α
1942 1270 2009 1324 ah
2047 1269 2156 1324 ullo
2187 1269 2298 1324 fieri
2349 1283 2454 1324 non
2488 1276 2665 1337 potest
2694 1286 2708 1322 :
2737 1268 2831 1325 sed
2863 1270 3131 1339 quomodo
3161 1270 3260 1327 sibi
3297 1271 3529 1330 invicem

1945 1377 2051 1415 non
2085 1367 2407 1429 repugnent,
2449 1359 2712 1427 aperiam,
2751 1359 2795 1414 si
2830 1375 2860 1415 a
2901 1376 2989 1416 me
3023 1360 3139 1415 fieri
3183 1370 3402 1430 potest:
3439 1365 3531 1420 sed

1943 1454 2135 1508 vellem
2165 1452 2259 1485 ³⁹¹⁷
2298 1466 2398 1523 ego
2435 1453 2585 1524 prius
2621 1467 2650 1505 a
2683 1461 2736 1507 te
2766 1452 2883 1521 ipso
2913 1453 3101 1508 audire
3134 1453 3262 1523 quid
3298 1454 3382 1510 his
3410 1471 3534 1527 pro-

1943 1547 2251 1603 bationihus
2279 1547 2384 1602 tuis
2407 1545 2566 1617 objici
2596 1559 2755 1615 posse
2782 1545 3039 1614 epineris.
3076 1545 3225 1602 DISC.
3252 1546 3366 1602 [loc
3391 1550 3533 1618 quod

1944 1654 1998 1699 tu
2040 1659 2069 1699 a
2105 1657 2192 1698 me
2219 1641 2416 1714 exigis,
2449 1655 2550 1712 ego
2577 1655 2604 1694 a
2640 1650 2691 1695 te
2719 1639 2814 1672 ³⁹²⁸
2847 1639 3087 1696 intentus
3127 1643 3529 1711 exspectabam.

1945 1735 2053 1790 Sed
2080 1733 2334 1804 quoniam
2363 1741 2416 1788 tu
2444 1732 2660 1787 easdem
2691 1729 3040 1802 probationes
3067 1732 3267 1788 asseris
3298 1733 3535 1803 irrepro-

1942 1825 2179 1892 habiles,
2221 1839 2400 1878 meum
2441 1831 2552 1890 est,
2587 1821 2714 1893 quid
2749 1823 2962 1888 dubito,
3013 1824 3247 1893 aperire,
3274 1824 3403 1894 quid
3449 1841 3534 1879 me

1945 1920 2041 1953 ⁸³¹⁹
2067 1919 2351 1984 sollicitet;
2385 1927 2537 1973 tuum
2568 1932 2699 1973 vero
2735 1926 2820 1972 est
2850 1916 3135 1985 utriusque
3163 1916 3334 1986 partis
3367 1916 3536 1971 ﬁrmi-

1943 2021 2108 2068 tatem
2144 2020 2198 2068 et
2221 2008 2652 2066 convenientiam
2682 2007 2988 2063 ostendere.
3022 2005 3160 2062 MAG.
3196 2008 3290 2062 Dic
3317 2023 3447 2077 ergo
3479 2015 3533 2060 tn

1943 2106 2088 2174 quod
2114 2101 2305 2168 sentis,
2333 2109 2387 2156 et
2408 2115 2508 2172 ego
2531 2099 2752 2155 tentabo
2779 2097 2961 2154 facere
2984 2099 3125 2168 quod
3157 2099 3355 2168 poscis.
3386 2100 3529 2154 DISC.

1941 2197 2091 2252 lllam
2121 2194 2338 2266 quidem
2381 2191 2838 2262 propositionem,
2887 2204 3006 2258 quas
3048 2189 3178 2244 dicit
3217 2189 3529 2261 grammati-

1943 2306 2066 2346 cum
2089 2303 2208 2344 esse
2230 2288 2501 2342 hominem
2518 2326 2532 2350 ,
2556 2285 2659 2340 hoc
2682 2285 2840 2339 modo
2868 2282 3054 2353 repelli
3081 2283 3332 2338 existimo
3364 2300 3379 2338 τ
3406 2285 3528 2354 quia

1945 2382 2122 2440 nullus
2143 2379 2526 2453 grammaticus
2552 2385 2730 2447 potest
2754 2374 2979 2446 intelligi
3007 2375 3125 2430 sine
3151 2377 3529 2446 grammatica,

1944 2485 2000 2531 et
2046 2475 2222 2532 omnis
2271 2473 2434 2529 homo
2481 2478 2662 2540 potest
2711 2468 2932 2538 intelligi
2987 2469 3102 2524 sine
3152 2470 3528 2538 grammatica.

1943 2568 2097 2634 Item,
2135 2566 2312 2623 omnis
2345 2562 2730 2635 grammaticus
2763 2561 2988 2630 suscipit
3022 2561 3194 2632 magis
3232 2569 3286 2616 et
3322 2562 3530 2627 minus,

1944 2667 2002 2716 et
2049 2657 2226 2713 nullus
2271 2656 2433 2712 homo
2474 2653 2702 2721 suscipit
2745 2651 2916 2721 magis
2954 2660 3010 2705 et
3050 2650 3226 2705 minus
3262 2666 3278 2704 :
3322 2667 3389 2705 ex
3427 2665 3533 2722 qua

1943 2762 2177 2820 utraque
2199 2746 2545 2803 contextione
2563 2743 2657 2776 'm
2683 2743 2930 2798 binarum
2956 2740 3382 2811 propositionum
3406 2755 3536 2795 con-

1943 2843 2128 2900 ﬁcitur
2155 2856 2260 2896 una
2288 2836 2592 2903 conclusio,
2625 2835 2679 2890 id
2709 2842 2792 2890 est
2819 2833 2999 2889 nullus
3028 2835 3418 2904 grammaticus
3451 2843 3536 2889 est

1943 2935 2129 2991 homo.

2555 3017 2784 3076 CAPUT
2821 3017 2908 3073 Ill.

1947 3120 2200 3176 Rationes
2243 3115 2522 3186 proposita
2563 3121 2745 3166 contra
2787 3109 3184 3180 redarguentem
3226 3111 3530 3179 ﬁrmantur.

2021 3208 2161 3265 MAG.
2200 3206 2316 3262 Non
2361 3203 2626 3274 sequitur.
2669 3203 2816 3258 Dtsc.
2862 3200 3076 3269 Quare?
3121 3199 3260 3255 MAG.
3303 3201 3386 3255 An
3436 3201 3533 3257 tibi

1947 3303 2162 3359 videtur
2186 3297 2434 3354 animalis
2461 3311 2656 3352 nomen
2681 3293 2884 3364 aliquid
2909 3292 3000 3324 ⁸⁹³¹
3027 3290 3173 3346 aliud
3203 3293 3531 3361 significare,

1947 3407 2113 3465 quam
2161 3384 2552 3447 substantiam?
2603 3385 2748 3440 DISC.
2795 3383 3030 3438 Prorsus
3077 3381 3213 3436 nihil
3258 3381 3402 3436 aliud
3453 3391 3536 3437 est

1947 3481 2149 3539 animal
2200 3493 2363 3549 quam
2419 3474 2716 3546 substantia
2768 3473 3005 3528 animata
3060 3471 3333 3527 sensibilis
3363 3511 3378 3536 ,
3433 3486 3536 3527 nec

1947 3572 2249 3631 substantia
2273 3569 2510 3625 animata
2539 3566 2814 3623 sensibilis
2841 3565 2986 3620 aliud
3012 3573 3096 3621 est
3121 3579 3282 3635 quam
3312 3563 3532 3618 animal.

1949 3667 2092 3722 MAG.
2123 3663 2199 3719 Ita
2227 3671 2344 3728 est;
2373 3661 2467 3716 sed
2493 3659 2600 3725 dic,
2631 3673 2816 3728 quaeso
2849 3657 2966 3723 im,
2998 3665 3178 3712 utrum
3205 3671 3367 3712 omne
3391 3656 3540 3726 quod

1950 3772 2056 3812 non
2087 3763 2170 3809 est
2214 3750 2355 3806 aliud
2389 3763 2551 3818 quam
2593 3747 2893 3804 substantia
2941 3747 3180 3802 animata
3219 3745 3492 3802 sensibilis
3519 3786 3534 3810 ,

1949 3846 2121 3920 possit
2151 3841 2372 3912 intelligi
2400 3849 2598 3909 praeter
2632 3838 3087 3903 rationalitatem,
3133 3852 3233 3892 nec
3261 3838 3332 3891 sit
3364 3838 3533 3890 ratio-

1873 3969 1916 4028 α
1950 3939 2072 3996 nale
2099 3952 2165 3992 ex
2191 3932 2536 3989 necessitate.
2569 3930 2716 3984 DISC.
2745 3927 2955 3999 Negare
2980 3943 3088 3983 non
3117 3943 3358 3998 possum.
3393 3927 3534 3982 MAG.

1948 4036 2119 4093 Omne
2153 4026 2317 4099 igitur
2353 4021 2553 4078 animal
2590 4029 2766 4092 potest
2799 4018 3025 4088 intelligi
3067 4028 3262 4088 praeter
3298 4017 3536 4072 rationa-

1946 4127 2191 4196 litatem,
2221 4127 2277 4174 et
2303 4115 2509 4172 nullum
2554 4111 2756 4168 animal
2794 4120 2880 4168 est
2909 4126 2974 4168 ex
3007 4109 3331 4168 necessitate
3367 4110 3534 4165 ratio-

334 4218 470 4273 MAG.
511 4217 840 4290 Argumenta
872 4234 993 4290 quae
1019 4235 1082 4273 ex
1128 4228 1354 4288 utraque
1385 4227 1537 4287 parte
1579 4217 1805 4289 posuisti
1832 4258 1848 4283 ,
1948 4219 2094 4277 nale.
2134 4214 2281 4268 DISC.
2311 4208 2532 4279 Nequeo
2561 4207 2744 4262 dicere
2772 4206 2901 4276 quin
2932 4219 3001 4261 ex
3029 4204 3306 4260 concessis
3337 4219 3532 4260 conse-

257 4311 566 4366 necessaria
596 4321 752 4377 sunt;
786 4310 886 4366 nisi
917 4312 1059 4380 quod
1091 4309 1255 4374 dicis,
1293 4309 1338 4364 si
1368 4309 1596 4365 alterum
1628 4319 1743 4375 est,
1772 4310 1853 4364 al-
1946 4319 2166 4380 quatur,
2196 4318 2504 4377 quanquam
2535 4300 2691 4356 valde
2729 4308 2964 4354 metuam
3007 4299 3151 4369 quod
3202 4307 3253 4353 te
3289 4298 3536 4366 suspicor

262 4410 438 4457 terum
479 4419 598 4459 esse
634 4420 741 4460 non
779 4419 956 4474 posse.
989 4402 1169 4471 Quare
1205 4418 1312 4457 non
1346 4403 1510 4459 debes
1544 4418 1575 4457 a
1607 4419 1694 4459 me
1729 4405 1847 4459 exi-
1943 4399 2242 4456 intendere.
2271 4395 2409 4450 MAG.
2443 4394 2512 4448 At
2539 4391 2716 4447 nullus
2746 4391 2906 4444 homo
2932 4397 3113 4456 potest
3144 4388 3369 4460 intelligi
3401 4403 3535 4458 pra:-

261 4509 392 4564 gere
432 4503 492 4548 ut
518 4493 742 4550 alteram
768 4503 977 4564 partem
1005 4508 1124 4548 esse
1156 4491 1346 4546 falsam
1373 4493 1681 4558 ostendam,
1705 4493 1848 4562 quod
1946 4501 2029 4548 ter
2060 4487 2508 4552 rationalitatem,
2541 4493 2594 4540 et
2624 4496 2840 4539 omnem
2871 4481 2964 4513 ³⁹³³
2995 4481 3272 4538 hominem
3311 4493 3537 4538 necesse

1540 4605 1774 4661 VARUS
1811 4602 2213 4661 LECTIONES.

337 4701 678 4757 ⁸9ιδίίοιιιιιιιε
722 4709 798 4754 est
842 4700 973 4754 liber
995 4703 1060 4753 de
1095 4698 1448 4754 Grammatice
1468 4713 1586 4751 cum
1610 4715 1736 4752 mss.
1763 4696 2011 4752 Beccensi
2031 4738 2044 4761 ,
2077 4691 2474 4752 Gemmeticensi
2509 4699 2558 4744 et
2582 4689 2786 4761 duobus
2830 4686 3115 4761 Victorinis
3136 4704 3302 4758 supra
3345 4691 3536 4761 notatis

264 4775 360 4829 RR
397 4776 465 4835 ὅ,
512 4782 560 4828 et
605 4771 724 4826 EE.
771 4773 861 4828 15.
908 4802 979 4812 --
1022 4768 1438 4838 Manuscriptum
1503 4767 1829 4822 Victorinum
1871 4770 1908 4823 ‘2
1950 4758 2668 4838 quomodo_U‘ratntttaticus
2717 4759 2789 4838 sit
2849 4758 3152 4838 substantia
3198 4769 3255 4838 et
3298 4760 3532 4838 qualitas

263 4825 687 4899 35l'lS'tIlistantia
740 4825 1109 4912 antiqualitas
1155 4856 1253 4894 ms.
1295 4825 1435 4912 Vict.
1466 4840 1768 4912 substantia
1816 4857 1882 4895 an
1925 4825 2173 4912 qualitas
2233 4833 2655 4912 "motam-nem
2699 4830 2768 4912 ad_
2815 4825 3106 4912 mszoem.
3156 4825 3424 4912 rationem,
3465 4832 3536 4884 ad

262 4934 365 4970 ms.
417 4898 553 4967 Vict.
589 4915 621 4969 3
652 4898 953 4969 oratioue'm
984 4925 1155 4965 meam
1183 4912 1249 4964 ad
1324 4909 1419 4942 ⁸⁸³⁵
1467 4911 1827 4982 Βελιηυηιίειυιμ
1853 4898 1981 4982 mss.
2015 4907 2208 4982 deinde
2237 4913 2332 4960 aut
2406 4902 2650 4956 "’°Eum
2679 4899 3135 4982 Asnbstantianms.
3175 4898 3310 4982 Vict.
3411 4911 3535 4982 eum

259 4969 570 5042 substantia
643 4985 842 5040 ""Est
878 4981 1236 5052 imprudentia
1271 4997 1396 5054 mss.
1423 4989 1508 5036 est
1535 4980 1905 5054 impudentia_
1937 4979 2230 5054 ""ltaque
2263 4988 2488 5054 necesse
2513 4982 2606 5054 est.
2633 4980 2695 5054 ut
2720 4970 3244 5054 Grammaticusazut
3286 4969 3538 5054 stlbslanf

264 5040 341 5113 tia
389 5066 482 5110 aut
529 5054 762 5124 qualitas
807 5040 1096 5124 mssa'item
1139 5051 1392 5124 quoniam
1420 5040 1643 5124 necesse
1664 5059 1748 5124 est
1790 5040 2270 5124 utGrammaticus
2300 5041 2827 5124 sitnautsnbstantia
2849 5049 2951 5124 aut
2973 5041 3209 5109 qualitas
3250 5059 3254 5063 ·
3307 5040 3403 5124 "ff
3427 5040 3538 5124 Aut

263 5111 692 5198 quodlibet'mss.
719 5135 776 5180 ut
799 5123 1074 5198 quodlibet
1156 5111 1268 5153 ’⁸⁸⁸⁸
1286 5120 1484 5198 Horum
1507 5121 1607 5190 sit,
1636 5121 1867 5198 alterum
1896 5137 2002 5177 non
2028 5120 2142 5198 _sit,_
2163 5127 2219 5174 et
2246 5115 2525 5188 quodlibet
2551 5113 2789 5198 nonsit,
2814 5111 3052 5198 alterum
3073 5111 3537 5198 pecoessegsitgels‘se

264 5179 544 5253 ὗιεξννὶιίτς
580 5196 647 5250 15
680 5179 893 5250 horum
919 5195 991 5250 sit
1021 5193 1248 5265 alterum
1289 5191 1346 5265 si
1365 5193 1446 5265 sit
1465 5200 1521 5247 et
1545 5179 1824 5265 quodlibet
1861 5208 1967 5247 non
1997 5191 2066 5246 sit
2095 5179 2362 5265 alterum,
2403 5183 2883 5265 necessesitesse
2956 5179 3052 5265 ³⁹¹ξ⁵
3076 5179 3532 5265 ριιὶρῳιξςίεχξειθμὶ

261 5249 363 5323 ἑξεῖ
398 5267 466 5320 ad
503 5249 635 5320 mss.
656 5249 1100 5336 quicquidivalet
1141 5263 1229 5336 ad
1285 5262 1456 5317 “"Et
1483 5249 1741 5336 quiequid
1771 5278 1935 5336 unam
1963 5270 2173 5336 partem
2197 5249 2421 5336 astruit,
2451 5253 2688 5336 destruit
2713 5252 3243 5336 aitet-antine't‘unam
3266 5249 3527 5336 debilitat,

265 5319 932 5392 alt'eramﬂroboi'at.-Uutn
963 5319 1307 5401 manuscript.
1339 5341 1394 5387 et
1425 5319 1682 5404 quicquid
1707 5337 1875 5388 unam
1904 5319 2168 5404 debilitat,
2192 5319 2686 5404 alteram_roborat.
2709 5323 2895 5404 tlumm
2938 5322 3030 5404 ω]
3055 5319 3165 5374 Νοη
3191 5329 3368 5404 potest
3394 5338 3408 5375 :
3430 5323 3534 5404 sed

264 5391 538 5478 quomodo
562 5407 661 5478 sibi
696 5409 924 5463 invicem
951 5421 1056 5459 non
1081 5391 1402 5478 repugnent,
1424 5391 1693 5478 a'peri'am;
1726 5405 1770 5458 si
1802 5419 1830 5457 a
1861 5402 2089 5478 mulieri
2119 5391 2324 5470 potest,
2346 5399 2440 5454 sed
2468 5396 2664 5478 vellent
2690 5411 2790 5478 ms.
2835 5391 2968 5474 Vict.
2997 5392 3032 5444 '5
3059 5399 3388 5478 noupotest.
3429 5391 3534 5446 Sed

264 5462 458 5533 vjellem
534 5477 626 5509 ³⁹²⁸
643 5477 824 5543 Exigit
852 5462 895 5530 7a
941 5486 992 5531 te
1021 5462 1160 5528 mss:
1192 5462 1324 5545 Vict.
1365 5462 1571 5545 exigis,
1603 5462 1702 5545 ego
1727 5489 1757 5527 a
1794 5483 1844 5529 te
1916 5473 2008 5504 ³³³³
2028 5462 2205 5545 Meum
2234 5462 2355 5535 est,
2409 5469 2550 5539 quod
2577 5467 2762 5522 dubito
2800 5464 3040 5545 aperire,
3085 5462 3373 5545 quodume'
3405 5478 3532 5518 mss.

266 5531 447 5602 meum
479 5558 564 5603 est
599 5549 688 5616 qui
708 5531 906 5602 rd'u’bito
945 5545 1155 5616 aperire
1198 5544 1325 5616 quid
1360 5531 1513 5616 mevﬂ
1549 5531 1897 5616 ‘i'rl‘ltraque
1921 5531 2453 5616 concession‘ehmss‘.
2492 5531 3115 5616 utraqutncotitextipne
3205 5533 3294 5616 ‘°’_‘
3330 5531 3533 5588 Nomen

264 5620 412 5673 aliud
458 5603 746 5742 mss.“'Bec.
791 5616 941 5672 Gem.
981 5603 1178 5671 nomen
1215 5603 1424 5685 aliquid
1451 5615 1592 5672 aliud
1668 5603 1867 5671 8"‘3’Die
1900 5629 2083 5686 quaeso
2111 5630 2236 5670 mss.
2270 5613 2354 5670 dic
2393 5622 2607 5682 quoque
2633 5603 2648 5607 “
2678 5605 2893 5661 ³⁹³³Αυι
2919 5603 3172 5661 nullus...
3203 5613 3298 5662 aut
3320 5619 3534 5660 omnem

267 5707 393 5742 mss.
426 5702 475 5742 at
518 5706 586 5742 nu
633 5704 769 5742 us...
797 5698 849 5742 ct
874 5702 1086 5742 omnem

267 5707 393 5747 mss.
426 5702 475 5744 at
518 5690 769 5744 nullus...
797 5698 849 5743 ct
874 5702 1086 5743 onmem
