3940 6046
416 214 523 271 563

961 216 1019 272 S.
1062 214 1367 273 ANSELMI
1407 213 1760 272 CANTUAR.
1792 211 2117 272 ARCHIEP.
2157 212 2311 271 OPP.
2348 211 2530 270 PARS
2569 212 2609 269 l.
2649 243 2721 255 -
2748 211 3163 272 DOGMATICA.

3585 214 3697 273 56‘

413 339 499 384 est
526 329 845 386 rationalem
866 344 1008 386 esse.
1039 330 1185 386 Dtsc.
1214 331 1491 400 Angustize
1520 340 1647 386 sunt
1673 332 1807 387 mihi
1836 331 2011 386 utrin-
2037 330 2084 388 Α
2110 343 2218 400 quo
2244 328 2377 384 nihil
2400 327 2658 385 eﬂiciunt.
2691 328 2837 385 Dtsc.
2871 327 3038 385 Video
3058 345 3153 385 eas
3178 345 3286 385 non
3317 329 3519 388 habere
3544 349 3698 389 com-

414 420 521 487 que
550 422 643 454 "3"
674 438 688 475 :
721 438 842 475 nam
875 422 918 475 si
946 420 1214 488 concedo,
1251 421 1526 479 concludis
1554 424 1757 478 nullum
1787 424 1881 455 ³⁸³³
1908 424 2006 479 ho-

415 516 617 568 minem
648 528 765 567 esse
791 513 987 567 animal
1013 529 1027 577 ;
1058 513 1103 567 si
1132 526 1332 579 renuo,
1364 513 1510 570 dices
1538 528 1625 569 me
1657 529 1763 570 non
1796 523 2005 570 tantum

413 620 574 672 posse
606 604 856 675 intelligi,
883 605 976 659 sed
1000 620 1126 659 vere
1159 618 1279 659 esse
1306 606 1421 661 sine
1455 606 1833 664 rationalitate.
1862 608 2003 663 Msa.

413 694 493 748 Ne
535 695 753 760 timeas;
794 711 898 749 non
927 697 1071 750 enim
1106 698 1352 767 sequitur
1381 699 1523 769 quod
1556 708 1733 770 putas.
1766 701 1909 757 Dtsc.
1946 701 2004 758 Si

413 784 493 838 sic
521 794 636 849 est,
665 795 723 838 ut
758 787 1061 856 promittis,
1093 797 1426 858 spontaneos
1469 793 1710 846 concedo
1745 792 2006 864 quidquid

412 878 743 945 preposuisti
775 897 787 930 :
822 879 901 932 sin
927 889 1128 945 autem,
1161 880 1377 935 invitus.
1405 882 1546 937 MAG.
1574 882 1813 940 Contexe
1844 887 2006 957 igitur

415 976 471 1020 tu
503 968 615 1037 ipse
643 978 879 1037 quatuor
911 970 1129 1026 ultimas
1171 975 1565 1042 propositiones
1606 992 1743 1045 quas
1780 976 1913 1043 feci,
1950 979 2003 1034 in

415 1058 549 1112 duos
577 1059 937 1130 syllogismos.
970 1062 1115 1145 Dtsc.
1149 1062 1263 1119 Hoc
1291 1066 1477 1136 utique
1501 1066 1594 1099 ³⁸⁸⁸
1617 1069 1805 1125 ordine
1833 1070 2001 1139 digeri

413 1160 641 1218 possunt
672 1170 685 1203 :
723 1150 889 1206 Omne
926 1154 1125 1207 animal
1158 1155 1316 1227 144
1352 1166 1516 1226 potest
1552 1158 1773 1229 intelligi
1816 1172 2005 1228 prwter

416 1244 858 1310 rationalitatem,
894 1245 1070 1301 nullus
1102 1264 1216 1302 vero
1243 1250 1397 1303 homo
1422 1261 1584 1319 potest
1616 1251 1835 1322 intelligi
1867 1270 2005 1323 prte-

415 1341 493 1384 ter
527 1333 958 1390 rationalitatem.
1003 1336 1135 1391 ltem
1175 1354 1188 1391 :
1237 1337 1463 1393 Nullum
1501 1340 1701 1395 animal
1748 1342 2004 1397 rationale

414 1434 488 1477 est
531 1442 596 1479 ea:
631 1428 966 1495 necessitate;
1006 1431 1175 1484 omnis
1206 1441 1380 1485 autem
1418 1433 1571 1487 homo
1609 1433 1882 1488 rationalis
1926 1417 2001 1488 est

413 1529 478 1566 ex
506 1515 833 1572 necessitate.
872 1517 948 1571 Ex
976 1526 1203 1589 utroque
1232 1518 1337 1574 hoc
1362 1522 1553 1575 ordine
1583 1521 1829 1576 binorum
1872 1538 2001 1593 pro-

414 1604 745 1670 positionum
792 1607 999 1663 videtur
1045 1609 1193 1665 nasci
1242 1628 1257 1664 :
1295 1608 1494 1665 Nullus
1540 1612 1702 1683 igitur
1738 1616 1893 1669 homo
1925 1624 2001 1670 est

415 1698 650 1763 animal;
679 1715 785 1768 quo
808 1700 942 1755 nihil
970 1702 1177 1770 falsius,
1210 1703 1337 1759 licet
1360 1707 1725 1775 praecedentes
1752 1710 2000 1779 proposi-
2035 1691 2078 1747 Β

416 1785 595 1841 tiones
628 1788 860 1845 titubare
898 1790 948 1844 in
982 1792 1126 1847 nullo
1158 1790 1389 1849 videam.
1422 1798 1551 1852 Duae
1582 1813 1847 1869 namque,
1883 1815 2002 1870 qnze

415 1875 717 1946 subjectum
746 1882 1034 1937 terminum
1069 1885 1300 1951 habent,
1330 1886 1604 1943 hominem
1637 1890 1752 1956 ⁸⁸³⁷,
1778 1892 1858 1947 sic
1879 1900 2004 1947 sunt

413 1985 512 2039 per
542 1986 601 2027 se
632 1982 805 2038 notae,
850 1984 909 2030 ut
939 1976 1298 2047 imprudentia
1328 1981 1402 2035 sit
1447 1996 1541 2037 eas
1582 1982 1831 2051 probare.
1876 1984 2003 2041 Duas

412 2074 572 2128 vero,
604 2078 723 2133 qua:
752 2061 1045 2132 subjiciunt
1071 2068 1301 2137 animal,
1330 2071 1409 2125 sic
1438 2071 1691 2127 videntur
1728 2075 2000 2145 probatae,

413 2159 477 2205 ut
513 2151 846 2222 impudentia
876 2154 971 2187 ³⁹³⁸
1009 2156 1080 2211 sit
1106 2173 1199 2215 eas
1226 2176 1444 2232 negare.
1480 2160 1587 2217 Sed
1618 2164 1773 2220 video
1808 2166 2001 2221 horum

417 2244 645 2301 duorum
686 2246 1117 2319 syllogismorum
1161 2254 1553 2310 connexionem
1582 2271 1682 2327 per
1717 2258 1895 2313 omnia
1929 2260 2004 2315 si-

415 2335 598 2390 milem
638 2337 745 2394 illis
782 2340 1021 2405 duobus,
1055 2358 1193 2412 quos
1231 2346 1390 2413 paulo
1426 2358 1552 2404 ante
1588 2352 1806 2416 protuli.
1853 2352 2001 2421 Qua-

414 2435 640 2496 propter
667 2430 734 2483 ad
761 2430 895 2484 nihil
929 2430 1074 2486 aliud
1104 2435 1352 2503 suspicor
1381 2446 1432 2492 te
1464 2437 1563 2495 hos
1597 2441 1868 2509 attulisse,
1899 2444 2002 2499 nisi

415 2526 476 2570 ut
498 2533 619 2571 cum
641 2533 827 2573 eorum
850 2522 1247 2580 conclusionem
1274 2536 1459 2597 aperte
1479 2529 1669 2586 falsam
1696 2548 1998 2602 cernerem,

414 2606 558 2662 idem
601 2608 667 2663 de
706 2608 970 2666 similibus
1021 2628 1158 2684 quos
1202 2631 1304 2688 ego
1340 2617 1587 2675 feceram
1631 2622 2000 2681 decernerem.

414 2696 558 2753 MAG.
604 2696 697 2754 Sic
727 2708 828 2755 est.
863 2700 1010 2760 Dtsc.
1054 2705 1293 2764 Ostende
1330 2727 1461 2783 ergo
1492 2712 1544 2768 in
1575 2728 1681 2784 quo
1727 2725 1782 2770 et
1822 2717 1910 2772 hic
1950 2728 2005 2773 et

417 2789 492 2844 ibi
528 2800 675 2844 tanta
705 2792 774 2846 sit
804 2793 1049 2866 deceptio
1077 2816 1090 2852 :
1123 2811 1180 2853 ut
1206 2816 1329 2856 cum
1357 2812 1412 2858 et
1442 2818 1583 2861 verte
1610 2808 2004 2879 propositiones

426 2886 798 2941 etsecundum
839 2898 1088 2947 naturam
1131 2893 1565 2966 syllogismorum
1614 2915 1872 2957 connexa:
1917 2902 2001 2958 vi-

416 2976 668 3043 deantur,
698 2978 840 3034 nulla
869 2990 1044 3038 tamen
1067 2997 1256 3040 eorum
1282 2987 1655 3047 conclusiones
1679 2991 1772 3024 ³³³⁸
1798 2993 2001 3050 veritas

416 3078 649 3126 tueatur.

1031 3167 1259 3227 CAPUT
1298 3170 1390 3257 tv.

568 3301 763 3357 Vitium
792 3304 1212 3375 syllogismorum
1238 3326 1354 3380 cap.
1388 3309 1423 3364 2
1450 3310 1857 3383 propositorum.

489 3394 630 3450 Msa.
670 3396 725 3449 In
756 3397 864 3450 tuis
892 3398 1214 3468 syllogismis
1245 3401 1346 3455 hoc
1372 3400 1593 3469 faciam;
1624 3420 1793 3471 meos,
1821 3407 1865 3461 si
1899 3421 1998 3472 vis,

416 3500 514 3553 per
546 3494 597 3539 te
626 3483 874 3541 discutio.
908 3486 1057 3544 DISC.
1086 3489 1210 3545 Fiat
1239 3500 1329 3545 tuo
1348 3490 1573 3561 judicio.
1606 3494 1744 3549 Msa.
1777 3496 1999 3566 Repete,

415 3583 470 3625 et
521 3584 749 3628 contexo
797 3574 1136 3648 syllogismos
1185 3596 1320 3650 quos
1370 3580 1566 3638 fecisti.
1619 3585 1764 3641 Dtsc.
1815 3588 2001 3643 Omnis

417 3667 571 3719 homo
601 3677 767 3736 potest
793 3669 1014 3740 intelligi
1041 3672 1155 3727 sine
1182 3677 1548 3743 grammatica.
1581 3677 1719 3734 Mtte.
1752 3679 1891 3747 Quid
1919 3680 2003 3735 di-

413 3756 494 3813 cis
527 3758 800 3815 hominem
834 3761 1057 3831 intelligi
1104 3778 1260 3833 posse
1289 3766 1405 3821 sine
1432 3769 1821 3836 grammatica?
1851 3770 1998 3827 Dtsc.

412 3849 719 3907 Hominem.
746 3851 886 3911 Msa.
927 3856 1023 3911 Dic
1048 3872 1178 3929 ergo
1224 3859 1277 3913 in
1316 3860 1428 3929 ipsa
1461 3862 1829 3932 propositione
1856 3865 1999 3933 quod

412 3943 689 4015 intelligis.
733 3944 879 4002 Dtsc.
924 3945 1110 4004 Omnis
1148 3950 1310 4005 homo
1348 3961 1525 4021 potest
1568 3953 1791 4025 intelligi
1836 3956 1999 4010 homo

412 4037 531 4093 sine
579 4041 953 4110 grammatica.
1003 4038 1145 4096 Mtte.
1194 4040 1447 4098 Concedo
1496 4062 1510 4097 :
1560 4058 1795 4100 assume.
1849 4047 1997 4105 Dtsc.

410 4126 603 4184 Nullus
647 4129 1034 4199 grammaticus
1072 4140 1249 4202 potest
1298 4132 1520 4207 intelligi
1568 4137 1684 4193 sine
1727 4154 2002 4209 gramma-

411 4219 543 4274 tica.
591 4219 732 4275 Msa.
779 4220 919 4289 Quid
957 4236 1063 4277 non
1115 4231 1292 4292 potest
1340 4226 1726 4293 grammaticus
1774 4229 1997 4303 intelligi

412 4311 531 4367 sine
566 4313 951 4383 grammatica?
980 4313 1126 4370 Dtsc.
1173 4314 1589 4374 Grammaticus.
1628 4319 1769 4375 Mtte.
1809 4321 2000 4378 Profer

411 4420 542 4476 ergo
570 4406 713 4477 quod
752 4404 1025 4480 intelligis.
1060 4408 1202 4464 Dtsc.
1248 4408 1438 4467 Nullus
1474 4414 1860 4481 grammaticus
1903 4429 1998 4484 βοά
2027 4420 2077 4481 D

412 4506 522 4551 test
561 4496 788 4568 intelligi
833 4499 1225 4567 grammaticus
1271 4501 1387 4557 sine
1431 4506 1805 4575 grammatica.
1855 4505 1998 4564 MAG.

410 4587 587 4659 Junge
618 4590 715 4645 has
757 4590 891 4645 duas
925 4593 1318 4661 propositiones
1351 4595 1423 4649 ita
1464 4596 1705 4668 integras
1732 4599 1873 4655 sicut
1909 4616 2004 4657 eas

410 4678 574 4733 modo
615 4679 911 4748 protulisti.
959 4680 1107 4737 Dtsc.
1150 4682 1335 4738 Omnis
1383 4690 1537 4741 homo
1574 4696 1737 4757 potest
1778 4688 2002 4761 intelligi

411 4769 566 4823 homo
608 4772 721 4826 sine
766 4775 1150 4842 grammatica;
1198 4775 1377 4831 nullus
1420 4781 1794 4848 grammaticus
1832 4792 2001 4851 potest

411 4863 631 4935 intelligi
677 4866 1053 4936 grammaticus
1101 4869 1213 4924 sine
1257 4873 1622 4941 grammatica.
1671 4872 1813 4929 MAG.
1866 4875 1999 4932 Vide

408 4971 544 5028 ergo
586 4966 769 5014 utrum
827 4959 1062 5017 habeant
1108 4974 1451 5020 communem
1497 4966 1782 5022 terminum
1809 5008 1825 5035 ,
1877 4968 1998 5024 sine

2108 438 2324 477 munem
2358 421 2647 477 terminum
2668 461 2683 486 ,
2716 430 2772 475 et
2815 422 3015 478 idcirco
3047 422 3178 477 nihil
3208 438 3273 478 ex
3301 424 3381 479 eis
3410 428 3701 497 consequi.

2107 512 2247 569 Msa.
2279 513 2520 569 Contexe
2552 513 2783 569 alterum
2828 513 3217 585 syllogismum.
3248 513 3393 569 Dtsc.
3427 513 3542 570 Non
3578 532 3693 586 jam

2106 622 2242 677 opus
2278 616 2358 662 est
2395 615 2455 660 ut
2492 622 2591 676 pro
2634 606 2750 675 ejus
2781 606 3092 661 ostensione
3130 604 3379 671 labores;
3428 622 3552 661 nam
3592 609 3690 662 ad-

2106 708 2260 754 verto
2304 698 2422 767 ejus
2460 698 2749 753 fallaciam.
2801 696 2893 753 Sic
2935 698 3077 752 enim
3129 697 3249 767 ejus
3293 700 3695 769 propositiones

2108 790 2470 859 iutelligeham
2492 829 2507 853 ,
2539 804 2604 843 ac
2646 790 2691 843 si
2724 790 2999 844 diceretur
3026 788 3154 857 quia
3202 788 3378 844 nullus
3419 790 3579 845 homo
3605 800 3694 846 est

2107 884 2276 954 magis
2311 882 2396 937 vel
2438 882 2617 937 minus
2661 881 2857 948 homo,
2890 891 2945 937 et
2972 881 3149 935 omnis
3185 882 3570 951 grammaticus
3607 892 3695 938 est

2107 975 2279 1046 magis
2302 974 2385 1030 vel
2421 975 2600 1030 minus
2627 974 3014 1044 grammaticus
3047 990 3061 1027 :
3095 982 3150 1028 et
3183 974 3435 1043 quoniam
3451 973 3547 1028 ‘ha:
3574 975 3694 1029 duae

2106 1066 2503 1138 propositiones
2533 1066 2737 1121 nullmn
2774 1065 2978 1120 habent
3010 1080 3348 1120 communem
3380 1066 3691 1132 terminmn,

2107 1160 2237 1214 nihil
2268 1159 2581 1215 conﬁciunt.
2617 1158 2756 1213 Msa.
2794 1157 2940 1213 ltane
2977 1158 3070 1212 tibi
3107 1158 3319 1212 videtur
3349 1158 3442 1189 ³⁸³⁸
3472 1158 3555 1213 his
3586 1159 3693 1212 tuis

2106 1251 2534 1309 connexionibus
2563 1250 2695 1305 nihil
2726 1248 2973 1305 concludi
3008 1263 3186 1320 posse.
3220 1249 3366 1305 DISC.
3396 1249 3471 1303 lta
3504 1250 3693 1321 utique

2103 1342 2391 1413 putabam;
2438 1341 2530 1395 sed
2564 1340 2677 1395 haec
2717 1349 2805 1394 tua
2843 1339 3191 1409 interrogatio
3227 1352 3314 1391 me
3345 1335 3473 1393 facit
3502 1353 3693 1409 suspe-

2105 1444 2281 1498 ctum,
2333 1448 2401 1489 ne
2430 1432 2572 1488 forte
2612 1433 2666 1487 in
2703 1430 2809 1487 illis
2844 1430 3008 1486 lateat
3045 1431 3222 1501 aliqua
3266 1428 3505 1486 elIicacia
3541 1448 3555 1484 :
3596 1430 3693 1485 sed

2105 1525 2374 1595 quomodo
2427 1522 2664 1579 elliciunt
2721 1522 2841 1578 sine
2895 1523 3167 1578 communi
3229 1522 3499 1577 termino?
3547 1522 3690 1579 Mtte.

2104 1615 2421 1673 Communis
2461 1614 2724 1670 terminus
2770 1613 3067 1685 syllogismi
3107 1628 3212 1669 non
3260 1623 3370 1667 tam
3417 1614 3469 1667 in
3514 1613 3694 1683 prola-

2106 1710 2253 1766 tione
2290 1708 2406 1775 "5‘,
2449 1722 2611 1777 quam
2661 1708 2714 1761 in
2762 1708 3029 1763 sententia
3066 1710 3149 1761 es].
3194 1704 3495 1761 habendus.
3537 1705 3693 1760 Sicut

2105 1802 2251 1857 enim
2286 1798 2422 1854 nihil
2452 1798 2699 1861 eﬂicitur,
2737 1799 2781 1853 si
2813 1798 3116 1853 communis
3141 1807 3224 1851 est
3250 1798 3303 1851 in
3340 1812 3471 1852 voce
3500 1808 3555 1852 et
3581 1811 3691 1852 non

2105 1893 2157 1947 in
2182 1907 2344 1948 sensu
2371 1908 2385 1945 :
2413 1891 2486 1945 ita
2507 1889 2639 1945 nihil
2658 1890 2811 1946 obest
2830 1889 2945 1955 ”",
2969 1889 3012 1944 si
3035 1889 3189 1944 estin
3216 1888 3484 1944 intellectu
3506 1898 3560 1943 et
3581 1904 3690 1943 non

2104 1983 2160 2039 in
2206 1982 2527 2053 prolatione.
2578 1980 2859 2038 Sententia
2894 1982 3091 2052 quippe
3126 1980 3256 2052 ligat
3283 1981 3688 2052 syllogismum,

2103 2092 2211 2133 non
2238 2074 2423 2131 verba.

2726 2161 2954 2218 CAPUT
2994 2160 3037 2215 ν

2105 2278 2249 2346 Quid
2292 2292 2357 2333 ex
2390 2277 2655 2348 pra'dictis
2698 2276 3014 2347 syllogismis
3050 2274 3180 2346 σπειτί
3216 2274 3444 2345 legitime
3478 2274 3688 2343 valeat,

2556 2349 2613 2401 in
2647 2364 2826 2401 eorum
2860 2363 2963 2402 uno
2989 2347 3225 2400 docetur.

2178 2440 2323 2495 Dtsc.
2357 2440 2625 2509 Exspecto
2654 2449 2714 2493 ut
2741 2437 2934 2494 reddas
2961 2437 3208 2494 ell‘ectum
3231 2436 3691 2508 propositionibus

2105 2533 2261 2590 meis.
2301 2532 2440 2589 MAG.
2482 2530 2730 2585 Emciunt
2754 2545 2882 2585 vere
2911 2530 3113 2601 aliquid
3142 2529 3256 2596 ’9”,
3286 2530 3379 2586 sed
3409 2544 3518 2585 non
3544 2528 3687 2599 quod

2105 2634 2390 2695 exspectas
2424 2623 2535 2677 ³⁸⁸⁸.
2575 2623 2719 2679 Dtsc.
2749 2622 3019 2695 Quidquid
3056 2622 3184 2679 illud
3216 2624 3315 2688 sit,
3355 2637 3461 2677 non
3501 2632 3690 2693 gratus

2105 2717 2332 2788 accipio.
2379 2715 2520 2771 MAG.
2568 2716 2669 2783 Qui
2714 2716 2872 2781 dicit,
2918 2716 3086 2771 omnis
3126 2716 3280 2770 homo
3324 2725 3490 2786 potest
3535 2714 3691 2770 intel-

2104 2808 2195 2880 ligi
2233 2808 2386 2863 homo
2423 2808 2535 2862 sine
2569 2808 2943 2878 grammatica,
2986 2814 3060 2869 et,
3101 2805 3276 2860 nullus
3312 2807 3688 2877 grammaticus

2103 2912 2270 2970 potest
2299 2900 2517 2969 intelligi
2543 2900 2917 2970 grammaticus
2941 2899 3053 2953 sine
3086 2900 3429 2968 grammatica
3460 2915 3478 2954 :
3510 2914 3690 2955 nonne

2108 2994 2211 3049 hoc
2241 2992 2515 3065 significat
2543 2993 2667 3062 quia
2701 3007 2822 3047 esse
2857 2991 3093 3046 hominis
3123 3006 3229 3046 non
3265 2991 3472 3063 indiget
3505 3007 3689 3064 gram-

2029 3066 2073 3130 C
2106 3085 2301 3138 matica
2327 3125 2343 3148 ,
2391 3092 2445 3140 et
2488 3098 2610 3139 esse
2656 3083 2998 3153 grammatici
3048 3082 3251 3152 indiget
3294 3084 3690 3151 grammatical

2105 3175 2250 3231 Dtsc.
2284 3173 2425 3229 Nihil
2463 3174 2664 3230 verius.
2696 3173 2836 3229 MAG.
2868 3174 2951 3228 An
2980 3172 3181 3229 habent
3208 3189 3547 3230 communem
3578 3185 3689 3230 ter-

2103 3270 2309 3323 minum
2344 3268 2427 3322 hze
2455 3267 2575 3322 dua:
2600 3266 3018 3337 propositiones,
3045 3283 3180 3337 quas
3205 3271 3363 3323 modo
3387 3266 3498 3322 dixi
3522 3268 3691 3339 signi-

2103 3360 2253 3415 ﬁcari
2291 3359 2345 3414 in
2373 3359 2494 3413 aliis
2525 3358 2621 3391 ’m
2649 3360 2889 3414 duabus?
2927 3358 3073 3414 Dtsc.
3110 3358 3337 3414 Habent.
3374 3357 3515 3416 MAG.
3545 3359 3694 3416 Con-

2104 3450 2287 3505 ﬁcitur
2315 3465 2446 3520 ergo
2474 3450 2599 3519 quia
2641 3464 2759 3505 esse
2796 3450 3137 3521 grammatici
3176 3464 3282 3505 non
3311 3460 3397 3505 est
3440 3464 3560 3506 esse
3593 3450 3689 3505 ho-

2102 3543 2266 3599 minis
2292 3584 2308 3609 ,
2353 3543 2404 3598 id
2449 3552 2535 3598 est
2579 3558 2685 3597 non
2731 3558 2852 3598 esse
2892 3543 3139 3598 eamdem
3184 3542 3551 3597 definitionem
3593 3538 3691 3574 ”“

2102 3636 2407 3705 utriusque.
2439 3634 2589 3690 Dtsc.
2620 3633 2811 3689 Procul
2838 3633 2998 3688 dubio
3023 3634 3104 3688 sic
3133 3634 3288 3688 video
3315 3648 3436 3688 esse
3477 3642 3533 3688 et
3561 3648 3689 3689 con-

2102 3726 2276 3796 sequi.
2309 3725 2447 3781 MAG.
2491 3725 2607 3781 Non
2638 3734 2814 3780 tamen
2847 3725 2968 3781 ideo
2995 3726 3343 3794 consequitur
3368 3725 3688 3796 grammati-

2101 3832 2223 3874 cum
2254 3834 2361 3873 non
2391 3834 2513 3875 esse
2545 3818 2836 3881 hominem,
2869 3818 3008 3873 sicut
3038 3826 3090 3872 tu
3121 3817 3478 3888 intelligebas.
3508 3815 3615 3872 Sed
3641 3816 3688 3873 si

2104 3910 2176 3965 ita
2206 3910 2498 3983 intelligas,
2524 3911 2899 3981 grammaticus
2932 3926 3034 3963 non
3065 3920 3139 3964 est
3169 3910 3345 3976 homo,
3374 3925 3437 3964 ac
3463 3910 3507 3964 si
3536 3910 3687 3963 dira-

2102 4014 2190 4058 tur
2224 4004 2348 4068 ”",
2382 4003 2768 4073 grammaticus
2802 4018 2910 4059 non
2947 4013 3029 4058 est
3057 4002 3195 4057 idem
3232 4003 3374 4073 quod
3413 4003 3602 4067 homo,
3635 4003 3688 4056 id

2099 4105 2183 4149 est
2212 4111 2317 4150 non
2347 4094 2547 4150 habent
2580 4094 2825 4149 eamdem
2851 4093 3252 4158 deﬁnitionem;
3299 4108 3428 4149 vera
3452 4102 3535 4148 est
3558 4108 3688 4149 con-

2098 4182 2290 4242 clusio.

2710 4275 2939 4333 CAPUT
2979 4278 3067 4335 Vl.

2321 4414 2564 4469 Alterum
2593 4415 2855 4483 sophisma
2885 4413 3165 4467 discutitur
3192 4429 3257 4469 ea:
3278 4415 3452 4470 dictis.

2178 4508 2325 4562 Dtsc.
2366 4505 2607 4576 Intelligo
2639 4503 2784 4575 quod
2816 4504 2970 4560 dicis.
3007 4503 3146 4560 MAG.
3183 4503 3237 4560 Si
3278 4520 3408 4576 ergo
3442 4506 3577 4562 bene
3607 4506 3689 4562 in-

2108 4599 2302 4670 telligis
2335 4610 2456 4667 qua:
2482 4596 2624 4660 dixi,
2668 4596 2753 4649 dic
2786 4598 3056 4665 quomodo
3101 4606 3156 4650 tu
3192 4597 3515 4653 dissolveres
3544 4598 3691 4654 hunc

2105 4690 2503 4762 syllogismum,
2546 4687 2591 4741 si
2624 4686 2746 4756 quis
2793 4687 2866 4741 ita
2906 4689 3254 4744 contexeret?
3296 4688 3480 4744 Omnis
3508 4706 3689 4761 gramo

2104 4782 2326 4835 maticus
2356 4778 2552 4831 dicitur
2572 4777 2627 4830 in
2656 4792 2715 4831 eo
2735 4776 2874 4847 quod
2902 4776 3088 4847 quale;
3116 4778 3289 4832 nullus
3314 4779 3466 4833 homo
3496 4781 3690 4833 dicitur

2104 4875 2159 4928 in
2201 4891 2260 4928 eo
2303 4874 2441 4943 quod
2478 4870 2661 4943 quale;
2707 4886 2829 4940 ergo
2870 4869 3047 4924 nullus
3094 4870 3247 4924 homo
3290 4872 3686 4940 grammaticus.

2105 4968 2252 5023 Dtsc.
2291 4965 2421 5021 Tale
2459 4964 2591 5020 mihi
2627 4964 2731 5019 hoc
2761 4964 2976 5019 videtur
2999 4976 3154 5029 esse,
3192 4978 3265 5019 ac-
3289 4964 3336 5019 si
3372 4965 3686 5020 diceretur:

1710 5130 1947 5187 VARUE
2000 5130 2402 5188 LECTlONES.

480 5260 583 5338 ²⁹³ξ
593 5260 719 5320 Mihi
746 5263 985 5338 undique
1009 5281 1136 5338 mss.
1164 5268 1297 5321 mihi
1327 5269 1583 5338 utrinque
1654 5269 2049 5328 “"Concludis
2085 5274 2286 5327 nullum
2318 5289 2419 5327 ms.
2457 5270 2591 5325 Vict.
2623 5268 2658 5325 5
2690 5264 2959 5328 concludit
2995 5266 3199 5324 nullum
3274 5268 3367 5303 ³⁹³⁶
3383 5266 3475 5321 Sic
3503 5266 3689 5334 utique

410 5348 535 5413 {"3}-
569 5334 671 5413 h09
694 5336 881 5413 illique
905 5336 1175 5413 ἠδε-[ἰςζτ
1202 5338 1280 5413 ’15
1311 5338 1398 5393 hic
1433 5334 1619 5410 utique
1692 5341 2110 5413 m'Subjectum
2142 5346 2342 5399 habent
2372 5352 2580 5397 tantum
2614 5343 2882 5396 hominem
2914 5355 3039 5413 mss.
3065 5340 3687 5413 subjectnmgte‘rminum

411 5403 612 5483 habent
636 5403 915 5483 hominem
993 5404 1089 5439 ³³³⁸
1118 5409 1379 5483 Videntur
1397 5403 1655 5483 probare,
1693 5424 1751 5468 ut
1778 5403 2139 5483 imprudentia
2165 5432 2288 5469 mss.
2309 5416 2559 5470 videntur
2588 5413 2854 5482 probata),
2882 5420 2941 5465 ut
2969 5403 3331 5483 ἰιιιριιιξὲειιῑίε⁸
3370 5408 3463 5483 ’Ψ
3488 5406 3689 5461 Eorum

410 5473 773 5550 conclusione.
803 5494 904 5550 ms.
930 5491 1117 5550 eorum
1148 5473 1521 5535 conclusiones
1596 5473 1688 5516 ‘9“
1709 5485 1780 5538 Ita
1817 5473 2033 5539 necesse
2062 5485 2275 5539 videtur
2296 5503 2421 5540 mss.
2453 5473 2603 5538 Itane
2622 5483 2715 5536 tibi
2750 5473 2961 5535 videtur
3034 5473 3194 5535 “*‘ln
3219 5481 3534 5550 probatione
3556 5492 3690 5532 mss.

412 5542 467 5626 in
519 5545 1127 5626 prglationenf'fﬁec
1156 5551 1310 5626 obest
1338 5566 1463 5605 mss.
1495 5552 1624 5626 nihil
1656 5556 1806 5626 obest
1880 5554 1976 5588 ³³⁵³
2017 5555 2156 5611 Vere
2184 5557 2312 5626 quid
2345 5568 2631 5626 msstvcre
2658 5551 2885 5626 aliquid
2920 5552 3025 5626 f’“
3041 5542 3308 5622 Expectas
3352 5566 3475 5626 mss.
3515 5561 3688 5626 expe-

412 5620 546 5697 (Ἓιξξι
579 5614 912 5697 ῧὶεεοοηῗξξδ.
947 5618 1066 5672 Dixi
1098 5620 1303 5697 in_al_i_is
1333 5638 1457 5676 mss.
1489 5623 1595 5676 dixi
1628 5625 1919 5695 signiﬁcari
1953 5627 2005 5680 in
2034 5627 2137 5682 illis
2168 5614 2286 5683 aliis
2363 5624 2695 5680 ""Easdcm
2727 5614 3067 5679 deﬁnitiones
3095 5614 3218 5677 mss.
3257 5622 3501 5677 eamdem
3556 5616 3685 5673 deli-

416 5684 673 5737 nitionem
748 5684 839 5717 ³³³⁷
859 5687 914 5742 ld
940 5698 1023 5744 est
1043 5704 1102 5744 ac
1126 5693 1169 5745 si
1217 5692 1428 5747 dicatur
1474 5710 1599 5748 mss.
1648 5684 1711 5751 ac
1760 5697 1805 5751 si
1856 5698 2069 5752 dicatur
