3940 6046
309 239 430 298 565

1659 242 1746 297 DE
1784 241 2256 300 GRAMMATICO.

3478 242 3580 295 566

311 356 492 412 Omne
533 353 791 408 rationale
823 351 1021 408 dicitur
1049 352 1104 409 in
1142 370 1203 409 eo
1236 352 1378 426 quod
1419 353 1606 424 quale;
1642 365 1696 408 at
1732 362 1908 410 nuttus
1935 361 1986 417 Α
2024 356 2186 412 modo
2218 356 2355 427 lapis
2373 365 2457 412 est
2493 357 2658 412 homo
2679 355 2794 409 ³⁸⁸⁷.
2818 354 2956 409 Msa.
2985 354 3080 410 Dic
3101 369 3229 426 ergo
3257 355 3385 424 quid
3415 354 3591 410 diﬁ‘ert

307 446 474 501 homo
505 445 702 498 dicitur
729 445 784 498 in
810 461 870 498 eo
893 445 1030 514 quod
1057 437 1212 514 quale
1227 462 1242 508 ;
1275 443 1450 498 nullus
1487 460 1608 514 ergo
1637 444 1793 499 homo
1819 462 1908 500 ra-

310 537 552 591 tionalis.
601 535 713 590 Hoc
756 543 938 592 autem
984 535 1128 590 nulla
1175 535 1422 606 probatio
1465 551 1651 591 verum
1697 534 1910 591 elﬁcere

307 631 477 692 valet,
505 637 566 682 ut
587 627 849 683 rationale
874 628 1197 698 praedicetur
1221 628 1288 683 de
1311 627 1458 682 nullo
1482 627 1720 682 homine.
1746 626 1910 683 Simi-

309 719 445 774 liter
484 717 573 773 ille
610 718 994 790 syllogismus,
1041 733 1201 788 quem
1242 720 1402 773 modo
1446 719 1752 788 protulisti,
1799 735 1906 775 non

309 810 630 866 necessario
657 809 929 865 concludit
959 809 1373 878 grammaticum
1399 824 1507 863 non
1534 809 1814 880 praedicari
1842 810 1909 864 de

310 902 572 967 homine;
610 902 713 958 hoc
748 903 893 957 enim
920 901 1228 973 signiﬁcant
1253 900 1370 971 ejus
1405 902 1832 972 propositiones,
1861 901 1906 956 si

311 993 616 1048 secundum
657 993 939 1047 veritatem
985 1007 1078 1047 eas
1126 992 1514 1064 intelligimus,
1564 1002 1816 1062 tanquam
1860 993 1907 1048 si

311 1085 592 1141 diceretur
630 1084 709 1140 ita
738 1102 752 1139 :
783 1084 970 1140 Omnis
1007 1087 1381 1154 grammaticus
1420 1086 1614 1140 dicitur
1642 1102 1907 1157 gramma-

311 1177 454 1230 ticus
480 1177 534 1230 in
567 1193 629 1230 eo
656 1177 795 1247 quod
821 1176 1007 1247 quale;
1040 1175 1216 1231 nullus
1254 1178 1406 1232 homo
1444 1178 1642 1232 dicitur
1665 1180 1820 1232 homo
1848 1179 1906 1232 in

310 1285 380 1322 eo
411 1270 549 1339 quod
577 1269 750 1341 quale.
785 1269 864 1323 Ex
890 1269 976 1324 his
1007 1278 1187 1323 autem
1215 1269 1423 1325 duabus
1448 1271 1905 1341 propositionibus

311 1375 657 1430 nequaquam
690 1360 1062 1432 consequitur,
1096 1360 1270 1415 nullus
1302 1363 1677 1431 grammaticus
1705 1366 1902 1434 pra’di-

309 1461 468 1505 catur
499 1452 564 1506 de
607 1453 816 1506 homine
839 1463 863 1506 ’:
894 1453 1150 1521 quoniam
1196 1468 1303 1508 non
1339 1462 1422 1508 est
1452 1454 1592 1509 idem
1639 1457 1904 1514 terminus

309 1542 409 1610 qui
435 1541 736 1596 allirmatur
759 1544 827 1599 de
847 1543 1203 1614 grammatico
1231 1551 1286 1599 et
1315 1554 1545 1615 negatur
1569 1545 1635 1602 de
1659 1545 1899 1602 homine.
1932 1583 1940 1590 ς

307 1633 475 1688 Esset
513 1649 640 1689 vero
678 1635 772 1670 ³³η
813 1636 866 1689 in
911 1635 1016 1692 illis
1044 1637 1347 1691 communis
1392 1639 1680 1705 terminus,
1715 1651 1769 1695 et
1805 1656 1898 1696 ne-

2011 445 2114 502 iste
2131 447 2473 518 syllogismus
2523 446 2591 501 ab
2619 446 2708 500 illo
2736 455 2825 500 tuo
2854 445 3188 517 syllogismo,
3229 445 3280 499 in
3315 459 3424 514 quo
3453 444 3590 500 dicis

2009 542 2421 613 grammaticum
2447 556 2552 594 non
2581 555 2742 610 posse
2761 539 2857 572 ⁸⁸⁸³
2884 538 3106 610 intelligi
3137 539 3253 593 sine
3276 538 3593 608 grammati-

2009 648 2097 697 ca,
2128 633 2399 688 hominem
2435 646 2563 686 vero
2593 629 2778 698 posse;
2817 640 2873 684 et
2902 631 3023 684 ideo
3045 630 3459 698 grammaticum
3490 629 3591 682 ho-

2008 725 2207 779 minem
2258 737 2362 779 non
2413 723 2569 778 esse?
2598 722 2744 777 Dtsc.
2805 721 3078 789 Quantum
3107 721 3325 790 quidem
3385 721 3452 776 ad
3479 721 3587 776 vim

2009 814 2520 886 argumentationis,
2545 813 2680 868 nihil
2725 813 2882 868 video
2918 813 3063 868 hunc
3094 813 3162 868 ab
3204 812 3292 867 illo
3321 812 3539 869 diﬁ'erre
3569 831 3586 868 :

2009 905 2312 960 sicutenim
2343 905 2438 938 ⁸³⁵⁸
2463 905 2532 960 ibi
2573 904 3078 975 intelligendumest
3100 905 3224 974 quia
3266 906 3596 975 grammati-

2006 1010 2104 1050 cus
2132 1009 2235 1049 non
2257 1005 2435 1066 potest
2462 994 2688 1065 intelligi
2730 994 3114 1064 grammaticus
3167 994 3282 1048 sine
3312 1009 3612 1063 gramma--

2011 1088 2133 1149 tica,
2161 1095 2215 1142 et
2249 1087 2410 1141 homo
2435 1095 2617 1155 potest
2650 1085 2875 1155 intelligi
2916 1086 3078 1140 homo
3104 1085 3222 1140 sine
3265 1085 3585 1154 grammati-

1991 1195 2089 1236 .ca.
2131 1179 2338 1252 [ltahic
2361 1189 2444 1234 est
2494 1178 2590 1211 '9“
2649 1177 3058 1249 intelligendum
3095 1177 3222 1246 quia
3274 1177 3437 1231 homo
3477 1191 3610 1232 non-

2003 1281 2181 1343 potest
2207 1271 2429 1342 intelligi
2461 1271 2623 1326 homo
2653 1271 2772 1326 sine
2799 1269 3186 1334 rationalitate,
3236 1278 3290 1325 et
3324 1269 3461 1340 lapis
3490 1283 3589 1340 po-

2006 1369 2111 1427 test
2158 1361 2380 1433 intelligi
2433 1360 2574 1432 lapis
2619 1360 2736 1416 sine
2768 1359 3218 1432 rationalitate;]
3273 1369 3328 1416 et
3385 1361 3590 1416 idcirco

2003 1453 2262 1518 mﬁcum
2294 1451 2452 1519 hujus
2505 1451 2803 1523 syllogismi
2830 1458 2948 1506 rata
2995 1451 3066 1506 sit
3106 1451 3401 1518 conclusio,
3457 1453 3586 1522 quia

2001 1544 2150 1600 nullo
2180 1545 2340 1600 modo
2360 1544 2496 1614 lapis
2527 1553 2612 1601 est
2639 1545 2833 1608 homo;
2873 1541 3076 1599 videris
3114 1542 3244 1596 mihi
3286 1543 3585 1615 syllogismi

2003 1635 2130 1699 mei,
2161 1635 2253 1704 qui
2283 1634 2503 1692 omnino
2526 1634 2722 1690 similis
2745 1642 2831 1689 est
2880 1633 2988 1699 isti,
3040 1631 3439 1687 conclusionem
3475 1633 3586 1687 cal-

307 1725 608 1779 cessariam
636 1725 1045 1782 conclusionem
1077 1728 1425 1797 ingererent;
1456 1728 1501 1782 si
1530 1737 1622 1782 aut
1648 1739 1899 1786 manente
1929 1727 1975 1787 B
2004 1726 2128 1783 lidis
2155 1728 2262 1783 tuis
2281 1726 2716 1798 expositionibus
2737 1725 3006 1782 obruisse.
3038 1723 3192 1780 Unde
3215 1723 3328 1792 jam
3375 1724 3470 1758 3'“
3499 1723 3585 1777 in-

307 1817 409 1850 ³⁹⁸⁹
438 1818 826 1888 propositione,
857 1819 999 1873 sicut
1027 1819 1200 1888 posita
1231 1819 1326 1851 ³⁹⁸⁰
1353 1828 1456 1885 est,
1483 1821 1562 1877 sic
1589 1834 1714 1876 vera
1745 1820 1899 1877 ﬁeret

308 1908 408 1940 ‘9“
450 1909 769 1980 assumptio.
807 1908 1005 1964 Nullus
1033 1911 1187 1964 Itonia
1215 1911 1409 1964 dicitur
1441 1911 1814 1981 grammaticus
1843 1913 1900 1966 in

306 2017 371 2055 eo
409 2000 545 2070 quod
579 2000 767 2071 quale;
804 2013 897 2056 aut
931 2010 1184 2074 manente
1219 2004 1624 2072 assumptione,
1661 2003 1743 2061 sic
1772 2017 1899 2059 vere

305 2101 714 2162 proponeretur
744 2112 756 2148 :
792 2093 958 2148 omnis
989 2095 1362 2164 grammaticus
1390 2096 1584 2150 dicitur
1615 2097 1769 2152 homo
1803 2098 1897 2130 ³⁸⁵³

305 2184 368 2235 in
397 2199 456 2237 eo
483 2184 624 2253 quod
654 2184 828 2255 quale.
862 2182 996 2238 Nam
1027 2200 1091 2238 ex
1124 2192 1354 2256 utraque
1389 2185 1492 2242 hac
1527 2187 1898 2258 complexione

304 2285 630 2331 nasceretur
661 2277 784 2346 quia
817 2277 882 2332 de
919 2276 1068 2333 nullo
1102 2275 1321 2334 homine
1349 2280 1732 2349 grammaticus
1761 2296 1900 2351 prae-

306 2365 589 2421 dicaretur
619 2385 633 2422 :
667 2368 712 2422 si
739 2368 863 2438 quis
898 2384 1030 2424 vero
1068 2368 1120 2424 id
1150 2371 1292 2440 quod
1334 2370 1552 2436 dicitur,
1594 2371 1749 2425 horno
1793 2389 1896 2428 non

304 2465 383 2509 est
413 2459 807 2526 grammaticus,
845 2459 915 2513 ita
943 2459 1076 2526 velit
1101 2459 1402 2531 intelligere
1425 2475 1488 2515 ac
1521 2461 1566 2516 si
1602 2461 1891 2530 diceretur,

295 2550 465 2601 'homo
497 2566 600 2604 non
629 2562 704 2605 est
734 2552 873 2605 idem
903 2553 1043 2623 quod
1073 2554 1483 2623 grammaticus:
1511 2553 1638 2608 utsi
1679 2553 1852 2609 dicam
1878 2596 1893 2621 ,

304 2632 488 2705 fulgor
515 2646 596 2692 est
625 2639 898 2708 splendor,
931 2651 1025 2695 aut
1064 2641 1242 2713 fulgor
1275 2658 1380 2698 non
1418 2652 1501 2698 est
1534 2643 1811 2715 splendor,
1842 2645 1895 2700 id

293 2737 394 2782 'est
417 2728 590 2799 fulgor
614 2741 697 2786 est
724 2731 981 2802 idipsum,
1007 2743 1101 2789 aut
1127 2751 1230 2790 non
1261 2744 1342 2791 est
1372 2730 1603 2805 idipsum
1629 2737 1724 2770 ³⁸⁵³
1752 2738 1894 2808 quod

301 2821 594 2890 splendor;
635 2824 676 2880 si
711 2825 867 2894 quis,
904 2827 1154 2895 inquam,
1195 2829 1275 2883 sic
1313 2829 1578 2899 intelligat
1613 2831 1716 2886 hoc
1749 2831 1893 2901 quod

301 2911 526 2976 dicitur,
557 2913 717 2968 homo
746 2930 851 2969 non
878 2925 959 2970 est
983 2918 1388 2985 grammaticus.
1420 2917 1725 2974 Secundum
1751 2919 1894 2976 hunc

291 3015 526 3056 sensum
558 3004 912 3073 consequitur
952 3005 1047 3038 ”“
1088 3021 1154 3060 ex
1197 3005 1304 3060 illis
1344 3007 1801 3078 propositionibus
1843 3009 1890 3064 si

2003 1817 2184 1888 telligo
2208 1817 2336 1887 quid
2357 1817 2563 1873 dixeris
2585 1816 2716 1886 quia
2744 1811 3174 1880 bene'intellexi,
3206 1813 3301 1868 sed
3325 1827 3430 1868 non
3446 1812 3585 1867 bene

2000 1907 2340 1963 consideravi
2371 1924 2385 1960 ε
2413 1908 2554 1962 bene
2573 1907 2718 1962 enim
2743 1904 2984 1960 intellexi
3007 1902 3136 1976 quid
3161 1901 3432 1971 loquendo
3450 1899 3581 1954 mihi

1999 1999 2363 2069 signiﬁcares;
2422 1999 2519 2054 sed
2576 1997 2810 2068 idipsum
2848 1994 2994 2066 quod
3043 1993 3412 2064 signiﬁcabas,
3473 2006 3581 2046 non

1998 2088 2138 2146 bene
2163 2089 2507 2152 consideravi
2525 2127 2542 2153 ,
2571 2089 2699 2158 quia
2728 2088 3000 2158 quomodo
3027 2101 3113 2140 me
3131 2083 3407 2154 deciperet
3429 2083 3583 2154 igno-

2000 2181 2133 2236 ravi.
2159 2179 2299 2235 Msa.
2327 2180 2440 2235 lmo
2487 2180 2540 2234 in
2584 2179 2690 2234 hoc
2719 2193 2826 2233 non
2851 2179 2988 2233 bene
3036 2175 3132 2207 ⁸³⁸³
3176 2172 3578 2238 considerasti,

1998 2272 2122 2343 quia
2149 2272 2418 2342 quomodo
2440 2281 2491 2326 te
2525 2273 2645 2326 'non
2668 2269 2944 2340 deciperet
2994 2266 3094 2300 3‘“
3117 2265 3400 2338 ignorasti.
3430 2264 3578 2322 Dtsc.

1998 2363 2314 2431 Quomodo?
2343 2363 2485 2419 MAG.
2525 2362 2734 2432 Quippe
2779 2363 2823 2417 si
2856 2361 2962 2416 iste
3015 2358 3381 2430 syllogismus,
3418 2372 3579 2428 quem

1997 2458 2157 2513 modo
2185 2457 2460 2528 proposui,
2485 2457 2563 2512 sic
2581 2463 2906 2526 exponetur,
2927 2452 3387 2524 quemadmodum
3409 2467 3580 2522 expo-

1997 2550 2078 2604 sui
2111 2558 2281 2613 tuum,
2311 2557 2368 2602 ut
2396 2549 2612 2603 dicatur
2646 2561 2659 2600 :
2691 2544 2889 2600 Nullus
2937 2545 3092 2599 hante
3135 2552 3300 2612 potest
3355 2541 3577 2613 intelligi

1997 2641 2151 2694 homo
2205 2639 2317 2692 sine
2364 2637 2767 2702 rationalitate;
2803 2636 2970 2691 omnis
3024 2645 3203 2688 autem
3232 2633 3368 2704 lapis
3409 2644 3577 2704 potest

1995 2731 2217 2802 intelligi
2265 2731 2399 2801 lapis
2433 2733 2544 2786 sine
2601 2728 2982 2795 rationalitate,
3039 2742 3147 2782 non
3172 2726 3390 2782 habebit
3411 2727 3576 2781 aliam

1964 2862 1966 2864 τ
1997 2822 2090 2856 ³³⁸⁸
2109 2823 2215 2877 vim
2252 2821 2624 2887 concludendi,
2677 2835 2848 2892 quam.
2883 2819 2994 2875 dixi
3025 2829 3174 2874 tuum
3209 2817 3427 2875 habere.
3471 2817 3578 2872 Sed

1983 2914 2253 2984 quoniam
2301 2914 2406 2970 iste
2451 2912 2686 2983 quodam
2717 2911 2825 2966 alio
2875 2910 3040 2965 modo
3086 2917 3265 2978 potest
3327 2907 3574 2976 intelligi,

1996 3022 2104 3077 quo
2135 3005 2222 3061 ille
2255 3016 2377 3061 tuus
2392 3020 2497 3061 non
2527 3011 2724 3075 potest,
2773 3003 2934 3057 habet
2976 3002 3122 3056 hanc
3169 2998 3575 3057 conclusionem

301 3109 494 3151 earum
527 3099 608 3153 vis
634 3101 1007 3156 consideretur
1038 3103 1201 3170 bene,
1234 3104 1360 3174 quia
1402 3104 1582 3160 nullus
1617 3104 1780 3160 homo
1808 3116 1892 3160 est
1918 3099 1963 3162 C
1995 3108 2054 3152 ut
2081 3098 2226 3153 nullo
2249 3098 2408 3153 modo
2435 3097 2571 3167 lapis
2595 3097 2898 3166 possitesse
2918 3095 3083 3150 homo
3111 3108 3128 3146 :
3157 3105 3280 3147 cum
3293 3091 3438 3146 enim
3455 3090 3576 3145 dico

297 3192 693 3256 grammaticus
717 3211 731 3247 :
761 3209 884 3248 nam
914 3196 980 3249 ad
1008 3196 1110 3252 hoc
1136 3197 1476 3266 probandum
1505 3198 1631 3268 quia
1659 3198 1890 3254 essentia

299 3279 539 3335 hominis
569 3299 672 3339 non
708 3296 790 3340 est
831 3289 1061 3342 essentia
1101 3290 1472 3358 grammatici,
1513 3290 1677 3347 habet
1703 3305 1890 3347 earum

297 3368 396 3402 ³’⁸⁵
422 3371 746 3444 signiﬁcatio
774 3392 1113 3432 communem
1145 3379 1452 3435 terminum.

799 3513 956 3586 145
993 3515 1222 3573 CAPUT
1263 3516 1373 3572 VII.

446 3617 646 3676 Iterum
671 3624 954 3681 discutitur
1001 3630 1145 3711 prius
1175 3640 1540 3700 argumentum
1565 3648 1682 3702 cap.
1711 3632 1746 3686 2

907 3710 1256 3769 proposrtum.

371 3824 514 3882 MAG.
553 3827 699 3886 Bene
736 3832 1049 3891 intellexisti
1107 3837 1232 3906 quid
1288 3837 1419 3904 dixi,
1469 3840 1564 3895 sed
1589 3838 1727 3894 forte
1768 3855 1874 3896 non

294 3913 438 3972 bene
453 3921 830 3979 considerasti.
863 3925 1007 3982 Dtsc.
1041 3927 1154 3982 ³³⁸⁵.
1171 3927 1447 3999 Quomodo
1477 3930 1612 3986 bene
1636 3931 1873 3987 intellexi

287 4011 356 4056 et
381 4018 488 4058 non
529 4006 691 4076 bene
727 4011 1109 4067 consideravi?
1137 4013 1276 4069 Msa.
1303 4014 1398 4072 Dic
1421 4017 1550 4071 mihi
1577 4017 1622 4072 si
1651 4018 1774 4088 quis
1804 4019 1884 4075 sic

287 4106 665 4163 proponeret:
703 4099 899 4156 Nullus
933 4103 1087 4156 homo
1120 4114 1286 4173 potest
1313 4105 1536 4177 intelligi
1558 4107 1672 4162 sine
1723 4109 1885 4162 ratio-

294 4185 517 4242 nalitate
539 4205 558 4244 :
589 4191 757 4246 omnis
798 4203 971 4248 autem
1022 4195 1158 4264 lapis
1208 4206 1373 4267 potest
1409 4197 1632 4275 intelligi
1661 4199 1772 4253 sine
1801 4217 1882 4253 ra-

294 4277 654 4361 tionalitate‘:
707 4284 836 4354 quid
885 4289 1356 4356 consequeretur?
1404 4285 1546 4343 DISC.
1588 4288 1729 4356 Quid
1777 4291 1879 4361 nisi

293 4372 474 4428 nullus
513 4355 672 4446 igitur
691 4375 827 4446 lapis
858 4355 1218 4434 homolhlsc.
1251 4379 1532 4446 Quomodo
1571 4355 1673 4435 hoc
1725 4355 1881 4435 intel-

1995 3189 2120 3260 quia
2149 3187 2327 3244 nullus
2356 3189 2518 3243 homo
2537 3187 2763 3258 intelligi
2797 3186 2940 3240 valet
2964 3185 3083 3241 sine
3112 3181 3500 3248 rationalitate,
3522 3189 3576 3237 et

1993 3280 2172 3336 omnis
2199 3277 2336 3348 lapis
2362 3284 2540 3347 potest
2563 3275 2788 3348 intelligi
2823 3275 2942 3331 sine
2967 3271 3575 3340 rationalitate;sicpo-

1995 3383 2121 3439 test,
2148 3373 2256 3427 imo
2293 3371 2454 3428 debet
2478 3369 2674 3440 accipi,
2710 3384 2775 3425 ac
2805 3367 2850 3425 si
2899 3367 3111 3423 dicatur
3139 3363 3374 3421 :‘Nullus
3411 3363 3576 3420 homo

1992 3471 2168 3534 putest
2206 3462 2388 3532 aliquo
2417 3462 2580 3518 modo
2607 3457 2832 3530 intelligi
2861 3460 2984 3515 sine
3012 3456 3412 3520 rationalitate;
3457 3470 3574 3510 om-

1989 3555 2075 3610 nis
2103 3569 2230 3609 vero
2252 3553 2391 3624 lapis
2412 3553 2658 3624 quolibet
2691 3553 2852 3608 modo
2877 3558 3058 3622 potest
3090 3547 3314 3619 intelligi
3339 3550 3458 3603 sine
3485 3561 3575 3601 ra-

1991 3643 2296 3700 tionalitate
2323 3661 2336 3697 :
2371 3645 2516 3700 unde
2539 3643 2869 3700 conﬁcitur:
2905 3639 3104 3696 Nullus
3128 3641 3291 3710 igitur
3323 3639 3457 3710 lapis
3473 3639 3574 3694 ali-

1989 3752 2090 3809 quo
2115 3737 2270 3792 modo
2299 3746 2374 3791 est
2405 3737 2580 3792 homo.
2612 3736 2671 3792 ln
2703 3736 2810 3792 tuis
2831 3749 2961 3790 vero
2981 3733 3448 3805 prdpositionibus
3477 3747 3569 3787 vc-

1990 3830 2123 3886 ritas
2151 3843 2491 3900 nequaquam
2521 3826 2754 3883 similem
2801 3826 3042 3882 admittit
3078 3822 3518 3879 subauditionem
3551 3837 3570 3875 :

1989 3937 2095 3978 non
2117 3922 2259 3978 enim
2286 3927 2463 3992 potest
2513 3917 2621 3973 dici
2657 3916 2785 3986 quia
2833 3915 3016 3971 nullus
3047 3914 3145 3948 ⁸⁸⁸⁸
3182 3913 3578 3984 grammaticus

1988 4012 2216 4082 intelligi
2247 4011 2394 4066 valet
2441 4007 2622 4078 aliquo
2664 4007 2827 4062 modo
2879 4005 2999 4062 sine
3037 4003 3421 4076 grammatica,
3478 4013 3572 4057 aut

1987 4107 2162 4161 omnis
2185 4105 2350 4159 homo
2379 4103 2522 4157 valet
2551 4100 2794 4170 quolibet
2819 4099 2980 4155 modo
3009 4096 3230 4169 intelligi
3260 4097 3571 4168 sinegram-

1985 4198 2182 4252 matica
2221 4211 2376 4250 :nam
2411 4194 2589 4249 omnis
2617 4195 2782 4248 homo
2805 4191 2897 4263 qui
2929 4190 3021 4224 ³⁸⁸⁷
3044 4189 3432 4261 grammaticus
3460 4195 3566 4254 est,

1984 4297 2163 4359 potest
2194 4285 2419 4356 intelligi
2472 4285 2636 4340 homo
2665 4285 2786 4340 sine
2839 4283 3218 4354 grammatica,
3279 4287 3336 4335 et
3382 4278 3567 4334 nullus

1986 4385 2150 4438 homo
2179 4388 2355 4451 potest
2375 4379 2471 4412 ⁸⁸⁸⁸
2492 4377 2718 4448 intelligi
2745 4376 3136 4444 grammaticus
3157 4375 3279 4431 sine
3295 4381 3570 4443 gramma-

290 4461 454 4533 ligis?
481 4483 548 4521 an
573 4468 698 4538 quia
727 4468 875 4524 nullo
918 4470 1080 4526 modo
1106 4470 1244 4541 lapis
1267 4479 1350 4526 est
1390 4471 1586 4535 homo;
1640 4487 1707 4526 an
1755 4474 1879 4543 quia
1913 4451 1962 4508 ’θ
1991 4474 2116 4528 tica.
2144 4473 2491 4541 Quapropter
2536 4483 2644 4523 non
2688 4475 2914 4537 possunt
2947 4465 3218 4530 conﬁcere
3262 4463 3360 4498 ⁸’⁶⁹
3387 4477 3570 4532 gram-

287 4569 402 4611 non
438 4568 522 4614 est
542 4559 680 4630 lapis
720 4561 860 4616 idem
903 4563 1047 4632 quod
1097 4563 1294 4620 homo?
1343 4563 1490 4619 DlSC.
1535 4564 1670 4632 Quia
1730 4566 1877 4622 nullo
1981 4565 2240 4620 matieum
2265 4574 2604 4633 nequaquam
2629 4572 2752 4614 esse
2779 4557 3074 4614 hominem.
3323 4565 3326 4569 '

1597 4655 1830 4712 VABIA']
1866 4653 2268 4713 LECTIONES.

401 4741 498 4774 "i'
552 4742 710 4798 Esset
751 4744 920 4800 etiam
973 4745 1026 4800 in
1074 4763 1200 4802 mss.
1243 4756 1388 4802 esset
1436 4763 1564 4802 vero
1683 4749 1873 4806 ”".Si
1927 4759 2110 4805 autem
2156 4753 2407 4802 manente
2463 4760 2590 4798 mss.
2648 4744 2694 4800 si
2759 4751 2854 4798 aut
2893 4751 3148 4799 manente
3271 4740 3366 4775 ³⁹¹⁰
3413 4738 3570 4796 Sicut

288 4813 569 4885 proposita
618 4829 748 4868 mss.
794 4816 939 4871 sicut
990 4819 1165 4885 posita
1292 4818 1383 4850 ³⁹⁵¹
1436 4817 1526 4873 Sic
1568 4834 1698 4875 vera
1744 4820 1908 4878 fuerit
1955 4837 2080 4875 mss.
2133 4818 2213 4873 sic
2262 4831 2389 4872 vera
2431 4815 2589 4871 ﬁeret
2705 4815 2799 4847 ³⁰⁸²
2840 4813 3030 4870 Omnis
3062 4813 3452 4885 grammaticus
3487 4812 3568 4866 di-

289 4884 434 4964 citur
479 4884 641 4940 homo
672 4901 807 4964 gms:
860 4885 994 4942 Vict.
1046 4887 1363 4964 l§_omriis_
1396 4890 1558 4944 homo
1601 4890 1798 4946 dicitur
1849 4889 2239 4964 grammaticus
2347 4886 2443 4918 ⁸³³³
2479 4885 2802 4964 Autl'ulgor
2850 4899 2957 4940 non
3012 4884 3097 4940 est
3153 4884 3387 4954 idipsum
3435 4898 3563 4964 ints.

287 4962 545 5031 aututth
599 4963 685 5011 est
736 4954 970 5027 idipsum
1006 5027 1020 5031 _
1078 4958 1172 5031 f’“
1211 4957 1318 5015 Sed
1349 4959 1514 5031 hunc,
1545 4975 1768 5031 sensum
1811 4952 2176 5031 consequatur
2226 4975 2352 5013 mss.
2399 4952 2915 5031 secundum—hune
2951 4970 3169 5031 sensum
3217 4952 3568 5031 cousgqpitur

290 5021 580 5096 "'{Hahet
609 5019 972 5082 eorum'mss.
1006 5027 1171 5084 habet
1214 5045 1400 5086 earum
1477 5019 2164 5087 ’“6Considerasti.'Disc.
2213 5045 2341 5083 mss.
2390 5027 2743 5084 considerasti
2775 5026 2917 5096 quod
2947 5026 3079 5080 dixi.
3117 5025 3265 5079 Disc.
3342 5019 3565 5096 ""‘Nisi

290 5094 472 5150 nullus
523 5095 664 5173 lapis
707 5097 887 5173 homo
907 5115 1052 5173 mss.
1100 5100 1238 5173 nisi,
1290 5101 1469 5173 nullus
1498 5099 1664 5173 igitur
1691 5102 1827 5171 lapis
1862 5103 2051 5173 homo,
2112 5098 2383 5173 “"Posse
2429 5115 2556 5173 non_
2579 5092 2992 5173 grammaticum
3025 5111 3152 5173 mss.
3179 5107 3337 5173 posse
3362 5101 3417 5173 et
3443 5092 3564 5144 ideo

284 5163 707 5242 grammaticum
755 5239 765 5242 _
795 5167 1057 5224 "‘°Sicut
1079 5163 1231 5225 enim
1251 5188 1350 5226 ms.
1396 5163 1594 5226 νίοιῖὅ
1617 5174 1697 5227 sic
1724 5163 1868 5227 enim
1966 5171 2060 5204 ³⁹⁶⁰
2090 5169 2480 5242 grammaticus
2517 5163 2632 5223 sine
2659 5167 3059 5242 grammatica:
3093 5165 3172 5242 ita,
3207 5163 3559 5242 hiat-ansam“.

286 5231 692 5313 grammaticus
723 5239 842 5294 sine
886 5242 1274 5313 grammatica,
1306 5251 1362 5313 et
1391 5243 1554 5298 homo
1583 5251 1759 5312 potest
1806 5243 2029 5313 intelligi
2062 5231 2224 5298 homo
2253 5241 2372 5313 sine
2399 5231 2751 5313 grammatica
2778 5253 2801 5313 _:
2823 5238 2924 5313 _ita
2976 5234 3065 5313 hic
3096 5241 3181 5288 est
3221 5303 3248 5313 ν.
3276 5231 3558 5313 ³⁹⁶ξμομηο

288 5301 408 5382 sine
439 5301 922 5382 rationa_li_tate;ge't
957 5311 1159 5368 idcirco
1184 5301 1501 5382 ms's.rhomo
1524 5301 1642 5368 sine
1663 5301 2038 5371 rationalitai'e
2063 5331 2076 5380 ;
2103 5323 2158 5369 et
2190 5311 2326 5382 lapis
2355 5301 2530 5381 potest
2562 5309 2790 5382 intelligi
2821 5306 2957 5382 lapis
2984 5301 3556 5382 sinenratioualitate;

288 5375 494 5430 idcirco
569 5372 833 5452 ³⁹ξξ¹ᾲΒεςῃε⁷
847 5380 960 5452 jam
986 5397 1113 5436 mss.
1150 5383 1294 5438 unde
1312 5381 1424 5448 jam
1499 5383 1661 5438 “"11:
1689 5384 1792 5440 hoc
1826 5403 1930 5442 non
1965 5372 2104 5440 bene
2131 5372 2256 5438 mss:
2280 5372 2451 5452 [nunc
2482 5382 2535 5434 in
2567 5380 2668 5434 hoc
2699 5372 2805 5434 non
2825 5372 2972 5452 bene
3046 5373 3142 5452 '1“
3176 5373 3252 5428 Te
3281 5388 3385 5426 non
3419 5372 3564 5452 deci-

291 5455 449 5525 Pel'el
481 5462 581 5525 ξηεο
603 5447 814 5525 Χὲρεηὸ
847 5440 900 5525 le
923 5451 1197 5525 deciperet
1269 5440 1364 5525 fi“
1401 5453 1561 5523 Lapis
1592 5464 1768 5524 potest
1792 5440 2018 5525 intelligi
2045 5455 2164 5509 sine
2192 5451 2592 5525 rationalitatc,
2655 5448 2988 5525 non__lt_abet
3029 5444 3192 5525 aliam
3248 5460 3394 5525 mss;
3425 5440 3560 5525 lapis

288 5524 467 5591 potest
486 5517 713 5591 intelligi
754 5519 890 5591 lapis
915 5512 1429 5579 sine-rationalitate
1453 5512 1557 5578 n'on
1592 5512 1810 5581 habebit
1837 5512 2002 5580 aliam
2080 5525 2174 5555 ³³⁸⁸
2195 5523 2308 5578 Dici
2333 5563 2348 5586 ,
2377 5521 2557 5577 nullus
2578 5512 2712 5574 mss.
2756 5519 2860 5591 dici
2893 5516 3018 5591 quia
3054 5515 3229 5591 nullus
3303 5513 3394 5547 ³⁹⁶⁷
3425 5512 3555 5591 Nam

288 5586 468 5665 pinnis
510 5583 924 5665 homo'qui"ms.
965 5591 1095 5648 Vict.
1133 5595 1168 5650 5
1215 5610 1338 5648 nam
1395 5604 1450 5648 et
1488 5597 1662 5651 omnis
1694 5598 1782 5665 qui
1861 5597 1954 5630 ³⁸⁸⁸
1976 5595 2161 5650 Nullus
2196 5583 2355 5651 homo
2391 5601 2567 5663 potest
2600 5605 2723 5644 mss.
2760 5583 2959 5644 Victf?)
2992 5586 3170 5643 nullus
3215 5595 3392 5658 potest
3463 5583 3556 5616 ³⁸⁸³

292 5652 406 5711 Non
433 5672 654 5728 possum
709 5652 976 5719 conﬁcere
1027 5679 1152 5722 mss.
1203 5681 1306 5721 non
1360 5676 1584 5739 possunt
