3936 6048
422 196 524 253 567

996 314 1227 372 CAPUT
1266 316 1400 371 VIII.

662 401 903 460 Eramen
955 409 1253 477 argumenti
1285 426 1401 479 cap.
1434 409 1467 464 5
1492 412 1771 481 propositi.

495 493 638 550 DISC.
678 494 794 551 Non
836 494 1009 550 habeo
1046 497 1174 565 quid
1224 508 1417 555 contra
1468 501 1608 556 hanc
1677 507 2000 560 sententiam

420 598 565 641 tuam
590 586 784 640 dicam.
818 584 924 642 Sed
944 588 1203 656 quoniam
1258 588 1490 645 latenter
1524 592 1782 649 monuisti
1826 610 1914 650 me
1944 606 2004 650 ut

418 692 522 731 non
554 677 653 730 sim
678 685 967 733 contentus
1032 678 1329 749 intelligere
1375 681 1503 751 quid
1555 682 1739 740 dicas;
1788 686 1882 739 sed
1928 686 2005 739 id-

426 768 603 834 ipsum
634 767 776 834 quod
806 767 959 831 dicis,
990 769 1330 825 considerem
1358 789 1371 826 :
1403 773 1618 829 videtur
1667 776 1798 831 mihi
1829 778 2006 831 consi-

414 857 651 912 deranda
686 864 775 910 tua
808 859 1084 914 conclusio
1115 860 1230 927 “7°,
1260 877 1423 932 quam
1440 879 1506 919 ex
1535 880 1655 921 meo
1683 851 2000 937 syllogismo

416 947 611 1003 confici
647 950 930 1004 os:endisti
951 966 965 1013 ;
986 951 1113 1021 quia
1140 966 1260 1008 esse
1284 957 1623 1024 grammatici
1648 967 1859 1015 nonest
1879 974 2001 1016 esse

415 1041 647 1094 hominis
684 1038 739 1094 Si
765 1042 908 1095 enim
933 1042 1037 1097 hoc
1062 1052 1174 1109 est,
1200 1045 1289 1113 qui
1318 1045 1481 1101 habet
1506 1050 1801 1103 essentiam
1816 1064 2002 1120 gram-

416 1130 623 1194 matici,
660 1145 764 1185 non
797 1131 917 1187 ideo
936 1134 1247 1190 necessario
1283 1136 1448 1191 habet
1475 1139 1769 1195 essentiam
1820 1142 2001 1197 homi-

413 1221 531 1286 nis;
569 1221 664 1275 sed
689 1221 735 1275 si
770 1222 934 1277 homo
957 1235 1217 1295 sequatur
1273 1230 1716 1299 grammaticum,
1766 1208 2009 1289 essentia

413 1312 653 1369 hominis
695 1314 945 1382 sequitur
994 1318 1289 1372 essentiam
1320 1321 1665 1389 grammatici
1699 1341 1714 1377 ε
1748 1326 1843 1380 sed
1884 1326 2000 1382 han:

414 1419 522 1459 non
566 1403 812 1474 sequitur
873 1406 1045 1470 hanc,
1100 1424 1270 1478 quare
1312 1425 1414 1466 nec
1446 1411 1533 1467 ille
1558 1412 1729 1469 illum.
1773 1414 1889 1471 Non
1917 1426 2001 1473 est

413 1498 579 1569 igitur
604 1498 783 1555 omnis
812 1500 1203 1571 grammaticus
1232 1502 1396 1559 homo
1427 1521 1440 1557 :
1480 1514 1559 1569 at,
1589 1520 1712 1560 cum
1743 1507 1999 1565 omnibus

413 1592 783 1662 grammaticis
820 1609 924 1649 una
954 1594 1023 1648 sit
1044 1594 1204 1658 ratio,
1236 1610 1335 1651 cur
1359 1597 1469 1653 sint
1498 1597 1745 1655 homines
1767 1641 1782 1666 ,
1818 1601 1997 1671 profe-

957 203 1016 258 S.
1054 201 1354 259 ANSELMI
1396 202 1747 261 CANTUAB.
1781 205 2101 263 AllClllEP.
2154 207 2307 264 OPP.
2350 208 2532 267 PARS
2564 208 2604 266 1.
2638 240 2708 251 —
2738 208 3162 269 DOGMATICA.

3589 214 3702 272 διίε

2034 326 2080 383 Α
2112 324 2506 394 grammaticus
2526 326 2751 382 omnino
2779 335 2834 383 et
2859 326 3042 383 homo.
3058 326 3214 383 Sicut
3241 328 3388 383 enim
3405 330 3571 385 homo
3588 347 3698 387 non

2112 415 2274 471 debet
2296 416 2508 471 deﬁniri
2533 432 2655 472 cum
2684 419 3063 488 grammatica,
3087 418 3159 473 ita
3184 420 3573 489 grammaticus
3590 436 3698 475 non

2108 506 2251 561 valet
2281 507 2402 562 sine
2425 509 2804 577 grammatica.
2843 507 3023 575 Quare
3046 508 3203 564 debet
3234 508 3457 579 intelligi
3487 511 3577 564 illa
3606 521 3696 566 tua

2108 602 2507 672 argumentatio
2521 600 2626 655 hoc
2653 600 2814 656 modo
2844 619 2857 655 :
2892 601 2946 656 Si
2974 615 3095 656 esse
3118 600 3459 669 grammatici
3484 616 3590 655 non
3617 612 3703 657 est

2108 693 2428 763 simpliciter
2455 708 2579 749 esse
2595 694 2873 758 hominis;
2899 693 2989 764 qui
3016 692 3179 747 habet
3201 692 3493 747 essentiam
3518 709 3699 763 gram-

2109 786 2317 851 matici,
2351 800 2459 841 non
2486 786 2609 841 ideo
2652 786 2903 856 sequitur
2925 796 2985 839 ut
3011 783 3208 840 habeat
3248 784 3572 853 simpliciter
3608 800 3702 840 es-

2105 874 2338 929 sentiam
2386 874 2645 950 hominis.
2696 873 2962 930 Similiter
3009 874 3418 945 intelligendum
3456 875 3697 944 estquia

2106 964 2424 1033 simpliciter
2448 964 2609 1018 homo
2645 980 2752 1020 non
2781 965 3031 1035 sequitur
3062 964 3501 1035 grammaticum,
3528 965 3579 1018 id
3609 974 3697 1018 est

2104 1054 2148 1108 si
2172 1055 2558 1124 grammaticus
2589 1063 2694 1120 est,
2724 1071 2829 1110 non
2866 1056 3115 1126 sequitur
3156 1066 3217 1110 ut
3248 1056 3320 1111 sit
3368 1055 3699 1127 simpliciter

2103 1146 2295 1212 homo;
2342 1146 2417 1202 ita
2466 1162 2597 1202 vero
2640 1147 2774 1202 nihil
2829 1148 2974 1202 aliud
3030 1151 3299 1217 sequitur,
3360 1148 3463 1202 nisi
3518 1146 3698 1200 nullus

2100 1241 2477 1306 grammaticus
2528 1246 2605 1293 est
2649 1236 2955 1308 simpliciter
3003 1239 3181 1293 homo.
3230 1240 3377 1295 Dtsc.
3402 1238 3545 1305 Nihil
3600 1236 3695 1271 ⁸³⁸⁸

2101 1326 2320 1380 clarius.

2702 1417 2933 1474 CAPUT
2972 1418 3062 1474 IX.

2309 1551 2389 1604 An
2409 1550 2475 1604 sit
2499 1550 2693 1620 aliquis
2744 1552 3121 1620 grammaticus
3153 1568 3258 1607 non
3298 1553 3474 1607 homo.
3546 1528 3550 1532 ”

413 1693 502 1740 cto
540 1692 634 1739 aut
659 1687 836 1742 omnis
881 1689 1273 1759 grammaticus
1328 1700 1414 1746 est
1448 1692 1630 1756 homo,
1668 1702 1763 1747 aut
1800 1693 1996 1751 nullus.

2177 1684 2319 1741 Mss.
2353 1686 2554 1742 Verum
2585 1684 2631 1741 si
2666 1684 3013 1755 probaretur,
3040 1687 3185 1757 quod
3213 1686 3296 1758 (ut
3329 1686 3486 1758 puto)
3535 1685 3697 1742 facile

414 1775 522 1831 Sed
549 1788 763 1832 constat
791 1779 918 1849 quia
944 1794 1050 1834 non
1081 1779 1293 1847 omnis;
1323 1781 1504 1837 nullus
1540 1783 1726 1854 igitur.
1772 1782 2000 1839 Videtur

412 1867 599 1937 itaque
629 1868 720 1900 3°“
756 1870 882 1938 quia
911 1870 1223 1940 syllogismo
1253 1872 1815 1939 meoconclusiouem,
1836 1889 1999 1943 quam

412 1970 572 2015 acute
601 1961 894 2028 abstulisti,
921 1962 1221 2019 auferendo
1244 1965 1460 2019 acutius
1502 1965 1721 2020 dedisti.
1764 1964 1904 2021 MAG.
1935 1965 2001 2021 Et

414 2054 462 2108 si
494 2053 728 2109 latenter
762 2065 815 2110 te
838 2056 1020 2111 monui
1078 2058 1431 2112 considerare
1478 2057 1622 2127 quod
1660 2058 1853 2123 audis,
1892 2073 1999 2113 non

416 2156 623 2211 tamen,
657 2154 718 2201 ut
747 2156 997 2217 apparet,
1028 2147 1294 2202 inutiliter
1340 2161 1355 2201 :
1394 2162 1517 2202 nam
1566 2148 1669 2203 etsi
1709 2148 2001 2220 sophistice

414 2236 615 2306 probes
649 2228 853 2292 nullum
885 2238 980 2271 ³³⁷⁸
1006 2238 1419 2307 grammaticum
1451 2238 1745 2303 hominem,
1765 2255 1863 2309 per
1889 2240 1993 2295 hoc

413 2329 562 2400 quod
614 2344 736 2385 esse
770 2329 1117 2401 grammatici
1172 2345 1279 2385 non
1310 2339 1544 2387 estesse
1590 2330 1830 2387 hominis
1868 2330 1997 2397 ’9";

410 2417 544 2476 utile
573 2428 752 2474 tamen
793 2418 888 2477 tibi
934 2418 1061 2485 erit,
1089 2433 1211 2473 cnm
1237 2418 1412 2488 ipsum
1454 2419 1731 2489 sophisma
1777 2422 1919 2491 quod
1950 2430 2001 2477 te

412 2512 516 2567 sub
532 2511 692 2581 pallio
704 2526 845 2567 verte
872 2510 1101 2565 rationis
1125 2510 1262 2566 lallit
1280 2511 1332 2565 in
1345 2526 1439 2566 sua
1452 2511 1686 2579 fallacia,
1703 2512 1777 2567 ita
1797 2514 1999 2569 nudum

414 2603 743 2674 conspicies.
773 2603 917 2659 Disc.
943 2601 1179 2658 Ostende
1234 2618 1364 2674 ergo
1406 2605 1549 2673 quod
1588 2619 1675 2660 me
1704 2604 1896 2673 fallat;
1945 2614 2001 2662 et

413 2693 504 2747 ubi
531 2708 618 2746 me
649 2691 798 2747 fallat
821 2693 957 2756 haec,
997 2708 1163 2762 quam
1191 2694 1352 2750 modo
1370 2694 1477 2751 feci
1512 2695 1579 2752 de
1619 2698 1997 2766 grammatico,

407 2783 680 2853 probatio.
711 2783 853 2840 Mss.
902 2784 1210 2842 Redeamus
1239 2787 1532 2844 iterunnad
1593 2788 1793 2844 animal
1818 2799 1875 2844 et
1903 2790 2002 2845 ho-

414 2875 645 2943 minem,
673 2876 728 2932 in
758 2876 960 2949 quibus
989 2878 1063 2940 ita
1086 2878 1241 2949 quasi
1262 2878 1546 2950 palpamus
1569 2880 1853 2936 veritatem
1879 2881 1999 2949 ³⁸⁷⁵,

412 2977 474 3024 ιιι
500 2970 710 3026 nullum
761 2971 1036 3043 sophisma
1066 2973 1222 3029 nobis
1266 2972 1618 3043 persuadeat,
1661 2972 1788 3029 licet
1816 2982 1996 3046 cogat,

410 3064 638 3121 credere
664 3064 977 3122 falsitatem.
1008 3068 1106 3124 Dic
1132 3082 1265 3140 ergo
1298 3078 1477 3123 utrum
1501 3083 1624 3125 esse
1653 3069 1999 3138 uniuscujus-

409 3169 518 3224 que
533 3155 609 3210 rei
634 3155 686 3210 in
717 3155 1038 3214 dilllnitione
1085 3160 1372 3215 consistat.
1436 3157 1583 3214 DISC.
1618 3159 1694 3214 Ita
1721 3168 1823 3215 est.
1855 3158 1997 3216 Mss.

409 3243 668 3303 Dillinitio
679 3246 914 3303 hominis
926 3249 1269 3306 estdillinitio
1282 3248 1566 3306 animalis?
1584 3248 1995 3306 Disc.Minime:

409 3338 457 3394 si
481 3340 627 3393 enim
659 3340 860 3394 animal
900 3342 1159 3396 rationale
1205 3342 1429 3398 mortale
1472 3344 1616 3412 (quae
1643 3350 1729 3397 est
1752 3341 1998 3398 difIinitio

411 3428 669 3501 hominis)
683 3438 827 3485 esset
841 3430 1091 3487 dittinitio
1122 3430 1210 3487 ani
1220 3432 1395 3497 malis,
1409 3432 1715 3501 cuicunque
1743 3433 1999 3488 conveni-

410 3529 496 3575 ret
524 3520 745 3589 animal,
774 3523 1091 3577 conveniret
1111 3522 1389 3578 rationale
1421 3524 1690 3589 mortale;
1723 3526 1867 3594 quod
1895 3524 1996 3580 fal—

410 3628 532 3666 sum
562 3612 656 3647 '9"
685 3622 786 3669 est.
818 3613 959 3671 Mss.
989 3614 1107 3670 Non
1136 3624 1220 3671 est
1250 3615 1416 3687 igitur
1443 3632 1566 3673 esse
1614 3617 1850 3674 hominis
1877 3632 1998 3676 esse

409 3705 682 3761 animalis.
713 3705 859 3762 DISC.
886 3705 963 3762 lta
985 3709 1358 3779 consequitur.
1377 3708 1517 3766 Mss.
1543 3708 1707 3767 Potes
1736 3711 1907 3783 igitur
1927 3726 1995 3767 ex

409 3797 515 3854 hoc
544 3800 775 3868 probare
800 3801 925 3872 quia
960 3800 1137 3857 nullus
1160 3802 1318 3858 homo
1340 3803 1547 3859 animal
1574 3816 1673 3869 est,
1696 3806 1886 3863 eadem
1901 3806 1995 3839 '9"

407 3891 640 3958 ratione,
674 3907 780 3963 qua
838 3892 1084 3964 probasti
1134 3895 1299 3951 modo
1328 3895 1530 3966 nullum
1578 3897 1993 3968 grammaticum

404 3996 531 4037 esse
560 3982 858 4039 hominem.
918 3985 1262 4057 Quapropter
1287 3986 1332 4043 si
1384 3988 1540 4043 vides
1593 4000 1840 4059 apertam
1872 4005 1995 4048 esse

409 4074 704 4130 falsitatem
733 4076 878 4145 quod
903 4076 1020 4131 haec
1050 4077 1245 4131 tua’m
1277 4077 1624 4132 ratiocinatio
1660 4079 1749 4135 hic
1775 4080 1995 4137 conclu-

404 4164 504 4227 dit,
547 4180 616 4219 ne
654 4166 848 4221 credas
891 4177 1097 4221 certam
1143 4182 1266 4223 esse
1282 4169 1573 4241 veritatem
1592 4169 1709 4236 ⁸³⁷⁸,
1731 4172 1875 4241 quod
1919 4172 1991 4228 ibi

404 4256 545 4310 ludit
573 4256 689 4310 '9".
718 4257 864 4313 DISC.
881 4257 1000 4312 Jam
1018 4258 1306 4314 ostendisti
1328 4260 1455 4330 quia
1479 4276 1565 4316 me
1587 4262 1745 4329 fallit,
1768 4265 1993 4320 ostende

403 4347 573 4401 etiam
596 4346 709 4403 ubi.
736 4347 877 4405 Mss.
902 4346 1021 4403 Non
1061 4357 1213 4406 tenes
1255 4351 1401 4421 quod
1424 4352 1583 4422 paulo
1625 4363 1750 4410 ante
1772 4355 1908 4423 dixi,
1940 4364 1991 4412 te

403 4441 758 4506 concedente,
788 4442 914 4512 quia
937 4457 1061 4499 esse
1078 4444 1418 4514 grammatici
1455 4460 1563 4501 non
1606 4455 1690 4502 est
1735 4462 1857 4504 esse
1896 4449 1994 4505 ho-

409 4533 595 4599 minis,
626 4535 768 4589 idem
798 4544 887 4591 est
906 4552 971 4591 ac
998 4536 1044 4592 si
1074 4537 1353 4593 diceretur
1380 4555 1396 4591 :
1434 4538 1692 4596 DilIinitio
1721 4556 1994 4612 gramma-

410 4622 498 4677 tici
526 4637 630 4677 non
653 4632 737 4679 est
760 4623 1007 4680 dithnitio
1027 4625 1266 4682 hominis
1282 4626 1398 4695 ³³⁸⁸,
1424 4627 1475 4683 id
1499 4637 1598 4694 est,
1623 4645 1730 4686 non
1753 4632 1990 4688 estidem
2011 4617 2027 4645 ⁹

2102 1774 2219 1831 ficri
2247 1776 2339 1810 'm
2383 1785 2589 1846 potest,
2621 1777 2748 1847 quia
2808 1792 2928 1835 esse
2957 1780 3297 1849 grammatici
3326 1780 3403 1835 ita
3455 1796 3562 1836 non
3611 1792 3698 1836 est

2101 1883 2223 1926 esse
2250 1870 2506 1937 hominis,
2544 1871 2831 1927 sicutesse
2853 1872 2959 1927 albi
3006 1888 3113 1928 non
3158 1881 3242 1929 est
3288 1887 3410 1929 esse
3448 1875 3694 1929 hominis

2101 1962 2303 2033 (potest
2331 1963 2475 2017 enim
2507 1964 2669 2020 homo
2692 1979 2812 2021 esse
2835 1965 2953 2021 sine
2982 1964 3128 2031 albo,
3160 1974 3217 2021 et
3246 1965 3428 2020 album
3446 1967 3564 2021 sine
3585 1967 3690 2021 ho-

2101 2054 2269 2125 mine)
2298 2071 2312 2109 :
2343 2063 2472 2110 tunc
2492 2070 2619 2111 vere
2640 2064 2959 2127 sequeretur
2988 2056 3223 2125 aliquem
3267 2058 3690 2128 grammaticum

2100 2161 2261 2216 posse
2281 2161 2402 2202 esse
2422 2162 2528 2203 non
2546 2148 2841 2204 hominem.
2874 2148 3021 2205 DISC.
3045 2149 3183 2217 Quid
3198 2165 3327 2221 ergo
3346 2149 3696 2207 laboramus?

2101 2236 2162 2293 Si
2193 2239 2294 2295 hoc
2316 2238 2411 2273 ³³⁸³
2468 2240 2689 2310 probari
2721 2249 2919 2309 potest,
2973 2241 3141 2311 proba
3171 2258 3187 2298 :
3222 2252 3279 2297 et
3320 2241 3545 2296 finiatur
3571 2244 3688 2298 haec

2102 2330 2200 2364 ³⁸⁸⁸
2233 2332 2483 2401 quaestio.
2508 2332 2645 2389 Mss.
2679 2331 2795 2388 Non
2827 2333 2928 2389 hoc
2956 2348 2986 2387 a
3017 2349 3105 2389 me
3125 2332 3291 2391 debes
3323 2335 3413 2390 hic
3432 2335 3688 2406 exigere;

2102 2437 2207 2478 non
2236 2425 2380 2479 enim
2412 2424 2466 2480 in
2494 2424 2598 2480 hac
2616 2425 2914 2495 quaestione
2943 2425 3272 2482 ventilamus
3291 2435 3471 2482 utrum
3510 2429 3687 2498 possit

2101 2529 2244 2581 esse,
2272 2515 2368 2570 sed
2390 2522 2572 2571 utrum
2610 2517 2682 2572 sit
2707 2515 2905 2587 aliquis
2946 2517 3339 2589 grammaticus
3373 2533 3481 2574 non
3504 2520 3691 2587 homo,

2100 2606 2246 2677 quod
2300 2607 2453 2665 vides
2500 2608 2793 2664 monstrari
2845 2623 2953 2664 non
3018 2624 3202 2681 posse.
3233 2612 3377 2667 Dtsc.
3434 2610 3689 2667 Nondum

2100 2699 2281 2767 video,
2325 2700 2453 2769 quia
2484 2700 2663 2756 adhuc
2704 2701 2879 2757 habeo
2910 2700 3093 2758 dicere
3136 2712 3348 2758 contra.
3379 2702 3520 2760 Mss.
3567 2703 3690 2760 Dic.

2101 2790 2605 2862 Dtsc.,Aristoteles
2626 2794 3296 2865 ostenditgrammaticum
3338 2809 3528 2850 eorum
3570 2810 3694 2852 esse

2101 2897 2222 2953 qua:
2247 2891 2374 2938 sunt
2400 2884 2453 2937 in
2468 2881 2708 2952 subjecto
2739 2900 2753 2936 :
2796 2882 2958 2956 146
2990 2892 3045 2939 ει
3083 2882 3261 2940 nullus
3303 2884 3466 2940 homo
3507 2895 3592 2940 est
3632 2886 3690 2940 in

2103 2973 2351 3045 subjecto
2376 2992 2390 3028 :
2423 2989 2592 3045 quare
2615 2973 2793 3031 nullus
2814 2974 2907 3006 ³³⁸⁸
2931 2975 3322 3045 grammaticus
3346 2975 3690 3035 homo.Msc.

2100 3064 2613 3122 NoluitAristoteles
2623 3065 2725 3121 hoc
2737 3067 3074 3135 consequiex
3087 3065 3200 3120 suis
3211 3065 3372 3121 dictis
3386 3066 3691 3122 :namidem

2099 3159 2421 3222 Aristoteles
2441 3159 2573 3215 dicit
2605 3158 2893 3229 quemdam
2926 3158 3221 3223 hominem,
3243 3167 3299 3213 et
3330 3158 3612 3214 hominem
3637 3166 3693 3214 et

2099 3250 2300 3307 animal
2321 3249 2754 3322 grammaticum.
2789 3250 2934 3307 ῡιεε.
2976 3248 3257 3316 Quomodo
3277 3265 3407 3321 ergo
3432 3249 3691 3306 dissolvi-

2101 3351 2190 3398 tur
2220 3343 2323 3397 iste
2351 3340 2731 3413 syllogismus?
2760 3339 2901 3398 MAG.
2928 3338 3219 3412 Responde
3249 3340 3381 3395 mihi
3410 3357 3425 3394 :
3450 3338 3683 3396 cumlo—

2099 3435 2285 3507 queris
2309 3436 2441 3490 mihi
2470 3438 2535 3490 de
2560 3434 2945 3506 grammatico,
2977 3433 3120 3489 unde
3143 3433 3438 3505 intelligam
3472 3432 3690 3504 teloqui

2098 3528 2165 3584 de
2194 3527 2299 3582 hoc
2333 3526 2576 3591 nomine,
2608 3542 2676 3582 an
2702 3526 2770 3581 de
2798 3526 2963 3581 rebus
2988 3539 3126 3596 quas
3174 3522 3479 3596 significat?
3533 3524 3685 3580 Disc.

2097 3618 2173 3674 De
2196 3618 2377 3675 rebus.
2409 3616 2553 3673 MAG.
2585 3615 2733 3684 Quas
2760 3632 2894 3689 ergo
2919 3632 3006 3672 res
3039 3615 3351 3687 significat?
3384 3616 3532 3672 Dtse.
3579 3613 3691 3671 Ho-

2097 3711 2321 3775 minem,
2348 3719 2405 3764 et
2440 3709 2879 3781 grammaticam.
2909 3707 3052 3764 Msa.
3076 3708 3279 3763 Audito
3306 3721 3436 3778 ergo
3463 3707 3569 3762 hoc
3586 3720 3689 3762 no-

2095 3804 2263 3870 mine,
2317 3802 2617 3875 intelligam
2659 3802 2936 3878 hominem
2988 3808 3081 3855 aut
3127 3800 3584 3872 grammaticam;
3632 3806 3689 3853 et

2097 3896 2329 3968 loquens
2350 3896 2416 3951 de
2438 3895 2798 3966 grammatico
2826 3893 3017 3965 loquar
3050 3893 3144 3925 ³⁹⁸⁶
3183 3894 3249 3947 de
3300 3893 3546 3958 homine,
3590 3900 3690 3948 aut

2096 3989 2161 4045 de
2183 3988 2557 4060 grammatica.
2574 3988 2720 4043 Dtsc.
2750 3986 2827 4042 Ita
2849 3994 3064 4057 oportet
3084 3985 3199 4040 "'7.
3220 3985 3360 4041 Mss.
3389 3986 3486 4040 Dic
3513 3999 3685 4057 ergo:

2096 4079 2271 4135 llomo
2294 4088 2379 4136 est
2404 4079 2731 4144 substantia,
2764 4094 2834 4136 an
2859 4080 2912 4135 in
2942 4077 3227 4148 subjecto?
3273 4076 3420 4134 Disc.
3447 4076 3566 4133 Non
3596 4088 3685 4135 est
3765 4127 3768 4130 .

2093 4172 2150 4228 in
2178 4170 2440 4241 subjecto,
2495 4173 2590 4228 sed
2633 4179 2717 4228 est
2768 4172 3087 4228 substantia.
3139 4172 3279 4229 Mss.
3314 4172 3684 4228 Grammatica

2092 4276 2177 4323 est
2208 4265 2463 4336 qualitas,
2506 4273 2563 4319 et
2614 4264 2669 4319 in
2716 4264 2979 4335 subjecto.
3023 4264 3171 4319 Disc.
3230 4261 3533 4332 Utrumque
3576 4271 3683 4317 est.

2096 4355 2237 4413 MAG.
2271 4356 2409 4424 Quid
2431 4370 2560 4425 ergo
2584 4355 2800 4419 mirum,
2827 4355 2872 4409 si
2899 4354 3022 4424 quis
3054 4353 3184 4409 dicit
3212 4351 3683 4423 quiagrammati-

2096 4464 2196 4506 cus
2219 4457 2302 4503 est
2328 4446 2650 4509 substantia,
2674 4455 2729 4501 et
2752 4460 2857 4500 non
2889 4454 2971 4499 est
3002 4444 3055 4498 in
3086 4441 3352 4512 subjecto,
3380 4447 3683 4498 secundum

2099 4541 2403 4606 hominem;
2453 4549 2509 4594 et
2561 4537 2949 4609 grammaticus
2992 4546 3076 4591 est
3118 4535 3213 4566 ³⁹⁸⁸
3237 4533 3499 4605 qualitas.
3540 4532 3682 4587 etin

2093 4631 2361 4700 subjecto,
2388 4631 2682 4687 secundum
2711 4628 3122 4698 grammaticam
3146 4627 3170 4681 ?

1692 4743 1928 4799 VARIE
1970 4742 2386 4799 LECTIONES.

474 4826 940 4901 ῗῗτοίζοξιεειιειιάα
978 4840 1067 4885 tua
1104 4831 1383 4891 conclusio
1419 4850 1548 4889 mss.
1579 4834 1972 4891 consideranda
2008 4832 2094 4889 illa
2141 4832 2418 4889 conclusio
2490 4830 2789 4886 “"Nullns
2836 4830 3001 4901 igitur
3045 4829 3301 4901 videtur:
3336 4828 3524 4901 Itaque
3554 4848 3679 4887 mss.

402 4896 582 4977 nullus
609 4900 1264 4977 igitu_r._\’ideturAitaque
1294 4904 1420 4974 quia
1450 4921 1569 4977 ms.
1592 4905 1728 4977 Vict.
1752 4905 1833 4977 713
1864 4904 2046 4977 nullus
2076 4904 2242 4977 igitur
2268 4904 2486 4959 videtur
2518 4904 2644 4977 quia
2702 4902 2814 4977 _""
2827 4896 3056 4956 P'robem
3086 4900 3292 4977 nullum
3322 4896 3684 4977 msslprobes

401 4969 609 5052 nullum
641 4969 646 4970 “
684 4970 928 5053 ’πέριξξεε
976 4969 1204 5053 rationis
1250 4969 1373 5053 mss:
1404 4990 1527 5053 esse
1557 4976 1796 5031 hominis
1871 4975 2055 5053 ’_"‘lt_a
2097 4969 2383 5053 palpamus
2411 4969 2584 5053 quasi
2598 4974 3052 5053 veritatemnmss.
3085 4972 3163 5053 ita
3189 4970 3348 5041 quasi
3394 4969 3684 5053 palpamus

401 5041 690 5115 veritatem
767 5042 861 5115 "7F
882 5044 1190 5115 Rationale,
1228 5045 1369 5115 quod
1401 5044 1594 5100 falsum
1633 5063 1760 5101 mss.
1792 5045 2062 5101 rationale
2091 5040 2354 5109 mortale,
2383 5040 2527 5114 quod
2558 5043 2755 5099 falsum
2833 5040 3165 5096 “"Animal
3189 5056 3309 5095 cum
3330 5040 3521 5115 eadem
3550 5058 3678 5098 mss.

401 5112 609 5189 animal
635 5114 938 5189 est‘eadem
990 5112 1263 5189 _3°_'_7'Quia
1289 5115 1405 5176 haec
1438 5125 1681 5189 tuagmss.
1708 5116 1999 5189 quodrltage
2017 5126 2117 5189 tua
2150 5186 2161 5189 _
2193 5112 2516 5189 "79Certam
2540 5115 2828 5189 veritatem
2857 5119 3219 5189 mss._ce_rtam
3245 5125 3366 5167 esse
3390 5113 3680 5189 veritatem

400 5182 495 5216 '9"
542 5181 693 5249 Quod
731 5183 803 5238 ibi
848 5183 1124 5243 concludit
1153 5181 1278 5241 mss.
1311 5188 1454 5254 quod
1481 5187 1551 5241 ibi
1582 5181 1740 5245 ludit'
1822 5186 2327 5241 “"Dellinitionem
2355 5184 2591 5241 hominis
2620 5201 2726 5241 non
2758 5198 2879 5239 esse
2907 5182 3295 5254 deflinitionem
3332 5184 3680 5251 grammatici

401 5254 828 5327 ntss.__deﬁnitio
880 5255 1240 5327 grammatici
1290 5253 1396 5311 non
1449 5265 1535 5311 est
1591 5257 1837 5313 definitio
1903 5258 2142 5313 hominis
2225 5255 2319 5288 ³⁹⁸ί
2370 5255 2703 5327 Simpliciter
2751 5256 2973 5327 homo,_
2993 5253 3150 5327 quod
3170 5263 3679 5327 "verumhestMnon

401 5323 764 5407 simpliciter“:
797 5322 1275 5407 sed'nliontontal’i‘s
1304 5336 1399 5407 est
1439 5329 1849 5407 grammaticus.
1882 5328 2025 5383 Disc.
2054 5327 2187 5381 nihil
2211 5344 2338 5407 mss.
2378 5322 2696 5407 simpliciter
2726 5322 3087 5407 homo.nDi.sc.
3130 5322 3275 5407 nihil.
3316 5322 3434 5407 _"”
3454 5322 3682 5407 Difﬁcile

401 5391 520 5475 fieri
550 5410 676 5475 mss.
700 5394 884 5475 facile
915 5397 1058 5475 fieri.
1109 5395 1355 5467 m’Quid
1408 5391 1539 5475 ergo
1570 5396 1882 5475 laboramus
1900 5408 2105 5475 _u_t_rum_
2132 5398 2303 5475 possit
2346 5391 2501 5454 esse?
2541 5398 2603 5475 sig
2628 5398 2730 5452 hoc
2756 5395 3222 5475 mss._Quid_Ae_rg‘o
3254 5391 3606 5475 laboramus?
3634 5395 3680 5448 si

404 5460 512 5536 hoc
584 5464 765 5519 ""Et
793 5465 1017 5523 finiatur
1047 5468 1161 5522 hzec
1186 5460 1312 5521 mss.
1340 5475 1396 5520 et
1426 5460 1677 5523 firmatur
1708 5470 1824 5525 haec
1897 5460 2147 5536 ³³³⁸οιιίιὶ
2182 5467 2360 5523 nullus
2404 5484 2530 5522 mss.
2567 5468 2749 5535 Quare
2791 5460 2970 5520 nullus
3045 5460 3225 5536 ""Et
3254 5464 3495 5532 loqueris
3522 5464 3677 5519 de...

402 5529 595 5600 loquor
619 5551 741 5614 mss.
774 5545 829 5589 et
857 5536 1083 5613 loquens
1114 5539 1179 5594 de
1296 5537 1485 5608 loquar
1560 5538 1858 5613 a""ltaque
1898 5529 2112 5613 oportet
2141 5555 2264 5595 mss.
2298 5540 2370 5595 ita
2414 5529 2630 5609 oportEt
2717 5537 2894 5593 39"lit
2935 5534 3290 5607 grammatica
3327 5529 3415 5590 est
3448 5549 3577 5589 mss.
3625 5544 3680 5591 et

404 5612 789 5668 grammaticus
832 5618 916 5662 cst
