  <div class='ocr_page' id='page_1' title='image "/cluster/home/n/w/nwhite01/storage/ocr_20150623/158/hvd.32044054760160/290.png"; bbox 0 0 3940 6046; ppageno 0'>
   <div class='ocr_carea' id='block_1_1' title="bbox 344 245 451 302">
    <p class='ocr_par' dir='ltr' id='par_1_1' title="bbox 344 245 451 302">
     <span class='ocr_line' id='line_1_1' title="bbox 344 245 451 302; baseline 0.009 -1"><span class='ocrx_word' id='word_1_1' title='bbox 344 245 451 302; x_wconf 75' lang='lat'><strong>569</strong></span> 
     </span>
    </p>
   </div>
   <div class='ocr_carea' id='block_1_2' title="bbox 950 356 1279 416">
    <p class='ocr_par' dir='ltr' id='par_1_2' title="bbox 950 356 1279 416">
     <span class='ocr_line' id='line_1_2' title="bbox 950 356 1279 416; baseline -0.006 -1"><span class='ocrx_word' id='word_1_2' title='bbox 950 356 1181 416; x_wconf 82' lang='lat' dir='ltr'><strong>CAPUT</strong></span> <span class='ocrx_word' id='word_1_3' title='bbox 1210 357 1279 415; x_wconf 82' lang='lat' dir='ltr'><strong>X.</strong></span> 
     </span>
    </p>
   </div>
   <div class='ocr_carea' id='block_1_3' title="bbox 345 447 1928 521">
    <p class='ocr_par' dir='ltr' id='par_1_3' title="bbox 345 447 1928 521">
     <span class='ocr_line' id='line_1_3' title="bbox 345 447 1928 521; baseline 0.002 -19"><span class='ocrx_word' id='word_1_4' title='bbox 345 447 737 504; x_wconf 79' lang='lat' dir='ltr'><strong>Grammaticus</strong></span> <span class='ocrx_word' id='word_1_5' title='bbox 765 465 834 503; x_wconf 91' lang='lat' dir='ltr'><strong>an</strong></span> <span class='ocrx_word' id='word_1_6' title='bbox 870 450 939 504; x_wconf 87' lang='lat' dir='ltr'><strong>sit</strong></span> <span class='ocrx_word' id='word_1_7' title='bbox 992 453 1285 521; x_wconf 86' lang='lat' dir='ltr'><strong>prima,an</strong></span> <span class='ocrx_word' id='word_1_8' title='bbox 1335 449 1567 505; x_wconf 79' lang='lat' dir='ltr'><strong>secunda</strong></span> <span class='ocrx_word' id='word_1_9' title='bbox 1612 450 1928 505; x_wconf 77' lang='lat' dir='ltr'><strong>substantia.</strong></span> 
     </span>
    </p>
   </div>
   <div class='ocr_carea' id='block_1_4' title="bbox 417 539 1930 610">
    <p class='ocr_par' dir='ltr' id='par_1_4' title="bbox 417 539 1930 610">
     <span class='ocr_line' id='line_1_4' title="bbox 417 539 1930 610; baseline 0.001 -17"><span class='ocrx_word' id='word_1_10' title='bbox 417 540 561 593; x_wconf 80' lang='lat' dir='ltr'><strong>Disc.</strong></span> <span class='ocrx_word' id='word_1_11' title='bbox 594 539 811 594; x_wconf 80' lang='lat' dir='ltr'><strong>Ditliteri</strong></span> <span class='ocrx_word' id='word_1_12' title='bbox 837 555 944 595; x_wconf 92' lang='lat' dir='ltr'><strong>non</strong></span> <span class='ocrx_word' id='word_1_13' title='bbox 972 555 1192 610; x_wconf 89' lang='lat' dir='ltr'><strong>possum</strong></span> <span class='ocrx_word' id='word_1_14' title='bbox 1220 540 1347 605; x_wconf 86' lang='lat' dir='ltr'><strong>;sed</strong></span> <span class='ocrx_word' id='word_1_15' title='bbox 1366 556 1532 594; x_wconf 91' lang='lat' dir='ltr'><strong>unum</strong></span> <span class='ocrx_word' id='word_1_16' title='bbox 1561 539 1930 603; x_wconf 88' lang='lat' dir='ltr'><strong>adhucdicam</strong></span> 
     </span>
    </p>
   </div>
   <div class='ocr_carea' id='block_1_5' title="bbox 345 630 1933 701">
    <p class='ocr_par' dir='ltr' id='par_1_5' title="bbox 345 630 1933 701">
     <span class='ocr_line' id='line_1_5' title="bbox 345 630 1933 701; baseline 0 -17"><span class='ocrx_word' id='word_1_17' title='bbox 345 647 443 684; x_wconf 87' lang='lat' dir='ltr'><strong>cur</strong></span> <span class='ocrx_word' id='word_1_18' title='bbox 478 631 572 663; x_wconf 80' lang='grc'><strong>³⁹⁸⁹</strong></span> <span class='ocrx_word' id='word_1_19' title='bbox 622 630 1016 699; x_wconf 87' lang='lat' dir='ltr'><strong>grammaticus</strong></span> <span class='ocrx_word' id='word_1_20' title='bbox 1062 646 1168 686; x_wconf 90' lang='lat' dir='ltr'><strong>non</strong></span> <span class='ocrx_word' id='word_1_21' title='bbox 1199 631 1269 685; x_wconf 91' lang='lat' dir='ltr'><strong>sit</strong></span> <span class='ocrx_word' id='word_1_22' title='bbox 1296 631 1639 696; x_wconf 89' lang='lat' dir='ltr'><strong>substantia;</strong></span> <span class='ocrx_word' id='word_1_23' title='bbox 1665 632 1791 701; x_wconf 85' lang='lat' dir='ltr'><strong>quia</strong></span> <span class='ocrx_word' id='word_1_24' title='bbox 1817 647 1933 685; x_wconf 90' lang='lat' dir='ltr'><strong>om-</strong></span> 
     </span>
    </p>
   </div>
   <div class='ocr_carea' id='block_1_6' title="bbox 341 721 1932 793">
    <p class='ocr_par' dir='ltr' id='par_1_6' title="bbox 341 721 1932 793">
     <span class='ocr_line' id='line_1_6' title="bbox 341 721 1932 793; baseline 0.001 -18"><span class='ocrx_word' id='word_1_25' title='bbox 341 722 427 775; x_wconf 78' lang='lat' dir='ltr'><strong>nis</strong></span> <span class='ocrx_word' id='word_1_26' title='bbox 451 721 759 776; x_wconf 89' lang='lat' dir='ltr'><strong>substantia</strong></span> <span class='ocrx_word' id='word_1_27' title='bbox 790 729 875 777; x_wconf 89' lang='lat' dir='ltr'><strong>est</strong></span> <span class='ocrx_word' id='word_1_28' title='bbox 899 721 1076 791; x_wconf 86' lang='lat' dir='ltr'><strong>prima</strong></span> <span class='ocrx_word' id='word_1_29' title='bbox 1125 729 1221 777; x_wconf 89' lang='lat' dir='ltr'><strong>aut</strong></span> <span class='ocrx_word' id='word_1_30' title='bbox 1242 722 1509 787; x_wconf 89' lang='lat' dir='ltr'><strong>secunda;</strong></span> <span class='ocrx_word' id='word_1_31' title='bbox 1537 722 1932 793; x_wconf 90' lang='lat' dir='ltr'><strong>grammaticus</strong></span> 
     </span>
    </p>
   </div>
   <div class='ocr_carea' id='block_1_7' title="bbox 341 810 1930 881">
    <p class='ocr_par' dir='ltr' id='par_1_7' title="bbox 341 810 1930 881">
     <span class='ocr_line' id='line_1_7' title="bbox 341 810 1930 881; baseline -0.001 -15"><span class='ocrx_word' id='word_1_32' title='bbox 341 822 526 866; x_wconf 82' lang='lat' dir='ltr'><strong>autem</strong></span> <span class='ocrx_word' id='word_1_33' title='bbox 555 827 653 867; x_wconf 89' lang='lat' dir='ltr'><strong>nec</strong></span> <span class='ocrx_word' id='word_1_34' title='bbox 682 812 880 881; x_wconf 91' lang='lat' dir='ltr'><strong>prima,</strong></span> <span class='ocrx_word' id='word_1_35' title='bbox 934 827 1035 867; x_wconf 90' lang='lat' dir='ltr'><strong>nec</strong></span> <span class='ocrx_word' id='word_1_36' title='bbox 1061 813 1321 868; x_wconf 87' lang='lat' dir='ltr'><strong>secunda.</strong></span> <span class='ocrx_word' id='word_1_37' title='bbox 1362 812 1504 867; x_wconf 74' lang='lat' dir='ltr'><strong>MAG.</strong></span> <span class='ocrx_word' id='word_1_38' title='bbox 1547 810 1816 867; x_wconf 76' lang='lat' dir='ltr'><strong>Memento</strong></span> <span class='ocrx_word' id='word_1_39' title='bbox 1850 812 1930 867; x_wconf 86' lang='lat' dir='ltr'><strong>di-</strong></span> 
     </span>
    </p>
   </div>
   <div class='ocr_carea' id='block_1_8' title="bbox 341 903 1932 975">
    <p class='ocr_par' dir='ltr' id='par_1_8' title="bbox 341 903 1932 975">
     <span class='ocr_line' id='line_1_8' title="bbox 341 903 1932 975; baseline -0.001 -16"><span class='ocrx_word' id='word_1_40' title='bbox 341 914 558 961; x_wconf 77' lang='lat' dir='ltr'><strong>ctorum</strong></span> <span class='ocrx_word' id='word_1_41' title='bbox 584 903 912 971; x_wconf 72' lang='lat' dir='ltr'><strong>Aristotelis,</strong></span> <span class='ocrx_word' id='word_1_42' title='bbox 938 919 1059 975; x_wconf 73' lang='lat' dir='ltr'><strong>qua:</strong></span> <span class='ocrx_word' id='word_1_43' title='bbox 1080 904 1240 974; x_wconf 84' lang='lat' dir='ltr'><strong>paulo</strong></span> <span class='ocrx_word' id='word_1_44' title='bbox 1262 913 1389 959; x_wconf 83' lang='lat' dir='ltr'><strong>ante</strong></span> <span class='ocrx_word' id='word_1_45' title='bbox 1424 904 1554 968; x_wconf 83' lang='lat' dir='ltr'><strong>dixi,</strong></span> <span class='ocrx_word' id='word_1_46' title='bbox 1581 905 1778 975; x_wconf 85' lang='lat' dir='ltr'><strong>quibus</strong></span> <span class='ocrx_word' id='word_1_47' title='bbox 1800 903 1932 959; x_wconf 83' lang='lat' dir='ltr'><strong>dicit</strong></span> 
     </span>
    </p>
   </div>
   <div class='ocr_carea' id='block_1_9' title="bbox 342 994 1930 1065">
    <p class='ocr_par' dir='ltr' id='par_1_9' title="bbox 342 994 1930 1065">
     <span class='ocr_line' id='line_1_9' title="bbox 342 994 1930 1065; baseline 0.001 -18"><span class='ocrx_word' id='word_1_48' title='bbox 342 995 757 1064; x_wconf 82' lang='lat' dir='ltr'><strong>grammaticum</strong></span> <span class='ocrx_word' id='word_1_49' title='bbox 788 996 885 1028; x_wconf 68' lang='lat'><strong>&quot;9°</strong></span> <span class='ocrx_word' id='word_1_50' title='bbox 912 1004 968 1050; x_wconf 87' lang='lat' dir='ltr'><strong>et</strong></span> <span class='ocrx_word' id='word_1_51' title='bbox 994 996 1227 1065; x_wconf 82' lang='lat' dir='ltr'><strong>primam</strong></span> <span class='ocrx_word' id='word_1_52' title='bbox 1257 1004 1314 1050; x_wconf 87' lang='lat' dir='ltr'><strong>et</strong></span> <span class='ocrx_word' id='word_1_53' title='bbox 1341 995 1636 1050; x_wconf 90' lang='lat' dir='ltr'><strong>secundam</strong></span> <span class='ocrx_word' id='word_1_54' title='bbox 1669 994 1930 1049; x_wconf 71' lang='lat' dir='ltr'><strong>substan—</strong></span> 
     </span>
    </p>
   </div>
   <div class='ocr_carea' id='block_1_10' title="bbox 341 1084 1928 1157">
    <p class='ocr_par' dir='ltr' id='par_1_10' title="bbox 341 1084 1928 1157">
     <span class='ocr_line' id='line_1_10' title="bbox 341 1084 1928 1157; baseline -0.001 -16"><span class='ocrx_word' id='word_1_55' title='bbox 341 1087 473 1141; x_wconf 85' lang='lat' dir='ltr'><strong>tiam</strong></span> <span class='ocrx_word' id='word_1_56' title='bbox 500 1102 515 1151; x_wconf 90' lang='lat'><strong>;</strong></span> <span class='ocrx_word' id='word_1_57' title='bbox 548 1086 677 1156; x_wconf 87' lang='lat' dir='ltr'><strong>quia</strong></span> <span class='ocrx_word' id='word_1_58' title='bbox 707 1094 765 1141; x_wconf 82' lang='lat' dir='ltr'><strong>et</strong></span> <span class='ocrx_word' id='word_1_59' title='bbox 814 1085 1092 1141; x_wconf 89' lang='lat' dir='ltr'><strong>hominem</strong></span> <span class='ocrx_word' id='word_1_60' title='bbox 1130 1086 1446 1157; x_wconf 86' lang='lat' dir='ltr'><strong>quemdam,</strong></span> <span class='ocrx_word' id='word_1_61' title='bbox 1468 1095 1524 1142; x_wconf 90' lang='lat' dir='ltr'><strong>et</strong></span> <span class='ocrx_word' id='word_1_62' title='bbox 1568 1084 1844 1141; x_wconf 88' lang='lat' dir='ltr'><strong>hominem</strong></span> <span class='ocrx_word' id='word_1_63' title='bbox 1872 1093 1928 1141; x_wconf 91' lang='lat' dir='ltr'><strong>et</strong></span> 
     </span>
    </p>
   </div>
   <div class='ocr_carea' id='block_1_11' title="bbox 338 1176 1927 1247">
    <p class='ocr_par' dir='ltr' id='par_1_11' title="bbox 338 1176 1927 1247">
     <span class='ocr_line' id='line_1_11' title="bbox 338 1176 1927 1247; baseline 0.001 -17"><span class='ocrx_word' id='word_1_64' title='bbox 338 1176 561 1243; x_wconf 85' lang='lat' dir='ltr'><strong>animal,</strong></span> <span class='ocrx_word' id='word_1_65' title='bbox 587 1177 1001 1247; x_wconf 83' lang='lat' dir='ltr'><strong>grammaticum</strong></span> <span class='ocrx_word' id='word_1_66' title='bbox 1019 1177 1124 1232; x_wconf 81' lang='lat' dir='ltr'><strong>dici</strong></span> <span class='ocrx_word' id='word_1_67' title='bbox 1153 1185 1388 1233; x_wconf 82' lang='lat' dir='ltr'><strong>testatur</strong></span> <span class='ocrx_word' id='word_1_68' title='bbox 1417 1193 1431 1230; x_wconf 90' lang='lat'><strong>:</strong></span> <span class='ocrx_word' id='word_1_69' title='bbox 1454 1176 1546 1231; x_wconf 89' lang='lat' dir='ltr'><strong>sed</strong></span> <span class='ocrx_word' id='word_1_70' title='bbox 1577 1184 1759 1231; x_wconf 90' lang='lat' dir='ltr'><strong>tamen</strong></span> <span class='ocrx_word' id='word_1_71' title='bbox 1782 1177 1927 1232; x_wconf 90' lang='lat' dir='ltr'><strong>unde</strong></span> 
     </span>
    </p>
   </div>
   <div class='ocr_carea' id='block_1_12' title="bbox 339 1268 1925 1340">
    <p class='ocr_par' dir='ltr' id='par_1_12' title="bbox 339 1268 1925 1340">
     <span class='ocr_line' id='line_1_12' title="bbox 339 1268 1925 1340; baseline -0.001 -17"><span class='ocrx_word' id='word_1_72' title='bbox 339 1269 545 1338; x_wconf 87' lang='lat' dir='ltr'><strong>probas</strong></span> <span class='ocrx_word' id='word_1_73' title='bbox 569 1269 985 1340; x_wconf 89' lang='lat' dir='ltr'><strong>grammaticum</strong></span> <span class='ocrx_word' id='word_1_74' title='bbox 1009 1284 1114 1324; x_wconf 91' lang='lat' dir='ltr'><strong>non</strong></span> <span class='ocrx_word' id='word_1_75' title='bbox 1138 1284 1260 1324; x_wconf 81' lang='lat' dir='ltr'><strong>esse</strong></span> <span class='ocrx_word' id='word_1_76' title='bbox 1287 1268 1543 1339; x_wconf 89' lang='lat' dir='ltr'><strong>primam,</strong></span> <span class='ocrx_word' id='word_1_77' title='bbox 1588 1276 1683 1323; x_wconf 88' lang='lat' dir='ltr'><strong>aut</strong></span> <span class='ocrx_word' id='word_1_78' title='bbox 1730 1282 1925 1323; x_wconf 85' lang='lat' dir='ltr'><strong>secun-</strong></span> 
     </span>
    </p>
   </div>
   <div class='ocr_carea' id='block_1_13' title="bbox 337 1359 1925 1429">
    <p class='ocr_par' dir='ltr' id='par_1_13' title="bbox 337 1359 1925 1429">
     <span class='ocr_line' id='line_1_13' title="bbox 337 1359 1925 1429; baseline -0.002 -12"><span class='ocrx_word' id='word_1_79' title='bbox 337 1360 465 1417; x_wconf 86' lang='lat' dir='ltr'><strong>dam</strong></span> <span class='ocrx_word' id='word_1_80' title='bbox 489 1362 852 1416; x_wconf 85' lang='lat' dir='ltr'><strong>substantiam</strong></span> <span class='ocrx_word' id='word_1_81' title='bbox 876 1362 900 1415; x_wconf 71' lang='grc' dir='ltr'><strong>’ἒ</strong></span> <span class='ocrx_word' id='word_1_82' title='bbox 925 1363 1072 1416; x_wconf 79' lang='lat' dir='ltr'><strong>Disc.</strong></span> <span class='ocrx_word' id='word_1_83' title='bbox 1103 1360 1239 1427; x_wconf 85' lang='lat' dir='ltr'><strong>Quia</strong></span> <span class='ocrx_word' id='word_1_84' title='bbox 1264 1369 1349 1417; x_wconf 88' lang='lat' dir='ltr'><strong>est.</strong></span> <span class='ocrx_word' id='word_1_85' title='bbox 1389 1359 1443 1414; x_wconf 92' lang='lat' dir='ltr'><strong>in</strong></span> <span class='ocrx_word' id='word_1_86' title='bbox 1465 1360 1740 1429; x_wconf 90' lang='lat' dir='ltr'><strong>subjecto,</strong></span> <span class='ocrx_word' id='word_1_87' title='bbox 1777 1360 1925 1429; x_wconf 90' lang='lat' dir='ltr'><strong>quod</strong></span> 
     </span>
    </p>
   </div>
   <div class='ocr_carea' id='block_1_14' title="bbox 336 1451 1922 1522">
    <p class='ocr_par' dir='ltr' id='par_1_14' title="bbox 336 1451 1922 1522">
     <span class='ocr_line' id='line_1_14' title="bbox 336 1451 1922 1522; baseline -0.001 -15"><span class='ocrx_word' id='word_1_88' title='bbox 336 1453 434 1487; x_wconf 70' lang='grc'><strong>³⁸³⁸</strong></span> <span class='ocrx_word' id='word_1_89' title='bbox 462 1453 610 1507; x_wconf 89' lang='lat' dir='ltr'><strong>nulla</strong></span> <span class='ocrx_word' id='word_1_90' title='bbox 638 1453 944 1509; x_wconf 88' lang='lat' dir='ltr'><strong>substantia</strong></span> <span class='ocrx_word' id='word_1_91' title='bbox 967 1462 1077 1519; x_wconf 91' lang='lat' dir='ltr'><strong>est;</strong></span> <span class='ocrx_word' id='word_1_92' title='bbox 1095 1462 1151 1509; x_wconf 91' lang='lat' dir='ltr'><strong>et</strong></span> <span class='ocrx_word' id='word_1_93' title='bbox 1180 1452 1380 1508; x_wconf 91' lang='lat' dir='ltr'><strong>dicitur</strong></span> <span class='ocrx_word' id='word_1_94' title='bbox 1402 1452 1469 1506; x_wconf 88' lang='lat' dir='ltr'><strong>de</strong></span> <span class='ocrx_word' id='word_1_95' title='bbox 1492 1451 1922 1522; x_wconf 88' lang='lat' dir='ltr'><strong>pluribus,quod</strong></span> 
     </span>
    </p>
   </div>
   <div class='ocr_carea' id='block_1_15' title="bbox 338 1541 1923 1613">
    <p class='ocr_par' dir='ltr' id='par_1_15' title="bbox 338 1541 1923 1613">
     <span class='ocr_line' id='line_1_15' title="bbox 338 1541 1923 1613; baseline -0.001 -16"><span class='ocrx_word' id='word_1_96' title='bbox 338 1544 530 1613; x_wconf 83' lang='lat' dir='ltr'><strong>primae</strong></span> <span class='ocrx_word' id='word_1_97' title='bbox 551 1557 659 1598; x_wconf 90' lang='lat' dir='ltr'><strong>non</strong></span> <span class='ocrx_word' id='word_1_98' title='bbox 684 1551 800 1606; x_wconf 90' lang='lat' dir='ltr'><strong>est;</strong></span> <span class='ocrx_word' id='word_1_99' title='bbox 831 1558 934 1599; x_wconf 90' lang='lat' dir='ltr'><strong>nec</strong></span> <span class='ocrx_word' id='word_1_100' title='bbox 953 1551 1040 1598; x_wconf 91' lang='lat' dir='ltr'><strong>est</strong></span> <span class='ocrx_word' id='word_1_101' title='bbox 1067 1557 1257 1613; x_wconf 88' lang='lat' dir='ltr'><strong>genus,</strong></span> <span class='ocrx_word' id='word_1_102' title='bbox 1284 1551 1379 1598; x_wconf 91' lang='lat' dir='ltr'><strong>aut</strong></span> <span class='ocrx_word' id='word_1_103' title='bbox 1402 1542 1633 1612; x_wconf 84' lang='lat' dir='ltr'><strong>species,</strong></span> <span class='ocrx_word' id='word_1_104' title='bbox 1662 1555 1765 1597; x_wconf 90' lang='lat' dir='ltr'><strong>nec</strong></span> <span class='ocrx_word' id='word_1_105' title='bbox 1788 1541 1923 1598; x_wconf 91' lang='lat' dir='ltr'><strong>dici-</strong></span> 
     </span>
    </p>
   </div>
   <div class='ocr_carea' id='block_1_16' title="bbox 337 1632 1919 1706">
    <p class='ocr_par' dir='ltr' id='par_1_16' title="bbox 337 1632 1919 1706">
     <span class='ocr_line' id='line_1_16' title="bbox 337 1632 1919 1706; baseline -0.001 -18"><span class='ocrx_word' id='word_1_106' title='bbox 337 1643 431 1689; x_wconf 86' lang='lat' dir='ltr'><strong>tur</strong></span> <span class='ocrx_word' id='word_1_107' title='bbox 458 1633 512 1689; x_wconf 93' lang='lat' dir='ltr'><strong>in</strong></span> <span class='ocrx_word' id='word_1_108' title='bbox 541 1650 606 1690; x_wconf 91' lang='lat' dir='ltr'><strong>eo</strong></span> <span class='ocrx_word' id='word_1_109' title='bbox 635 1634 778 1704; x_wconf 90' lang='lat' dir='ltr'><strong>quod</strong></span> <span class='ocrx_word' id='word_1_110' title='bbox 801 1634 929 1706; x_wconf 91' lang='lat' dir='ltr'><strong>quid</strong></span> <span class='ocrx_word' id='word_1_111' title='bbox 959 1651 974 1688; x_wconf 87' lang='lat'><strong>:</strong></span> <span class='ocrx_word' id='word_1_112' title='bbox 1005 1635 1148 1705; x_wconf 90' lang='lat' dir='ltr'><strong>quod</strong></span> <span class='ocrx_word' id='word_1_113' title='bbox 1172 1643 1256 1690; x_wconf 89' lang='lat' dir='ltr'><strong>est</strong></span> <span class='ocrx_word' id='word_1_114' title='bbox 1282 1633 1555 1689; x_wconf 83' lang='lat' dir='ltr'><strong>secundae.</strong></span> <span class='ocrx_word' id='word_1_115' title='bbox 1589 1633 1731 1688; x_wconf 76' lang='lat' dir='ltr'><strong>MAG.</strong></span> <span class='ocrx_word' id='word_1_116' title='bbox 1775 1632 1919 1686; x_wconf 84' lang='lat' dir='ltr'><strong>Nihil</strong></span> 
     </span>
    </p>
   </div>
   <div class='ocr_carea' id='block_1_17' title="bbox 1679 239 2259 302">
    <p class='ocr_par' dir='ltr' id='par_1_17' title="bbox 1679 239 2259 302">
     <span class='ocr_line' id='line_1_17' title="bbox 1679 239 2259 302; baseline -0.005 -2"><span class='ocrx_word' id='word_1_117' title='bbox 1679 244 1768 302; x_wconf 83' lang='lat' dir='ltr'><strong>DE</strong></span> <span class='ocrx_word' id='word_1_118' title='bbox 1801 239 2259 301; x_wconf 75' lang='lat' dir='ltr'><strong>GRAMMATICO</strong></span> 
     </span>
    </p>
   </div>
   <div class='ocr_carea' id='block_1_18' title="bbox 1954 350 3615 425">
    <p class='ocr_par' dir='ltr' id='par_1_18' title="bbox 1954 350 3615 425">
     <span class='ocr_line' id='line_1_18' title="bbox 1954 350 3615 425; baseline -0.001 -16"><span class='ocrx_word' id='word_1_119' title='bbox 1954 362 2012 419; x_wconf 73' lang='grc' dir='ltr'><strong>Α</strong></span> <span class='ocrx_word' id='word_1_120' title='bbox 2037 371 2158 409; x_wconf 88' lang='lat' dir='ltr'><strong>men</strong></span> <span class='ocrx_word' id='word_1_121' title='bbox 2186 350 2553 425; x_wconf 78' lang='lat' dir='ltr'><strong>grammatici,</strong></span> <span class='ocrx_word' id='word_1_122' title='bbox 2603 352 2818 424; x_wconf 77' lang='lat' dir='ltr'><strong>ignorat</strong></span> <span class='ocrx_word' id='word_1_123' title='bbox 2866 352 3280 423; x_wconf 87' lang='lat' dir='ltr'><strong>grammaticum</strong></span> <span class='ocrx_word' id='word_1_124' title='bbox 3308 350 3615 421; x_wconf 81' lang='lat' dir='ltr'><strong>signiﬁcare</strong></span> 
     </span>
    </p>
   </div>
   <div class='ocr_carea' id='block_1_19' title="bbox 3505 242 3614 299">
    <p class='ocr_par' dir='ltr' id='par_1_19' title="bbox 3505 242 3614 299">
     <span class='ocr_line' id='line_1_19' title="bbox 3505 242 3614 299; baseline 0.028 -3"><span class='ocrx_word' id='word_1_125' title='bbox 3505 242 3614 299; x_wconf 75' lang='lat'><strong>570</strong></span> 
     </span>
    </p>
   </div>
   <div class='ocr_carea' id='block_1_20' title="bbox 2034 443 3613 516">
    <p class='ocr_par' dir='ltr' id='par_1_20' title="bbox 2034 443 3613 516">
     <span class='ocr_line' id='line_1_20' title="bbox 2034 443 3613 516; baseline -0.004 -13"><span class='ocrx_word' id='word_1_126' title='bbox 2034 446 2311 504; x_wconf 84' lang='lat' dir='ltr'><strong>hominem</strong></span> <span class='ocrx_word' id='word_1_127' title='bbox 2338 454 2395 501; x_wconf 93' lang='lat' dir='ltr'><strong>et</strong></span> <span class='ocrx_word' id='word_1_128' title='bbox 2429 445 2844 516; x_wconf 81' lang='lat' dir='ltr'><strong>grammaticam</strong></span> <span class='ocrx_word' id='word_1_129' title='bbox 2878 456 2972 499; x_wconf 87' lang='lat' dir='ltr'><strong>:et</strong></span> <span class='ocrx_word' id='word_1_130' title='bbox 3010 454 3189 498; x_wconf 89' lang='lat' dir='ltr'><strong>tamen</strong></span> <span class='ocrx_word' id='word_1_131' title='bbox 3213 444 3255 498; x_wconf 87' lang='lat' dir='ltr'><strong>si</strong></span> <span class='ocrx_word' id='word_1_132' title='bbox 3285 445 3386 498; x_wconf 89' lang='lat' dir='ltr'><strong>hac</strong></span> <span class='ocrx_word' id='word_1_133' title='bbox 3418 443 3613 498; x_wconf 87' lang='lat' dir='ltr'><strong>ﬁducia</strong></span> 
     </span>
    </p>
   </div>
   <div class='ocr_carea' id='block_1_21' title="bbox 2034 534 3613 608">
    <p class='ocr_par' dir='ltr' id='par_1_21' title="bbox 2034 534 3613 608">
     <span class='ocr_line' id='line_1_21' title="bbox 2034 534 3613 608; baseline -0.003 -14"><span class='ocrx_word' id='word_1_134' title='bbox 2034 539 2090 595; x_wconf 91' lang='lat' dir='ltr'><strong>in</strong></span> <span class='ocrx_word' id='word_1_135' title='bbox 2123 537 2322 608; x_wconf 87' lang='lat' dir='ltr'><strong>populo</strong></span> <span class='ocrx_word' id='word_1_136' title='bbox 2342 536 2569 607; x_wconf 90' lang='lat' dir='ltr'><strong>loquens</strong></span> <span class='ocrx_word' id='word_1_137' title='bbox 2606 535 2784 591; x_wconf 91' lang='lat' dir='ltr'><strong>dicam</strong></span> <span class='ocrx_word' id='word_1_138' title='bbox 2827 550 2842 589; x_wconf 90' lang='lat'><strong>:</strong></span> <span class='ocrx_word' id='word_1_139' title='bbox 2894 534 3051 590; x_wconf 82' lang='lat' dir='ltr'><strong>Utilis</strong></span> <span class='ocrx_word' id='word_1_140' title='bbox 3072 535 3289 589; x_wconf 84' lang='lat' dir='ltr'><strong>scientia</strong></span> <span class='ocrx_word' id='word_1_141' title='bbox 3318 544 3393 589; x_wconf 78' lang='lat' dir='ltr'><strong>est</strong></span> <span class='ocrx_word' id='word_1_142' title='bbox 3432 552 3613 603; x_wconf 87' lang='lat' dir='ltr'><strong>gram-</strong></span> 
     </span>
    </p>
   </div>
   <div class='ocr_carea' id='block_1_22' title="bbox 2031 625 3611 695">
    <p class='ocr_par' dir='ltr' id='par_1_22' title="bbox 2031 625 3611 695">
     <span class='ocr_line' id='line_1_22' title="bbox 2031 625 3611 695; baseline -0.001 -13"><span class='ocrx_word' id='word_1_143' title='bbox 2031 628 2276 691; x_wconf 79' lang='lat' dir='ltr'><strong>maticus,</strong></span> <span class='ocrx_word' id='word_1_144' title='bbox 2294 634 2408 691; x_wconf 88' lang='lat' dir='ltr'><strong>aut,</strong></span> <span class='ocrx_word' id='word_1_145' title='bbox 2427 626 2549 680; x_wconf 78' lang='lat' dir='ltr'><strong>bene</strong></span> <span class='ocrx_word' id='word_1_146' title='bbox 2560 626 2929 680; x_wconf 78' lang='lat' dir='ltr'><strong>scithomoiste</strong></span> <span class='ocrx_word' id='word_1_147' title='bbox 2951 626 3354 695; x_wconf 82' lang='lat' dir='ltr'><strong>grammaticum</strong></span> <span class='ocrx_word' id='word_1_148' title='bbox 3376 625 3491 691; x_wconf 73' lang='lat'><strong>&#39;9”,</strong></span> <span class='ocrx_word' id='word_1_149' title='bbox 3508 641 3611 680; x_wconf 90' lang='lat' dir='ltr'><strong>non</strong></span> 
     </span>
    </p>
   </div>
   <div class='ocr_carea' id='block_1_23' title="bbox 2039 715 3611 788">
    <p class='ocr_par' dir='ltr' id='par_1_23' title="bbox 2039 715 3611 788">
     <span class='ocr_line' id='line_1_23' title="bbox 2039 715 3611 788; baseline -0.004 -11"><span class='ocrx_word' id='word_1_150' title='bbox 2039 722 2215 777; x_wconf 87' lang='lat' dir='ltr'><strong>solum</strong></span> <span class='ocrx_word' id='word_1_151' title='bbox 2243 720 2728 775; x_wconf 87' lang='lat' dir='ltr'><strong>stomachabuntur</strong></span> <span class='ocrx_word' id='word_1_152' title='bbox 2753 717 3118 788; x_wconf 80' lang='lat' dir='ltr'><strong>grammatici,</strong></span> <span class='ocrx_word' id='word_1_153' title='bbox 3150 715 3244 771; x_wconf 90' lang='lat' dir='ltr'><strong>sed</strong></span> <span class='ocrx_word' id='word_1_154' title='bbox 3272 724 3327 771; x_wconf 90' lang='lat' dir='ltr'><strong>et</strong></span> <span class='ocrx_word' id='word_1_155' title='bbox 3360 716 3611 770; x_wconf 89' lang='lat' dir='ltr'><strong>ridebunt</strong></span> 
     </span>
    </p>
   </div>
   <div class='ocr_carea' id='block_1_24' title="bbox 2032 811 3611 883">
    <p class='ocr_par' dir='ltr' id='par_1_24' title="bbox 2032 811 3611 883">
     <span class='ocr_line' id='line_1_24' title="bbox 2032 811 3611 883; baseline -0.003 -14"><span class='ocrx_word' id='word_1_156' title='bbox 2032 816 2240 869; x_wconf 76' lang='lat' dir='ltr'><strong>rustici.</strong></span> <span class='ocrx_word' id='word_1_157' title='bbox 2270 815 2590 870; x_wconf 86' lang='lat' dir='ltr'><strong>Nullatenus</strong></span> <span class='ocrx_word' id='word_1_158' title='bbox 2642 814 2823 883; x_wconf 83' lang='lat' dir='ltr'><strong>itaque</strong></span> <span class='ocrx_word' id='word_1_159' title='bbox 2864 813 3082 867; x_wconf 84' lang='lat' dir='ltr'><strong>credam</strong></span> <span class='ocrx_word' id='word_1_160' title='bbox 3118 812 3236 866; x_wconf 86' lang='lat' dir='ltr'><strong>sine</strong></span> <span class='ocrx_word' id='word_1_161' title='bbox 3276 811 3456 881; x_wconf 89' lang='lat' dir='ltr'><strong>aliqua</strong></span> <span class='ocrx_word' id='word_1_162' title='bbox 3506 811 3611 866; x_wconf 89' lang='lat' dir='ltr'><strong>alia</strong></span> 
     </span>
    </p>
   </div>
   <div class='ocr_carea' id='block_1_25' title="bbox 2031 907 3613 975">
    <p class='ocr_par' dir='ltr' id='par_1_25' title="bbox 2031 907 3613 975">
     <span class='ocr_line' id='line_1_25' title="bbox 2031 907 3613 975; baseline -0.003 -14"><span class='ocrx_word' id='word_1_163' title='bbox 2031 909 2243 963; x_wconf 86' lang='lat' dir='ltr'><strong>ratione</strong></span> <span class='ocrx_word' id='word_1_164' title='bbox 2270 917 2594 963; x_wconf 87' lang='lat' dir='ltr'><strong>tractatores</strong></span> <span class='ocrx_word' id='word_1_165' title='bbox 2619 907 2916 962; x_wconf 66' lang='lat' dir='ltr'><strong>dialecticm</strong></span> <span class='ocrx_word' id='word_1_166' title='bbox 2946 914 3057 959; x_wconf 91' lang='lat' dir='ltr'><strong>tam</strong></span> <span class='ocrx_word' id='word_1_167' title='bbox 3099 920 3244 975; x_wconf 72' lang='lat' dir='ltr'><strong>smpe</strong></span> <span class='ocrx_word' id='word_1_168' title='bbox 3277 915 3331 959; x_wconf 92' lang='lat' dir='ltr'><strong>et</strong></span> <span class='ocrx_word' id='word_1_169' title='bbox 3361 913 3469 958; x_wconf 91' lang='lat' dir='ltr'><strong>tam</strong></span> <span class='ocrx_word' id='word_1_170' title='bbox 3500 913 3613 959; x_wconf 90' lang='lat' dir='ltr'><strong>stu-</strong></span> 
     </span>
    </p>
   </div>
   <div class='ocr_carea' id='block_1_26' title="bbox 2029 996 3614 1069">
    <p class='ocr_par' dir='ltr' id='par_1_26' title="bbox 2029 996 3614 1069">
     <span class='ocr_line' id='line_1_26' title="bbox 2029 996 3614 1069; baseline -0.005 -12"><span class='ocrx_word' id='word_1_171' title='bbox 2029 1002 2184 1057; x_wconf 86' lang='lat' dir='ltr'><strong>diose</strong></span> <span class='ocrx_word' id='word_1_172' title='bbox 2212 1000 2264 1055; x_wconf 89' lang='lat' dir='ltr'><strong>in</strong></span> <span class='ocrx_word' id='word_1_173' title='bbox 2297 1001 2412 1055; x_wconf 84' lang='lat' dir='ltr'><strong>suis</strong></span> <span class='ocrx_word' id='word_1_174' title='bbox 2440 999 2597 1055; x_wconf 87' lang='lat' dir='ltr'><strong>libris</strong></span> <span class='ocrx_word' id='word_1_175' title='bbox 2635 998 2921 1069; x_wconf 87' lang='lat' dir='ltr'><strong>scripsisse</strong></span> <span class='ocrx_word' id='word_1_176' title='bbox 2943 997 3085 1068; x_wconf 88' lang='lat' dir='ltr'><strong>quod</strong></span> <span class='ocrx_word' id='word_1_177' title='bbox 3114 998 3255 1052; x_wconf 89' lang='lat' dir='ltr'><strong>idem</strong></span> <span class='ocrx_word' id='word_1_178' title='bbox 3301 997 3403 1065; x_wconf 90' lang='lat' dir='ltr'><strong>ipsi</strong></span> <span class='ocrx_word' id='word_1_179' title='bbox 3443 996 3614 1051; x_wconf 91' lang='lat' dir='ltr'><strong>collo-</strong></span> 
     </span>
    </p>
   </div>
   <div class='ocr_carea' id='block_1_27' title="bbox 2028 1090 3614 1165">
    <p class='ocr_par' dir='ltr' id='par_1_27' title="bbox 2028 1090 3614 1165">
     <span class='ocr_line' id='line_1_27' title="bbox 2028 1090 3614 1165; baseline -0.003 -16"><span class='ocrx_word' id='word_1_180' title='bbox 2028 1104 2257 1165; x_wconf 88' lang='lat' dir='ltr'><strong>quentes</strong></span> <span class='ocrx_word' id='word_1_181' title='bbox 2299 1094 2485 1149; x_wconf 89' lang='lat' dir='ltr'><strong>dicere</strong></span> <span class='ocrx_word' id='word_1_182' title='bbox 2530 1093 2924 1147; x_wconf 86' lang='lat' dir='ltr'><strong>erubescerent</strong></span> <span class='ocrx_word' id='word_1_183' title='bbox 2978 1108 2991 1145; x_wconf 86' lang='lat'><strong>:</strong></span> <span class='ocrx_word' id='word_1_184' title='bbox 3040 1090 3338 1160; x_wconf 65' lang='lat' dir='ltr'><strong>saepissime</strong></span> <span class='ocrx_word' id='word_1_185' title='bbox 3380 1105 3614 1158; x_wconf 83' lang='lat' dir='ltr'><strong>namque</strong></span> 
     </span>
    </p>
   </div>
   <div class='ocr_carea' id='block_1_28' title="bbox 2027 1182 3612 1253">
    <p class='ocr_par' dir='ltr' id='par_1_28' title="bbox 2027 1182 3612 1253">
     <span class='ocr_line' id='line_1_28' title="bbox 2027 1182 3612 1253; baseline -0.005 -11"><span class='ocrx_word' id='word_1_186' title='bbox 2027 1202 2149 1242; x_wconf 90' lang='lat' dir='ltr'><strong>cum</strong></span> <span class='ocrx_word' id='word_1_187' title='bbox 2177 1185 2366 1241; x_wconf 89' lang='lat' dir='ltr'><strong>volunt</strong></span> <span class='ocrx_word' id='word_1_188' title='bbox 2386 1185 2671 1240; x_wconf 88' lang='lat' dir='ltr'><strong>ostendere</strong></span> <span class='ocrx_word' id='word_1_189' title='bbox 2698 1183 3013 1253; x_wconf 85' lang='lat' dir='ltr'><strong>qualitatem</strong></span> <span class='ocrx_word' id='word_1_190' title='bbox 3043 1191 3137 1236; x_wconf 87' lang='lat' dir='ltr'><strong>aut</strong></span> <span class='ocrx_word' id='word_1_191' title='bbox 3179 1182 3435 1237; x_wconf 87' lang='lat' dir='ltr'><strong>accidens</strong></span> <span class='ocrx_word' id='word_1_192' title='bbox 3484 1183 3612 1236; x_wconf 86' lang='lat' dir='ltr'><strong>sub-</strong></span> 
     </span>
    </p>
   </div>
   <div class='ocr_carea' id='block_1_29' title="bbox 2019 1274 3607 1349">
    <p class='ocr_par' dir='ltr' id='par_1_29' title="bbox 2019 1274 3607 1349">
     <span class='ocr_line' id='line_1_29' title="bbox 2019 1274 3607 1349; baseline -0.001 -18"><span class='ocrx_word' id='word_1_193' title='bbox 2019 1276 2274 1349; x_wconf 89' lang='lat' dir='ltr'><strong>jungunt,</strong></span> <span class='ocrx_word' id='word_1_194' title='bbox 2306 1288 2362 1330; x_wconf 85' lang='lat' dir='ltr'><strong>ut</strong></span> <span class='ocrx_word' id='word_1_195' title='bbox 2396 1276 2807 1347; x_wconf 86' lang='lat' dir='ltr'><strong>grammaticus,</strong></span> <span class='ocrx_word' id='word_1_196' title='bbox 2840 1274 3099 1330; x_wconf 81' lang='lat' dir='ltr'><strong>ctsimilin</strong></span> <span class='ocrx_word' id='word_1_197' title='bbox 3136 1292 3154 1329; x_wconf 90' lang='lat'><strong><em>:</em></strong></span> <span class='ocrx_word' id='word_1_198' title='bbox 3184 1291 3307 1329; x_wconf 89' lang='lat' dir='ltr'><strong>cum</strong></span> <span class='ocrx_word' id='word_1_199' title='bbox 3331 1281 3607 1344; x_wconf 72' lang='lat' dir='ltr'><strong>gramma-</strong></span> 
     </span>
    </p>
   </div>
   <div class='ocr_carea' id='block_1_30' title="bbox 2026 1365 3616 1435">
    <p class='ocr_par' dir='ltr' id='par_1_30' title="bbox 2026 1365 3616 1435">
     <span class='ocr_line' id='line_1_30' title="bbox 2026 1365 3616 1435; baseline -0.001 -14"><span class='ocrx_word' id='word_1_200' title='bbox 2026 1368 2192 1421; x_wconf 91' lang='lat' dir='ltr'><strong>ticum</strong></span> <span class='ocrx_word' id='word_1_201' title='bbox 2220 1366 2393 1435; x_wconf 82' lang='lat' dir='ltr'><strong>magis</strong></span> <span class='ocrx_word' id='word_1_202' title='bbox 2420 1379 2543 1420; x_wconf 88' lang='lat' dir='ltr'><strong>esse</strong></span> <span class='ocrx_word' id='word_1_203' title='bbox 2578 1366 2956 1429; x_wconf 82' lang='lat' dir='ltr'><strong>substantiam,</strong></span> <span class='ocrx_word' id='word_1_204' title='bbox 2987 1380 3149 1434; x_wconf 89' lang='lat' dir='ltr'><strong>quam</strong></span> <span class='ocrx_word' id='word_1_205' title='bbox 3180 1365 3493 1433; x_wconf 86' lang='lat' dir='ltr'><strong>qualitatem</strong></span> <span class='ocrx_word' id='word_1_206' title='bbox 3520 1376 3616 1420; x_wconf 88' lang='lat' dir='ltr'><strong>aut</strong></span> 
     </span>
    </p>
   </div>
   <div class='ocr_carea' id='block_1_31' title="bbox 2024 1456 3610 1525">
    <p class='ocr_par' dir='ltr' id='par_1_31' title="bbox 2024 1456 3610 1525">
     <span class='ocr_line' id='line_1_31' title="bbox 2024 1456 3610 1525; baseline -0.003 -12"><span class='ocrx_word' id='word_1_207' title='bbox 2024 1458 2300 1523; x_wconf 88' lang='lat' dir='ltr'><strong>accidens,</strong></span> <span class='ocrx_word' id='word_1_208' title='bbox 2336 1472 2468 1512; x_wconf 90' lang='lat' dir='ltr'><strong>usus</strong></span> <span class='ocrx_word' id='word_1_209' title='bbox 2510 1457 2751 1511; x_wconf 89' lang='lat' dir='ltr'><strong>omnium</strong></span> <span class='ocrx_word' id='word_1_210' title='bbox 2780 1456 3116 1525; x_wconf 88' lang='lat' dir='ltr'><strong>loquentium</strong></span> <span class='ocrx_word' id='word_1_211' title='bbox 3162 1464 3449 1509; x_wconf 80' lang='lat' dir='ltr'><strong>attestctur</strong></span> <span class='ocrx_word' id='word_1_212' title='bbox 3471 1456 3564 1488; x_wconf 74' lang='grc'><strong>⁸⁸³⁸</strong></span> <span class='ocrx_word' id='word_1_213' title='bbox 3595 1472 3610 1509; x_wconf 90' lang='lat'><strong>:</strong></span> 
     </span>
    </p>
   </div>
   <div class='ocr_carea' id='block_1_32' title="bbox 2022 1550 3614 1621">
    <p class='ocr_par' dir='ltr' id='par_1_32' title="bbox 2022 1550 3614 1621">
     <span class='ocr_line' id='line_1_32' title="bbox 2022 1550 3614 1621; baseline -0.004 -12"><span class='ocrx_word' id='word_1_214' title='bbox 2022 1562 2076 1609; x_wconf 90' lang='lat' dir='ltr'><strong>et</strong></span> <span class='ocrx_word' id='word_1_215' title='bbox 2096 1569 2218 1610; x_wconf 93' lang='lat' dir='ltr'><strong>cum</strong></span> <span class='ocrx_word' id='word_1_216' title='bbox 2244 1552 2432 1607; x_wconf 88' lang='lat' dir='ltr'><strong>volunt</strong></span> <span class='ocrx_word' id='word_1_217' title='bbox 2459 1551 2663 1621; x_wconf 88' lang='lat' dir='ltr'><strong>aliquid</strong></span> <span class='ocrx_word' id='word_1_218' title='bbox 2687 1550 2883 1606; x_wconf 90' lang='lat' dir='ltr'><strong>docere</strong></span> <span class='ocrx_word' id='word_1_219' title='bbox 2904 1550 2970 1604; x_wconf 90' lang='lat' dir='ltr'><strong>de</strong></span> <span class='ocrx_word' id='word_1_220' title='bbox 3000 1550 3094 1581; x_wconf 69' lang='grc'><strong>³⁸⁸⁸</strong></span> <span class='ocrx_word' id='word_1_221' title='bbox 3127 1550 3451 1614; x_wconf 86' lang='lat' dir='ltr'><strong>substantia,</strong></span> <span class='ocrx_word' id='word_1_222' title='bbox 3482 1564 3614 1603; x_wconf 88' lang='lat' dir='ltr'><strong>nus-</strong></span> 
     </span>
    </p>
   </div>
   <div class='ocr_carea' id='block_1_33' title="bbox 2023 1642 3613 1716">
    <p class='ocr_par' dir='ltr' id='par_1_33' title="bbox 2023 1642 3613 1716">
     <span class='ocr_line' id='line_1_33' title="bbox 2023 1642 3613 1716; baseline -0.003 -16"><span class='ocrx_word' id='word_1_223' title='bbox 2023 1662 2183 1716; x_wconf 92' lang='lat' dir='ltr'><strong>quam</strong></span> <span class='ocrx_word' id='word_1_224' title='bbox 2210 1645 2525 1715; x_wconf 83' lang='lat' dir='ltr'><strong>proferunt,</strong></span> <span class='ocrx_word' id='word_1_225' title='bbox 2581 1652 2662 1707; x_wconf 85' lang='lat' dir='ltr'><strong>ut,</strong></span> <span class='ocrx_word' id='word_1_226' title='bbox 2701 1642 3074 1713; x_wconf 83' lang='lat' dir='ltr'><strong>grammaticus</strong></span> <span class='ocrx_word' id='word_1_227' title='bbox 3098 1682 3113 1707; x_wconf 94' lang='lat'><strong>,</strong></span> <span class='ocrx_word' id='word_1_228' title='bbox 3142 1653 3233 1695; x_wconf 85' lang='lat' dir='ltr'><strong>aut</strong></span> <span class='ocrx_word' id='word_1_229' title='bbox 3289 1642 3487 1712; x_wconf 85' lang='lat' dir='ltr'><strong>aliquid</strong></span> <span class='ocrx_word' id='word_1_230' title='bbox 3514 1644 3613 1696; x_wconf 84' lang='lat' dir='ltr'><strong>Im-</strong></span> 
     </span>
    </p>
   </div>
   <div class='ocr_carea' id='block_1_34' title="bbox 337 1713 3608 1806">
    <p class='ocr_par' dir='ltr' id='par_1_34' title="bbox 337 1713 3608 1806">
     <span class='ocr_line' id='line_1_34' title="bbox 337 1713 3608 1806; baseline -0.002 -16"><span class='ocrx_word' id='word_1_231' title='bbox 337 1726 560 1790; x_wconf 73' lang='grc' dir='ltr'><strong>Ιιοτιιιην</strong></span> <span class='ocrx_word' id='word_1_232' title='bbox 594 1725 637 1779; x_wconf 75' lang='grc' dir='ltr'><strong>εί</strong></span> <span class='ocrx_word' id='word_1_233' title='bbox 672 1726 808 1780; x_wconf 67' lang='lat' dir='ltr'><strong>bene</strong></span> <span class='ocrx_word' id='word_1_234' title='bbox 833 1724 1133 1780; x_wconf 71' lang='grc' dir='ltr'><strong>ῐηθῐηίηῖειί</strong></span> <span class='ocrx_word' id='word_1_235' title='bbox 1162 1739 1283 1795; x_wconf 64' lang='grc' dir='ltr'><strong>ηυδε</strong></span> <span class='ocrx_word' id='word_1_236' title='bbox 1304 1724 1418 1793; x_wconf 63' lang='lat' dir='ltr'><strong>iam</strong></span> <span class='ocrx_word' id='word_1_237' title='bbox 1448 1723 1707 1791; x_wconf 63' lang='grc' dir='ltr'><strong>ἀίκίηιυεν</strong></span> <span class='ocrx_word' id='word_1_238' title='bbox 1743 1723 1922 1779; x_wconf 63' lang='lat' dir='ltr'><strong>aure“</strong></span> <span class='ocrx_word' id='word_1_239' title='bbox 1950 1713 1997 1774; x_wconf 77' lang='grc' dir='ltr'><strong><em>Β</em></strong></span> <span class='ocrx_word' id='word_1_240' title='bbox 2017 1713 2254 1806; x_wconf 70' lang='lat' dir='ltr'><strong>Jasmoai</strong></span> <span class='ocrx_word' id='word_1_241' title='bbox 2279 1733 2398 1787; x_wconf 75' lang='lat'><strong>‘°°°.</strong></span> <span class='ocrx_word' id='word_1_242' title='bbox 2426 1732 2541 1788; x_wconf 78' lang='lat' dir='ltr'><strong>lluc</strong></span> <span class='ocrx_word' id='word_1_243' title='bbox 2564 1732 2774 1789; x_wconf 88' lang='lat' dir='ltr'><strong>accedit</strong></span> <span class='ocrx_word' id='word_1_244' title='bbox 2799 1733 2925 1802; x_wconf 88' lang='lat' dir='ltr'><strong>quia</strong></span> <span class='ocrx_word' id='word_1_245' title='bbox 2956 1732 3000 1786; x_wconf 89' lang='lat' dir='ltr'><strong>si</strong></span> <span class='ocrx_word' id='word_1_246' title='bbox 3034 1732 3154 1786; x_wconf 90' lang='lat' dir='ltr'><strong>ideo</strong></span> <span class='ocrx_word' id='word_1_247' title='bbox 3196 1732 3608 1801; x_wconf 89' lang='lat' dir='ltr'><strong>grammaticus,</strong></span> 
     </span>
    </p>
   </div>
   <div class='ocr_carea' id='block_1_35' title="bbox 335 1814 1909 1887">
    <p class='ocr_par' dir='ltr' id='par_1_35' title="bbox 335 1814 1909 1887">
     <span class='ocr_line' id='line_1_35' title="bbox 335 1814 1909 1887; baseline -0.002 -15"><span class='ocrx_word' id='word_1_248' title='bbox 335 1818 433 1850; x_wconf 76' lang='grc'><strong>³⁹⁹²</strong></span> <span class='ocrx_word' id='word_1_249' title='bbox 461 1818 815 1887; x_wconf 85' lang='lat' dir='ltr'><strong>grammatico</strong></span> <span class='ocrx_word' id='word_1_250' title='bbox 863 1817 1418 1886; x_wconf 85' lang='lat' dir='ltr'><strong>substantiam;quia</strong></span> <span class='ocrx_word' id='word_1_251' title='bbox 1469 1817 1765 1871; x_wconf 88' lang='lat' dir='ltr'><strong>secundum</strong></span> <span class='ocrx_word' id='word_1_252' title='bbox 1811 1814 1909 1869; x_wconf 83' lang='lat' dir='ltr'><strong>ali—</strong></span> 
     </span>
    </p>
   </div>
   <div class='ocr_carea' id='block_1_36' title="bbox 334 1906 1923 1979">
    <p class='ocr_par' dir='ltr' id='par_1_36' title="bbox 334 1906 1923 1979">
     <span class='ocr_line' id='line_1_36' title="bbox 334 1906 1923 1979; baseline 0 -17"><span class='ocrx_word' id='word_1_253' title='bbox 334 1909 463 1979; x_wconf 74' lang='lat' dir='ltr'><strong>quid</strong></span> <span class='ocrx_word' id='word_1_254' title='bbox 490 1908 875 1978; x_wconf 86' lang='lat' dir='ltr'><strong>grammaticus</strong></span> <span class='ocrx_word' id='word_1_255' title='bbox 896 1924 1001 1964; x_wconf 92' lang='lat' dir='ltr'><strong>non</strong></span> <span class='ocrx_word' id='word_1_256' title='bbox 1018 1918 1102 1963; x_wconf 88' lang='lat' dir='ltr'><strong>est</strong></span> <span class='ocrx_word' id='word_1_257' title='bbox 1122 1909 1174 1963; x_wconf 91' lang='lat' dir='ltr'><strong>in</strong></span> <span class='ocrx_word' id='word_1_258' title='bbox 1187 1906 1449 1977; x_wconf 88' lang='lat' dir='ltr'><strong>subjecto,</strong></span> <span class='ocrx_word' id='word_1_259' title='bbox 1473 1918 1527 1963; x_wconf 92' lang='lat' dir='ltr'><strong>et</strong></span> <span class='ocrx_word' id='word_1_260' title='bbox 1551 1916 1633 1963; x_wconf 91' lang='lat' dir='ltr'><strong>est</strong></span> <span class='ocrx_word' id='word_1_261' title='bbox 1647 1922 1838 1978; x_wconf 88' lang='lat' dir='ltr'><strong>genus,</strong></span> <span class='ocrx_word' id='word_1_262' title='bbox 1868 1914 1923 1962; x_wconf 90' lang='lat' dir='ltr'><strong>et</strong></span> 
     </span>
    </p>
   </div>
   <div class='ocr_carea' id='block_1_37' title="bbox 332 1998 1916 2068">
    <p class='ocr_par' dir='ltr' id='par_1_37' title="bbox 332 1998 1916 2068">
     <span class='ocr_line' id='line_1_37' title="bbox 332 1998 1916 2068; baseline 0 -15"><span class='ocrx_word' id='word_1_263' title='bbox 332 1998 634 2068; x_wconf 76' lang='lat' dir='ltr'><strong>species,et</strong></span> <span class='ocrx_word' id='word_1_264' title='bbox 660 1998 861 2053; x_wconf 78' lang='lat' dir='ltr'><strong>dicitur</strong></span> <span class='ocrx_word' id='word_1_265' title='bbox 883 1999 934 2053; x_wconf 92' lang='lat' dir='ltr'><strong>in</strong></span> <span class='ocrx_word' id='word_1_266' title='bbox 956 2014 1020 2054; x_wconf 93' lang='lat' dir='ltr'><strong>eo</strong></span> <span class='ocrx_word' id='word_1_267' title='bbox 1050 2000 1192 2068; x_wconf 91' lang='lat' dir='ltr'><strong>quod</strong></span> <span class='ocrx_word' id='word_1_268' title='bbox 1216 1999 1346 2068; x_wconf 89' lang='lat' dir='ltr'><strong>quid</strong></span> <span class='ocrx_word' id='word_1_269' title='bbox 1371 1998 1541 2067; x_wconf 69' lang='lat' dir='ltr'><strong>;quia&#39;</strong></span> <span class='ocrx_word' id='word_1_270' title='bbox 1559 2006 1714 2052; x_wconf 88' lang='lat' dir='ltr'><strong>estet</strong></span> <span class='ocrx_word' id='word_1_271' title='bbox 1735 1998 1916 2061; x_wconf 90' lang='lat' dir='ltr'><strong>homo,</strong></span> 
     </span>
    </p>
   </div>
   <div class='ocr_carea' id='block_1_38' title="bbox 332 2091 1920 2164">
    <p class='ocr_par' dir='ltr' id='par_1_38' title="bbox 332 2091 1920 2164">
     <span class='ocr_line' id='line_1_38' title="bbox 332 2091 1920 2164; baseline -0.001 -18"><span class='ocrx_word' id='word_1_272' title='bbox 332 2093 425 2162; x_wconf 90' lang='lat' dir='ltr'><strong>qui</strong></span> <span class='ocrx_word' id='word_1_273' title='bbox 449 2094 660 2162; x_wconf 88' lang='lat' dir='ltr'><strong>species</strong></span> <span class='ocrx_word' id='word_1_274' title='bbox 682 2104 766 2148; x_wconf 86' lang='lat' dir='ltr'><strong>est</strong></span> <span class='ocrx_word' id='word_1_275' title='bbox 791 2109 805 2158; x_wconf 92' lang='lat'><strong>;</strong></span> <span class='ocrx_word' id='word_1_276' title='bbox 835 2102 890 2148; x_wconf 91' lang='lat' dir='ltr'><strong>et</strong></span> <span class='ocrx_word' id='word_1_277' title='bbox 912 2093 1133 2158; x_wconf 86' lang='lat' dir='ltr'><strong>animal,</strong></span> <span class='ocrx_word' id='word_1_278' title='bbox 1158 2092 1303 2163; x_wconf 89' lang='lat' dir='ltr'><strong>quod</strong></span> <span class='ocrx_word' id='word_1_279' title='bbox 1326 2101 1411 2147; x_wconf 90' lang='lat' dir='ltr'><strong>est</strong></span> <span class='ocrx_word' id='word_1_280' title='bbox 1459 2107 1667 2164; x_wconf 88' lang='lat' dir='ltr'><strong>genus;</strong></span> <span class='ocrx_word' id='word_1_281' title='bbox 1710 2101 1764 2146; x_wconf 87' lang='lat' dir='ltr'><strong>et</strong></span> <span class='ocrx_word' id='word_1_282' title='bbox 1800 2091 1920 2146; x_wconf 82' lang='lat' dir='ltr'><strong>ha:c</strong></span> 
     </span>
    </p>
   </div>
   <div class='ocr_carea' id='block_1_39' title="bbox 335 2181 1919 2253">
    <p class='ocr_par' dir='ltr' id='par_1_39' title="bbox 335 2181 1919 2253">
     <span class='ocr_line' id='line_1_39' title="bbox 335 2181 1919 2253; baseline 0.001 -17"><span class='ocrx_word' id='word_1_283' title='bbox 335 2181 594 2236; x_wconf 90' lang='lat' dir='ltr'><strong>dicuntur</strong></span> <span class='ocrx_word' id='word_1_284' title='bbox 620 2183 673 2237; x_wconf 92' lang='lat' dir='ltr'><strong>in</strong></span> <span class='ocrx_word' id='word_1_285' title='bbox 704 2197 771 2239; x_wconf 90' lang='lat' dir='ltr'><strong>eo</strong></span> <span class='ocrx_word' id='word_1_286' title='bbox 797 2184 938 2253; x_wconf 90' lang='lat' dir='ltr'><strong>quod</strong></span> <span class='ocrx_word' id='word_1_287' title='bbox 975 2183 1125 2253; x_wconf 91' lang='lat' dir='ltr'><strong>quid.</strong></span> <span class='ocrx_word' id='word_1_288' title='bbox 1161 2182 1230 2237; x_wconf 87' lang='lat' dir='ltr'><strong>Et</strong></span> <span class='ocrx_word' id='word_1_289' title='bbox 1255 2183 1420 2238; x_wconf 91' lang='lat' dir='ltr'><strong>etiam</strong></span> <span class='ocrx_word' id='word_1_290' title='bbox 1477 2182 1919 2248; x_wconf 71' lang='lat' dir='ltr'><strong>individuusm’,</strong></span> 
     </span>
    </p>
   </div>
   <div class='ocr_carea' id='block_1_40' title="bbox 331 2271 1917 2343">
    <p class='ocr_par' dir='ltr' id='par_1_40' title="bbox 331 2271 1917 2343">
     <span class='ocr_line' id='line_1_40' title="bbox 331 2271 1917 2343; baseline 0.001 -17"><span class='ocrx_word' id='word_1_291' title='bbox 331 2271 473 2326; x_wconf 87' lang='lat' dir='ltr'><strong>sicut</strong></span> <span class='ocrx_word' id='word_1_292' title='bbox 496 2272 659 2327; x_wconf 89' lang='lat' dir='ltr'><strong>homo</strong></span> <span class='ocrx_word' id='word_1_293' title='bbox 686 2280 740 2328; x_wconf 88' lang='lat' dir='ltr'><strong>et</strong></span> <span class='ocrx_word' id='word_1_294' title='bbox 761 2272 962 2327; x_wconf 88' lang='lat' dir='ltr'><strong>animal</strong></span> <span class='ocrx_word' id='word_1_295' title='bbox 987 2288 1002 2338; x_wconf 91' lang='lat'><strong>;</strong></span> <span class='ocrx_word' id='word_1_296' title='bbox 1026 2272 1154 2343; x_wconf 89' lang='lat' dir='ltr'><strong>quia</strong></span> <span class='ocrx_word' id='word_1_297' title='bbox 1183 2272 1639 2343; x_wconf 87' lang='lat' dir='ltr'><strong>quemadmodum</strong></span> <span class='ocrx_word' id='word_1_298' title='bbox 1694 2271 1917 2342; x_wconf 88' lang='lat' dir='ltr'><strong>quidam</strong></span> 
     </span>
    </p>
   </div>
   <div class='ocr_carea' id='block_1_41' title="bbox 330 2363 1914 2435">
    <p class='ocr_par' dir='ltr' id='par_1_41' title="bbox 330 2363 1914 2435">
     <span class='ocr_line' id='line_1_41' title="bbox 330 2363 1914 2435; baseline 0.002 -19"><span class='ocrx_word' id='word_1_299' title='bbox 330 2363 519 2429; x_wconf 90' lang='lat' dir='ltr'><strong>homo,</strong></span> <span class='ocrx_word' id='word_1_300' title='bbox 550 2373 605 2417; x_wconf 88' lang='lat' dir='ltr'><strong>et</strong></span> <span class='ocrx_word' id='word_1_301' title='bbox 631 2364 904 2435; x_wconf 88' lang='lat' dir='ltr'><strong>quoddam</strong></span> <span class='ocrx_word' id='word_1_302' title='bbox 955 2363 1157 2419; x_wconf 89' lang='lat' dir='ltr'><strong>animal</strong></span> <span class='ocrx_word' id='word_1_303' title='bbox 1185 2380 1201 2431; x_wconf 92' lang='lat'><strong>;</strong></span> <span class='ocrx_word' id='word_1_304' title='bbox 1249 2364 1323 2418; x_wconf 91' lang='lat' dir='ltr'><strong>ita</strong></span> <span class='ocrx_word' id='word_1_305' title='bbox 1345 2363 1566 2435; x_wconf 88' lang='lat' dir='ltr'><strong>quidam</strong></span> <span class='ocrx_word' id='word_1_306' title='bbox 1590 2363 1914 2433; x_wconf 89' lang='lat' dir='ltr'><strong>grammati-</strong></span> 
     </span>
    </p>
   </div>
   <div class='ocr_carea' id='block_1_42' title="bbox 326 2451 1919 2509">
    <p class='ocr_par' dir='ltr' id='par_1_42' title="bbox 326 2451 1919 2509">
     <span class='ocr_line' id='line_1_42' title="bbox 326 2451 1919 2509; baseline -0.001 -1"><span class='ocrx_word' id='word_1_307' title='bbox 326 2451 473 2508; x_wconf 77' lang='lat' dir='ltr'><strong>ticus</strong></span> <span class='ocrx_word' id='word_1_308' title='bbox 493 2463 580 2507; x_wconf 90' lang='lat' dir='ltr'><strong>est</strong></span> <span class='ocrx_word' id='word_1_309' title='bbox 600 2453 928 2508; x_wconf 86' lang='lat' dir='ltr'><strong>individuus.</strong></span> <span class='ocrx_word' id='word_1_310' title='bbox 958 2452 1214 2509; x_wconf 87' lang='lat' dir='ltr'><strong>Socrates</strong></span> <span class='ocrx_word' id='word_1_311' title='bbox 1243 2453 1390 2508; x_wconf 87' lang='lat' dir='ltr'><strong>enim</strong></span> <span class='ocrx_word' id='word_1_312' title='bbox 1419 2461 1475 2508; x_wconf 90' lang='lat' dir='ltr'><strong>et</strong></span> <span class='ocrx_word' id='word_1_313' title='bbox 1530 2453 1692 2508; x_wconf 91' lang='lat' dir='ltr'><strong>homo</strong></span> <span class='ocrx_word' id='word_1_314' title='bbox 1718 2462 1775 2508; x_wconf 90' lang='lat' dir='ltr'><strong>et</strong></span> <span class='ocrx_word' id='word_1_315' title='bbox 1794 2453 1919 2507; x_wconf 87' lang='lat' dir='ltr'><strong>ani-</strong></span> 
     </span>
    </p>
   </div>
   <div class='ocr_carea' id='block_1_43' title="bbox 326 2542 1917 2615">
    <p class='ocr_par' dir='ltr' id='par_1_43' title="bbox 326 2542 1917 2615">
     <span class='ocr_line' id='line_1_43' title="bbox 326 2542 1917 2615; baseline 0.003 -19"><span class='ocrx_word' id='word_1_316' title='bbox 326 2543 439 2597; x_wconf 88' lang='lat' dir='ltr'><strong>mal</strong></span> <span class='ocrx_word' id='word_1_317' title='bbox 459 2551 564 2607; x_wconf 91' lang='lat' dir='ltr'><strong>est,</strong></span> <span class='ocrx_word' id='word_1_318' title='bbox 592 2552 648 2599; x_wconf 87' lang='lat' dir='ltr'><strong>et</strong></span> <span class='ocrx_word' id='word_1_319' title='bbox 686 2544 1094 2614; x_wconf 87' lang='lat' dir='ltr'><strong>grammaticus.</strong></span> <span class='ocrx_word' id='word_1_320' title='bbox 1132 2545 1281 2600; x_wconf 74' lang='lat' dir='ltr'><strong>Disc.</strong></span> <span class='ocrx_word' id='word_1_321' title='bbox 1302 2542 1420 2599; x_wconf 84' lang='lat' dir='ltr'><strong>Non</strong></span> <span class='ocrx_word' id='word_1_322' title='bbox 1449 2557 1671 2613; x_wconf 88' lang='lat' dir='ltr'><strong>possum</strong></span> <span class='ocrx_word' id='word_1_323' title='bbox 1714 2557 1917 2615; x_wconf 87' lang='lat' dir='ltr'><strong>negare</strong></span> 
     </span>
    </p>
   </div>
   <div class='ocr_carea' id='block_1_44' title="bbox 328 2635 662 2706">
    <p class='ocr_par' dir='ltr' id='par_1_44' title="bbox 328 2635 662 2706">
     <span class='ocr_line' id='line_1_44' title="bbox 328 2635 662 2706; baseline 0 -13"><span class='ocrx_word' id='word_1_324' title='bbox 328 2635 474 2706; x_wconf 86' lang='lat' dir='ltr'><strong>quod</strong></span> <span class='ocrx_word' id='word_1_325' title='bbox 503 2636 662 2694; x_wconf 90' lang='lat' dir='ltr'><strong>dicis.</strong></span> 
     </span>
    </p>
   </div>
   <div class='ocr_carea' id='block_1_45' title="bbox 932 2727 1279 2785">
    <p class='ocr_par' dir='ltr' id='par_1_45' title="bbox 932 2727 1279 2785">
     <span class='ocr_line' id='line_1_45' title="bbox 932 2727 1279 2785; baseline 0.003 -2"><span class='ocrx_word' id='word_1_326' title='bbox 932 2727 1162 2785; x_wconf 79' lang='lat' dir='ltr'><strong>CAPUT</strong></span> <span class='ocrx_word' id='word_1_327' title='bbox 1185 2728 1279 2784; x_wconf 81' lang='lat' dir='ltr'><strong>XI.</strong></span> 
     </span>
    </p>
   </div>
   <div class='ocr_carea' id='block_1_46' title="bbox 612 2816 1623 2890">
    <p class='ocr_par' dir='ltr' id='par_1_46' title="bbox 612 2816 1623 2890">
     <span class='ocr_line' id='line_1_46' title="bbox 612 2816 1623 2890; baseline 0.004 -19"><span class='ocrx_word' id='word_1_328' title='bbox 612 2816 893 2872; x_wconf 83' lang='lat' dir='ltr'><strong>Hominem</strong></span> <span class='ocrx_word' id='word_1_329' title='bbox 932 2835 1036 2873; x_wconf 87' lang='lat' dir='ltr'><strong>non</strong></span> <span class='ocrx_word' id='word_1_330' title='bbox 1056 2835 1168 2873; x_wconf 84' lang='lat' dir='ltr'><strong>esse</strong></span> <span class='ocrx_word' id='word_1_331' title='bbox 1199 2820 1623 2890; x_wconf 83' lang='lat' dir='ltr'><strong>grammaticam.</strong></span> 
     </span>
    </p>
   </div>
   <div class='ocr_carea' id='block_1_47' title="bbox 399 2908 1915 2982">
    <p class='ocr_par' dir='ltr' id='par_1_47' title="bbox 399 2908 1915 2982">
     <span class='ocr_line' id='line_1_47' title="bbox 399 2908 1915 2982; baseline 0.001 -17"><span class='ocrx_word' id='word_1_332' title='bbox 399 2909 544 2966; x_wconf 75' lang='lat' dir='ltr'><strong>MAG.</strong></span> <span class='ocrx_word' id='word_1_333' title='bbox 574 2908 630 2966; x_wconf 92' lang='lat' dir='ltr'><strong>Si</strong></span> <span class='ocrx_word' id='word_1_334' title='bbox 655 2910 760 2964; x_wconf 89' lang='lat' dir='ltr'><strong>alia</strong></span> <span class='ocrx_word' id='word_1_335' title='bbox 776 2925 885 2965; x_wconf 93' lang='lat' dir='ltr'><strong>non</strong></span> <span class='ocrx_word' id='word_1_336' title='bbox 914 2910 1102 2976; x_wconf 88' lang='lat' dir='ltr'><strong>habes,</strong></span> <span class='ocrx_word' id='word_1_337' title='bbox 1129 2910 1273 2966; x_wconf 90' lang='lat' dir='ltr'><strong>unde</strong></span> <span class='ocrx_word' id='word_1_338' title='bbox 1293 2910 1471 2979; x_wconf 76' lang='lat' dir='ltr'><strong>possis</strong></span> <span class='ocrx_word' id='word_1_339' title='bbox 1484 2911 1717 2981; x_wconf 87' lang='lat' dir='ltr'><strong>probare</strong></span> <span class='ocrx_word' id='word_1_340' title='bbox 1739 2924 1915 2982; x_wconf 82' lang='lat' dir='ltr'><strong>gram-</strong></span> 
     </span>
    </p>
   </div>
   <div class='ocr_carea' id='block_1_48' title="bbox 324 2988 1911 3070">
    <p class='ocr_par' dir='ltr' id='par_1_48' title="bbox 324 2988 1911 3070">
     <span class='ocr_line' id='line_1_48' title="bbox 324 2988 1911 3070; baseline 0 -15"><span class='ocrx_word' id='word_1_341' title='bbox 324 2988 590 3056; x_wconf 85' lang='lat' dir='ltr'><strong>maticum</strong></span> <span class='ocrx_word' id='word_1_342' title='bbox 622 3016 729 3056; x_wconf 91' lang='lat' dir='ltr'><strong>non</strong></span> <span class='ocrx_word' id='word_1_343' title='bbox 776 3013 898 3055; x_wconf 85' lang='lat' dir='ltr'><strong>esse</strong></span> <span class='ocrx_word' id='word_1_344' title='bbox 941 3000 1240 3066; x_wconf 90' lang='lat' dir='ltr'><strong>hominem,</strong></span> <span class='ocrx_word' id='word_1_345' title='bbox 1265 3015 1410 3054; x_wconf 89' lang='lat' dir='ltr'><strong>nunc</strong></span> <span class='ocrx_word' id='word_1_346' title='bbox 1432 3001 1601 3070; x_wconf 88' lang='lat' dir='ltr'><strong>proba</strong></span> <span class='ocrx_word' id='word_1_347' title='bbox 1648 3016 1772 3057; x_wconf 90' lang='lat' dir='ltr'><strong>eum</strong></span> <span class='ocrx_word' id='word_1_348' title='bbox 1803 3016 1911 3056; x_wconf 91' lang='lat' dir='ltr'><strong>non</strong></span> 
     </span>
    </p>
   </div>
   <div class='ocr_carea' id='block_1_49' title="bbox 322 3090 1912 3163">
    <p class='ocr_par' dir='ltr' id='par_1_49' title="bbox 322 3090 1912 3163">
     <span class='ocr_line' id='line_1_49' title="bbox 322 3090 1912 3163; baseline 0.002 -18"><span class='ocrx_word' id='word_1_349' title='bbox 322 3104 445 3145; x_wconf 79' lang='lat' dir='ltr'><strong>esse</strong></span> <span class='ocrx_word' id='word_1_350' title='bbox 466 3091 898 3161; x_wconf 84' lang='lat' dir='ltr'><strong>grammaticam.</strong></span> <span class='ocrx_word' id='word_1_351' title='bbox 935 3090 1080 3146; x_wconf 84' lang='lat' dir='ltr'><strong>DISC.</strong></span> <span class='ocrx_word' id='word_1_352' title='bbox 1103 3090 1342 3147; x_wconf 88' lang='lat' dir='ltr'><strong>Facilius</strong></span> <span class='ocrx_word' id='word_1_353' title='bbox 1363 3091 1467 3146; x_wconf 90' lang='lat' dir='ltr'><strong>hoc</strong></span> <span class='ocrx_word' id='word_1_354' title='bbox 1491 3106 1713 3162; x_wconf 88' lang='lat' dir='ltr'><strong>possum</strong></span> <span class='ocrx_word' id='word_1_355' title='bbox 1741 3092 1912 3163; x_wconf 84' lang='lat' dir='ltr'><strong>digito</strong></span> 
     </span>
    </p>
   </div>
   <div class='ocr_carea' id='block_1_50' title="bbox 321 3180 1910 3253">
    <p class='ocr_par' dir='ltr' id='par_1_50' title="bbox 321 3180 1910 3253">
     <span class='ocr_line' id='line_1_50' title="bbox 321 3180 1910 3253; baseline 0.003 -19"><span class='ocrx_word' id='word_1_356' title='bbox 321 3196 488 3250; x_wconf 90' lang='lat' dir='ltr'><strong>quam</strong></span> <span class='ocrx_word' id='word_1_357' title='bbox 517 3189 857 3250; x_wconf 86' lang='lat' dir='ltr'><strong>argumento.</strong></span> <span class='ocrx_word' id='word_1_358' title='bbox 907 3180 986 3237; x_wconf 82' lang='lat' dir='ltr'><strong>lbi</strong></span> <span class='ocrx_word' id='word_1_359' title='bbox 1031 3196 1264 3253; x_wconf 88' lang='lat' dir='ltr'><strong>namque</strong></span> <span class='ocrx_word' id='word_1_360' title='bbox 1308 3182 1521 3252; x_wconf 76' lang='lat' dir='ltr'><strong>fregisti</strong></span> <span class='ocrx_word' id='word_1_361' title='bbox 1574 3183 1758 3238; x_wconf 88' lang='lat' dir='ltr'><strong>omnia</strong></span> <span class='ocrx_word' id='word_1_362' title='bbox 1789 3200 1910 3241; x_wconf 90' lang='lat' dir='ltr'><strong>mea</strong></span> 
     </span>
    </p>
   </div>
   <div class='ocr_carea' id='block_1_51' title="bbox 321 3271 1909 3343">
    <p class='ocr_par' dir='ltr' id='par_1_51' title="bbox 321 3271 1909 3343">
     <span class='ocr_line' id='line_1_51' title="bbox 321 3271 1909 3343; baseline 0.002 -17"><span class='ocrx_word' id='word_1_363' title='bbox 321 3281 667 3342; x_wconf 80' lang='lat' dir='ltr'><strong>argumenta,</strong></span> <span class='ocrx_word' id='word_1_364' title='bbox 696 3271 1073 3340; x_wconf 87' lang='lat' dir='ltr'><strong>ubiapernisti</strong></span> <span class='ocrx_word' id='word_1_365' title='bbox 1124 3287 1154 3325; x_wconf 92' lang='lat' dir='ltr'><strong>a</strong></span> <span class='ocrx_word' id='word_1_366' title='bbox 1210 3273 1571 3343; x_wconf 87' lang='lat' dir='ltr'><strong>grammatico</strong></span> <span class='ocrx_word' id='word_1_367' title='bbox 1610 3272 1909 3341; x_wconf 85' lang='lat' dir='ltr'><strong>signiﬁcari</strong></span> 
     </span>
    </p>
   </div>
   <div class='ocr_carea' id='block_1_52' title="bbox 321 3362 1910 3438">
    <p class='ocr_par' dir='ltr' id='par_1_52' title="bbox 321 3362 1910 3438">
     <span class='ocr_line' id='line_1_52' title="bbox 321 3362 1910 3438; baseline 0.005 -23"><span class='ocrx_word' id='word_1_368' title='bbox 321 3364 560 3425; x_wconf 83' lang='lat' dir='ltr'><strong>diversa,</strong></span> <span class='ocrx_word' id='word_1_369' title='bbox 590 3373 646 3415; x_wconf 90' lang='lat' dir='ltr'><strong>et</strong></span> <span class='ocrx_word' id='word_1_370' title='bbox 673 3362 975 3417; x_wconf 85' lang='lat' dir='ltr'><strong>secundum</strong></span> <span class='ocrx_word' id='word_1_371' title='bbox 1007 3376 1072 3418; x_wconf 89' lang='lat' dir='ltr'><strong>ea</strong></span> <span class='ocrx_word' id='word_1_372' title='bbox 1115 3362 1446 3433; x_wconf 87' lang='lat' dir='ltr'><strong>loquendum</strong></span> <span class='ocrx_word' id='word_1_373' title='bbox 1498 3372 1556 3419; x_wconf 87' lang='lat' dir='ltr'><strong>et</strong></span> <span class='ocrx_word' id='word_1_374' title='bbox 1604 3364 1910 3438; x_wconf 88' lang='lat' dir='ltr'><strong>intelligen-</strong></span> 
     </span>
    </p>
   </div>
   <div class='ocr_carea' id='block_1_53' title="bbox 317 3452 1906 3524">
    <p class='ocr_par' dir='ltr' id='par_1_53' title="bbox 317 3452 1906 3524">
     <span class='ocr_line' id='line_1_53' title="bbox 317 3452 1906 3524; baseline 0.005 -19"><span class='ocrx_word' id='word_1_375' title='bbox 317 3452 448 3505; x_wconf 85' lang='lat' dir='ltr'><strong>dum</strong></span> <span class='ocrx_word' id='word_1_376' title='bbox 483 3452 548 3506; x_wconf 90' lang='lat' dir='ltr'><strong>de</strong></span> <span class='ocrx_word' id='word_1_377' title='bbox 570 3452 931 3522; x_wconf 87' lang='lat' dir='ltr'><strong>grammatico</strong></span> <span class='ocrx_word' id='word_1_378' title='bbox 982 3470 997 3506; x_wconf 90' lang='lat'><strong>:</strong></span> <span class='ocrx_word' id='word_1_379' title='bbox 1047 3454 1190 3523; x_wconf 90' lang='lat' dir='ltr'><strong>quod</strong></span> <span class='ocrx_word' id='word_1_380' title='bbox 1221 3454 1471 3524; x_wconf 84' lang='lat' dir='ltr'><strong>quamvis</strong></span> <span class='ocrx_word' id='word_1_381' title='bbox 1512 3452 1750 3511; x_wconf 87' lang='lat' dir='ltr'><strong>abnuere</strong></span> <span class='ocrx_word' id='word_1_382' title='bbox 1797 3472 1906 3513; x_wconf 91' lang='lat' dir='ltr'><strong>non</strong></span> 
     </span>
    </p>
   </div>
   <div class='ocr_carea' id='block_1_54' title="bbox 316 3548 1908 3619">
    <p class='ocr_par' dir='ltr' id='par_1_54' title="bbox 316 3548 1908 3619">
     <span class='ocr_line' id='line_1_54' title="bbox 316 3548 1908 3619; baseline 0.004 -17"><span class='ocrx_word' id='word_1_383' title='bbox 316 3548 521 3619; x_wconf 86' lang='lat' dir='ltr'><strong>possim</strong></span> <span class='ocrx_word' id='word_1_384' title='bbox 545 3548 638 3581; x_wconf 71' lang='lat'><strong>‘9“</strong></span> <span class='ocrx_word' id='word_1_385' title='bbox 670 3556 848 3604; x_wconf 88' lang='lat' dir='ltr'><strong>tamen</strong></span> <span class='ocrx_word' id='word_1_386' title='bbox 880 3562 986 3603; x_wconf 90' lang='lat' dir='ltr'><strong>non</strong></span> <span class='ocrx_word' id='word_1_387' title='bbox 1022 3550 1103 3605; x_wconf 87' lang='lat' dir='ltr'><strong>sic</strong></span> <span class='ocrx_word' id='word_1_388' title='bbox 1126 3549 1397 3605; x_wconf 82' lang='lat' dir='ltr'><strong>satisfacit</strong></span> <span class='ocrx_word' id='word_1_389' title='bbox 1444 3551 1627 3607; x_wconf 92' lang='lat' dir='ltr'><strong>animo</strong></span> <span class='ocrx_word' id='word_1_390' title='bbox 1666 3551 1816 3619; x_wconf 73' lang='lat' dir='ltr'><strong>méo,</strong></span> <span class='ocrx_word' id='word_1_391' title='bbox 1848 3560 1908 3608; x_wconf 93' lang='lat' dir='ltr'><strong>ut</strong></span> 
     </span>
    </p>
   </div>
   <div class='ocr_carea' id='block_1_55' title="bbox 314 3644 1905 3714">
    <p class='ocr_par' dir='ltr' id='par_1_55' title="bbox 314 3644 1905 3714">
     <span class='ocr_line' id='line_1_55' title="bbox 314 3644 1905 3714; baseline 0.003 -17"><span class='ocrx_word' id='word_1_392' title='bbox 314 3645 468 3697; x_wconf 79' lang='lat' dir='ltr'><strong>velut</strong></span> <span class='ocrx_word' id='word_1_393' title='bbox 488 3644 632 3713; x_wconf 90' lang='lat' dir='ltr'><strong>quod</strong></span> <span class='ocrx_word' id='word_1_394' title='bbox 654 3646 935 3714; x_wconf 69' lang='lat' dir='ltr'><strong>quaerebat</strong></span> <span class='ocrx_word' id='word_1_395' title='bbox 958 3644 1201 3710; x_wconf 86' lang='lat' dir='ltr'><strong>invento,</strong></span> <span class='ocrx_word' id='word_1_396' title='bbox 1226 3644 1509 3712; x_wconf 90' lang='lat' dir='ltr'><strong>quiescat:</strong></span> <span class='ocrx_word' id='word_1_397' title='bbox 1544 3645 1905 3701; x_wconf 88' lang='lat' dir='ltr'><strong>viderisenim</strong></span> 
     </span>
    </p>
   </div>
   <div class='ocr_carea' id='block_1_56' title="bbox 316 3735 1904 3805">
    <p class='ocr_par' dir='ltr' id='par_1_56' title="bbox 316 3735 1904 3805">
     <span class='ocr_line' id='line_1_56' title="bbox 316 3735 1904 3805; baseline 0.001 -15"><span class='ocrx_word' id='word_1_398' title='bbox 316 3736 449 3790; x_wconf 89' lang='lat' dir='ltr'><strong>mihi</strong></span> <span class='ocrx_word' id='word_1_399' title='bbox 483 3736 641 3805; x_wconf 86' lang='lat' dir='ltr'><strong>quasi</strong></span> <span class='ocrx_word' id='word_1_400' title='bbox 673 3751 780 3791; x_wconf 89' lang='lat' dir='ltr'><strong>non</strong></span> <span class='ocrx_word' id='word_1_401' title='bbox 808 3751 1001 3791; x_wconf 89' lang='lat' dir='ltr'><strong>curare</strong></span> <span class='ocrx_word' id='word_1_402' title='bbox 1024 3745 1083 3791; x_wconf 88' lang='lat' dir='ltr'><strong>ut</strong></span> <span class='ocrx_word' id='word_1_403' title='bbox 1108 3751 1199 3792; x_wconf 91' lang='lat' dir='ltr'><strong>me</strong></span> <span class='ocrx_word' id='word_1_404' title='bbox 1225 3735 1320 3769; x_wconf 77' lang='grc'><strong>³⁸⁸⁸</strong></span> <span class='ocrx_word' id='word_1_405' title='bbox 1337 3735 1559 3804; x_wconf 88' lang='lat' dir='ltr'><strong>doceas,</strong></span> <span class='ocrx_word' id='word_1_406' title='bbox 1582 3737 1675 3792; x_wconf 89' lang='lat' dir='ltr'><strong>sed</strong></span> <span class='ocrx_word' id='word_1_407' title='bbox 1692 3745 1904 3792; x_wconf 89' lang='lat' dir='ltr'><strong>tantum</strong></span> 
     </span>
    </p>
   </div>
   <div class='ocr_carea' id='block_1_57' title="bbox 314 3828 1905 3896">
    <p class='ocr_par' dir='ltr' id='par_1_57' title="bbox 314 3828 1905 3896">
     <span class='ocr_line' id='line_1_57' title="bbox 314 3828 1905 3896; baseline 0.003 -15"><span class='ocrx_word' id='word_1_408' title='bbox 314 3836 374 3882; x_wconf 88' lang='lat' dir='ltr'><strong>nt</strong></span> <span class='ocrx_word' id='word_1_409' title='bbox 410 3828 655 3884; x_wconf 88' lang='lat' dir='ltr'><strong>rationes</strong></span> <span class='ocrx_word' id='word_1_410' title='bbox 690 3844 840 3884; x_wconf 89' lang='lat' dir='ltr'><strong>meas</strong></span> <span class='ocrx_word' id='word_1_411' title='bbox 866 3830 1146 3896; x_wconf 87' lang='lat' dir='ltr'><strong>obstruas._</strong></span> <span class='ocrx_word' id='word_1_412' title='bbox 1194 3828 1321 3895; x_wconf 89' lang='lat' dir='ltr'><strong>Sed,</strong></span> <span class='ocrx_word' id='word_1_413' title='bbox 1377 3829 1521 3884; x_wconf 89' lang='lat' dir='ltr'><strong>sicut</strong></span> <span class='ocrx_word' id='word_1_414' title='bbox 1568 3843 1748 3883; x_wconf 88' lang='lat' dir='ltr'><strong>meum</strong></span> <span class='ocrx_word' id='word_1_415' title='bbox 1799 3828 1905 3886; x_wconf 82' lang='lat' dir='ltr'><strong>fuit</strong></span> 
     </span>
    </p>
   </div>
   <div class='ocr_carea' id='block_1_58' title="bbox 313 3920 1901 3992">
    <p class='ocr_par' dir='ltr' id='par_1_58' title="bbox 313 3920 1901 3992">
     <span class='ocr_line' id='line_1_58' title="bbox 313 3920 1901 3992; baseline 0.002 -19"><span class='ocrx_word' id='word_1_416' title='bbox 313 3931 590 3990; x_wconf 78' lang='lat' dir='ltr'><strong>exponere</strong></span> <span class='ocrx_word' id='word_1_417' title='bbox 619 3935 741 3991; x_wconf 76' lang='lat' dir='ltr'><strong>quae</strong></span> <span class='ocrx_word' id='word_1_418' title='bbox 771 3934 860 3976; x_wconf 90' lang='lat' dir='ltr'><strong>me</strong></span> <span class='ocrx_word' id='word_1_419' title='bbox 887 3935 954 3975; x_wconf 84' lang='lat' dir='ltr'><strong>ex</strong></span> <span class='ocrx_word' id='word_1_420' title='bbox 974 3929 1203 3991; x_wconf 88' lang='lat' dir='ltr'><strong>utraque</strong></span> <span class='ocrx_word' id='word_1_421' title='bbox 1225 3929 1380 3991; x_wconf 89' lang='lat' dir='ltr'><strong>parte</strong></span> <span class='ocrx_word' id='word_1_422' title='bbox 1398 3921 1451 3975; x_wconf 92' lang='lat' dir='ltr'><strong>in</strong></span> <span class='ocrx_word' id='word_1_423' title='bbox 1487 3920 1901 3992; x_wconf 87' lang='lat' dir='ltr'><strong>ambiguitatem</strong></span> 
     </span>
    </p>
   </div>
   <div class='ocr_carea' id='block_1_59' title="bbox 313 4011 1900 4081">
    <p class='ocr_par' dir='ltr' id='par_1_59' title="bbox 313 4011 1900 4081">
     <span class='ocr_line' id='line_1_59' title="bbox 313 4011 1900 4081; baseline 0.001 -17"><span class='ocrx_word' id='word_1_424' title='bbox 313 4017 543 4080; x_wconf 77' lang='lat' dir='ltr'><strong>Cogunt,</strong></span> <span class='ocrx_word' id='word_1_425' title='bbox 580 4011 654 4065; x_wconf 89' lang='lat' dir='ltr'><strong>ita</strong></span> <span class='ocrx_word' id='word_1_426' title='bbox 684 4019 835 4066; x_wconf 90' lang='lat' dir='ltr'><strong>tuum</strong></span> <span class='ocrx_word' id='word_1_427' title='bbox 862 4020 982 4067; x_wconf 89' lang='lat' dir='ltr'><strong>erat</strong></span> <span class='ocrx_word' id='word_1_428' title='bbox 1003 4018 1094 4067; x_wconf 87' lang='lat' dir='ltr'><strong>aut</strong></span> <span class='ocrx_word' id='word_1_429' title='bbox 1120 4027 1284 4067; x_wconf 89' lang='lat' dir='ltr'><strong>unam</strong></span> <span class='ocrx_word' id='word_1_430' title='bbox 1333 4019 1542 4081; x_wconf 89' lang='lat' dir='ltr'><strong>partem</strong></span> <span class='ocrx_word' id='word_1_431' title='bbox 1594 4011 1900 4077; x_wconf 85' lang='lat' dir='ltr'><strong>destruere,</strong></span> 
     </span>
    </p>
   </div>
   <div class='ocr_carea' id='block_1_60' title="bbox 312 4100 1898 4173">
    <p class='ocr_par' dir='ltr' id='par_1_60' title="bbox 312 4100 1898 4173">
     <span class='ocr_line' id='line_1_60' title="bbox 312 4100 1898 4173; baseline 0.004 -20"><span class='ocrx_word' id='word_1_432' title='bbox 312 4109 407 4153; x_wconf 84' lang='lat' dir='ltr'><strong>aut</strong></span> <span class='ocrx_word' id='word_1_433' title='bbox 427 4102 715 4156; x_wconf 87' lang='lat' dir='ltr'><strong>ostendere</strong></span> <span class='ocrx_word' id='word_1_434' title='bbox 737 4101 1007 4172; x_wconf 88' lang='lat' dir='ltr'><strong>quomodo</strong></span> <span class='ocrx_word' id='word_1_435' title='bbox 1029 4100 1132 4157; x_wconf 90' lang='lat' dir='ltr'><strong>sibi</strong></span> <span class='ocrx_word' id='word_1_436' title='bbox 1160 4103 1392 4159; x_wconf 86' lang='lat' dir='ltr'><strong>invicem</strong></span> <span class='ocrx_word' id='word_1_437' title='bbox 1425 4118 1532 4159; x_wconf 90' lang='lat' dir='ltr'><strong>non</strong></span> <span class='ocrx_word' id='word_1_438' title='bbox 1572 4111 1898 4173; x_wconf 79' lang='lat' dir='ltr'><strong>repugnent.</strong></span> 
     </span>
    </p>
   </div>
   <div class='ocr_carea' id='block_1_61' title="bbox 312 4188 1899 4265">
    <p class='ocr_par' dir='ltr' id='par_1_61' title="bbox 312 4188 1899 4265">
     <span class='ocr_line' id='line_1_61' title="bbox 312 4188 1899 4265; baseline 0.005 -23"><span class='ocrx_word' id='word_1_439' title='bbox 312 4188 453 4244; x_wconf 70' lang='lat' dir='ltr'><strong>Msa.</strong></span> <span class='ocrx_word' id='word_1_440' title='bbox 478 4189 591 4245; x_wconf 89' lang='lat' dir='ltr'><strong>Cur</strong></span> <span class='ocrx_word' id='word_1_441' title='bbox 610 4206 718 4246; x_wconf 90' lang='lat' dir='ltr'><strong>non</strong></span> <span class='ocrx_word' id='word_1_442' title='bbox 733 4194 865 4249; x_wconf 76' lang='lat' dir='ltr'><strong>satis</strong></span> <span class='ocrx_word' id='word_1_443' title='bbox 896 4194 989 4249; x_wconf 91' lang='lat' dir='ltr'><strong>tibi</strong></span> <span class='ocrx_word' id='word_1_444' title='bbox 1006 4193 1223 4248; x_wconf 84' lang='lat' dir='ltr'><strong>videtur</strong></span> <span class='ocrx_word' id='word_1_445' title='bbox 1245 4203 1525 4250; x_wconf 87' lang='lat' dir='ltr'><strong>ostensum</strong></span> <span class='ocrx_word' id='word_1_446' title='bbox 1552 4196 1696 4265; x_wconf 91' lang='lat' dir='ltr'><strong>quod</strong></span> <span class='ocrx_word' id='word_1_447' title='bbox 1713 4210 1899 4264; x_wconf 85' lang='lat' dir='ltr'><strong>gram-</strong></span> 
     </span>
    </p>
   </div>
   <div class='ocr_carea' id='block_1_62' title="bbox 310 4283 1900 4357">
    <p class='ocr_par' dir='ltr' id='par_1_62' title="bbox 310 4283 1900 4357">
     <span class='ocr_line' id='line_1_62' title="bbox 310 4283 1900 4357; baseline 0.005 -23"><span class='ocrx_word' id='word_1_448' title='bbox 310 4283 572 4337; x_wconf 84' lang='lat' dir='ltr'><strong>maticum</strong></span> <span class='ocrx_word' id='word_1_449' title='bbox 614 4297 735 4339; x_wconf 88' lang='lat' dir='ltr'><strong>esse</strong></span> <span class='ocrx_word' id='word_1_450' title='bbox 777 4285 1159 4351; x_wconf 88' lang='lat' dir='ltr'><strong>substantiam,</strong></span> <span class='ocrx_word' id='word_1_451' title='bbox 1214 4294 1270 4341; x_wconf 90' lang='lat' dir='ltr'><strong>et</strong></span> <span class='ocrx_word' id='word_1_452' title='bbox 1310 4286 1728 4357; x_wconf 90' lang='lat' dir='ltr'><strong>grammaticum</strong></span> <span class='ocrx_word' id='word_1_453' title='bbox 1777 4300 1900 4342; x_wconf 86' lang='lat' dir='ltr'><strong>esse</strong></span> 
     </span>
    </p>
   </div>
   <div class='ocr_carea' id='block_1_63' title="bbox 2023 1822 3611 1895">
    <p class='ocr_par' dir='ltr' id='par_1_63' title="bbox 2023 1822 3611 1895">
     <span class='ocr_line' id='line_1_63' title="bbox 2023 1822 3611 1895; baseline 0 -18"><span class='ocrx_word' id='word_1_454' title='bbox 2023 1824 2152 1895; x_wconf 91' lang='lat' dir='ltr'><strong>quia</strong></span> <span class='ocrx_word' id='word_1_455' title='bbox 2183 1822 2457 1894; x_wconf 87' lang='lat' dir='ltr'><strong>signiﬁcat</strong></span> <span class='ocrx_word' id='word_1_456' title='bbox 2482 1822 2757 1877; x_wconf 90' lang='lat' dir='ltr'><strong>hominem</strong></span> <span class='ocrx_word' id='word_1_457' title='bbox 2792 1830 2844 1877; x_wconf 90' lang='lat' dir='ltr'><strong>et</strong></span> <span class='ocrx_word' id='word_1_458' title='bbox 2869 1822 3302 1892; x_wconf 85' lang='lat' dir='ltr'><strong>grammaticam,</strong></span> <span class='ocrx_word' id='word_1_459' title='bbox 3354 1822 3611 1877; x_wconf 88' lang='lat' dir='ltr'><strong>dicendus</strong></span> 
     </span>
    </p>
   </div>
   <div class='ocr_carea' id='block_1_64' title="bbox 2023 1910 3613 1983">
    <p class='ocr_par' dir='ltr' id='par_1_64' title="bbox 2023 1910 3613 1983">
     <span class='ocr_line' id='line_1_64' title="bbox 2023 1910 3613 1983; baseline -0.003 -12"><span class='ocrx_word' id='word_1_460' title='bbox 2023 1923 2108 1972; x_wconf 90' lang='lat' dir='ltr'><strong>est</strong></span> <span class='ocrx_word' id='word_1_461' title='bbox 2132 1914 2436 1971; x_wconf 88' lang='lat' dir='ltr'><strong>substantia</strong></span> <span class='ocrx_word' id='word_1_462' title='bbox 2458 1922 2513 1968; x_wconf 90' lang='lat' dir='ltr'><strong>et</strong></span> <span class='ocrx_word' id='word_1_463' title='bbox 2537 1912 2791 1983; x_wconf 87' lang='lat' dir='ltr'><strong>qualitas,</strong></span> <span class='ocrx_word' id='word_1_464' title='bbox 2839 1926 2937 1966; x_wconf 91' lang='lat' dir='ltr'><strong>cur</strong></span> <span class='ocrx_word' id='word_1_465' title='bbox 2974 1911 3138 1965; x_wconf 91' lang='lat' dir='ltr'><strong>homo</strong></span> <span class='ocrx_word' id='word_1_466' title='bbox 3161 1926 3265 1966; x_wconf 92' lang='lat' dir='ltr'><strong>non</strong></span> <span class='ocrx_word' id='word_1_467' title='bbox 3310 1920 3395 1967; x_wconf 88' lang='lat' dir='ltr'><strong>est</strong></span> <span class='ocrx_word' id='word_1_468' title='bbox 3421 1910 3613 1968; x_wconf 85' lang='lat' dir='ltr'><strong>simili-</strong></span> 
     </span>
    </p>
   </div>
   <div class='ocr_carea' id='block_1_65' title="bbox 2023 2001 3614 2077">
    <p class='ocr_par' dir='ltr' id='par_1_65' title="bbox 2023 2001 3614 2077">
     <span class='ocr_line' id='line_1_65' title="bbox 2023 2001 3614 2077; baseline -0.004 -14"><span class='ocrx_word' id='word_1_469' title='bbox 2023 2016 2108 2063; x_wconf 87' lang='lat' dir='ltr'><strong>ter</strong></span> <span class='ocrx_word' id='word_1_470' title='bbox 2126 2007 2367 2077; x_wconf 87' lang='lat' dir='ltr'><strong>qualitas</strong></span> <span class='ocrx_word' id='word_1_471' title='bbox 2388 2005 2544 2061; x_wconf 70' lang='lat' dir='ltr'><strong>‘°°’et</strong></span> <span class='ocrx_word' id='word_1_472' title='bbox 2569 2003 2909 2060; x_wconf 75' lang='lat' dir='ltr'><strong>substantia?</strong></span> <span class='ocrx_word' id='word_1_473' title='bbox 2946 2001 3120 2058; x_wconf 85' lang='lat' dir='ltr'><strong>Homo</strong></span> <span class='ocrx_word' id='word_1_474' title='bbox 3142 2018 3373 2073; x_wconf 88' lang='lat' dir='ltr'><strong>namque</strong></span> <span class='ocrx_word' id='word_1_475' title='bbox 3407 2003 3614 2074; x_wconf 86' lang='lat' dir='ltr'><strong>signiﬁ-</strong></span> 
     </span>
    </p>
   </div>
   <div class='ocr_carea' id='block_1_66' title="bbox 2020 2091 3609 2162">
    <p class='ocr_par' dir='ltr' id='par_1_66' title="bbox 2020 2091 3609 2162">
     <span class='ocr_line' id='line_1_66' title="bbox 2020 2091 3609 2162; baseline -0.003 -10"><span class='ocrx_word' id='word_1_476' title='bbox 2020 2105 2109 2152; x_wconf 88' lang='lat' dir='ltr'><strong>cat</strong></span> <span class='ocrx_word' id='word_1_477' title='bbox 2130 2095 2514 2162; x_wconf 88' lang='lat' dir='ltr'><strong>substantiam,</strong></span> <span class='ocrx_word' id='word_1_478' title='bbox 2541 2109 2665 2149; x_wconf 90' lang='lat' dir='ltr'><strong>cum</strong></span> <span class='ocrx_word' id='word_1_479' title='bbox 2694 2093 2947 2148; x_wconf 88' lang='lat' dir='ltr'><strong>omnibus</strong></span> <span class='ocrx_word' id='word_1_480' title='bbox 2970 2091 3078 2147; x_wconf 88' lang='lat' dir='ltr'><strong>illis</strong></span> <span class='ocrx_word' id='word_1_481' title='bbox 3108 2091 3449 2158; x_wconf 83' lang='lat' dir='ltr'><strong>dill‘erentiis,</strong></span> <span class='ocrx_word' id='word_1_482' title='bbox 3490 2109 3609 2162; x_wconf 77' lang='lat' dir='ltr'><strong>qua:</strong></span> 
     </span>
    </p>
   </div>
   <div class='ocr_carea' id='block_1_67' title="bbox 2020 2182 3607 2251">
    <p class='ocr_par' dir='ltr' id='par_1_67' title="bbox 2020 2182 3607 2251">
     <span class='ocr_line' id='line_1_67' title="bbox 2020 2182 3607 2251; baseline -0.005 -8"><span class='ocrx_word' id='word_1_483' title='bbox 2020 2193 2147 2243; x_wconf 85' lang='lat' dir='ltr'><strong>sunt</strong></span> <span class='ocrx_word' id='word_1_484' title='bbox 2174 2186 2228 2241; x_wconf 93' lang='lat' dir='ltr'><strong>in</strong></span> <span class='ocrx_word' id='word_1_485' title='bbox 2249 2184 2493 2251; x_wconf 89' lang='lat' dir='ltr'><strong>homine,</strong></span> <span class='ocrx_word' id='word_1_486' title='bbox 2525 2193 2681 2240; x_wconf 87' lang='lat' dir='ltr'><strong>utest</strong></span> <span class='ocrx_word' id='word_1_487' title='bbox 2702 2182 3037 2239; x_wconf 86' lang='lat' dir='ltr'><strong>sensibilitas</strong></span> <span class='ocrx_word' id='word_1_488' title='bbox 3057 2192 3112 2238; x_wconf 92' lang='lat' dir='ltr'><strong>et</strong></span> <span class='ocrx_word' id='word_1_489' title='bbox 3142 2183 3462 2238; x_wconf 86' lang='lat' dir='ltr'><strong>mortalitas.</strong></span> <span class='ocrx_word' id='word_1_490' title='bbox 3502 2183 3607 2238; x_wconf 85' lang='lat' dir='ltr'><strong>Sed</strong></span> 
     </span>
    </p>
   </div>
   <div class='ocr_carea' id='block_1_68' title="bbox 2020 2274 3608 2348">
    <p class='ocr_par' dir='ltr' id='par_1_68' title="bbox 2020 2274 3608 2348">
     <span class='ocr_line' id='line_1_68' title="bbox 2020 2274 3608 2348; baseline -0.001 -15"><span class='ocrx_word' id='word_1_491' title='bbox 2020 2292 2310 2348; x_wconf 87' lang='lat' dir='ltr'><strong>nusquam,</strong></span> <span class='ocrx_word' id='word_1_492' title='bbox 2342 2275 2433 2330; x_wconf 92' lang='lat' dir='ltr'><strong>ubi</strong></span> <span class='ocrx_word' id='word_1_493' title='bbox 2464 2275 2538 2331; x_wconf 90' lang='lat' dir='ltr'><strong>sit</strong></span> <span class='ocrx_word' id='word_1_494' title='bbox 2586 2276 2847 2345; x_wconf 88' lang='lat' dir='ltr'><strong>scriptum</strong></span> <span class='ocrx_word' id='word_1_495' title='bbox 2881 2274 3083 2344; x_wconf 89' lang='lat' dir='ltr'><strong>aliquid</strong></span> <span class='ocrx_word' id='word_1_496' title='bbox 3108 2275 3174 2332; x_wconf 89' lang='lat' dir='ltr'><strong>de</strong></span> <span class='ocrx_word' id='word_1_497' title='bbox 3224 2275 3321 2308; x_wconf 71' lang='grc'><strong>⁸⁸³⁸⁸</strong></span> <span class='ocrx_word' id='word_1_498' title='bbox 3346 2275 3608 2346; x_wconf 85' lang='lat' dir='ltr'><strong>qualitate</strong></span> 
     </span>
    </p>
   </div>
   <div class='ocr_carea' id='block_1_69' title="bbox 2020 2365 3606 2439">
    <p class='ocr_par' dir='ltr' id='par_1_69' title="bbox 2020 2365 3606 2439">
     <span class='ocr_line' id='line_1_69' title="bbox 2020 2365 3606 2439; baseline -0.002 -16"><span class='ocrx_word' id='word_1_499' title='bbox 2020 2368 2201 2439; x_wconf 88' lang='lat' dir='ltr'><strong>aliqua</strong></span> <span class='ocrx_word' id='word_1_500' title='bbox 2236 2408 2254 2437; x_wconf 95' lang='lat'><strong>,</strong></span> <span class='ocrx_word' id='word_1_501' title='bbox 2318 2366 2590 2439; x_wconf 90' lang='lat' dir='ltr'><strong>prolatum</strong></span> <span class='ocrx_word' id='word_1_502' title='bbox 2646 2375 2733 2422; x_wconf 89' lang='lat' dir='ltr'><strong>est</strong></span> <span class='ocrx_word' id='word_1_503' title='bbox 2790 2366 2858 2422; x_wconf 87' lang='lat' dir='ltr'><strong>ad</strong></span> <span class='ocrx_word' id='word_1_504' title='bbox 2906 2365 3003 2399; x_wconf 75' lang='grc'><strong>⁶⁰⁰³</strong></span> <span class='ocrx_word' id='word_1_505' title='bbox 3055 2366 3359 2437; x_wconf 85' lang='lat' dir='ltr'><strong>exemplum</strong></span> <span class='ocrx_word' id='word_1_506' title='bbox 3397 2408 3413 2433; x_wconf 94' lang='lat'><strong>,</strong></span> <span class='ocrx_word' id='word_1_507' title='bbox 3468 2367 3606 2422; x_wconf 80' lang='lat' dir='ltr'><strong>velut</strong></span> 
     </span>
    </p>
   </div>
   <div class='ocr_carea' id='block_1_70' title="bbox 2018 2462 2195 2518">
    <p class='ocr_par' dir='ltr' id='par_1_70' title="bbox 2018 2462 2195 2518">
     <span class='ocr_line' id='line_1_70' title="bbox 2018 2462 2195 2518; baseline 0.006 -1"><span class='ocrx_word' id='word_1_508' title='bbox 2018 2462 2195 2518; x_wconf 84' lang='lat' dir='ltr'><strong>homo.</strong></span> 
     </span>
    </p>
   </div>
   <div class='ocr_carea' id='block_1_71' title="bbox 2658 2548 3039 2607">
    <p class='ocr_par' dir='ltr' id='par_1_71' title="bbox 2658 2548 3039 2607">
     <span class='ocr_line' id='line_1_71' title="bbox 2658 2548 3039 2607; baseline -0.013 0"><span class='ocrx_word' id='word_1_509' title='bbox 2658 2548 2889 2607; x_wconf 76' lang='lat' dir='ltr'><strong>CAPUT</strong></span> <span class='ocrx_word' id='word_1_510' title='bbox 2925 2548 3039 2604; x_wconf 80' lang='lat' dir='ltr'><strong>XII.</strong></span> 
     </span>
    </p>
   </div>
   <div class='ocr_carea' id='block_1_72' title="bbox 2057 2636 3563 2778">
    <p class='ocr_par' dir='ltr' id='par_1_72' title="bbox 2057 2636 3563 2778">
     <span class='ocr_line' id='line_1_72' title="bbox 2057 2636 3563 2778; baseline -0.003 -80"><span class='ocrx_word' id='word_1_511' title='bbox 2057 2642 2256 2710; x_wconf 83' lang='lat' dir='ltr'><strong>Homo,</strong></span> <span class='ocrx_word' id='word_1_512' title='bbox 2286 2650 2336 2699; x_wconf 71' lang='lat' dir='ltr'><strong>et</strong></span> <span class='ocrx_word' id='word_1_513' title='bbox 2363 2640 2941 2778; x_wconf 42' lang='lat' dir='ltr'><strong>grammaticus}qu</strong></span> <span class='ocrx_word' id='word_1_514' title='bbox 2965 2654 3106 2693; x_wconf 79' lang='lat' dir='ltr'><strong>varie</strong></span> <span class='ocrx_word' id='word_1_515' title='bbox 3142 2636 3439 2708; x_wconf 74' lang='lat' dir='ltr'><strong>signiﬁcent</strong></span> <span class='ocrx_word' id='word_1_516' title='bbox 3464 2654 3563 2695; x_wconf 75' lang='lat' dir='ltr'><strong>sua</strong></span> 
     </span>
     <span class='ocr_line' id='line_1_73' title="bbox 2605 2720 2929 2778; baseline -0.009 -11"><span class='ocrx_word' id='word_1_517' title='bbox 2605 2728 2741 2778; x_wconf 75' lang='lat' dir='ltr'><strong>signi</strong></span> <span class='ocrx_word' id='word_1_518' title='bbox 2766 2720 2929 2765; x_wconf 70' lang='lat' dir='ltr'><strong>acuta.</strong></span> 
     </span>
    </p>
   </div>
   <div class='ocr_carea' id='block_1_73' title="bbox 2605 2720 2929 2782">
    <p class='ocr_par' dir='ltr' id='par_1_73' title="bbox 2605 2720 2929 2782">
     <span class='ocr_line' id='line_1_74' title="bbox 2605 2720 2929 2782; baseline -0.009 -15"><span class='ocrx_word' id='word_1_519' title='bbox 2605 2720 2929 2782; x_wconf 76' lang='lat' dir='ltr'><strong>signiﬁcata.</strong></span> 
     </span>
    </p>
   </div>
   <div class='ocr_carea' id='block_1_74' title="bbox 2089 2819 3607 2895">
    <p class='ocr_par' dir='ltr' id='par_1_74' title="bbox 2089 2819 3607 2895">
     <span class='ocr_line' id='line_1_75' title="bbox 2089 2819 3607 2895; baseline -0.006 -12"><span class='ocrx_word' id='word_1_520' title='bbox 2089 2825 2227 2882; x_wconf 64' lang='lat' dir='ltr'><strong>Msa.</strong></span> <span class='ocrx_word' id='word_1_521' title='bbox 2269 2825 2422 2895; x_wconf 88' lang='lat' dir='ltr'><strong>Quod</strong></span> <span class='ocrx_word' id='word_1_522' title='bbox 2447 2824 2597 2881; x_wconf 90' lang='lat' dir='ltr'><strong>illam</strong></span> <span class='ocrx_word' id='word_1_523' title='bbox 2625 2823 2893 2880; x_wconf 86' lang='lat' dir='ltr'><strong>rationem</strong></span> <span class='ocrx_word' id='word_1_524' title='bbox 2917 2834 3081 2891; x_wconf 88' lang='lat' dir='ltr'><strong>quam</strong></span> <span class='ocrx_word' id='word_1_525' title='bbox 3117 2819 3254 2887; x_wconf 83' lang='lat' dir='ltr'><strong>dixi,</strong></span> <span class='ocrx_word' id='word_1_526' title='bbox 3302 2834 3402 2875; x_wconf 91' lang='lat' dir='ltr'><strong>cur</strong></span> <span class='ocrx_word' id='word_1_527' title='bbox 3425 2834 3607 2890; x_wconf 86' lang='lat' dir='ltr'><strong>gram-</strong></span> 
     </span>
    </p>
   </div>
   <div class='ocr_carea' id='block_1_75' title="bbox 2015 2912 3604 2986">
    <p class='ocr_par' dir='ltr' id='par_1_75' title="bbox 2015 2912 3604 2986">
     <span class='ocr_line' id='line_1_76' title="bbox 2015 2912 3604 2986; baseline -0.004 -12"><span class='ocrx_word' id='word_1_528' title='bbox 2015 2918 2271 2985; x_wconf 86' lang='lat' dir='ltr'><strong>maticus,</strong></span> <span class='ocrx_word' id='word_1_529' title='bbox 2301 2918 2510 2974; x_wconf 86' lang='lat' dir='ltr'><strong>scilicet</strong></span> <span class='ocrx_word' id='word_1_530' title='bbox 2562 2915 2636 2971; x_wconf 92' lang='lat' dir='ltr'><strong>sit</strong></span> <span class='ocrx_word' id='word_1_531' title='bbox 2663 2915 2968 2971; x_wconf 90' lang='lat' dir='ltr'><strong>substantia</strong></span> <span class='ocrx_word' id='word_1_532' title='bbox 3016 2925 3072 2971; x_wconf 90' lang='lat' dir='ltr'><strong>et</strong></span> <span class='ocrx_word' id='word_1_533' title='bbox 3103 2913 3356 2986; x_wconf 87' lang='lat' dir='ltr'><strong>qualitas,</strong></span> <span class='ocrx_word' id='word_1_534' title='bbox 3399 2912 3604 2967; x_wconf 88' lang='lat' dir='ltr'><strong>idcirco</strong></span> 
     </span>
    </p>
   </div>
   <div class='ocr_carea' id='block_1_76' title="bbox 2016 3003 3597 3082">
    <p class='ocr_par' dir='ltr' id='par_1_76' title="bbox 2016 3003 3597 3082">
     <span class='ocr_line' id='line_1_77' title="bbox 2016 3003 3597 3082; baseline -0.004 -17"><span class='ocrx_word' id='word_1_535' title='bbox 2016 3010 2293 3082; x_wconf 88' lang='lat' dir='ltr'><strong>repudias,</strong></span> <span class='ocrx_word' id='word_1_536' title='bbox 2321 3009 2449 3080; x_wconf 90' lang='lat' dir='ltr'><strong>quia</strong></span> <span class='ocrx_word' id='word_1_537' title='bbox 2479 3023 2587 3064; x_wconf 91' lang='lat' dir='ltr'><strong>non</strong></span> <span class='ocrx_word' id='word_1_538' title='bbox 2614 3005 2760 3062; x_wconf 90' lang='lat' dir='ltr'><strong>valet</strong></span> <span class='ocrx_word' id='word_1_539' title='bbox 2779 3005 2834 3077; x_wconf 76' lang='lat' dir='ltr'><strong>in</strong></span> <span class='ocrx_word' id='word_1_540' title='bbox 2859 3004 3083 3062; x_wconf 92' lang='lat' dir='ltr'><strong>nomine</strong></span> <span class='ocrx_word' id='word_1_541' title='bbox 3104 3004 3365 3071; x_wconf 88' lang='lat' dir='ltr'><strong>hominis,</strong></span> <span class='ocrx_word' id='word_1_542' title='bbox 3387 3003 3597 3059; x_wconf 91' lang='lat' dir='ltr'><strong>idcirco</strong></span> 
     </span>
    </p>
   </div>
   <div class='ocr_carea' id='block_1_77' title="bbox 1939 3074 3603 3170">
    <p class='ocr_par' dir='ltr' id='par_1_77' title="bbox 1939 3074 3603 3170">
     <span class='ocr_line' id='line_1_78' title="bbox 1939 3074 3603 3170; baseline -0.006 -13"><span class='ocrx_word' id='word_1_543' title='bbox 1939 3074 1983 3134; x_wconf 57' lang='grc' dir='ltr'><strong>(ἶ</strong></span> <span class='ocrx_word' id='word_1_544' title='bbox 2017 3074 2173 3166; x_wconf 80' lang='lat' dir='ltr'><strong>facis,</strong></span> <span class='ocrx_word' id='word_1_545' title='bbox 2205 3074 2448 3170; x_wconf 19' lang='lat' dir='ltr'><strong>utvputo,</strong></span> <span class='ocrx_word' id='word_1_546' title='bbox 2471 3098 2598 3168; x_wconf 87' lang='lat' dir='ltr'><strong>quia</strong></span> <span class='ocrx_word' id='word_1_547' title='bbox 2643 3110 2750 3152; x_wconf 89' lang='lat' dir='ltr'><strong>non</strong></span> <span class='ocrx_word' id='word_1_548' title='bbox 2786 3074 3103 3152; x_wconf 85' lang='lat' dir='ltr'><strong>consideras</strong></span> <span class='ocrx_word' id='word_1_549' title='bbox 3123 3109 3286 3166; x_wconf 89' lang='lat' dir='ltr'><strong>quam</strong></span> <span class='ocrx_word' id='word_1_550' title='bbox 3325 3093 3603 3149; x_wconf 87' lang='lat' dir='ltr'><strong>dissimili-</strong></span> 
     </span>
    </p>
   </div>
   <div class='ocr_carea' id='block_1_78' title="bbox 2012 3187 3593 3260">
    <p class='ocr_par' dir='ltr' id='par_1_78' title="bbox 2012 3187 3593 3260">
     <span class='ocr_line' id='line_1_79' title="bbox 2012 3187 3593 3260; baseline -0.006 -12"><span class='ocrx_word' id='word_1_551' title='bbox 2012 3203 2098 3248; x_wconf 89' lang='lat' dir='ltr'><strong>ter</strong></span> <span class='ocrx_word' id='word_1_552' title='bbox 2125 3189 2713 3260; x_wconf 83' lang='lat' dir='ltr'><strong>signiﬁcent:scilicet</strong></span> <span class='ocrx_word' id='word_1_553' title='bbox 2732 3203 2929 3244; x_wconf 91' lang='lat' dir='ltr'><strong>nomen</strong></span> <span class='ocrx_word' id='word_1_554' title='bbox 2951 3188 3213 3253; x_wconf 91' lang='lat' dir='ltr'><strong>hominis,</strong></span> <span class='ocrx_word' id='word_1_555' title='bbox 3257 3202 3320 3242; x_wconf 90' lang='lat' dir='ltr'><strong>ea</strong></span> <span class='ocrx_word' id='word_1_556' title='bbox 3365 3202 3431 3241; x_wconf 81' lang='lat' dir='ltr'><strong>ex</strong></span> <span class='ocrx_word' id='word_1_557' title='bbox 3472 3187 3593 3255; x_wconf 86' lang='lat' dir='ltr'><strong>qni-</strong></span> 
     </span>
    </p>
   </div>
   <div class='ocr_carea' id='block_1_79' title="bbox 2009 3275 3597 3347">
    <p class='ocr_par' dir='ltr' id='par_1_79' title="bbox 2009 3275 3597 3347">
     <span class='ocr_line' id='line_1_80' title="bbox 2009 3275 3597 3347; baseline -0.007 -7"><span class='ocrx_word' id='word_1_558' title='bbox 2009 3285 2113 3341; x_wconf 90' lang='lat' dir='ltr'><strong>bus</strong></span> <span class='ocrx_word' id='word_1_559' title='bbox 2140 3288 2361 3338; x_wconf 88' lang='lat' dir='ltr'><strong>constat</strong></span> <span class='ocrx_word' id='word_1_560' title='bbox 2404 3281 2597 3346; x_wconf 90' lang='lat' dir='ltr'><strong>homo;</strong></span> <span class='ocrx_word' id='word_1_561' title='bbox 2649 3286 2704 3333; x_wconf 91' lang='lat' dir='ltr'><strong>et</strong></span> <span class='ocrx_word' id='word_1_562' title='bbox 2743 3277 3152 3347; x_wconf 88' lang='lat' dir='ltr'><strong>grammaticus,</strong></span> <span class='ocrx_word' id='word_1_563' title='bbox 3224 3275 3498 3331; x_wconf 88' lang='lat' dir='ltr'><strong>hominem</strong></span> <span class='ocrx_word' id='word_1_564' title='bbox 3541 3284 3597 3330; x_wconf 86' lang='lat' dir='ltr'><strong>et</strong></span> 
     </span>
    </p>
   </div>
   <div class='ocr_carea' id='block_1_80' title="bbox 2011 3366 3594 3445">
    <p class='ocr_par' dir='ltr' id='par_1_80' title="bbox 2011 3366 3594 3445">
     <span class='ocr_line' id='line_1_81' title="bbox 2011 3366 3594 3445; baseline -0.008 -16"><span class='ocrx_word' id='word_1_565' title='bbox 2011 3372 2452 3445; x_wconf 86' lang='lat' dir='ltr'><strong>grammaticam.</strong></span> <span class='ocrx_word' id='word_1_566' title='bbox 2482 3369 2687 3441; x_wconf 83' lang='lat' dir='ltr'><strong>Nempe</strong></span> <span class='ocrx_word' id='word_1_567' title='bbox 2709 3381 2908 3423; x_wconf 90' lang='lat' dir='ltr'><strong>nomen</strong></span> <span class='ocrx_word' id='word_1_568' title='bbox 2939 3366 3178 3423; x_wconf 91' lang='lat' dir='ltr'><strong>hominis</strong></span> <span class='ocrx_word' id='word_1_569' title='bbox 3202 3379 3300 3437; x_wconf 90' lang='lat' dir='ltr'><strong>per</strong></span> <span class='ocrx_word' id='word_1_570' title='bbox 3333 3380 3415 3430; x_wconf 87' lang='lat' dir='ltr'><strong>se,</strong></span> <span class='ocrx_word' id='word_1_571' title='bbox 3446 3374 3502 3420; x_wconf 91' lang='lat' dir='ltr'><strong>et</strong></span> <span class='ocrx_word' id='word_1_572' title='bbox 3533 3372 3594 3418; x_wconf 91' lang='lat' dir='ltr'><strong>ut</strong></span> 
     </span>
    </p>
   </div>
   <div class='ocr_carea' id='block_1_81' title="bbox 2006 3456 3591 3536">
    <p class='ocr_par' dir='ltr' id='par_1_81' title="bbox 2006 3456 3591 3536">
     <span class='ocr_line' id='line_1_82' title="bbox 2006 3456 3591 3536; baseline -0.008 -14"><span class='ocrx_word' id='word_1_573' title='bbox 2006 3480 2197 3535; x_wconf 91' lang='lat' dir='ltr'><strong>unum,</strong></span> <span class='ocrx_word' id='word_1_574' title='bbox 2233 3464 2503 3536; x_wconf 86' lang='lat' dir='ltr'><strong>signiﬁcat</strong></span> <span class='ocrx_word' id='word_1_575' title='bbox 2522 3478 2585 3520; x_wconf 88' lang='lat' dir='ltr'><strong>ea</strong></span> <span class='ocrx_word' id='word_1_576' title='bbox 2606 3477 2672 3519; x_wconf 81' lang='lat' dir='ltr'><strong>ex</strong></span> <span class='ocrx_word' id='word_1_577' title='bbox 2703 3462 2898 3534; x_wconf 90' lang='lat' dir='ltr'><strong>quibus</strong></span> <span class='ocrx_word' id='word_1_578' title='bbox 2920 3467 3135 3516; x_wconf 88' lang='lat' dir='ltr'><strong>constat</strong></span> <span class='ocrx_word' id='word_1_579' title='bbox 3161 3467 3304 3514; x_wconf 88' lang='lat' dir='ltr'><strong>totus</strong></span> <span class='ocrx_word' id='word_1_580' title='bbox 3325 3460 3514 3522; x_wconf 87' lang='lat' dir='ltr'><strong>homo;</strong></span> <span class='ocrx_word' id='word_1_581' title='bbox 3536 3456 3591 3511; x_wconf 89' lang='lat' dir='ltr'><strong>in</strong></span> 
     </span>
    </p>
   </div>
   <div class='ocr_carea' id='block_1_82' title="bbox 2006 3549 3584 3629">
    <p class='ocr_par' dir='ltr' id='par_1_82' title="bbox 2006 3549 3584 3629">
     <span class='ocr_line' id='line_1_83' title="bbox 2006 3549 3584 3629; baseline -0.006 -18"><span class='ocrx_word' id='word_1_582' title='bbox 2006 3556 2202 3629; x_wconf 87' lang='lat' dir='ltr'><strong>quibus</strong></span> <span class='ocrx_word' id='word_1_583' title='bbox 2223 3555 2526 3613; x_wconf 88' lang='lat' dir='ltr'><strong>substantia</strong></span> <span class='ocrx_word' id='word_1_584' title='bbox 2548 3551 2907 3625; x_wconf 83' lang='lat' dir='ltr'><strong>principalem</strong></span> <span class='ocrx_word' id='word_1_585' title='bbox 2928 3551 3108 3607; x_wconf 92' lang='lat' dir='ltr'><strong>locum</strong></span> <span class='ocrx_word' id='word_1_586' title='bbox 3140 3549 3584 3619; x_wconf 86' lang='lat' dir='ltr'><strong>tenet.quoniam</strong></span> 
     </span>
    </p>
   </div>
   <div class='ocr_carea' id='block_1_83' title="bbox 2004 3637 3587 3711">
    <p class='ocr_par' dir='ltr' id='par_1_83' title="bbox 2004 3637 3587 3711">
     <span class='ocr_line' id='line_1_84' title="bbox 2004 3637 3587 3711; baseline -0.006 -9"><span class='ocrx_word' id='word_1_587' title='bbox 2004 3657 2094 3703; x_wconf 89' lang='lat' dir='ltr'><strong>est</strong></span> <span class='ocrx_word' id='word_1_588' title='bbox 2113 3660 2277 3701; x_wconf 83' lang='lat' dir='ltr'><strong>causa</strong></span> <span class='ocrx_word' id='word_1_589' title='bbox 2303 3645 2555 3711; x_wconf 87' lang='lat' dir='ltr'><strong>aliorum,</strong></span> <span class='ocrx_word' id='word_1_590' title='bbox 2570 3652 2626 3699; x_wconf 88' lang='lat' dir='ltr'><strong>et</strong></span> <span class='ocrx_word' id='word_1_591' title='bbox 2651 3642 2859 3699; x_wconf 88' lang='lat' dir='ltr'><strong>habens</strong></span> <span class='ocrx_word' id='word_1_592' title='bbox 2882 3656 2945 3698; x_wconf 89' lang='lat' dir='ltr'><strong>ea</strong></span> <span class='ocrx_word' id='word_1_593' title='bbox 2970 3656 3077 3698; x_wconf 92' lang='lat' dir='ltr'><strong>non</strong></span> <span class='ocrx_word' id='word_1_594' title='bbox 3099 3649 3161 3695; x_wconf 93' lang='lat' dir='ltr'><strong>ut</strong></span> <span class='ocrx_word' id='word_1_595' title='bbox 3186 3639 3433 3710; x_wconf 85' lang='lat' dir='ltr'><strong>indigens</strong></span> <span class='ocrx_word' id='word_1_596' title='bbox 3457 3637 3587 3703; x_wconf 92' lang='lat' dir='ltr'><strong>illis,</strong></span> 
     </span>
    </p>
   </div>
   <div class='ocr_carea' id='block_1_84' title="bbox 2004 3730 3593 3805">
    <p class='ocr_par' dir='ltr' id='par_1_84' title="bbox 2004 3730 3593 3805">
     <span class='ocr_line' id='line_1_85' title="bbox 2004 3730 3593 3805; baseline -0.003 -14"><span class='ocrx_word' id='word_1_597' title='bbox 2004 3736 2101 3791; x_wconf 87' lang='lat' dir='ltr'><strong>sed</strong></span> <span class='ocrx_word' id='word_1_598' title='bbox 2124 3745 2183 3790; x_wconf 91' lang='lat' dir='ltr'><strong>ut</strong></span> <span class='ocrx_word' id='word_1_599' title='bbox 2210 3750 2269 3790; x_wconf 90' lang='lat' dir='ltr'><strong>se</strong></span> <span class='ocrx_word' id='word_1_600' title='bbox 2295 3735 2617 3805; x_wconf 83' lang='lat' dir='ltr'><strong>indigentia.</strong></span> <span class='ocrx_word' id='word_1_601' title='bbox 2648 3733 2807 3789; x_wconf 86' lang='lat' dir='ltr'><strong>Nulla</strong></span> <span class='ocrx_word' id='word_1_602' title='bbox 2834 3734 2979 3789; x_wconf 91' lang='lat' dir='ltr'><strong>enim</strong></span> <span class='ocrx_word' id='word_1_603' title='bbox 3010 3742 3096 3788; x_wconf 90' lang='lat' dir='ltr'><strong>est</strong></span> <span class='ocrx_word' id='word_1_604' title='bbox 3116 3730 3418 3787; x_wconf 70' lang='lat' dir='ltr'><strong>differentia</strong></span> <span class='ocrx_word' id='word_1_605' title='bbox 3460 3730 3593 3786; x_wconf 84' lang='lat' dir='ltr'><strong>sub-</strong></span> 
     </span>
    </p>
   </div>
   <div class='ocr_carea' id='block_1_85' title="bbox 2003 3820 3588 3893">
    <p class='ocr_par' dir='ltr' id='par_1_85' title="bbox 2003 3820 3588 3893">
     <span class='ocr_line' id='line_1_86' title="bbox 2003 3820 3588 3893; baseline -0.003 -13"><span class='ocrx_word' id='word_1_606' title='bbox 2003 3825 2242 3889; x_wconf 86' lang='lat' dir='ltr'><strong>stantiae,</strong></span> <span class='ocrx_word' id='word_1_607' title='bbox 2274 3825 2392 3879; x_wconf 90' lang='lat' dir='ltr'><strong>sine</strong></span> <span class='ocrx_word' id='word_1_608' title='bbox 2426 3839 2530 3893; x_wconf 90' lang='lat' dir='ltr'><strong>qua</strong></span> <span class='ocrx_word' id='word_1_609' title='bbox 2566 3823 2873 3879; x_wconf 89' lang='lat' dir='ltr'><strong>substantia</strong></span> <span class='ocrx_word' id='word_1_610' title='bbox 2902 3822 3130 3877; x_wconf 84' lang='lat' dir='ltr'><strong>inveniri</strong></span> <span class='ocrx_word' id='word_1_611' title='bbox 3160 3836 3265 3876; x_wconf 92' lang='lat' dir='ltr'><strong>non</strong></span> <span class='ocrx_word' id='word_1_612' title='bbox 3296 3820 3503 3892; x_wconf 90' lang='lat' dir='ltr'><strong>possit;</strong></span> <span class='ocrx_word' id='word_1_613' title='bbox 3529 3827 3588 3876; x_wconf 90' lang='lat' dir='ltr'><strong>et</strong></span> 
     </span>
    </p>
   </div>
   <div class='ocr_carea' id='block_1_86' title="bbox 2003 3912 3586 3985">
    <p class='ocr_par' dir='ltr' id='par_1_86' title="bbox 2003 3912 3586 3985">
     <span class='ocr_line' id='line_1_87' title="bbox 2003 3912 3586 3985; baseline -0.005 -11"><span class='ocrx_word' id='word_1_614' title='bbox 2003 3917 2152 3974; x_wconf 87' lang='lat' dir='ltr'><strong>nulla</strong></span> <span class='ocrx_word' id='word_1_615' title='bbox 2180 3915 2612 3971; x_wconf 79' lang='lat' dir='ltr'><strong>differentiarum</strong></span> <span class='ocrx_word' id='word_1_616' title='bbox 2672 3914 2814 3985; x_wconf 89' lang='lat' dir='ltr'><strong>ejus,</strong></span> <span class='ocrx_word' id='word_1_617' title='bbox 2859 3915 2980 3971; x_wconf 89' lang='lat' dir='ltr'><strong>sine</strong></span> <span class='ocrx_word' id='word_1_618' title='bbox 3001 3913 3091 3969; x_wconf 91' lang='lat' dir='ltr'><strong>illa</strong></span> <span class='ocrx_word' id='word_1_619' title='bbox 3127 3922 3305 3984; x_wconf 88' lang='lat' dir='ltr'><strong>potest</strong></span> <span class='ocrx_word' id='word_1_620' title='bbox 3333 3912 3586 3968; x_wconf 79' lang='lat' dir='ltr'><strong>existere.</strong></span> 
     </span>
    </p>
   </div>
   <div class='ocr_carea' id='block_1_87' title="bbox 2003 4003 3591 4079">
    <p class='ocr_par' dir='ltr' id='par_1_87' title="bbox 2003 4003 3591 4079">
     <span class='ocr_line' id='line_1_88' title="bbox 2003 4003 3591 4079; baseline -0.003 -16"><span class='ocrx_word' id='word_1_621' title='bbox 2003 4008 2351 4079; x_wconf 85' lang='lat' dir='ltr'><strong>Quapropter</strong></span> <span class='ocrx_word' id='word_1_622' title='bbox 2401 4005 2653 4077; x_wconf 88' lang='lat' dir='ltr'><strong>quamvis</strong></span> <span class='ocrx_word' id='word_1_623' title='bbox 2699 4004 2881 4061; x_wconf 90' lang='lat' dir='ltr'><strong>omnia</strong></span> <span class='ocrx_word' id='word_1_624' title='bbox 2906 4003 3088 4070; x_wconf 90' lang='lat' dir='ltr'><strong>simul,</strong></span> <span class='ocrx_word' id='word_1_625' title='bbox 3136 4003 3282 4058; x_wconf 83' lang='lat' dir='ltr'><strong>velut</strong></span> <span class='ocrx_word' id='word_1_626' title='bbox 3310 4019 3476 4058; x_wconf 90' lang='lat' dir='ltr'><strong>unum</strong></span> <span class='ocrx_word' id='word_1_627' title='bbox 3510 4012 3591 4059; x_wconf 87' lang='lat' dir='ltr'><strong>to-</strong></span> 
     </span>
    </p>
   </div>
   <div class='ocr_carea' id='block_1_88' title="bbox 2002 4096 3589 4171">
    <p class='ocr_par' dir='ltr' id='par_1_88' title="bbox 2002 4096 3589 4171">
     <span class='ocr_line' id='line_1_89' title="bbox 2002 4096 3589 4171; baseline -0.003 -15"><span class='ocrx_word' id='word_1_628' title='bbox 2002 4110 2138 4168; x_wconf 89' lang='lat' dir='ltr'><strong>tum,</strong></span> <span class='ocrx_word' id='word_1_629' title='bbox 2181 4100 2284 4156; x_wconf 90' lang='lat' dir='ltr'><strong>sub</strong></span> <span class='ocrx_word' id='word_1_630' title='bbox 2312 4114 2418 4154; x_wconf 92' lang='lat' dir='ltr'><strong>una</strong></span> <span class='ocrx_word' id='word_1_631' title='bbox 2438 4098 2840 4171; x_wconf 87' lang='lat' dir='ltr'><strong>signiﬁcatione</strong></span> <span class='ocrx_word' id='word_1_632' title='bbox 2864 4112 2975 4153; x_wconf 91' lang='lat' dir='ltr'><strong>uno</strong></span> <span class='ocrx_word' id='word_1_633' title='bbox 2998 4097 3220 4153; x_wconf 90' lang='lat' dir='ltr'><strong>nomine</strong></span> <span class='ocrx_word' id='word_1_634' title='bbox 3245 4096 3589 4166; x_wconf 87' lang='lat' dir='ltr'><strong>appellentur</strong></span> 
     </span>
    </p>
   </div>
   <div class='ocr_carea' id='block_1_89' title="bbox 2001 4187 3584 4262">
    <p class='ocr_par' dir='ltr' id='par_1_89' title="bbox 2001 4187 3584 4262">
     <span class='ocr_line' id='line_1_90' title="bbox 2001 4187 3584 4262; baseline -0.004 -14"><span class='ocrx_word' id='word_1_635' title='bbox 2001 4192 2199 4259; x_wconf 92' lang='lat' dir='ltr'><strong>homo;</strong></span> <span class='ocrx_word' id='word_1_636' title='bbox 2225 4191 2306 4248; x_wconf 91' lang='lat' dir='ltr'><strong>sic</strong></span> <span class='ocrx_word' id='word_1_637' title='bbox 2334 4200 2518 4248; x_wconf 90' lang='lat' dir='ltr'><strong>tamen</strong></span> <span class='ocrx_word' id='word_1_638' title='bbox 2544 4190 2918 4262; x_wconf 89' lang='lat' dir='ltr'><strong>principaliter</strong></span> <span class='ocrx_word' id='word_1_639' title='bbox 2943 4191 3045 4245; x_wconf 92' lang='lat' dir='ltr'><strong>hoc</strong></span> <span class='ocrx_word' id='word_1_640' title='bbox 3072 4203 3267 4245; x_wconf 90' lang='lat' dir='ltr'><strong>nomen</strong></span> <span class='ocrx_word' id='word_1_641' title='bbox 3292 4196 3376 4243; x_wconf 89' lang='lat' dir='ltr'><strong>est</strong></span> <span class='ocrx_word' id='word_1_642' title='bbox 3416 4187 3584 4256; x_wconf 86' lang='lat' dir='ltr'><strong>signi-</strong></span> 
     </span>
    </p>
   </div>
   <div class='ocr_carea' id='block_1_90' title="bbox 2001 4282 3587 4354">
    <p class='ocr_par' dir='ltr' id='par_1_90' title="bbox 2001 4282 3587 4354">
     <span class='ocr_line' id='line_1_91' title="bbox 2001 4282 3587 4354; baseline -0.003 -16"><span class='ocrx_word' id='word_1_643' title='bbox 2001 4282 2277 4339; x_wconf 73' lang='lat' dir='ltr'><strong>ﬁcatiVum</strong></span> <span class='ocrx_word' id='word_1_644' title='bbox 2297 4294 2355 4339; x_wconf 89' lang='lat' dir='ltr'><strong>et</strong></span> <span class='ocrx_word' id='word_1_645' title='bbox 2382 4283 2766 4354; x_wconf 88' lang='lat' dir='ltr'><strong>appellativum</strong></span> <span class='ocrx_word' id='word_1_646' title='bbox 2793 4282 3150 4348; x_wconf 65' lang='lat' dir='ltr'><strong>substantiae;</strong></span> <span class='ocrx_word' id='word_1_647' title='bbox 3183 4288 3244 4336; x_wconf 93' lang='lat' dir='ltr'><strong>ut</strong></span> <span class='ocrx_word' id='word_1_648' title='bbox 3263 4295 3385 4336; x_wconf 89' lang='lat' dir='ltr'><strong>cum</strong></span> <span class='ocrx_word' id='word_1_649' title='bbox 3436 4287 3587 4335; x_wconf 91' lang='lat' dir='ltr'><strong>recte</strong></span> 
     </span>
    </p>
   </div>
   <div class='ocr_carea' id='block_1_91' title="bbox 310 4367 3645 4481">
    <p class='ocr_par' dir='ltr' id='par_1_91' title="bbox 310 4367 3645 4481">
     <span class='ocr_line' id='line_1_92' title="bbox 310 4367 3645 4481; baseline 0 -56"><span class='ocrx_word' id='word_1_650' title='bbox 310 4370 409 4403; x_wconf 83' lang='grc'><strong><em>³⁹⁹⁶</em></strong></span> <span class='ocrx_word' id='word_1_651' title='bbox 434 4372 1142 4447; x_wconf 88' lang='lat' dir='ltr'><strong>qualitatem,nequaquam</strong></span> <span class='ocrx_word' id='word_1_652' title='bbox 1166 4386 1470 4448; x_wconf 88' lang='lat' dir='ltr'><strong>repugnent</strong></span> <span class='ocrx_word' id='word_1_653' title='bbox 1495 4367 1598 4432; x_wconf 84' lang='lat' dir='ltr'><strong>sibi</strong></span> <span class='ocrx_word' id='word_1_654' title='bbox 1633 4377 1896 4443; x_wconf 89' lang='lat' dir='ltr'><strong>invicem,</strong></span> <span class='ocrx_word' id='word_1_655' title='bbox 1930 4425 1977 4481; x_wconf 68' lang='grc' dir='ltr'><strong><em>Β</em></strong></span> <span class='ocrx_word' id='word_1_656' title='bbox 2003 4378 2238 4445; x_wconf 87' lang='lat' dir='ltr'><strong>dicatur,</strong></span> <span class='ocrx_word' id='word_1_657' title='bbox 2295 4377 2593 4432; x_wconf 80' lang='lat' dir='ltr'><strong>substantia</strong></span> <span class='ocrx_word' id='word_1_658' title='bbox 2629 4385 2704 4429; x_wconf 84' lang='lat' dir='ltr'><strong>est</strong></span> <span class='ocrx_word' id='word_1_659' title='bbox 2744 4375 2920 4438; x_wconf 86' lang='lat' dir='ltr'><strong>homo,</strong></span> <span class='ocrx_word' id='word_1_660' title='bbox 2973 4382 3030 4430; x_wconf 93' lang='lat' dir='ltr'><strong>et</strong></span> <span class='ocrx_word' id='word_1_661' title='bbox 3064 4375 3218 4427; x_wconf 78' lang='lat' dir='ltr'><strong>homo</strong></span> <span class='ocrx_word' id='word_1_662' title='bbox 3265 4373 3581 4434; x_wconf 81' lang='lat' dir='ltr'><strong>substantia.</strong></span> <span class='ocrx_word' id='word_1_663' title='bbox 3638 4394 3645 4401; x_wconf 86' lang='lat'><strong>-</strong></span> 
     </span>
    </p>
   </div>
   <div class='ocr_carea' id='block_1_92' title="bbox 307 4466 1896 4543">
    <p class='ocr_par' dir='ltr' id='par_1_92' title="bbox 307 4466 1896 4543">
     <span class='ocr_line' id='line_1_93' title="bbox 307 4466 1896 4543; baseline 0.003 -23"><span class='ocrx_word' id='word_1_664' title='bbox 307 4466 364 4520; x_wconf 88' lang='lat' dir='ltr'><strong>in</strong></span> <span class='ocrx_word' id='word_1_665' title='bbox 394 4482 461 4522; x_wconf 92' lang='lat' dir='ltr'><strong>eo</strong></span> <span class='ocrx_word' id='word_1_666' title='bbox 488 4470 632 4538; x_wconf 89' lang='lat' dir='ltr'><strong>quod</strong></span> <span class='ocrx_word' id='word_1_667' title='bbox 672 4470 740 4525; x_wconf 89' lang='lat' dir='ltr'><strong>de</strong></span> <span class='ocrx_word' id='word_1_668' title='bbox 779 4472 1134 4543; x_wconf 88' lang='lat' dir='ltr'><strong>grammatico</strong></span> <span class='ocrx_word' id='word_1_669' title='bbox 1180 4471 1342 4527; x_wconf 90' lang='lat' dir='ltr'><strong>modo</strong></span> <span class='ocrx_word' id='word_1_670' title='bbox 1385 4472 1685 4527; x_wconf 89' lang='lat' dir='ltr'><strong>secundum</strong></span> <span class='ocrx_word' id='word_1_671' title='bbox 1720 4470 1896 4527; x_wconf 85' lang='lat' dir='ltr'><strong>homi-</strong></span> 
     </span>
    </p>
   </div>
   <div class='ocr_carea' id='block_1_93' title="bbox 307 4554 1895 4632">
    <p class='ocr_par' dir='ltr' id='par_1_93' title="bbox 307 4554 1895 4632">
     <span class='ocr_line' id='line_1_94' title="bbox 307 4554 1895 4632; baseline 0.002 -21"><span class='ocrx_word' id='word_1_672' title='bbox 307 4554 633 4625; x_wconf 90' lang='lat' dir='ltr'><strong>nem,modo</strong></span> <span class='ocrx_word' id='word_1_673' title='bbox 663 4562 960 4617; x_wconf 87' lang='lat' dir='ltr'><strong>secundum</strong></span> <span class='ocrx_word' id='word_1_674' title='bbox 997 4562 1408 4632; x_wconf 89' lang='lat' dir='ltr'><strong>grammaticam</strong></span> <span class='ocrx_word' id='word_1_675' title='bbox 1443 4561 1591 4631; x_wconf 92' lang='lat' dir='ltr'><strong>loqui</strong></span> <span class='ocrx_word' id='word_1_676' title='bbox 1623 4568 1679 4614; x_wconf 90' lang='lat' dir='ltr'><strong>et</strong></span> <span class='ocrx_word' id='word_1_677' title='bbox 1729 4560 1895 4615; x_wconf 86' lang='lat' dir='ltr'><strong>intel-</strong></span> 
     </span>
    </p>
   </div>
   <div class='ocr_carea' id='block_1_94' title="bbox 304 4652 1893 4727">
    <p class='ocr_par' dir='ltr' id='par_1_94' title="bbox 304 4652 1893 4727">
     <span class='ocr_line' id='line_1_95' title="bbox 304 4652 1893 4727; baseline 0.005 -24"><span class='ocrx_word' id='word_1_678' title='bbox 304 4663 437 4718; x_wconf 83' lang='lat' dir='ltr'><strong>gere</strong></span> <span class='ocrx_word' id='word_1_679' title='bbox 457 4654 706 4721; x_wconf 84' lang='lat' dir='ltr'><strong>oportet?</strong></span> <span class='ocrx_word' id='word_1_680' title='bbox 736 4655 881 4710; x_wconf 87' lang='lat' dir='ltr'><strong>Dtsc.</strong></span> <span class='ocrx_word' id='word_1_681' title='bbox 906 4652 1175 4721; x_wconf 91' lang='lat' dir='ltr'><strong>Quoniam</strong></span> <span class='ocrx_word' id='word_1_682' title='bbox 1205 4669 1367 4710; x_wconf 90' lang='lat' dir='ltr'><strong>nemo</strong></span> <span class='ocrx_word' id='word_1_683' title='bbox 1383 4655 1473 4724; x_wconf 90' lang='lat' dir='ltr'><strong>qui</strong></span> <span class='ocrx_word' id='word_1_684' title='bbox 1509 4654 1763 4727; x_wconf 85' lang='lat' dir='ltr'><strong>intelligit</strong></span> <span class='ocrx_word' id='word_1_685' title='bbox 1792 4669 1893 4711; x_wconf 89' lang='lat' dir='ltr'><strong>no-</strong></span> 
     </span>
    </p>
   </div>
   <div class='ocr_carea' id='block_1_95' title="bbox 2004 4465 3584 4533">
    <p class='ocr_par' dir='ltr' id='par_1_95' title="bbox 2004 4465 3584 4533">
     <span class='ocr_line' id='line_1_96' title="bbox 2004 4465 3584 4533; baseline -0.005 -8"><span class='ocrx_word' id='word_1_686' title='bbox 2004 4469 2183 4525; x_wconf 89' lang='lat' dir='ltr'><strong>nullus</strong></span> <span class='ocrx_word' id='word_1_687' title='bbox 2208 4477 2386 4524; x_wconf 88' lang='lat' dir='ltr'><strong>tamen</strong></span> <span class='ocrx_word' id='word_1_688' title='bbox 2411 4469 2576 4533; x_wconf 90' lang='lat' dir='ltr'><strong>dicat,</strong></span> <span class='ocrx_word' id='word_1_689' title='bbox 2605 4466 2940 4521; x_wconf 85' lang='lat' dir='ltr'><strong>rationalitas</strong></span> <span class='ocrx_word' id='word_1_690' title='bbox 2974 4474 3050 4519; x_wconf 87' lang='lat' dir='ltr'><strong>est</strong></span> <span class='ocrx_word' id='word_1_691' title='bbox 3077 4465 3251 4529; x_wconf 82' lang='lat' dir='ltr'><strong>homo,</strong></span> <span class='ocrx_word' id='word_1_692' title='bbox 3284 4474 3399 4529; x_wconf 89' lang='lat' dir='ltr'><strong>aut,</strong></span> <span class='ocrx_word' id='word_1_693' title='bbox 3427 4465 3584 4518; x_wconf 83' lang='lat' dir='ltr'><strong>homo</strong></span> 
     </span>
    </p>
   </div>
   <div class='ocr_carea' id='block_1_96' title="bbox 2001 4538 3592 4627">
    <p class='ocr_par' dir='ltr' id='par_1_96' title="bbox 2001 4538 3592 4627">
     <span class='ocr_line' id='line_1_97' title="bbox 2001 4538 3592 4627; baseline -0.004 -12"><span class='ocrx_word' id='word_1_694' title='bbox 2001 4561 2359 4627; x_wconf 79' lang='lat' dir='ltr'><strong>rationalitas,</strong></span> <span class='ocrx_word' id='word_1_695' title='bbox 2384 4561 2479 4616; x_wconf 90' lang='lat' dir='ltr'><strong>sed</strong></span> <span class='ocrx_word' id='word_1_696' title='bbox 2508 4560 2717 4614; x_wconf 89' lang='lat' dir='ltr'><strong>habens</strong></span> <span class='ocrx_word' id='word_1_697' title='bbox 2751 4555 3202 4612; x_wconf 90' lang='lat' dir='ltr'><strong>rationalitatem.</strong></span> <span class='ocrx_word' id='word_1_698' title='bbox 3242 4538 3592 4612; x_wconf 48' lang='lat' dir='ltr'><strong>Grammati?</strong></span> 
     </span>
    </p>
   </div>
   <div class='ocr_carea' id='block_1_97' title="bbox 1999 4647 3576 4721">
    <p class='ocr_par' dir='ltr' id='par_1_97' title="bbox 1999 4647 3576 4721">
     <span class='ocr_line' id='line_1_98' title="bbox 1999 4647 3576 4721; baseline -0.005 -10"><span class='ocrx_word' id='word_1_699' title='bbox 1999 4670 2097 4711; x_wconf 91' lang='lat' dir='ltr'><strong>cus</strong></span> <span class='ocrx_word' id='word_1_700' title='bbox 2126 4668 2257 4710; x_wconf 90' lang='lat' dir='ltr'><strong>vero</strong></span> <span class='ocrx_word' id='word_1_701' title='bbox 2284 4669 2392 4709; x_wconf 90' lang='lat' dir='ltr'><strong>non</strong></span> <span class='ocrx_word' id='word_1_702' title='bbox 2423 4651 2694 4721; x_wconf 84' lang='lat' dir='ltr'><strong>signiﬁcat</strong></span> <span class='ocrx_word' id='word_1_703' title='bbox 2719 4648 3017 4718; x_wconf 88' lang='lat' dir='ltr'><strong>hominem,</strong></span> <span class='ocrx_word' id='word_1_704' title='bbox 3044 4657 3099 4706; x_wconf 90' lang='lat' dir='ltr'><strong>et</strong></span> <span class='ocrx_word' id='word_1_705' title='bbox 3126 4647 3538 4721; x_wconf 86' lang='lat' dir='ltr'><strong>grammaticam</strong></span> <span class='ocrx_word' id='word_1_706' title='bbox 3561 4687 3576 4715; x_wconf 93' lang='lat'><strong>,</strong></span> 
     </span>
    </p>
   </div>
   <div class='ocr_carea' id='block_1_98' title="bbox 1597 4783 2287 4845">
    <p class='ocr_par' dir='ltr' id='par_1_98' title="bbox 1597 4783 2287 4845">
     <span class='ocr_line' id='line_1_99' title="bbox 1597 4783 2287 4845; baseline -0.007 0"><span class='ocrx_word' id='word_1_707' title='bbox 1597 4787 1834 4845; x_wconf 60' lang='lat' dir='ltr'><strong>VARIIE</strong></span> <span class='ocrx_word' id='word_1_708' title='bbox 1885 4783 2287 4843; x_wconf 81' lang='lat' dir='ltr'><strong>LECTIONES.</strong></span> 
     </span>
    </p>
   </div>
   <div class='ocr_carea' id='block_1_99' title="bbox 400 4915 3577 4993">
    <p class='ocr_par' dir='ltr' id='par_1_99' title="bbox 400 4915 3577 4993">
     <span class='ocr_line' id='line_1_100' title="bbox 400 4915 3577 4993; baseline -0.003 -12"><span class='ocrx_word' id='word_1_709' title='bbox 400 4922 499 4960; x_wconf 72' lang='lat' dir='ltr'><strong>m’</strong></span> <span class='ocrx_word' id='word_1_710' title='bbox 536 4925 727 4982; x_wconf 82' lang='lat' dir='ltr'><strong>Adhuc</strong></span> <span class='ocrx_word' id='word_1_711' title='bbox 766 4928 972 4991; x_wconf 89' lang='lat' dir='ltr'><strong>dicam;</strong></span> <span class='ocrx_word' id='word_1_712' title='bbox 1031 4941 1153 4981; x_wconf 89' lang='lat' dir='ltr'><strong>cum</strong></span> <span class='ocrx_word' id='word_1_713' title='bbox 1198 4943 1327 4984; x_wconf 87' lang='lat' dir='ltr'><strong>mss.</strong></span> <span class='ocrx_word' id='word_1_714' title='bbox 1380 4928 1557 4984; x_wconf 88' lang='lat' dir='ltr'><strong>adhuc</strong></span> <span class='ocrx_word' id='word_1_715' title='bbox 1603 4927 1808 4993; x_wconf 87' lang='lat' dir='ltr'><strong>dicam,</strong></span> <span class='ocrx_word' id='word_1_716' title='bbox 1841 4940 1978 4983; x_wconf 84' lang='lat' dir='ltr'><strong>cur-</strong></span> <span class='ocrx_word' id='word_1_717' title='bbox 2038 4923 2133 4956; x_wconf 70' lang='lat'><strong>3’”</strong></span> <span class='ocrx_word' id='word_1_718' title='bbox 2172 4921 2377 4990; x_wconf 90' lang='lat' dir='ltr'><strong>Quibus</strong></span> <span class='ocrx_word' id='word_1_719' title='bbox 2429 4919 2560 4993; x_wconf 77' lang='lat' dir='ltr'><strong>dicit</strong></span> <span class='ocrx_word' id='word_1_720' title='bbox 2612 4920 3033 4993; x_wconf 60' lang='lat' dir='ltr'><strong>grammaticus</strong></span> <span class='ocrx_word' id='word_1_721' title='bbox 3063 4937 3202 4993; x_wconf 71' lang='lat' dir='ltr'><strong>mss.</strong></span> <span class='ocrx_word' id='word_1_722' title='bbox 3254 4918 3452 4990; x_wconf 90' lang='lat' dir='ltr'><strong>quibus</strong></span> <span class='ocrx_word' id='word_1_723' title='bbox 3496 4915 3577 4993; x_wconf 78' lang='lat' dir='ltr'><strong>di-</strong></span> 
     </span>
    </p>
   </div>
   <div class='ocr_carea' id='block_1_100' title="bbox 302 4985 3574 5069">
    <p class='ocr_par' dir='ltr' id='par_1_100' title="bbox 302 4985 3574 5069">
     <span class='ocr_line' id='line_1_101' title="bbox 302 4985 3574 5069; baseline -0.003 -18"><span class='ocrx_word' id='word_1_724' title='bbox 302 4995 382 5052; x_wconf 88' lang='lat' dir='ltr'><strong>cit</strong></span> <span class='ocrx_word' id='word_1_725' title='bbox 422 4999 841 5069; x_wconf 80' lang='lat' dir='ltr'><strong>grammaticum</strong></span> <span class='ocrx_word' id='word_1_726' title='bbox 955 4985 1200 5069; x_wconf 14' lang='lat' dir='ltr'><strong>59‘9‘Quia</strong></span> <span class='ocrx_word' id='word_1_727' title='bbox 1244 5009 1335 5069; x_wconf 81' lang='lat' dir='ltr'><strong>est</strong></span> <span class='ocrx_word' id='word_1_728' title='bbox 1378 5000 1431 5053; x_wconf 93' lang='lat' dir='ltr'><strong>in</strong></span> <span class='ocrx_word' id='word_1_729' title='bbox 1467 4996 1741 5068; x_wconf 78' lang='lat' dir='ltr'><strong>subjecto,</strong></span> <span class='ocrx_word' id='word_1_730' title='bbox 1783 4985 1908 5067; x_wconf 79' lang='lat' dir='ltr'><strong>quia</strong></span> <span class='ocrx_word' id='word_1_731' title='bbox 1954 5011 2087 5069; x_wconf 65' lang='lat' dir='ltr'><strong>mss.</strong></span> <span class='ocrx_word' id='word_1_732' title='bbox 2125 4985 2251 5065; x_wconf 76' lang='lat' dir='ltr'><strong>quia</strong></span> <span class='ocrx_word' id='word_1_733' title='bbox 2297 5000 2381 5069; x_wconf 76' lang='lat' dir='ltr'><strong>est</strong></span> <span class='ocrx_word' id='word_1_734' title='bbox 2414 4985 2897 5069; x_wconf 45' lang='lat' dir='ltr'><strong>subj_ect&#39;o_quod__‘</strong></span> <span class='ocrx_word' id='word_1_735' title='bbox 2938 4991 3039 5069; x_wconf 57' lang='lat'><strong>1&quot;?</strong></span> <span class='ocrx_word' id='word_1_736' title='bbox 3085 4985 3370 5069; x_wconf 50' lang='lat' dir='ltr'><strong>Diximus,</strong></span> <span class='ocrx_word' id='word_1_737' title='bbox 3414 4985 3574 5069; x_wconf 67' lang='lat' dir='ltr'><strong>aufe-</strong></span> 
     </span>
    </p>
   </div>
   <div class='ocr_carea' id='block_1_101' title="bbox 299 5058 3573 5135">
    <p class='ocr_par' dir='ltr' id='par_1_101' title="bbox 299 5058 3573 5135">
     <span class='ocr_line' id='line_1_102' title="bbox 299 5058 3573 5135; baseline -0.003 -14"><span class='ocrx_word' id='word_1_738' title='bbox 299 5058 584 5122; x_wconf 52' lang='lat' dir='ltr'><strong>runt&#39;mss.</strong></span> <span class='ocrx_word' id='word_1_739' title='bbox 617 5068 887 5124; x_wconf 84' lang='lat' dir='ltr'><strong>diximus:</strong></span> <span class='ocrx_word' id='word_1_740' title='bbox 912 5058 1110 5124; x_wconf 61' lang='lat' dir='ltr'><strong>aufert:</strong></span> <span class='ocrx_word' id='word_1_741' title='bbox 1154 5068 1288 5135; x_wconf 86' lang='lat' dir='ltr'><strong>Quia</strong></span> <span class='ocrx_word' id='word_1_742' title='bbox 1314 5058 1610 5128; x_wconf 71' lang='lat' dir='ltr'><strong>secundum</strong></span> <span class='ocrx_word' id='word_1_743' title='bbox 1656 5058 1816 5123; x_wconf 64' lang='lat' dir='ltr'><strong>aliud</strong></span> <span class='ocrx_word' id='word_1_744' title='bbox 1841 5083 1967 5121; x_wconf 85' lang='lat' dir='ltr'><strong>mss.</strong></span> <span class='ocrx_word' id='word_1_745' title='bbox 1996 5058 2461 5135; x_wconf 48' lang='lat' dir='ltr'><strong>quia-secundum</strong></span> <span class='ocrx_word' id='word_1_746' title='bbox 2491 5058 2759 5135; x_wconf 53' lang='lat' dir='ltr'><strong>aliquid&#39;_</strong></span> <span class='ocrx_word' id='word_1_747' title='bbox 2804 5060 3237 5135; x_wconf 42' lang='lat' dir='ltr'><strong>“&quot;uljlstautem</strong></span> <span class='ocrx_word' id='word_1_748' title='bbox 3261 5058 3573 5135; x_wconf 78' lang='lat' dir='ltr'><strong>individuus</strong></span> 
     </span>
    </p>
   </div>
   <div class='ocr_carea' id='block_1_102' title="bbox 302 5128 3569 5209">
    <p class='ocr_par' dir='ltr' id='par_1_102' title="bbox 302 5128 3569 5209">
     <span class='ocr_line' id='line_1_103' title="bbox 302 5128 3569 5209; baseline -0.003 -19"><span class='ocrx_word' id='word_1_749' title='bbox 302 5152 432 5191; x_wconf 87' lang='lat' dir='ltr'><strong>mss.</strong></span> <span class='ocrx_word' id='word_1_750' title='bbox 483 5147 567 5191; x_wconf 90' lang='lat' dir='ltr'><strong>est</strong></span> <span class='ocrx_word' id='word_1_751' title='bbox 611 5139 776 5193; x_wconf 82' lang='lat' dir='ltr'><strong>etiam</strong></span> <span class='ocrx_word' id='word_1_752' title='bbox 811 5138 1119 5194; x_wconf 83' lang='lat' dir='ltr'><strong>individuus</strong></span> <span class='ocrx_word' id='word_1_753' title='bbox 1165 5128 1531 5209; x_wconf 25' lang='lat' dir='ltr'><strong>f&quot;”Abunde</strong></span> <span class='ocrx_word' id='word_1_754' title='bbox 1578 5155 1685 5195; x_wconf 93' lang='lat' dir='ltr'><strong>non</strong></span> <span class='ocrx_word' id='word_1_755' title='bbox 1730 5151 1949 5209; x_wconf 88' lang='lat' dir='ltr'><strong>possum</strong></span> <span class='ocrx_word' id='word_1_756' title='bbox 1998 5128 2126 5189; x_wconf 80' lang='lat' dir='ltr'><strong>mss.</strong></span> <span class='ocrx_word' id='word_1_757' title='bbox 2170 5136 2413 5189; x_wconf 88' lang='lat' dir='ltr'><strong>abnuere</strong></span> <span class='ocrx_word' id='word_1_758' title='bbox 2458 5128 2818 5209; x_wconf 26' lang='lat' dir='ltr'><strong>nongpossim</strong></span> <span class='ocrx_word' id='word_1_759' title='bbox 2895 5129 3224 5209; x_wconf 62' lang='lat' dir='ltr'><strong>&quot;&quot;Yideris</strong></span> <span class='ocrx_word' id='word_1_760' title='bbox 3272 5128 3428 5197; x_wconf 89' lang='lat' dir='ltr'><strong>quasi</strong></span> <span class='ocrx_word' id='word_1_761' title='bbox 3462 5141 3569 5209; x_wconf 82' lang='lat' dir='ltr'><strong>non</strong></span> 
     </span>
    </p>
   </div>
   <div class='ocr_carea' id='block_1_103' title="bbox 301 5201 3572 5280">
    <p class='ocr_par' dir='ltr' id='par_1_103' title="bbox 301 5201 3572 5280">
     <span class='ocr_line' id='line_1_104' title="bbox 301 5201 3572 5280; baseline -0.003 -21"><span class='ocrx_word' id='word_1_762' title='bbox 301 5216 545 5262; x_wconf 85' lang='lat' dir='ltr'><strong>tractare</strong></span> <span class='ocrx_word' id='word_1_763' title='bbox 585 5216 651 5280; x_wconf 83' lang='lat' dir='ltr'><strong>ut</strong></span> <span class='ocrx_word' id='word_1_764' title='bbox 699 5224 788 5263; x_wconf 88' lang='lat' dir='ltr'><strong>me</strong></span> <span class='ocrx_word' id='word_1_765' title='bbox 837 5226 964 5264; x_wconf 88' lang='lat' dir='ltr'><strong>mss.</strong></span> <span class='ocrx_word' id='word_1_766' title='bbox 1011 5208 1213 5265; x_wconf 90' lang='lat' dir='ltr'><strong>videris</strong></span> <span class='ocrx_word' id='word_1_767' title='bbox 1261 5210 1405 5264; x_wconf 88' lang='lat' dir='ltr'><strong>enim</strong></span> <span class='ocrx_word' id='word_1_768' title='bbox 1456 5210 1587 5264; x_wconf 92' lang='lat' dir='ltr'><strong>mihi</strong></span> <span class='ocrx_word' id='word_1_769' title='bbox 1636 5201 1789 5280; x_wconf 75' lang='lat' dir='ltr'><strong>quasi</strong></span> <span class='ocrx_word' id='word_1_770' title='bbox 1842 5222 1950 5261; x_wconf 90' lang='lat' dir='ltr'><strong>non</strong></span> <span class='ocrx_word' id='word_1_771' title='bbox 1999 5220 2193 5280; x_wconf 79' lang='lat' dir='ltr'><strong>curare</strong></span> <span class='ocrx_word' id='word_1_772' title='bbox 2221 5213 2304 5280; x_wconf 90' lang='lat' dir='ltr'><strong>_ut</strong></span> <span class='ocrx_word' id='word_1_773' title='bbox 2337 5218 2435 5280; x_wconf 84' lang='lat' dir='ltr'><strong>_me</strong></span> <span class='ocrx_word' id='word_1_774' title='bbox 2509 5202 2603 5280; x_wconf 64' lang='lat' dir='ltr'><strong>’f&quot;</strong></span> <span class='ocrx_word' id='word_1_775' title='bbox 2632 5202 2697 5255; x_wconf 90' lang='lat' dir='ltr'><strong>Et</strong></span> <span class='ocrx_word' id='word_1_776' title='bbox 2744 5201 3156 5280; x_wconf 79' lang='lat' dir='ltr'><strong>grammaticam</strong></span> <span class='ocrx_word' id='word_1_777' title='bbox 3189 5214 3309 5279; x_wconf 79' lang='lat' dir='ltr'><strong>esse</strong></span> <span class='ocrx_word' id='word_1_778' title='bbox 3342 5214 3466 5280; x_wconf 68' lang='lat' dir='ltr'><strong>mss.</strong></span> <span class='ocrx_word' id='word_1_779' title='bbox 3518 5204 3572 5280; x_wconf 78' lang='lat' dir='ltr'><strong>ct</strong></span> 
     </span>
    </p>
   </div>
   <div class='ocr_carea' id='block_1_104' title="bbox 299 5273 3570 5354">
    <p class='ocr_par' dir='ltr' id='par_1_104' title="bbox 299 5273 3570 5354">
     <span class='ocr_line' id='line_1_105' title="bbox 299 5273 3570 5354; baseline -0.003 -25"><span class='ocrx_word' id='word_1_780' title='bbox 299 5279 722 5354; x_wconf 84' lang='lat' dir='ltr'><strong>grammaticum</strong></span> <span class='ocrx_word' id='word_1_781' title='bbox 752 5294 873 5336; x_wconf 86' lang='lat' dir='ltr'><strong>esse</strong></span> <span class='ocrx_word' id='word_1_782' title='bbox 894 5351 906 5354; x_wconf 92' lang='lat'><em>_</em></span> <span class='ocrx_word' id='word_1_783' title='bbox 959 5280 1054 5312; x_wconf 75' lang='grc'><strong>³⁸³⁷</strong></span> <span class='ocrx_word' id='word_1_784' title='bbox 1092 5280 1332 5354; x_wconf 81' lang='lat' dir='ltr'><strong>scientia</strong></span> <span class='ocrx_word' id='word_1_785' title='bbox 1366 5288 1455 5354; x_wconf 82' lang='lat' dir='ltr'><strong>est</strong></span> <span class='ocrx_word' id='word_1_786' title='bbox 1477 5273 1873 5354; x_wconf 64' lang='lat' dir='ltr'><strong>grammatica,</strong></span> <span class='ocrx_word' id='word_1_787' title='bbox 1895 5286 1991 5332; x_wconf 89' lang='lat' dir='ltr'><strong>aut</strong></span> <span class='ocrx_word' id='word_1_788' title='bbox 2021 5276 2300 5354; x_wconf 73' lang='lat' dir='ltr'><strong>bene_§_ic_,</strong></span> <span class='ocrx_word' id='word_1_789' title='bbox 2335 5275 2499 5329; x_wconf 92' lang='lat' dir='ltr'><strong>homo</strong></span> <span class='ocrx_word' id='word_1_790' title='bbox 2534 5273 2635 5328; x_wconf 88' lang='lat' dir='ltr'><strong>iste</strong></span> <span class='ocrx_word' id='word_1_791' title='bbox 2672 5274 3043 5354; x_wconf 73' lang='lat' dir='ltr'><strong>grammatica</strong></span> <span class='ocrx_word' id='word_1_792' title='bbox 3074 5288 3201 5325; x_wconf 89' lang='lat' dir='ltr'><strong>mss.</strong></span> <span class='ocrx_word' id='word_1_793' title='bbox 3233 5273 3459 5354; x_wconf 75' lang='lat' dir='ltr'><strong>scientia</strong></span> 
     </span>
    </p>
   </div>
   <div class='ocr_carea' id='block_1_105' title="bbox 298 5343 3570 5421">
    <p class='ocr_par' dir='ltr' id='par_1_105' title="bbox 298 5343 3570 5421">
     <span class='ocr_line' id='line_1_106' title="bbox 298 5343 3570 5421; baseline -0.002 -19"><span class='ocrx_word' id='word_1_794' title='bbox 298 5343 721 5418; x_wconf 78' lang='lat' dir='ltr'><strong>grammaticus;</strong></span> <span class='ocrx_word' id='word_1_795' title='bbox 770 5358 865 5405; x_wconf 92' lang='lat' dir='ltr'><strong>aut</strong></span> <span class='ocrx_word' id='word_1_796' title='bbox 894 5351 1034 5406; x_wconf 87' lang='lat' dir='ltr'><strong>bene</strong></span> <span class='ocrx_word' id='word_1_797' title='bbox 1077 5351 1182 5406; x_wconf 89' lang='lat' dir='ltr'><strong>scit</strong></span> <span class='ocrx_word' id='word_1_798' title='bbox 1230 5351 1392 5404; x_wconf 92' lang='lat' dir='ltr'><strong>homo</strong></span> <span class='ocrx_word' id='word_1_799' title='bbox 1442 5343 1546 5405; x_wconf 75' lang='lat' dir='ltr'><strong>iste</strong></span> <span class='ocrx_word' id='word_1_800' title='bbox 1590 5346 2377 5421; x_wconf 24' lang='lat' dir='ltr'><strong>grammaticum,‘_f”fC_um</strong></span> <span class='ocrx_word' id='word_1_801' title='bbox 2419 5343 3022 5421; x_wconf 62' lang='lat' dir='ltr'><strong>grammaticusmagis</strong></span> <span class='ocrx_word' id='word_1_802' title='bbox 3049 5356 3251 5421; x_wconf 88' lang='lat' dir='ltr'><strong>esse.._.</strong></span> <span class='ocrx_word' id='word_1_803' title='bbox 3281 5346 3570 5421; x_wconf 54' lang='lat' dir='ltr'><strong>attestatur</strong></span> 
     </span>
    </p>
   </div>
   <div class='ocr_carea' id='block_1_106' title="bbox 297 5406 3568 5492">
    <p class='ocr_par' dir='ltr' id='par_1_106' title="bbox 297 5406 3568 5492">
     <span class='ocr_line' id='line_1_107' title="bbox 297 5406 3568 5492; baseline -0.004 -17"><span class='ocrx_word' id='word_1_804' title='bbox 297 5406 445 5492; x_wconf 49' lang='lat' dir='ltr'><strong>ngas.</strong></span> <span class='ocrx_word' id='word_1_805' title='bbox 481 5435 604 5492; x_wconf 90' lang='lat' dir='ltr'><strong>cum</strong></span> <span class='ocrx_word' id='word_1_806' title='bbox 654 5406 1069 5492; x_wconf 71' lang='lat' dir='ltr'><strong>grammaticum</strong></span> <span class='ocrx_word' id='word_1_807' title='bbox 1117 5421 1525 5492; x_wconf 76' lang='lat' dir='ltr'><strong>magisesse...</strong></span> <span class='ocrx_word' id='word_1_808' title='bbox 1576 5406 1877 5492; x_wconf 49' lang='lat' dir='ltr'><strong>avttestetur</strong></span> <span class='ocrx_word' id='word_1_809' title='bbox 1960 5406 2226 5492; x_wconf 57' lang='lat' dir='ltr'><strong>{&#39;5’Aliud</strong></span> <span class='ocrx_word' id='word_1_810' title='bbox 2263 5406 2448 5492; x_wconf 68' lang='lat' dir='ltr'><strong>dicere</strong></span> <span class='ocrx_word' id='word_1_811' title='bbox 2494 5414 2560 5469; x_wconf 91' lang='lat' dir='ltr'><strong>de</strong></span> <span class='ocrx_word' id='word_1_812' title='bbox 2600 5430 2727 5467; x_wconf 86' lang='lat' dir='ltr'><strong>mss.</strong></span> <span class='ocrx_word' id='word_1_813' title='bbox 2760 5406 2961 5492; x_wconf 73' lang='lat' dir='ltr'><strong>aliquid</strong></span> <span class='ocrx_word' id='word_1_814' title='bbox 2990 5413 3189 5467; x_wconf 87' lang='lat' dir='ltr'><strong>docere</strong></span> <span class='ocrx_word' id='word_1_815' title='bbox 3218 5411 3283 5492; x_wconf 74' lang='lat' dir='ltr'><strong>de</strong></span> <span class='ocrx_word' id='word_1_816' title='bbox 3356 5406 3568 5462; x_wconf 73' lang='lat' dir='ltr'><strong>‘°°°Aut</strong></span> 
     </span>
    </p>
   </div>
   <div class='ocr_carea' id='block_1_107' title="bbox 296 5480 3562 5560">
    <p class='ocr_par' dir='ltr' id='par_1_107' title="bbox 296 5480 3562 5560">
     <span class='ocr_line' id='line_1_108' title="bbox 296 5480 3562 5560; baseline -0.002 -19"><span class='ocrx_word' id='word_1_817' title='bbox 296 5489 448 5544; x_wconf 85' lang='lat' dir='ltr'><strong>aliud</strong></span> <span class='ocrx_word' id='word_1_818' title='bbox 482 5480 792 5560; x_wconf 66' lang='lat' dir='ltr'><strong>huiusmodi</strong></span> <span class='ocrx_word' id='word_1_819' title='bbox 822 5509 949 5546; x_wconf 87' lang='lat' dir='ltr'><strong>mss.</strong></span> <span class='ocrx_word' id='word_1_820' title='bbox 982 5500 1073 5548; x_wconf 87' lang='lat' dir='ltr'><strong>aut</strong></span> <span class='ocrx_word' id='word_1_821' title='bbox 1105 5480 1309 5560; x_wconf 63' lang='lat' dir='ltr'><strong>aliquid</strong></span> <span class='ocrx_word' id='word_1_822' title='bbox 1341 5489 1649 5560; x_wconf 86' lang='lat' dir='ltr'><strong>hujusmodi</strong></span> <span class='ocrx_word' id='word_1_823' title='bbox 1728 5490 1819 5521; x_wconf 68' lang='lat' dir='ltr'><strong>“m</strong></span> <span class='ocrx_word' id='word_1_824' title='bbox 1839 5489 1948 5543; x_wconf 89' lang='lat' dir='ltr'><strong>Cur</strong></span> <span class='ocrx_word' id='word_1_825' title='bbox 1979 5488 2141 5542; x_wconf 88' lang='lat' dir='ltr'><strong>homo</strong></span> <span class='ocrx_word' id='word_1_826' title='bbox 2170 5486 2418 5560; x_wconf 79' lang='lat' dir='ltr'><strong>superior</strong></span> <span class='ocrx_word' id='word_1_827' title='bbox 2446 5492 2680 5560; x_wconf 45' lang='lat' dir='ltr'><strong>nonuest</strong></span> <span class='ocrx_word' id='word_1_828' title='bbox 2707 5483 2942 5560; x_wconf 85' lang='lat' dir='ltr'><strong>qualitas</strong></span> <span class='ocrx_word' id='word_1_829' title='bbox 2970 5497 3227 5560; x_wconf 87' lang='lat' dir='ltr'><strong>mss._cur</strong></span> <span class='ocrx_word' id='word_1_830' title='bbox 3253 5480 3413 5560; x_wconf 79' lang='lat' dir='ltr'><strong>homo</strong></span> <span class='ocrx_word' id='word_1_831' title='bbox 3455 5493 3562 5560; x_wconf 87' lang='lat' dir='ltr'><strong>non</strong></span> 
     </span>
    </p>
   </div>
   <div class='ocr_carea' id='block_1_108' title="bbox 296 5550 3562 5633">
    <p class='ocr_par' dir='ltr' id='par_1_108' title="bbox 296 5550 3562 5633">
     <span class='ocr_line' id='line_1_109' title="bbox 296 5550 3562 5633; baseline -0.002 -22"><span class='ocrx_word' id='word_1_832' title='bbox 296 5569 383 5615; x_wconf 76' lang='lat' dir='ltr'><strong>est</strong></span> <span class='ocrx_word' id='word_1_833' title='bbox 414 5550 667 5633; x_wconf 73' lang='lat' dir='ltr'><strong>similiter</strong></span> <span class='ocrx_word' id='word_1_834' title='bbox 689 5561 928 5633; x_wconf 86' lang='lat' dir='ltr'><strong>qualitas</strong></span> <span class='ocrx_word' id='word_1_835' title='bbox 1025 5560 1120 5593; x_wconf 70' lang='lat'><strong>‘°°’</strong></span> <span class='ocrx_word' id='word_1_836' title='bbox 1139 5550 1430 5632; x_wconf 58' lang='lat' dir='ltr'><strong>Sc&#39;riptum&#39;</strong></span> <span class='ocrx_word' id='word_1_837' title='bbox 1449 5560 1593 5617; x_wconf 88' lang='lat' dir='ltr'><strong>aliud</strong></span> <span class='ocrx_word' id='word_1_838' title='bbox 1614 5561 1680 5617; x_wconf 90' lang='lat' dir='ltr'><strong>de</strong></span> <span class='ocrx_word' id='word_1_839' title='bbox 1703 5576 1828 5615; x_wconf 85' lang='lat' dir='ltr'><strong>mss.</strong></span> <span class='ocrx_word' id='word_1_840' title='bbox 1858 5560 2118 5628; x_wconf 82' lang='lat' dir='ltr'><strong>scriptum</strong></span> <span class='ocrx_word' id='word_1_841' title='bbox 2148 5550 2349 5627; x_wconf 80' lang='lat' dir='ltr'><strong>aliquid</strong></span> <span class='ocrx_word' id='word_1_842' title='bbox 2376 5557 2441 5612; x_wconf 89' lang='lat' dir='ltr'><strong>de</strong></span> <span class='ocrx_word' id='word_1_843' title='bbox 2515 5550 2916 5611; x_wconf 75' lang='lat' dir='ltr'><strong>&quot;°°’Probatum</strong></span> <span class='ocrx_word' id='word_1_844' title='bbox 2936 5562 3019 5611; x_wconf 89' lang='lat' dir='ltr'><strong>cst</strong></span> <span class='ocrx_word' id='word_1_845' title='bbox 3046 5554 3113 5611; x_wconf 89' lang='lat' dir='ltr'><strong>ad</strong></span> <span class='ocrx_word' id='word_1_846' title='bbox 3144 5568 3270 5608; x_wconf 83' lang='lat' dir='ltr'><strong>mss.</strong></span> <span class='ocrx_word' id='word_1_847' title='bbox 3294 5550 3562 5624; x_wconf 84' lang='lat' dir='ltr'><strong>prolatum</strong></span> 
     </span>
    </p>
   </div>
   <div class='ocr_carea' id='block_1_109' title="bbox 295 5631 476 5685">
    <p class='ocr_par' dir='ltr' id='par_1_109' title="bbox 295 5631 476 5685">
     <span class='ocr_line' id='line_1_110' title="bbox 295 5631 476 5685; baseline 0.017 -3"><span class='ocrx_word' id='word_1_848' title='bbox 295 5642 379 5685; x_wconf 84' lang='lat' dir='ltr'><strong>cst</strong></span> <span class='ocrx_word' id='word_1_849' title='bbox 410 5631 476 5685; x_wconf 81' lang='lat' dir='ltr'><strong>ad</strong></span> 
     </span>
    </p>
   </div>
  </div>
