3940 6046
369 227 466 285 571

902 224 961 280 S.
1000 221 1307 281 ANSELMI
1337 217 1689 277 CANTUAR.
1720 212 2039 270 ABGI’IIEP.
2075 211 2226 269 OPP.
2269 210 2448 266 PARS
2479 210 2520 265 I.
2553 242 2623 251 —
2660 209 3081 267 DOGMA'I‘ICA.

3511 209 3619 265 57‘!

360 350 420 396 ut
443 354 640 403 unum;
671 338 765 393 sed
788 337 1198 407 grammaticam
1235 349 1334 405 per
1355 346 1439 398 se,
1473 340 1527 386 et
1554 329 1827 384 hominem
1846 341 1946 396 per
1976 332 2022 390 Α
2054 334 2139 379 εει
2182 325 2363 391 homo,
2390 323 2531 394 quod
2564 321 2758 377 falsum
2785 334 2886 378 est.
2928 322 3072 377 DISC.
3105 320 3187 377 Ad
3226 320 3328 375 hoc
3365 321 3506 377 ratio
3542 329 3636 377 de-

367 434 513 489 aliud
538 430 805 501 signiﬁcat
834 445 849 482 :
874 438 930 481 et
953 428 1055 483 hoc
1074 442 1271 482 nomen
1294 424 1543 495 quamvis
1564 423 1636 477 sit
1655 417 1946 491 appellati-

364 540 493 578 vum
521 521 773 583 hominis,
827 534 932 572 non
958 528 1135 573 tamen
1170 517 1389 586 proprie
1467 514 1665 569 dicitur
1711 509 1829 578 ejus
1871 508 1947 565 si-

362 611 733 680 gniﬁcativum
765 620 856 662 :et
883 609 1013 663 licet
1066 608 1139 663 sit
1178 606 1598 677 signiﬁcativum
1634 602 1730 634 ‘°°"
1767 615 1951 672 gram-

363 705 598 766 maticae,
646 716 749 756 non
807 714 990 756 tamen
1022 702 1237 771 proprie
1268 700 1364 732 ⁶⁰⁰¹⁵
1389 710 1474 755 εει
1501 698 1618 767 ejus
1661 694 1949 765 appellati-

366 808 513 845 vum.
557 790 954 861 Appellativum
1005 799 1187 845 autem
1266 804 1461 845 nomen
1517 786 1807 856 cujuslibet
1866 782 1943 838 rei

364 897 509 935 nunc
541 883 683 947 dico,
710 897 817 952 quo
842 898 928 936 res
957 884 1067 952 ipsa
1125 898 1223 936 usu
1278 880 1531 950 loquendi
1596 879 1897 949 appellatur
1927 895 1943 931 :

364 970 513 1025 nullo
541 973 686 1027 enim
713 988 810 1027 usu
846 972 1093 1042 loquendi
1158 972 1355 1027 dicitur
1410 988 1423 1025 :
1465 972 1811 1041 grammatica
1872 979 1949 1026 est

363 1062 773 1127 grammaticus,
832 1072 953 1126 aut,
1007 1064 1380 1131 grammaticus
1432 1072 1505 1116 est
1565 1061 1949 1131 grammatica;

363 1148 494 1216 sed,
516 1152 671 1205 homo
706 1163 778 1207 est
818 1154 1212 1223 grammaticus,
1236 1160 1324 1219 et,
1365 1154 1738 1222 grammaticus
1774 1152 1949 1206 Itomo.

864 1244 1020 1316 147
1058 1244 1283 1300 CAPUT
1316 1244 1448 1299 χιιι.

490 1333 570 1388 De
589 1334 802 1402 formati
822 1337 1202 1405 signiﬁcatione
1227 1338 1390 1400 vocis,
1423 1337 1835 1406 grammaticus.

440 1422 584 1477 Dtsc.
619 1423 735 1479 Non
788 1425 940 1480 video
985 1426 1113 1494 quid
1167 1426 1339 1491 dicas,
1382 1427 1525 1496 quod
1572 1426 1955 1495 grammaticus

368 1515 636 1585 signiﬁcat
681 1518 1088 1588 grammaticam
1140 1533 1237 1589 per
1281 1534 1379 1583 se,
1432 1526 1487 1572 et
1539 1518 1809 1573 hominem
1860 1533 1957 1585 per

371 1606 549 1673 aliud;
580 1616 636 1663 et
658 1624 765 1677 quo
788 1609 946 1664 modo
987 1610 1353 1678 grammaticae
1387 1607 1481 1640 δ⁰⁰⁶
1514 1617 1718 1662 tantum
1750 1610 1954 1678 s’gniﬁ-

2051 418 2286 474 ducitur.
2328 418 2468 476 MAG.
2510 416 2699 473 Nonne
2740 432 2871 489 ergo
2900 416 3051 470 vides
3091 416 3215 484 quia
3248 414 3637 485 grammaticus

2050 526 2157 565 non
2202 512 2272 566 ob
2317 511 2462 565 aliud
2511 511 2686 579 magis
2714 510 2929 565 videtur
2975 508 3287 580 signiﬁcare
3334 506 3637 571 hominem,

2050 618 2211 673 quam
2243 602 2396 658 albus
2422 603 2519 635 ⁸⁰⁰⁹
2539 644 2554 669 ,
2588 602 2694 658 nisi
2741 601 2867 671 quia
2898 600 3255 672 grammatica
3290 597 3389 653 soli
3431 596 3637 652 homini

2050 695 2248 749 accidit
2288 694 2403 761 “1°,
2435 695 2627 750 albedo
2662 710 2791 751 vero
2820 709 2927 749 non
2967 692 3063 748 soli
3092 690 3343 765 homini?
3369 689 3514 746 Βιεο.
3546 686 3640 745 Sic

2050 789 2294 856 sequitur
2315 803 2381 843 ex
2402 802 2467 843 eo
2492 787 2631 856 quod
2660 787 2915 841 ﬁuximus
2942 785 3035 817 δ⁰¹¹
3066 802 3079 838 :
3111 784 3205 839 sed
3228 783 3347 837 sine
3377 782 3640 853 ﬁgmento

2050 883 2172 936 volo
2199 891 2257 937 ut
2302 884 2401 937 hoc
2422 882 2650 937 efﬁcias.
2691 881 2832 937 MAG.
2874 880 2932 934 Si
2974 880 3139 933 homo
3164 885 3250 933 est
3286 876 3338 931 in
3366 890 3641 947 gramma-

2038 977 2182 1039 tico,
2214 991 2318 1030 non
2354 976 2678 1046 praedicatur
2705 988 2828 1029 cum
2868 987 2936 1028 eo
2977 970 3135 1026 simul
3159 970 3227 1025 de
3252 968 3467 1038 aliquo;
3500 967 3643 1023 sicut

2054 1066 2254 1120 animal
2288 1081 2392 1120 non
2443 1065 2771 1135 praedicatur
2799 1080 2921 1118 cutn
2970 1062 3207 1126 homine,
3237 1061 3363 1129 quia
3396 1060 3535 1114 inest
3584 1059 3639 1113 iu

2056 1156 2317 1211 homine:
2365 1170 2471 1210 non
2502 1156 2647 1210 enim
2695 1163 2817 1224 apte
2863 1154 3059 1208 dicitur
3087 1151 3231 1222 quod
3279 1151 3531 1205 Socrates
3558 1156 3643 1204 est

2054 1247 2216 1302 homo
2240 1248 2459 1301 animal.
2488 1249 2631 1301 DISC.
2664 1245 2778 1301 Non
2807 1253 2985 1314 potest
3014 1242 3332 1299 contradici.
3362 1240 3505 1298 MAG.
3531 1239 3641 1295 Sed

2057 1337 2442 1391 convenienter
2467 1337 2662 1391 dicitur
2691 1336 2833 1406 quod
2882 1335 3135 1390 Socrates
3159 1341 3243 1388 est
3272 1333 3436 1389 homo
3463 1346 3642 1403 gram-

2059 1430 2309 1485 maticus.
2342 1432 2487 1486 Dtsc.
2537 1429 2953 1485 Convenienter.
3006 1426 3147 1482 MAG.
3180 1425 3297 1482 Non
3345 1434 3431 1480 est
3477 1424 3645 1495 igitur

2058 1519 2221 1574 homo
2272 1520 2325 1573 in
2380 1520 2750 1590 grammatico.
2804 1519 2949 1574 Dtsc.
3008 1518 3099 1575 Sic
3157 1518 3412 1589 consequi
3460 1516 3639 1572 video.

2061 1610 2197 1665 MAG.
2230 1612 2396 1666 Item:
2431 1612 2475 1665 si
2508 1611 2891 1682 grammaticus
2923 1620 3005 1667 est
3053 1611 3217 1666 homo
3248 1610 3425 1666 sciens
3460 1623 3644 1678 gram-

369 1696 606 1751 cativum
638 1675 711 1752 sit
753 1697 869 1752 ‘°°".
921 1675 1072 1753 Sicut
1118 1699 1261 1753 enim
1296 1700 1454 1753 homo
1482 1708 1695 1754 constat
1725 1715 1787 1752 ex
1809 1675 1954 1753 'aui-
1986 1675 2029 1729 Β
2060 1701 2310 1755 uiaticum
2338 1742 2353 1764 ,
2382 1675 2695 1773 ubicunque
2719 1701 2940 1771 ponitur
2960 1701 3369 1772 grammaticus,
3399 1675 3519 1770 apte
3545 1714 3644 1769 po-

370 1787 538 1851 ntali,
592 1796 648 1843 et
700 1788 1083 1852 rationalitate,
1143 1797 1197 1843 et
1229 1788 1608 1853 mortalitate,
1663 1797 1719 1843 et
1757 1787 1957 1843 idcirco

370 1880 535 1937 homo
582 1882 850 1951 signiﬁcat
879 1883 994 1938 haec
1029 1884 1148 1946 tria,
1219 1884 1289 1937 ita
1322 1883 1708 1953 grammaticus
1745 1891 1959 1937 constat

368 1985 439 2028 ex
466 1974 705 2039 homine,
757 1983 813 2029 et
840 1976 1225 2046 grammatica;
1262 1984 1314 2029 et
1360 1975 1480 2029 ideo
1510 1990 1703 2030 nomen
1748 1976 1851 2029 hoc
1884 1975 1958 2029 si-

374 2066 598 2135 gniﬁcat
624 2076 931 2136 utrumque.
972 2066 1257 2137 Nunquam
1289 2069 1432 2122 enim
1463 2068 1660 2124 dicitur
1689 2083 1959 2139 gramma-

370 2158 510 2212 ticus
552 2167 645 2213 aut
692 2160 853 2214 homo
881 2160 997 2214 sine
1045 2160 1427 2230 grammatica,
1484 2168 1575 2213 aut
1605 2158 1958 2227 grammatica

370 2248 491 2303 sine
517 2249 749 2303 homine.
782 2249 919 2307 MAG.
963 2250 1019 2305 Si
1053 2267 1182 2321 ergo
1206 2252 1276 2305 ita
1305 2260 1407 2317 est,
1439 2260 1492 2304 ut
1526 2260 1581 2304 tu
1622 2251 1788 2315 dicis,
1819 2249 1960 2305 difﬁ-

371 2338 509 2393 nitio
534 2349 587 2395 et
610 2355 731 2396 esse
755 2343 1114 2412 grammatici,
1146 2352 1230 2397 est
1257 2342 1418 2397 homo
1444 2342 1622 2396 sciens
1643 2342 1957 2413 grammati-

371 2448 513 2489 cam.
557 2435 699 2489 Disc.
750 2436 864 2490 Non
896 2445 1073 2505 potest
1099 2436 1241 2489 aliud
1286 2452 1426 2491 esse.
1477 2437 1614 2491 MAG.
1666 2438 1805 2508 Ergo
1835 2450 1957 2494 cum

373 2526 728 2593 gnatnmatica
777 2525 967 2578 dividit
1001 2525 1271 2578 hominem
1322 2527 1734 2595 grammaticum
1771 2542 1800 2579 a
1852 2542 1957 2580 non

372 2615 757 2683 grammatico,
803 2615 1061 2670 conduxit
1087 2616 1498 2686 grammaticum
1528 2618 1593 2670 ad
1623 2631 1765 2681 esse,
1795 2626 1850 2671 et
1876 2625 1959 2673 est

372 2718 502 2771 pars
533 2701 648 2769 ejus
674 2704 817 2773 quod
868 2714 950 2759 est
998 2720 1118 2759 esse
1148 2706 1259 2769 rei;
1297 2722 1397 2761 nec
1446 2692 1627 2777 potest
1674 2708 1863 2762 adesse
1906 2716 1960 2762 et

320 2870 323 2871 ν
377 2790 567 2845 abesse
596 2808 623 2846 a
650 2795 1028 2863 grammatico,
1059 2807 1256 2865 praeter
1277 2794 1501 2866 subjecti
1534 2799 1954 2868 corruptionem.

373 2882 521 2939 Dtsc.
566 2884 704 2951 Quid
749 2886 916 2941 inde?
944 2887 1083 2942 MAG.
1132 2886 1248 2944 Non
1293 2898 1375 2943 est
1404 2889 1567 2960 igitur
1608 2893 1957 2962 grammatica

370 2973 641 3042 accidens,
673 2978 767 3031 sed
808 2978 1176 3033 substantialis
1203 2976 1541 3043 diﬁ'erentia;
1586 2991 1641 3034 et
1672 2982 1833 3035 homo
1873 2992 1955 3038 est

372 3073 1029 3142 genus,etgrammaticus
1051 3074 1286 3143 species:
1313 3089 1412 3129 nec
1432 3073 1707 3129 dissimilis
1718 3086 1803 3130 est
1818 3088 1954 3130 ratio

363 3160 437 3215 de
462 3162 728 3230 alhedine,
758 3171 812 3219 et
847 3164 1112 3221 similibus
1140 3166 1512 3221 accidentibus
1545 3184 1559 3220 :
1586 3167 1729 3235 quod
1760 3165 1953 3223 falsum

370 3268 491 3309 esse
519 3256 684 3310 totius
712 3258 844 3311 artis
874 3266 1143 3314 tractatus
1170 3260 1429 3315 ostendit.
1460 3260 1606 3316 DISC.
1632 3260 1952 3330 Quanquam

368 3357 478 3397 non
507 3359 723 3412 possum
747 3362 945 3416 negare
971 3348 1115 3417 quod
1146 3349 1312 3418 dicis,
1340 3349 1573 3404 nondum
1611 3358 1790 3404 tamen
1824 3348 1953 3404 mihi

368 3447 684 3501 persuasum
712 3447 795 3490 est
824 3438 966 3505 quod
998 3441 1381 3510 grammaticus
1429 3456 1533 3494 non
1563 3439 1832 3510 signiﬁcet
1861 3439 1957 3472 ‘°°'

370 3522 667 3577 hominem.
717 3524 857 3580 MAG.
908 3531 1182 3584 Ponamus
1209 3534 1350 3599 quod
1396 3530 1468 3584 sit
1496 3531 1696 3584 animal
1736 3531 1954 3600 aliquod

369 3612 653 3681 rationale,
681 3631 787 3671 non
834 3627 1010 3672 tamen
1042 3619 1205 3675 homo
1228 3621 1372 3690 quod
1407 3621 1479 3675 ita
1506 3622 1643 3677 sciat
1678 3638 1953 3694 gramma-

371 3702 535 3757 ticam
564 3706 705 3761 sicut
732 3707 912 3765 homo.
943 3710 1087 3767 DISC.
1116 3710 1296 3767 Facile
1314 3712 1527 3767 esthoc
1558 3711 1787 3783 ﬁngere.
1812 3713 1951 3769 MAG.

370 3792 469 3851 Εει
508 3796 669 3867 igitur
712 3800 909 3869 aliquis
948 3817 1052 3857 non
1095 3802 1257 3859 homo
1295 3805 1475 3860 sciens
1517 3806 1949 3875 grammaticam.

369 3882 519 3944 Dtsc.
556 3888 631 3943 Ita
656 3893 1020 3962 consequitur.
1044 3894 1183 3952 MAG.
1214 3895 1283 3951 At
1308 3912 1467 3952 omne
1490 3897 1671 3953 sciens
1683 3913 1952 3967 grammao

370 3977 559 4053 ticam,
589 3991 669 4036 est
696 3987 1128 4052 grammaticum.
1178 3988 1323 4042 Drsc.
1367 3988 1637 4044 (Joncedo.
1675 3988 1814 4044 MAG.
1854 3990 1953 4044 Est

372 4067 539 4136 igitur
564 4071 782 4140 quidam
815 4091 918 4129 non
957 4076 1116 4131 homo
1139 4079 1545 4148 grammaticus.
1576 4080 1721 4134 DISC.
1749 4078 1952 4135 Censeo

372 4162 576 4227 qnitur.
624 4163 764 4219 MAG.
812 4166 918 4221 Sed
951 4177 1004 4221 tu
1046 4169 1183 4224 dicis
1230 4170 1283 4223 iu
1311 4173 1669 4240 grammatico
1720 4172 1947 4243 intelligi

370 4248 667 4308 hominem.
701 4254 850 4311 Dtsc.
888 4257 1035 4313 Dico.
1068 4258 1208 4316 MAG.
1234 4260 1462 4328 Quidam
1492 4276 1629 4334 ergo
1655 4278 1760 4318 non
1788 4263 1950 4317 homo

1978 3031 2026 3092 C

2054 1791 2205 1845 nitur
2229 1792 2388 1846 homo
2419 1792 2598 1847 sciens
2622 1792 3053 1864 grammaticam.
3087 1792 3231 1846 Dtsc.
3265 1790 3343 1845 Ita
3364 1798 3466 1846 est.
3498 1789 3641 1845 MAG.

2059 1880 2116 1936 Si
2154 1881 2315 1951 igitur
2340 1890 2466 1952 apte
2494 1883 2712 1947 dicitur,
2744 1882 3001 1939 Socrates
3027 1890 3110 1938 est
3132 1880 3296 1938 homo
3326 1880 3643 1951 grammati-

2058 1989 2175 2041 cus,
2230 1983 2356 2045 apte
2382 1987 2595 2045 quoque
2617 1976 2835 2041 dicitur,
2878 1976 3133 2032 Socrates
3159 1985 3244 2031 est
3288 1976 3455 2030 homo
3483 1975 3643 2027 homo

2057 2065 2239 2122 sciens
2263 2064 2696 2135 grammaticam.
2742 2064 2888 2121 Dtsc.
2919 2064 3302 2134 Consequitur.
3345 2063 3487 2118 MAG.
3517 2062 3643 2118 Om-

2058 2158 2144 2212 nis
2166 2165 2346 2214 autem
2367 2157 2528 2212 homo
2557 2155 2735 2211 sciens
2757 2156 3164 2227 grammaticam
3188 2164 3271 2209 est
3286 2154 3444 2208 homo
3464 2168 3642 2223 gram-

2059 2248 2313 2303 maticus.
2368 2248 2515 2302 Dtsc.
2563 2246 2645 2300 Ita
2693 2254 2795 2301 est.
2847 2244 2989 2301 MAG.
3038 2244 3290 2300 Socrates
3318 2244 3503 2314 igitur,
3546 2242 3640 2311 qui

2060 2350 2143 2395 est
2170 2341 2333 2395 homo
2359 2340 2521 2395 homo
2567 2338 2746 2395 sciens
2771 2338 3183 2408 grammaticam
3207 2337 3321 2400 ⁸ου,
3352 2344 3436 2391 εει
3482 2336 3644 2391 homo

2059 2433 2224 2487 homo
2243 2430 2673 2501 grammaticus:
2705 2439 2761 2484 et
2781 2430 3038 2500 quoniam
3068 2429 3230 2484 homo
3256 2428 3642 2500 grammaticus

2059 2532 2144 2577 est
2179 2523 2342 2577 homo
2369 2522 2544 2576 sciens
2571 2521 3005 2591 grammaticam,
3055 2520 3404 2589 consequitur
3446 2526 3507 2573 ut
3539 2517 3642 2574 So-

2060 2622 2239 2668 crates
2270 2613 2339 2666 sit
2388 2616 2546 2665 homo
2574 2612 2736 2665 homo
2764 2610 2941 2665 sciens
2985 2608 3393 2680 grammaticam
3427 2625 3442 2659 :
3476 2615 3531 2662 et
3560 2605 3642 2661 sic

2063 2706 2116 2759 in
2148 2704 2415 2758 inﬁnitum
2444 2703 2560 2757 “m.
2598 2703 2745 2757 Dtsc.
2777 2701 2891 2757 Non
2916 2716 3135 2772 possum
3160 2710 3357 2770 apertze
3391 2698 3486 2731 ⁸⁰¹⁸
3515 2715 3645 2753 con-

2062 2794 2356 2864 sequentiae
2404 2794 2678 2849 resistere.
2710 2792 2850 2847 MAG.
2881 2792 3013 2847 Item
3042 2810 3055 2845 :
3086 2792 3131 2847 si
3174 2792 3226 2845 in
3255 2790 3349 2823 ⁸⁰¹⁸
3375 2805 3644 2860 ςι-ιιωηιεο

2064 2886 2169 2940 tico
2197 2886 2359 2939 homo
2386 2882 2759 2954 intelligendus
2802 2891 2888 2937 est
2917 2897 3037 2937 eum
3066 2881 3418 2951 grammatica
3443 2919 3459 2944 ,
3493 2880 3645 2934 simi-

2061 2976 2185 3030 liter
2223 2974 2276 3028 in
2319 2974 2571 3028 omnibus
2621 2972 2886 3029 similibus
2935 2971 3370 3035 denominativis,
3407 2970 3460 3025 id
3497 2970 3643 3039 quod

2057 3065 2435 3120 denominatur
2455 3063 2550 3097 ⁶⁰¹⁶
2583 3078 2705 3119 cum
2743 3078 2811 3120 eo
2857 3078 2885 3118 a
2914 3078 3020 3134 quo
3046 3061 3442 3118 denominatur.
3492 3059 3641 3116 Dtsc.

2059 3157 2173 3213 Hoc
2199 3157 2502 3213 sentiebam
2532 3156 2649 3209 ⁸ου.
2680 3154 2819 3210 MAG.
2861 3154 3003 3225 Ergo
3026 3154 3346 3210 hodiernum
3373 3150 3648 3221 signiﬁcat

2058 3248 2114 3303 id
2164 3250 2308 3317 quod
2354 3255 2579 3302 vocatur
2626 3246 2947 3302 hodiernum
2980 3255 3036 3300 et
3078 3244 3260 3301 hodie.
3314 3243 3457 3299 Dtsc.
3503 3241 3646 3309 Quid

2056 3338 2282 3408 postea?
2332 3336 2472 3391 MAG.
2523 3336 2853 3391 Hodiernum
2898 3336 3062 3407 igitur
3124 3334 3395 3405 signiﬁcat
3436 3332 3645 3402 aliquid

2057 3446 2179 3485 cum
2231 3439 2474 3499 tempore
2500 3429 2614 3483 ⁸⁸³⁸.
2662 3430 2808 3484 ῡιεε.
2846 3429 2923 3484 Ita
2956 3442 3079 3485 esse
3114 3442 3336 3484 necesse
3360 3435 3464 3482 est.
3498 3424 3641 3480 MAG.

2056 3523 2221 3592 Ergo,
2268 3522 2590 3578 hodiernum
2633 3536 2739 3576 non
2769 3530 2854 3577 est
2882 3536 3078 3578 nomen
3122 3522 3217 3577 sed
3244 3520 3469 3575 verbum
3499 3517 3639 3585 “m;

2052 3632 2183 3688 quta
2212 3624 2299 3671 est
2324 3630 2430 3671 vox
2461 3614 2774 3685 signiﬁcans
2799 3623 3010 3684 tempus
3026 3655 3042 3681 ,
3065 3627 3167 3669 nec
3188 3622 3274 3669 est
3298 3610 3497 3669 oratio.

2648 3726 2876 3784 CAPUT
2908 3726 3046 3782 XIV.

2052 3819 2472 3879 Grammaticum
2515 3836 2628 3875 esse
2662 3820 3066 3890 signiﬁcativum
3104 3817 3490 3889 grammatica,
3528 3815 3642 3871 sive

2340 3892 2636 3963 signiﬁcare
2665 3894 2910 3945 scientem
2935 3891 3354 3959 grammaticam.

2126 3987 2272 4042 Dtsc.
2322 3984 2468 4043 Satis
2498 3985 2628 4041 mihi
2665 3982 2906 4054 probasti
2956 3983 3368 4053 grammaticum
3420 3997 3526 4038 non
3571 3979 3641 4035 si-

2056 4077 2317 4148 gniﬁcare
2363 4076 2658 4131 hominem.
2710 4074 2851 4129 MAG.
2885 4072 3049 4129 Vides
3080 4074 3243 4143 igitur
3284 4074 3375 4142 qui
3408 4070 3639 4127 dixerim

2056 4167 2182 4237 quia
2214 4166 2597 4239 grammaticus
2649 4180 2755 4221 non
2785 4175 2869 4221 est
2919 4165 3153 4220 hominis
3195 4164 3636 4235 signiﬁcativum.

2057 4260 2202 4317 Dtsc.
2260 4260 2357 4294 ⁸⁰²⁰
2407 4260 2575 4317 Video
2636 4278 2649 4314 :
2702 4268 2757 4315 et
2804 4266 3059 4329 exspecto
3108 4268 3167 4315 ut
3219 4256 3637 4329 grammaticum

1686 4392 1917 4449 VARIA‘Z
1954 4392 2245 4450 LECTION
2255 4393 2377 4448 ES.‘

451 4499 549 4581 “ff‘
581 4499 933 4581 Dicitur-ejus
966 4505 1329 4576 signiﬁcatum
1358 4516 1448 4581 εει
1477 4507 1605 4563 licet
1626 4507 2075 4581 sitsjgniﬁcatum
2107 4526 2233 4563 ntss.
2260 4509 2461 4581 dicitur
2489 4509 2605 4581 ejus
2646 4508 3111 4581 signiticativum:
3140 4516 3195 4561 et
3218 4506 3343 4581 licet
3371 4509 3443 4562 sit
3465 4509 3633 4581 signi-

378 4566 657 4645 ﬁcativum
724 4566 991 4645 “"Ifiom
1013 4566 1188 4629 tamen
1221 4578 1435 4645 proprie
1456 4587 1540 4632 est
1587 4594 1686 4632 ms.
1731 4566 1862 4631 Vict.
1893 4577 1927 4631 5
1967 4594 2074 4632 non
2111 4588 2195 4633 est

822 4643 916 4675 m'
951 4643 1181 4729 'I‘autum
1218 4641 1824 4729 οέειδιιὶιῑεειιιιιῐι,εἱιμλιεοΔ
1846 4646 2408 4729 Vict‘.“3.ﬁtantum_sit
2440 4641 2853 4729 signiﬁcativum

2304 4578 2399 4609 ⁶⁰⁰⁶
2425 4578 2577 4644 Quod
2617 4578 2774 4632 modo
2798 4579 3166 4647 grammatica:
3212 4580 3337 4631 mss.
3362 4578 3634 4647 quomodo

2304 4669 2307 4700 |
2337 4650 2408 4702 sit
2440 4648 2853 4718 signiﬁcativum
2953 4648 3051 4680 ⁴⁰⁰⁸
3070 4648 3221 4715 Quod
3248 4652 3639 4718 grammaticus

386 4707 653 4789 signiﬁcet
680 4716 979 4789 mss._quod
1003 4707 1393 4789 grammaticus
1423 4734 1529 4773 non
1562 4718 1833 4789 signiﬁcet
1926 4717 2022 4749 ⁸⁰⁰⁹
2054 4718 2225 4784 Quam
2258 4719 2464 4784 album,
2490 4707 2596 4789 nisi
2618 4734 2743 4779 mss.
2780 4734 2941 4787 quam
2984 4707 3136 4773 albus
3163 4759 3178 4783 ,
3228 4707 3329 4773 nisi
3404 4720 3497 4751 ⁸⁰¹⁰
3524 4721 3635 4773 Soli

380 4776 585 4859 [lumini
615 4776 868 4859 convenit
896 4776 1034 4859 mss:
1052 4786 1149 4839 soli
1175 4787 1378 4859 homini
1413 4776 1642 4843 accidit"
1684 4788 1776 4821 ⁸⁸⁸⁸
1816 4788 1967 4842 Sicut
1991 4776 2254 4859 sequitur,
2287 4803 2355 4842 ex
2382 4776 2463 4842 eo.
2484 4776 2735 4841 ﬁnximus
2761 4776 2885 4843 ηἱεε.
2912 4790 2992 4843 sic
3018 4776 3266 4858 sequitur
3293 4806 3356 4843 ex
3388 4805 3452 4844 eo
3492 4793 3639 4859 quod

377 4847 632 4929 Iin_ximu_s
704 4849 798 4883 ‘°"
822 4853 919 4929 Est
950 4855 1110 4910 homo
1140 4856 1319 4929 sciens
1342 4859 1753 4928 grammaticam
1781 4875 1905 4912 mss.
1936 4868 2020 4912 est
2055 4847 2252 4920 homo,
2301 4860 2459 4912 homo
2483 4859 2659 4929 sciens
2702 4847 3110 4929 grammaticam

3218 4859 3314 4891 ⁸⁰¹³
3345 4859 3414 4913 Μ.
3447 4859 3638 4915 Omnis

380 4926 560 5004 autem
591 4919 752 5004 homo
790 4924 969 4979 sciens
996 4919 1401 5004 grammaticain
1434 4938 1516 4982 est
1540 4929 2151 5004 homo_gramma_ticus,
2181 4938 2236 4981 et
2265 4930 2517 5004 quoniam
2561 4919 2731 4984 homo
2746 4931 3131 5004 gratittttatictis
3162 4943 3245 4985 εει
3270 4930 3432 4985 homo
3457 4931 3636 5004 sciens

380 4997 791 5111 girammatieam
820 5013 832 5047 ;
860 4997 1210 5067 consequitur
1232 5007 1292 5052 ut
1336 4997 1589 5053 Socrates
1615 5000 1685 5053 sit
1714 4997 1876 5053 humo
1924 4998 2101 5053 sciens
2126 4998 2571 5068 grammaticam,
2619 5008 2674 5053 et
2723 4997 2801 5056 sic
2860 5000 2911 5053 in
2954 4999 3220 5053 inﬁnitum
3275 5000 3638 5069 manuscripta

445 5099 456 5111 .
485 5060 675 5111 Omnis
705 5074 890 5111 autem
921 5065 1080 5111 Itnmn
1109 5069 1286 5111 scipne
1332 5071 1740 5111 grammaticam
1774 5079 1857 5111 ρςι
1886 5067 2047 5111 Ιιηηιη
2078 5068 2478 5111 σηπιηιςιίῐοηε-
2511 5067 2571 5111 D-
2605 5069 2678 5111 lla
2720 5079 2815 5111 pel,
2844 5069 2913 5111 M,
2952 5070 3203 5111 Rom-aloe
3225 5070 3388 5111 igitur
3436 5071 3525 5111 nni
3552 5082 3637 5111 ρει

445 5099 456 5113 .
485 5060 675 5141 omnis
705 5074 890 5141 autem
921 5060 1080 5121 homo
1109 5069 1286 5141 sciens
1331 5071 1741 5141 grammaticam
1774 5079 1858 5122 est
1886 5067 2047 5122 homo
2078 5060 2572 5141 gr'ammatieUSLD.
2604 5069 2678 5123 Ita
2720 5079 2818 5125 est.
2844 5069 2917 5122 M.
2952 5070 3203 5125 Socrates
3225 5070 3405 5141 igitur,
3436 5060 3640 5141 qni'est

383 5128 545 5212 homo
571 5132 730 5188 homo
759 5136 936 5212 sciens
986 5128 1414 5212 grammaticam,
1454 5140 1739 5212 est_homo
1787 5128 2404 5212 homo_grammaticus._
2459 5138 2524 5192 Et
2573 5141 2827 5208 quoniam
2877 5128 3286 5212 grammaticus;
3330 5128 3636 5212 esti'homo

389 5207 567 5280 sei-ens
605 5208 1037 5274 grammaticam,
1072 5210 1422 5278 consequitur
1457 5217 1516 5263 ut
1547 5207 1803 5263 Socrates
1849 5207 2113 5280 sithomo
2140 5210 2301 5280 homo
2328 5208 2509 5280 sciens
2562 5207 2973 5280 grammaticam
3004 5226 3018 5262 :
3063 5220 3117 5263 et
3154 5211 3239 5280 sic
3276 5210 3328 5265 in
3358 5211 3632 5267 inﬁnitum

384 5269 480 5351 “f‘
502 5269 630 5353 lgor?
658 5288 876 5353 possum
894 5269 1032 5353 apte
1056 5293 1183 5353 mss1
1194 5269 1322 5353 __non
1351 5294 1567 5353 possum
1599 5288 1797 5353 apertae

1904 5278 1999 5309 “‘5
2026 5277 2191 5347 Igitur
2222 5279 2291 5333 sit
2323 5279 2374 5333 in
2420 5296 2543 5333 mss.
2568 5277 2704 5336 item
2742 5282 2787 5336 si
2836 5281 2888 5335 in

2998 5280 3090 5353 sets
3114 5279 3496 5353 lnjeljigendtls
3524 5290 3631 5347 est,

393 5340 644 5397 similiter
659 5340 728 5399 Γἱιι
760 5340 1013 5422 omnibus
1043 5346 1310 5422 similibus
1336 5340 1850 5422 tl_enominaiivis,_id
1878 5358 1961 5422 est
1988 5340 2534 5422 quoddenominatur
2552 5368 2676 5405 mss.
2708 5364 2756 5405 et
2811 5366 2935 5405 mss.
2955 5349 3109 5422 fVict.
3150 5352 3211 5405 15
3250 5340 3631 5422 intelligendus

389 5422 474 5491 est
500 5429 624 5491 cum
635 5418 1036 5491 grammatica,
1072 5418 1474 5491 intelligendum
1507 5427 1593 5491 est
1637 5418 1886 5491 similiter
1907 5420 1961 5473 in
1988 5419 2239 5491 omnibus
2273 5421 2540 5476 similibus
2581 5421 3013 5483 denominativis,
3044 5422 3095 5474 id
3126 5425 3270 5491 quod
3311 5418 3632 5477 denomina-

388 5486 477 5533 tur
581 5482 674 5516 ’⁵⁸⁸⁷
710 5487 821 5540 Hoc
848 5487 1148 5541 sentiebam
1189 5482 1287 5541 ηιξ.
1330 5486 1460 5541 Vict.
1507 5488 1541 5541 5
1567 5490 1667 5545 hoc
1714 5490 1949 5547 sciebam

382 5635 504 5674 mss.
539 5624 692 5678 etiam
728 5624 861 5678 Vict.
897 5626 959 5682 15
986 5628 1361 5698 signiﬁcatum.
1398 5629 1457 5682 υ.

388 5488 483 5582 ιιι.
533 5488 1460 5582 ωξῗῗῖξέίζίξηξίὶἾξΞΞΡΞΨηἾξίῖῘίῗέ·
1484 5488 1541 5582 ,δ
1567 5490 1667 5582 ιιτξς
1691 5490 2029 5582 scaeam...
2175 5490 2332 5582 eis“!
2360 5507 2481 5582 9"":
2977 5488 3187 5582 amat.
3234 5509 3355 5582 «an
3390 5501 3635 5582 ιειιιροεο

528 5550 643 5607 Νοιι
664 5563 748 5611 εει
768 5556 867 5611 nisi
895 5556 1101 5612 scilicet
1127 5557 1349 5611 verbum
1400 5574 1522 5614 mss.
1583 5560 1738 5614 etiam
1781 5558 1907 5613 Vict.
1966 5559 2030 5615 15
2062 5576 2168 5616 non
2202 5570 2283 5617 est
2326 5576 2520 5617 nomen
2560 5550 2656 5619 sed
2675 5563 2896 5619 verbmn

3007 5559 3109 5595 ⁸⁸⁸⁸
3136 5559 3530 5633 Signiﬁcatuttt.
3566 5560 3630 5616 Il.
