3940 6046
271 263 276 268 .
297 218 408 275 575

1619 199 1708 259 DE
1741 193 2224 258 GRAMMATICO.

3465 192 3570 250 574

298 327 554 390 ostendas
579 330 999 404 signiﬁcamum
1033 328 1126 364 tm
1154 343 1278 387 esse
1307 326 1695 403 grammaticae.
1727 323 1870 380 MAG.
1902 320 1952 378 Α
1975 332 2083 374 non
2126 329 2229 387 per
2273 312 2439 370 aliud.
2475 304 2681 370 Nomen
2708 324 2840 404 vero
2883 310 3003 404 albi!
3036 310 3162 404 equi
3194 307 3574 404 substantiam
3622 293 3627 297 ’

300 425 491 480 Nonne
521 422 681 494 paulo
705 431 834 480 ante
857 424 958 456 m’
987 425 1205 480 dicebas
1241 420 1653 494 grammaticum
1683 417 1889 491 signiﬁo

223 579 228 582 _
301 528 428 570 care
482 513 757 569 hominem
809 514 1073 570 scientem
1119 510 1570 584 grammaticam?
1624 509 1771 564 DISC.
1820 507 1890 562 Et

303 603 612 660 credebam.
656 603 799 660 MAG.
831 603 938 659 Sed
977 601 1089 672 jam
1133 602 1262 657 satis
1302 601 1584 672 probatum
1638 608 1721 655 est
1761 597 1889 669 quia

302 710 410 750 non
439 694 710 766 signiﬁcat
730 696 1026 751 hominem.
1059 695 1199 750 DISC.
1233 693 1398 749 Satis.
1431 692 1570 748 MAG.
1597 689 1736 759 Quid
1760 705 1890 761 ergo

303 790 520 845 restat?
552 790 695 846 Disc.
718 789 790 845 Ut
820 805 926 844 non
955 789 1222 861 signiﬁcet
1247 789 1413 854 aliud,
1438 803 1599 859 quam
1631 788 1892 843 scientem

305 881 738 953 grammaticam.
804 879 946 936 MAG.
1000 880 1096 935 Est
1143 895 1270 950 ergo
1330 875 1748 950 signiﬁcativum
1797 875 1892 913 m’

306 972 699 1044 grammaticae.
729 971 876 1027 Dtsc.
910 971 1259 1028 Sulﬁcienter
1288 970 1575 1040 probatum
1603 977 1685 1031 est
1713 982 1894 1038 gram-

308 1065 566 1119 maticum
614 1078 724 1118 non
770 1077 891 1118 esse
939 1062 1317 1133 appellativum
1360 1062 1749 1132 grammatica,
1799 1057 1895 1114 sed

310 1155 573 1221 hominis;
619 1170 719 1211 nec
762 1170 884 1211 esse
926 1155 1346 1227 signiticativum
1373 1153 1470 1186 ¹⁵⁰²⁶
1497 1152 1752 1217 hominis,
1799 1150 1896 1205 sed

310 1245 718 1314 grammaticae:
751 1246 846 1301 sed
889 1247 1142 1316 quoniam
1169 1244 1352 1300 dixisti
1384 1243 1795 1315 grammaticum
1825 1239 1898 1296 si-

311 1335 571 1408 gniﬁcare
620 1338 1032 1409 grammaticam
1085 1351 1183 1407 per
1222 1351 1326 1403 se,
1375 1344 1430 1392 et
1478 1335 1750 1392 hominem
1801 1349 1898 1404 per

310 1429 475 1490 aliud,
522 1438 648 1498 peto
691 1436 752 1482 ut
794 1438 983 1499 aperte
1011 1428 1143 1484 mihi
1173 1429 1272 1482 has
1302 1427 1435 1482 duas
1478 1425 1899 1495 signiﬁcationes

312 1522 635 1593 distinguas,
666 1530 726 1576 ut
747 1521 1042 1593 intelligam
1078 1521 1348 1593 quomodo
1373 1517 1764 1591 grammaticus
1792 1531 1899 1571 non

313 1613 386 1669 sit
410 1613 828 1684 signiﬁcativum
859 1613 976 1682 ejus
1014 1614 1156 1684 quod
1180 1612 1360 1682 aliquo
1390 1611 1484 1644 ⁸⁸³⁸
1508 1610 1666 1666 modo
1696 1607 1901 1677 signiﬁ—

1989 405 2258 480 signiﬁcat
2304 419 2412 462 non
2439 417 2537 475 per
2575 417 2634 459 se
2662 403 2758 459 sed
2798 418 2896 474 per
2938 401 3084 457 aliud
3114 401 3232 469 ⁸⁸⁵⁸,
3264 402 3315 456 id
3345 411 3452 470 est,
3480 416 3578 472 per

1989 499 2094 556 hoc
2119 497 2261 569 quod
2309 497 2422 554 scio
2447 509 2645 565 equum
2674 508 2798 550 esse
2842 494 3061 554 album;
3093 508 3216 548 cum
3239 491 3404 546 enim
3443 491 3577 546 nihil

1991 587 2134 644 aliud
2180 585 2452 658 signiﬁcet
2494 585 2596 641 hoc
2625 600 2845 652 nomen,
2893 584 3035 654 quod
3061 591 3145 638 est
3193 582 3380 646 albus;
3414 595 3575 652 quam

1995 679 2108 735 haec
2127 677 2322 741 oratio,
2351 689 2472 746 quae
2489 683 2574 730 est
2599 675 2805 729 habens
2821 673 3127 728 albedinem
3149 689 3163 726 :
3191 671 3329 726 sicut
3352 673 3464 726 haec
3481 669 3578 702 ⁸⁸⁸⁸

1993 772 2168 827 oratio
2212 783 2311 839 per
2353 783 2412 823 se
2444 766 2726 822 constituit
2770 765 2900 819 mibi
2933 763 3262 820 intellectum
3293 761 3580 829 albedinis,

1993 871 2051 918 et
2076 877 2182 917 non
2207 859 2324 928 ejus
2354 860 2427 915 rei
2457 873 2577 930 quae
2605 858 2767 913 habet
2793 857 3131 924 albedinem;
3167 856 3240 912 ita
3277 864 3333 911 et
3361 868 3578 910 nomen.

1997 953 2104 1011 Sed
2152 953 2405 1024 quoniam
2455 953 2550 985 ⁸⁸⁵³
2579 953 2692 1008 scio
2742 951 3045 1008 albedinem
3093 965 3216 1007 esse
3249 950 3303 1004 in
3331 964 3492 1020 equo,
3528 955 3586 1006 et

1995 1048 2101 1104 hoc
2129 1061 2228 1119 per
2274 1045 2420 1101 aliud
2461 1045 2558 1078 ‘°“
2593 1060 2755 1116 quam
2787 1059 2886 1116 per
2931 1059 3124 1115 nomen
3175 1043 3280 1098 albi
3309 1042 3454 1099 velut
3486 1056 3586 1112 per

1995 1136 2172 1192 visum
2225 1133 2496 1190 intellecta
2551 1132 2823 1198 albedine,
2879 1147 2975 1204 per
3023 1131 3128 1188 hoc
3180 1146 3376 1187 nomen
3428 1129 3587 1186 intel-

2000 1227 2105 1298 ligo
2125 1225 2220 1259 ⁸⁸⁸⁸
2247 1241 2465 1295 equum,
2497 1240 2594 1296 per
2617 1223 2717 1281 hoc
2738 1224 2882 1293 quod
2914 1223 3214 1280 albedinem
3244 1223 3358 1278 scio
3382 1236 3503 1278 esse
3529 1221 3586 1276 in

1999 1334 2140 1390 equo
2169 1337 2182 1372 :
2219 1318 2270 1372 id
2302 1325 2409 1383 est,
2454 1329 2552 1388 per
2574 1316 2720 1371 aliud
2749 1332 2911 1387 quam
2945 1332 3040 1386 per
3071 1330 3266 1372 nomen
3299 1314 3448 1382 albi;
3481 1328 3589 1386 quo

2003 1423 2180 1468 tamen
2217 1424 2391 1482 equus
2429 1408 2751 1480 appellatur.

2515 1499 2676 1572 ιω
2707 1495 2936 1555 CAPUT
2970 1495 3089 1554 xv.

2147 1591 2400 1662 Exemplo
2433 1589 2540 1646 albi
2569 1590 2811 1646 doctrina
2837 1589 3106 1659 proposita
3135 1585 3448 1658 explicatur.

314 1714 433 1770 cat;
461 1677 563 1760 aut
587 1705 857 1775 quomodo
887 1677 958 1760 sit
989 1677 1370 1776 appellativum
1393 1703 1528 1774 ejus,
1559 1700 1714 1771 cujus
1742 1700 1904 1771 signi-
1935 1677 1980 1736 Β
2077 1703 2219 1762 MAG.
2257 1704 2416 1761 Vides
2461 1718 2592 1774 ergo
2635 1702 2908 1774 quomodo
2936 1701 3093 1758 albus
3149 1717 3258 1757 non
3300 1701 3395 1733 ‘m
3425 1701 3496 1756 sit
3522 1703 3596 1757 si-

318 1795 597 1850 ﬁcativum
628 1812 735 1851 non
752 1805 830 1851 est
861 1795 978 1850 “".
1003 1795 1144 1852 MAG.
1168 1795 1225 1851 Si
1247 1803 1329 1850 est
1357 1795 1409 1850 in
1434 1795 1592 1850 domo
1607 1793 1788 1862 aliqua
1807 1792 1902 1825 ⁸⁰²⁷

317 1886 473 1942 albus
528 1902 722 1957 equus,
771 1896 823 1942 te
860 1887 1158 1952 nesciente,
1212 1886 1479 1952 inclusus,
1533 1894 1589 1940 et
1633 1884 1772 1940 alius
1810 1883 1907 1939 tibi

317 1982 470 2046 dicit,
521 1979 576 2034 In
621 1981 724 2034 hac
753 1981 916 2036 domo
956 1992 1040 2036 est
1085 1980 1264 2035 album
1314 1979 1428 2034 sive
1457 1977 1650 2033 albus:
1685 1991 1752 2030 an
1801 1977 1908 2032 scis

317 2087 416 2142 per
438 2073 540 2126 hoc
587 2071 659 2126 ibi
688 2086 811 2127 esse
837 2087 1036 2142 equum
1064 2070 1195 2127 “'3?
1229 2071 1377 2126 Disc.
1424 2069 1542 2124 Non
1575 2087 1588 2124 :
1621 2071 1734 2124 sive
1763 2070 1908 2125 enim

320 2165 464 2218 dicat
493 2163 674 2219 album
703 2163 1031 2228 albedinem,
1058 2163 1173 2218 sive
1195 2163 1247 2217 in
1267 2177 1375 2232 quo
1402 2162 1543 2217 inest
1561 2159 1656 2193 ¹⁵⁰¹¹⁹
1681 2161 1872 2216 albedo
1889 2201 1906 2228 ,

323 2254 519 2308 millius
543 2263 691 2309 certe
714 2255 790 2308 rei
809 2263 988 2308 mente
1008 2253 1256 2322 concipio
1279 2253 1593 2318 essentiam,
1623 2251 1725 2306 nisi
1751 2251 1911 2324 hujus

321 2347 540 2402 coloris.
598 2345 740 2401 MAG.
797 2346 1020 2400 Etiamsi
1061 2345 1262 2416 aliquid
1308 2346 1455 2400 aliud
1492 2345 1588 2379 ⁸⁸³⁸
1631 2345 1910 2418 intelligis,

324 2455 485 2509 quam
517 2439 756 2496 colorem
806 2440 1001 2506 istum;
1047 2439 1177 2494 illud
1209 2448 1386 2494 tamen
1416 2447 1626 2495 certum
1678 2426 1764 2495 est
1791 2439 1910 2509 ⁸⁰³¹,

323 2532 452 2600 quia
479 2532 598 2602 ejus
627 2532 681 2586 in
721 2545 829 2601 quo
854 2539 938 2586 est
979 2532 1094 2602 ipse
1136 2530 1310 2596 color,
1357 2531 1651 2586 essentiam
1687 2546 1783 2601 per
1810 2532 1915 2589 hoc

321 2636 522 2677 nomen
547 2637 652 2677 non
678 2621 949 2691 intelligis.
983 2622 1128 2677 DISC.
1153 2620 1372 2678 Certum
1404 2638 1420 2676 :
1455 2637 1580 2676 nam
1603 2623 1704 2678 etsi
1724 2639 1917 2679 occur-

324 2724 412 2771 rat
453 2714 547 2748 ⁶⁶³¹
579 2716 760 2769 animo
785 2731 982 2785 corpus
1010 2725 1104 2770 aut
1146 2715 1482 2786 superﬁcies,
1524 2716 1668 2786 quod
1700 2731 1806 2772 non
1846 2715 1917 2771 ob

327 2805 472 2859 aliud
521 2805 593 2861 sit
619 2805 720 2860 nisi
763 2806 887 2875 quia
928 2810 1183 2875 expertus
1232 2822 1349 2861 sum
1380 2807 1433 2861 in
1481 2806 1568 2863 his
1593 2806 1768 2862 solere
1797 2821 1919 2862 esse

328 2896 632 2951 albedinem
667 2895 790 2962 ‘m;
833 2896 1005 2966 ipsum
1039 2905 1221 2950 tamen
1262 2911 1459 2952 nomen
1508 2895 1614 2951 albi
1645 2895 1778 2950 nihil
1820 2895 1919 2952 ho-

2007 1790 2372 1870 gniﬁcativum
2420 1794 2557 1866 ejus,
2601 1796 2743 1866 quod
2774 1796 2955 1864 aliquo
2990 1794 3152 1850 modo
3189 1794 3497 1866 signiﬁcat,
3543 1803 3600 1850 et

2008 1891 2278 1961 quomodo
2306 1888 2380 1943 sit
2408 1885 2786 1958 appellativum
2814 1884 2952 1956 ejus,
2985 1883 3140 1955 cujus
3177 1900 3284 1940 non
3310 1893 3394 1940 est
3428 1885 3596 1955 signi-

2009 1983 2304 2038 ﬁcativum.
2350 1979 2499 2035 DlSC.
2525 1977 2638 2033 l-loe
2667 1991 2883 2050 quoque
2912 1976 3068 2033 video
3098 1993 3114 2032 :
3151 1974 3424 2047 signiﬁcat
3450 1975 3598 2030 enim

2010 2090 2230 2145 equum,
2273 2081 2328 2129 et
2379 2087 2486 2127 non
2537 2070 2848 2142 signiﬁcat:
2901 2067 3028 2140 quia
3063 2084 3168 2124 non
3218 2085 3343 2125 eum
3394 2067 3600 2139 signiﬁ-

2011 2177 2099 2223 cat
2126 2164 2245 2231 ‘°",
2283 2178 2381 2236 per
2409 2177 2490 2228 se,
2520 2161 2617 2217 sed
2660 2174 2756 2232 per
2777 2160 2954 2226 aliud;
2986 2169 3042 2215 et
3079 2169 3259 2215 tamen
3300 2175 3472 2230 equus
3508 2174 3600 2230 ap-

2011 2257 2247 2329 pellatur
2268 2255 2448 2322 albus;
2500 2262 2555 2308 et
2583 2254 2726 2324 quod
2770 2252 2925 2308 video
2951 2252 3004 2306 in
3051 2251 3195 2318 albo,
3233 2251 3336 2307 hoc
3364 2251 3602 2322 intelligo

2014 2351 2068 2407 in
2097 2347 2468 2421 grammatico,
2505 2353 2560 2400 et
2591 2345 2644 2399 in
2696 2342 2964 2400 similibus
2993 2343 3430 2399 denominativis.
3461 2343 3602 2412 Qua-

2014 2451 2236 2514 propter
2263 2439 2474 2494 videtur
2496 2437 2628 2492 mihi
2655 2436 2978 2508 signiﬁcatio
3006 2437 3285 2492 nominum
3309 2445 3367 2494 et
3411 2437 3603 2497 verbo-

2016 2549 2135 2590 rum
2166 2531 2244 2588 sic
2289 2530 2451 2587 dividi
2483 2543 2671 2600 posse;
2720 2527 2862 2598 quod
2892 2527 2996 2583 alia
3027 2528 3100 2585 sit
3128 2543 3225 2598 per
3267 2543 3348 2596 se,
3378 2529 3482 2585 alia
3511 2545 3604 2600 per

2017 2626 2182 2682 aliud.
2213 2623 2353 2679 MAG.
2386 2622 2679 2679 Considera
2733 2622 2898 2678 etiam
2947 2621 3207 2693 quoniam
3253 2622 3449 2678 harum
3477 2623 3610 2678 dua—

2020 2733 2139 2772 rum
2169 2715 2649 2786 signiﬁcationum,
2685 2711 2773 2768 illa
2805 2727 2926 2783 quae
2957 2728 3057 2784 per
3085 2727 3148 2768 se
3171 2718 3276 2780 est,
3305 2714 3436 2784 ipsis
3462 2713 3606 2770 voci-

2019 2807 2120 2862 bus
2166 2803 2537 2875 signiﬁcativis
2582 2811 2667 2858 est
2713 2801 3115 2868 substantialis;
3161 2801 3267 2858 alia
3297 2818 3427 2859 vero
3469 2803 3608 2859 acci-

2021 2896 2254 2953 dentalis
2283 2895 2401 2950 δοδθ.
2448 2894 2586 2952 Cum
2611 2894 2757 2950 enim
2790 2893 2888 2926 ⁸⁰⁵⁰
2911 2891 3238 2949 difﬁnitione
3264 2894 3496 2951 nominis
3525 2893 3609 2951 vel

329 3003 452 3042 rum
488 2987 785 3057 signiﬁcat;
821 2988 961 3043 sicut
993 2988 1278 3056 probatum
1306 2997 1390 3043 est
1417 2987 1514 3020 ⁸⁰³⁸
1548 2988 1613 3043 de
1647 3003 1920 3058 gramma—
1947 3026 1993 3088 ο
2022 2989 2171 3043 verbi
2198 2987 2418 3052 dicitur,
2464 2985 2592 3057 quia
2619 2994 2702 3040 est
2728 2999 2834 3041 vox
2879 2983 3276 3058 signiﬁcativa;
3309 2984 3608 3058 intelligen-

330 3079 440 3133 tico
469 3096 484 3132 :
533 3075 628 3134 sed
664 3080 838 3133 adhuc
873 3089 1129 3149 ex5pccto
1173 3088 1233 3134 ut
1261 3081 1517 3136 ostendas
1560 3080 1688 3150 quid
1717 3080 1923 3151 signiﬁ-

328 3178 418 3224 cet
439 3167 556 3223 ω’.
590 3167 729 3222 MAG.
768 3167 908 3235 Quid
932 3168 978 3224 si
1005 3169 1155 3224 vides
1193 3178 1400 3224 stantes
1417 3168 1575 3238 juxta
1601 3183 1662 3225 se
1690 3169 1921 3224 invicem

329 3259 514 3316 album
544 3275 767 3332 equum,
813 3269 867 3316 et
899 3261 1114 3332 nigrum
1161 3261 1377 3330 bovem,
1421 3271 1477 3318 et
1524 3263 1657 3318 dicit
1705 3262 1799 3318 tibi
1826 3261 1923 3296 ⁸⁰³⁶

332 3352 530 3422 aliquis
560 3355 625 3406 de
669 3367 830 3422 equo,
865 3361 1087 3423 percute
1122 3352 1292 3421 illum,
1331 3369 1436 3408 non
1486 3363 1797 3410 monstrans
1823 3354 1926 3409 ali-

331 3456 442 3510 quo
470 3442 626 3511 signo
670 3443 736 3498 de
759 3458 866 3512 quo
903 3444 1046 3498 oicat
1073 3443 1205 3508 “3";
1257 3459 1325 3498 an
1359 3445 1467 3501 scis
1492 3446 1636 3516 quod
1677 3447 1744 3502 de
1782 3437 1922 3516 equo

332 3535 517 3590 dicat?
547 3537 694 3590 Dtsc.
727 3535 865 3590 Non.
896 3534 1035 3590 MAG.
1069 3535 1126 3590 Si
1156 3552 1287 3591 vero
1313 3539 1571 3593 nescienti
1607 3539 1723 3605 tibi,
1761 3549 1815 3595 et
1838 3541 1924 3595 in-

335 3625 654 3696 terroganti,
693 3624 905 3692 Quem?
937 3628 1222 3697 respondet
1245 3626 1362 3694 ⁸⁸³⁸,
1405 3628 1599 3684 Album
1626 3646 1640 3684 :
1671 3630 1927 3702 intelligis

335 3717 402 3771 de
457 3731 564 3783 quo
615 3716 788 3770 dicit?
833 3717 978 3772 Disc.
1029 3718 1238 3788 Equum
1285 3717 1523 3791 intelligo
1573 3737 1670 3791 per
1725 3737 1924 3778 nomen

336 3809 465 3862 albi.
497 3807 639 3865 MAG.
665 3809 869 3865 Nomen
894 3825 1022 3882 ergo
1049 3810 1156 3867 albi
1185 3813 1454 3884 signiﬁcat
1479 3814 1571 3870 tibi
1595 3830 1793 3885 equum
1806 3814 1922 3870 ι⁰³⁹.

336 3897 483 3955 Disc.
533 3898 811 3969 Signiﬁcat
842 3899 1044 3970 utique.
1092 3901 1233 3958 MAG.
1272 3900 1462 3958 Nonne
1484 3903 1633 3961 vides
1661 3906 1784 3975 quia
1820 3903 1925 3961 alio

339 3996 520 4061 modo,
563 4009 724 4064 quam
749 4011 943 4050 nomen
972 3996 1139 4067 equi?
1182 3995 1328 4053 Dtsc.
1371 3995 1540 4053 Video
1573 4015 1585 4052 :
1616 4013 1807 4066 nempe
1829 4014 1923 4051 no-

339 4101 466 4140 men
491 4089 637 4156 equi,
661 4088 823 4143 etiam
865 4090 1180 4159 priusquam
1210 4093 1378 4146 sciam
1410 4091 1584 4161 ipsum
1617 4104 1816 4162 equum
1849 4089 1926 4144 al-

342 4179 470 4230 bum
497 4192 638 4246 esse,
673 4178 942 4248 signiﬁcat
968 4178 1099 4234 mihi
1129 4179 1224 4212 ⁴⁶⁸⁶
1261 4180 1620 4236 substantiam
1648 4195 1748 4251 per
1775 4196 1833 4236 se
1874 4187 1931 4235 et

2025 3080 2152 3134 dum
2183 3088 2286 3147 est,
2317 3093 2422 3133 non
2453 3076 2558 3132 alia
2603 3075 3020 3147 signiﬁcatione,
3061 3091 3226 3148 quam
3251 3093 3316 3134 ea
3355 3093 3477 3150 quae
3518 3094 3609 3149 per

2024 3187 2082 3229 se
2108 3165 2190 3227 est
2216 3190 2229 3226 :
2261 3187 2387 3226 nam
2424 3171 2467 3225 si
2499 3169 2586 3223 illa
2613 3163 2935 3240 signiﬁcatio
2964 3184 3084 3241 qua:
3113 3178 3197 3227 est
3223 3186 3323 3242 per
3356 3170 3528 3238 aliud,
3556 3171 3610 3225 in

2025 3261 2349 3319 difﬁnitioue
2383 3261 2617 3317 nominis
2646 3260 2730 3316 vel
2776 3261 2926 3316 verbi
2977 3260 3323 3332 intelligenda
3354 3271 3466 3328 est;
3497 3262 3610 3333 jam

2025 3371 2130 3411 non
2162 3354 2285 3420 erit,
2316 3354 2623 3418 hodiernus,
2659 3367 2856 3408 nomen
2887 3353 3006 3420 δοδο,
3039 3353 3135 3410 sed
3157 3355 3413 3421 verbum;
3446 3355 3611 3426 signi-

2025 3447 2153 3504 ﬁcat
2195 3448 2338 3503 enim
2366 3446 2656 3517 aliquando
2693 3460 2757 3501 ea
2802 3445 3197 3518 signiﬁcatione
3243 3447 3449 3519 aliquid
3489 3463 3612 3504 cum

2029 3549 2271 3606 tempore
2313 3537 2432 3602 ⁸⁰¹¹,
2478 3536 2620 3592 sicut
2662 3551 2826 3609 supra
2863 3538 2974 3594 dixi
3023 3538 3143 3606 ηδ’,
3180 3540 3325 3611 quod
3374 3555 3482 3604 non
3529 3547 3614 3597 est

2025 3631 2279 3698 nominis,
2308 3630 2401 3686 sed
2434 3631 2607 3686 verbi.

2615 3721 2844 3779 CAPUT
2878 3719 3018 3778 XVI.

2295 3809 2566 3874 Quomodo
2592 3813 2967 3882 grammaticus
2995 3825 3060 3867 att
3087 3813 3332 3884 qualitas.

2079 3899 2252 3955 'Dtsc.
2284 3898 2442 3955 Patet
2467 3901 2610 3970 quod
2641 3901 2812 3968 dicis;
2839 3902 2933 3956 sed
2961 3916 3068 3957 non
3098 3902 3219 3958 sine
3241 3902 3497 3973 scrupulo
3523 3919 3616 3962 aco

2033 3995 2163 4064 cipit
2185 3994 2395 4050 animus
2420 3994 2832 4065 grammaticum
2858 4009 2980 4050 esse
3005 3994 3343 4065 qualitatem,
3365 3999 3616 4068 quamvis

2033 4085 2298 4158 signiﬁcet
2349 4087 2792 4156 grammaticum;
2849 4093 2943 4140 aut
2991 4085 3265 4142 hominem
3313 4086 3510 4158 solum,
3560 4090 3616 4146 id

2038 4187 2154 4246 est,
2216 4178 2335 4235 sine
2385 4177 2762 4249 grammatica,
2817 4191 2940 4236 esse
2982 4178 3438 4250 grammaticum:
3489 4180 3618 4239 licet

1643 4293 1875 4350 VARIE
1915 4291 2316 4351 LECTIONES.

442 4384 536 4416 ⁸⁸³⁸
591 4383 856 4455 Ostendas
908 4383 1268 4455 signiﬁcatum
1316 4401 1441 4441 mss.
1475 4387 1654 4440 etiam.
1719 4385 1853 4442 Vict.
1908 4387 1994 4442 15.
2032 4385 2286 4455 ostendas
2327 4383 2744 4454 signiﬁcativum
2839 4385 2936 4419 δυ’
2966 4385 3157 4444 Nonne
3182 4399 3308 4448 ante
3338 4407 3439 4446 me.
3481 4389 3618 4450 Vict.

349 4457 422 4511 15
482 4469 661 4510 nonne
715 4454 874 4523 paulo
926 4454 1054 4511 ante

360 4737 497 4791 Vict.
528 4737 594 4790 15
629 4739 790 4791 domo
816 4736 992 4805 aliqua

538 4471 679 4541 mne"
715 4454 874 4541 paulo
926 4453 1054 4511 ante
1126 4455 1254 4541 _f°"
1283 4456 1425 4541 Ergo
1475 4456 1834 4541 signiﬁcatum
1865 4474 1990 4540 mss.
2033 4458 2199 4541 .entiant
2239 4453 2644 4541 Vict."l‘?n>._ets‘t'
2671 4469 2802 4541 ergo
2831 4457 3271 4541 signiﬁcativum
3319 4533 3334 4541 -
3371 4461 3469 4496 ⁸⁸⁸⁸
3507 4461 3621 4541 Nec

346 4537 471 4582 esse
506 4525 1032 4599 signillcatumyu.
1078 4527 1249 4599 etiam
1295 4523 1429 4599 Vict.
1481 4527 1548 4581 15
1599 4543 1702 4599 nec
1753 4541 1874 4584 esse
1909 4527 2324 4599 signiﬁcativum

345 4612 458 4667 quo
514 4611 638 4649 mu.
671 4597 851 4669 etiam
863 4594 1138 4669 _Vict._15
1187 4598 1603 4669 signiﬁcativum
1656 4595 1814 4667 ejus,
1867 4594 2009 4669 quo'd
2057 4597 2239 4665 aliquo

345 4664 434 4740 est
458 4682 591 4740 mss:
612 4667 770 4740 etiam
809 4664 943 4740 Vict.
998 4665 1066 4720 15
1111 4664 1464 4740 βρρεῖριίνυηι
1511 4667 1655 4735 ejus,
1685 4664 1856 4740 ’cnjus
1885 4664 2304 4740 signiﬁcativum
2349 4683 2455 4740 non
2478 4664 2571 4740 est

1111 4736 1219 4808 “'37
1255 4737 1434 4793 lnesse
1462 4751 1659 4808 equum
1688 4736 1811 4794 mss.
1865 4736 1988 4796 esse
2029 4754 2227 4808 equum

353 4809 409 4863 in
437 4823 546 4876 quo
573 4817 659 4861 est
731 4807 827 4839 δ⁰³⁰
855 4807 911 4861 Si
940 4807 1143 4880 aliquid
1174 4807 1317 4880 aliud
1344 4825 1468 4863 mss.
1504 4807 1718 4864 etiamsi
1765 4810 1970 4880 aliquid
2017 4807 2162 4880 aliud

2429 4525 2524 4608 ξσξυ
2567 4525 2940 4608 signiﬁcatus}:
2980 4529 3142 4608 _eju_s,
3181 4533 3342 4608 quod
3383 4548 3482 4604 pro
3520 4533 3622 4588 all-

2342 4595 2438 4628 δυ’
2465 4595 2894 4667 Appellativum,
2946 4598 2995 4654 si
3033 4595 3474 4672 'signiﬁcativum
3509 4619 3620 4662 non

2349 4683 2455 4740 non
2478 4679 2571 4740 est
2624 4735 2637 4740 _
2689 4665 2782 4698 ⁸⁰¹⁷
2812 4667 2983 4724 Domo
3033 4671 3230 4740 aliquis
3269 4691 3399 4730 mss.
3461 4675 3621 4730 etiam

2351 4737 2446 4768 “'9
2474 4735 2599 4791 Sive
2623 4735 2676 4790 in
2705 4752 2840 4806 quo,
2887 4739 3005 4796 sive
3048 4735 3139 4798 cui
3167 4744 3310 4800 inest
3342 4761 3471 4800 mss.
3503 4745 3622 4800 sive

2272 4805 2366 4838 ‘°“
2400 4806 2605 4862 Tamen
2639 4805 2845 4862 rectum
2895 4818 2982 4864 est
3004 4827 3133 4867 mas.
3170 4817 3330 4869 etiam
3371 4813 3505 4870 Vict.
3553 4816 3623 4872 15

353 4889 535 4932 tamen
567 4887 779 4932 certum
801 4885 885 4932 est
955 4876 1054 4914 δ⁰³²
1078 4877 1210 4949 Nam
1243 4879 1286 4933 si
1321 4889 1576 4934 occurrat
1604 4896 1731 4934 mss.
1782 4876 1906 4935 nam
1939 4879 2042 4934 etsi
2072 4887 2358 4949 occurrat
2400 4876 2496 4909 m’
2526 4876 2708 4932 Solem
2739 4893 2862 4949 esse
2882 4894 2980 4949 per
3004 4883 3312 4939 albedinem
3357 4901 3485 4939 mu.
3531 4899 3622 4940 so-

351 4949 472 5003 lere
499 4963 618 5003 esse
642 4948 948 5002 albedinem

1022 4949 1120 4982 ⁴⁰³⁵
1147 4947 1302 5004 Sicut
1323 4951 1589 5018 prolatum
1618 4959 1701 5005 est
1715 4967 1815 5006 ms.
1861 4949 2000 5005 Vict.
2023 4952 2056 5006 5
2085 4950 2225 5004 sicut
2248 4947 2533 5018 probatum
2559 4960 2653 5018 est

351 5036 492 5100 φεμ.-
507 5019 768 5100 ostendas
796 5019 920 5100 quia
951 5019 1221 5100 signiﬁcat
1322 5021 1430 5100 “’1
1447 5021 1513 5077 Et
1541 5023 1686 5100 dicat
1710 5021 1804 5076 tibi
1836 5037 1961 5076 mu.
1985 5029 2040 5100 et
2070 5019 2200 5076 dicit
2225 5019 2318 5100 tibi

350 5089 835 5163 Wfi‘lnterroganti
879 5089 1148 5163 quoniam
1181 5091 1458 5163 respondit
1488 5109 1614 5146 mss.
1651 5091 2039 5163 interroganti,
2075 5089 2281 5163 quem?
2308 5089 2600 5163 respondet

2765 4948 2864 5034 δοξξ
2887 4948 3168 5034 ostendas
3193 4954 3322 5034 quid
3353 4953 3624 5034 signiﬁco!

2674 5035 2783 5090 quo
2810 5020 3022 5076 dicatur
3047 5039 3175 5078 mu.
3211 5020 3293 5078 'de
3325 5020 3434 5094 quo
3475 5023 3625 5079 dicat

2706 5089 2801 5122 ⁸⁰³⁹
2829 5091 3113 5163 Signiﬁcat
3153 5108 3351 5163 equum
3389 5110 3514 5148 mss.
3546 5095 3623 5148 εἰς

2425 5019 2521 5052 40³⁸1
2551 5017 2626 5074 De

352 5160 578 5243 gniﬁcat
601 5159 695 5244 tibi
721 5172 919 5244 equum
991 5161 1088 5193 ⁸⁰³⁰
1124 5159 1402 5244 lnde_equi
1432 5179 1566 5244 ηερε..
1591 5159 1883 5244 mihieqyi'
1933 5161 2040 5244 fw
2071 5159 2452 5244 Substautiain
2473 5175 2578 5244 non
2608 5175 2704 5232 per
2731 5176 2790 5218 se
2814 5159 2916 5217 sed
2935 5178 3032 5244 per
3052 5159 3346 5218 aliud—nm.
3369 5165 3624 5244 substan-

355 5229 488 5284 iiam
521 5229 792 5300 signiﬁcat
823 5245 926 5283 non
966 5247 1063 5300 per
1088 5246 1146 5286 se
1177 5232 1271 5286 sed
1302 5229 1398 5300 per
1424 5231 1568 5286 aliud

1672 5233 1766 5264 ⁸⁰¹⁵²
1797 5233 2004 5302 Oratio,
2033 5233 2175 5302 quod
2205 5239 2332 5287 est..
2358 5232 2453 5288 sed
2491 5232 2605 5288 haec
2653 5249 2780 5288 mss.
2812 5232 2986 5288 oratio

3033 5249 3153 5304 quae
3182 5241 3310 5304 est..
3338 5234 3481 5304 sicut
3508 5233 3626 5290 hanc

353 5301 451 5375 ξφ
486 5301 707 5375 Scilicet
736 5302 991 5375 quoniam
1023 5318 1146 5375 mss.
1176 5302 1550 5375 sedquoniam
1613 5301 1816 5375 -δοιενει
1856 5319 1952 5375 per
1987 5301 2140 5375 aliud
2187 5319 2314 5357 mss.
2342 5312 2398 5375 et
2426 5303 2530 5375 hoc
2558 5318 2656 5372 per
2696 5304 2850 5375 aliud
2913 5302 3009 5375 “'f‘
3033 5301 3184 5368 Albi;
3232 5303 3470 5374 intelligo
3516 5319 3620 5361 ms.

365 5369 502 5425 Vict.
531 5372 568 5427 5
595 5370 727 5434 albi,
761 5371 904 5425 velut
931 5386 1028 5442 per
1054 5373 1228 5425 visum
1275 5369 1542 5428 intellecta
1579 5373 1826 5429 albedine
1856 5369 1958 5444 per
1985 5374 2087 5429 hoc
2119 5388 2313 5429 nomen
2364 5369 2604 5496 intellig}
2701 5373 2797 5406 W“
2822 5374 3087 5442 Quoniam
3131 5375 3312 5430 album
3357 5369 3464 5430 non
3493 5390 3620 5436 mas.

365 5443 634 5496 uuomodo
659 5441 816 5496 albus
844 5457 947 5495 non
1046 5441 1140 5475 “"7
1173 5442 1288 5496 Non
1327 5443 1597 5496 signiﬁcat
1621 5458 1776 5496 eum:
1808 5460 1912 5496 non
1942 5444 2086 5496 enim
2117 5444 2385 5496 signiﬁcat
2407 5461 2507 5496 ms.
2585 5444 2671 5496 ict.
2695 5445 2729 5496 5
2759 5461 2865 5496 non
2891 5445 3179 5496 signiﬁcat.
3203 5445 3329 5496 auia
3366 5460 3472 5496 non
3497 5460 3620 5496 eum

355 5443 634 5513 quomodo
659 5441 816 5513 altilis
844 5457 947 5513 non
1046 5441 1140 5475 ηδτ
1173 5442 1288 5496 Νοη
1327 5443 1597 5513 signiﬁcat
1621 5458 1776 5509 eum;
1808 5441 1912 5498 non
1942 5444 2086 5513 enim
2117 5444 2385 5512 signiﬁcat
2407 5461 2507 5498 ms.

2585 5444 2671 5528 ict.
2695 5445 2729 5500 5
2759 5445 3179 5528 uenfigniﬁcat,
3203 5445 3329 5528 quia
3366 5460 3472 5501 non
3497 5460 3622 5501 eum

356 5512 636 5582 signiﬁcat
707 5511 806 5544 ⁵⁸⁸⁸
841 5512 958 5565 Alia
1000 5527 1130 5568 vero
1161 5511 1462 5584 appellatur
1484 5513 1832 5569 occidentalis
1863 5531 1960 5568 ms.
1991 5512 2127 5566 Vict.
2158 5511 2192 5568 5
2223 5514 2368 5567 omit.
2401 5531 2467 5585 ap
2486 5514 2698 5568 )ellatur
2799 5513 2892 5547 ‘°"
2918 5511 3051 5570 Cum
3091 5511 3301 5572 vero'in
3334 5532 3460 5571 mss.
3498 5531 3622 5571 cum

359 5583 505 5637 enim
536 5584 590 5638 in
663 5581 760 5615 ⁸⁸³⁸⁸
790 5582 959 5637 Hodie
988 5598 1132 5640 nam.
1169 5598 1360 5637 nomen
1408 5599 1533 5636 mss.
1579 5584 1890 5640 hodiernus.
1939 5597 2134 5640 nomen
2207 5583 2295 5615 ⁸⁰⁸¹
2331 5532 2486 5640 Aliud
2518 5600 2639 5640 cum
2670 5594 2908 5640 tempore
2939 5604 3060 5640 mas.
3093 5587 3292 5640 alimtid
3321 5603 3445 5640 eum
3484 5596 3622 5640 tem-

359 5581 505 5637 euim
536 5584 590 5638 in
663 5581 760 5615 ⁸⁸³⁸⁸
790 5582 959 5637 Hodie
988 5598 1132 5649 nam,
1169 5581 1360 5637 nomen
1408 5599 1533 5636 mss.
1579 5584 1890 5652 hodiernus,
1939 5597 2134 5642 nomen
2207 5583 2295 5615 ⁸⁰⁸¹
2331 5581 2448 5639 Aliu

361 5669 497 5720 pore
567 5653 664 5687 ¹⁵⁰⁸⁸
691 5653 844 5710 Sicut
870 5652 1094 5725 praedixi
1127 5669 1248 5708 mss.
1275 5653 1414 5710 sicut
1442 5670 1602 5724 supra
1633 5655 1739 5710 dixi

2518 5600 2639 5640 cum
2670 5594 2908 5656 tempore
2939 5604 3060 5643 mas.
3093 5587 3292 5658 aliquid
3321 5603 3445 5646 cum
3484 5596 3624 5644 tem-
