  <div class='ocr_page' id='page_1' title='image "/cluster/home/n/w/nwhite01/storage/ocr_20150623/158/hvd.32044054760160/293.png"; bbox 0 0 3940 6046; ppageno 0'>
   <div class='ocr_carea' id='block_1_1' title="bbox 372 207 482 263">
    <p class='ocr_par' dir='ltr' id='par_1_1' title="bbox 372 207 482 263">
     <span class='ocr_line' id='line_1_1' title="bbox 372 207 482 263; baseline 0 0"><span class='ocrx_word' id='word_1_1' title='bbox 372 207 482 263; x_wconf 81' lang='lat'><strong>575</strong></span> 
     </span>
    </p>
   </div>
   <div class='ocr_carea' id='block_1_2' title="bbox 909 207 3119 270">
    <p class='ocr_par' dir='ltr' id='par_1_2' title="bbox 909 207 3119 270">
     <span class='ocr_line' id='line_1_2' title="bbox 909 207 3119 270; baseline 0.001 -4"><span class='ocrx_word' id='word_1_2' title='bbox 909 208 968 266; x_wconf 85' lang='lat' dir='ltr'><strong>S.</strong></span> <span class='ocrx_word' id='word_1_3' title='bbox 1011 209 1316 268; x_wconf 73' lang='lat' dir='ltr'><strong>ANSELMI</strong></span> <span class='ocrx_word' id='word_1_4' title='bbox 1353 207 1707 269; x_wconf 80' lang='lat' dir='ltr'><strong>CANTUAR.</strong></span> <span class='ocrx_word' id='word_1_5' title='bbox 1746 209 2066 268; x_wconf 75' lang='lat' dir='ltr'><strong>ARCHIEP.</strong></span> <span class='ocrx_word' id='word_1_6' title='bbox 2105 207 2256 268; x_wconf 77' lang='lat' dir='ltr'><strong>OPP.</strong></span> <span class='ocrx_word' id='word_1_7' title='bbox 2295 209 2478 268; x_wconf 78' lang='lat' dir='ltr'><strong>PARS</strong></span> <span class='ocrx_word' id='word_1_8' title='bbox 2513 213 2550 268; x_wconf 91' lang='grc'><strong>1.</strong></span> <span class='ocrx_word' id='word_1_9' title='bbox 2593 244 2663 256; x_wconf 91' lang='grc'><strong>-</strong></span> <span class='ocrx_word' id='word_1_10' title='bbox 2697 210 3119 270; x_wconf 78' lang='lat' dir='ltr'><strong>DOGMATICA.</strong></span> 
     </span>
    </p>
   </div>
   <div class='ocr_carea' id='block_1_3' title="bbox 3518 211 3626 271">
    <p class='ocr_par' dir='ltr' id='par_1_3' title="bbox 3518 211 3626 271">
     <span class='ocr_line' id='line_1_3' title="bbox 3518 211 3626 271; baseline -0.009 0"><span class='ocrx_word' id='word_1_11' title='bbox 3518 211 3626 271; x_wconf 70' lang='lat'><strong>576</strong></span> 
     </span>
    </p>
   </div>
   <div class='ocr_carea' id='block_1_4' title="bbox 361 322 3642 396">
    <p class='ocr_par' dir='ltr' id='par_1_4' title="bbox 361 322 3642 396">
     <span class='ocr_line' id='line_1_4' title="bbox 361 322 3642 396; baseline 0.002 -22"><span class='ocrx_word' id='word_1_12' title='bbox 361 322 650 391; x_wconf 83' lang='lat' dir='ltr'><strong>probatum</strong></span> <span class='ocrx_word' id='word_1_13' title='bbox 705 323 777 377; x_wconf 88' lang='lat' dir='ltr'><strong>sit</strong></span> <span class='ocrx_word' id='word_1_14' title='bbox 814 322 1090 378; x_wconf 76' lang='lat' dir='ltr'><strong>hominem</strong></span> <span class='ocrx_word' id='word_1_15' title='bbox 1121 323 1283 378; x_wconf 85' lang='lat' dir='ltr'><strong>simul</strong></span> <span class='ocrx_word' id='word_1_16' title='bbox 1312 330 1367 377; x_wconf 90' lang='lat' dir='ltr'><strong>et</strong></span> <span class='ocrx_word' id='word_1_17' title='bbox 1401 324 1810 392; x_wconf 74' lang='lat' dir='ltr'><strong>grammaticam</strong></span> <span class='ocrx_word' id='word_1_18' title='bbox 1842 338 1951 378; x_wconf 91' lang='lat' dir='ltr'><strong>non</strong></span> <span class='ocrx_word' id='word_1_19' title='bbox 1979 325 2027 382; x_wconf 82' lang='lat' dir='ltr'><strong>A</strong></span> <span class='ocrx_word' id='word_1_20' title='bbox 2052 338 2211 379; x_wconf 86' lang='lat' dir='ltr'><strong>voces</strong></span> <span class='ocrx_word' id='word_1_21' title='bbox 2251 324 2577 396; x_wconf 85' lang='lat' dir='ltr'><strong>signiﬁcant,</strong></span> <span class='ocrx_word' id='word_1_22' title='bbox 2615 339 2840 381; x_wconf 87' lang='lat' dir='ltr'><strong>necesse</strong></span> <span class='ocrx_word' id='word_1_23' title='bbox 2869 324 2971 378; x_wconf 85' lang='lat' dir='ltr'><strong>fuit</strong></span> <span class='ocrx_word' id='word_1_24' title='bbox 3006 324 3190 380; x_wconf 83' lang='lat' dir='ltr'><strong>dicere</strong></span> <span class='ocrx_word' id='word_1_25' title='bbox 3217 322 3348 394; x_wconf 92' lang='lat' dir='ltr'><strong>quid</strong></span> <span class='ocrx_word' id='word_1_26' title='bbox 3387 323 3498 380; x_wconf 88' lang='lat' dir='ltr'><strong>sint</strong></span> <span class='ocrx_word' id='word_1_27' title='bbox 3527 339 3642 381; x_wconf 85' lang='lat' dir='ltr'><strong>res.</strong></span> 
     </span>
    </p>
   </div>
   <div class='ocr_carea' id='block_1_5' title="bbox 361 411 1950 484">
    <p class='ocr_par' dir='ltr' id='par_1_5' title="bbox 361 411 1950 484">
     <span class='ocr_line' id='line_1_5' title="bbox 361 411 1950 484; baseline 0.002 -16"><span class='ocrx_word' id='word_1_28' title='bbox 361 428 487 468; x_wconf 89' lang='lat' dir='ltr'><strong>esse</strong></span> <span class='ocrx_word' id='word_1_29' title='bbox 513 411 610 446; x_wconf 77' lang='lat'><strong>&quot;”</strong></span> <span class='ocrx_word' id='word_1_30' title='bbox 632 412 1066 484; x_wconf 87' lang='lat' dir='ltr'><strong>grammaticum.</strong></span> <span class='ocrx_word' id='word_1_31' title='bbox 1093 412 1246 468; x_wconf 89' lang='lat' dir='ltr'><strong>Unde</strong></span> <span class='ocrx_word' id='word_1_32' title='bbox 1275 415 1625 482; x_wconf 91' lang='lat' dir='ltr'><strong>consequitur</strong></span> <span class='ocrx_word' id='word_1_33' title='bbox 1651 414 1824 470; x_wconf 87' lang='lat' dir='ltr'><strong>solum</strong></span> <span class='ocrx_word' id='word_1_34' title='bbox 1853 415 1950 471; x_wconf 92' lang='lat' dir='ltr'><strong>ho-</strong></span> 
     </span>
    </p>
   </div>
   <div class='ocr_carea' id='block_1_6' title="bbox 360 503 1950 575">
    <p class='ocr_par' dir='ltr' id='par_1_6' title="bbox 360 503 1950 575">
     <span class='ocr_line' id='line_1_6' title="bbox 360 503 1950 575; baseline 0 -15"><span class='ocrx_word' id='word_1_35' title='bbox 360 505 562 560; x_wconf 84' lang='lat' dir='ltr'><strong>minem</strong></span> <span class='ocrx_word' id='word_1_36' title='bbox 591 519 710 560; x_wconf 88' lang='lat' dir='ltr'><strong>esse</strong></span> <span class='ocrx_word' id='word_1_37' title='bbox 731 503 1177 574; x_wconf 89' lang='lat' dir='ltr'><strong>grammaticum;</strong></span> <span class='ocrx_word' id='word_1_38' title='bbox 1202 504 1458 574; x_wconf 90' lang='lat' dir='ltr'><strong>quoniam</strong></span> <span class='ocrx_word' id='word_1_39' title='bbox 1484 520 1592 560; x_wconf 91' lang='lat' dir='ltr'><strong>non</strong></span> <span class='ocrx_word' id='word_1_40' title='bbox 1622 513 1798 575; x_wconf 91' lang='lat' dir='ltr'><strong>potest</strong></span> <span class='ocrx_word' id='word_1_41' title='bbox 1828 520 1950 562; x_wconf 87' lang='lat' dir='ltr'><strong>esse</strong></span> 
     </span>
    </p>
   </div>
   <div class='ocr_carea' id='block_1_7' title="bbox 360 594 1952 668">
    <p class='ocr_par' dir='ltr' id='par_1_7' title="bbox 360 594 1952 668">
     <span class='ocr_line' id='line_1_7' title="bbox 360 594 1952 668; baseline 0.001 -19"><span class='ocrx_word' id='word_1_42' title='bbox 360 595 769 668; x_wconf 84' lang='lat' dir='ltr'><strong>grammaticus,</strong></span> <span class='ocrx_word' id='word_1_43' title='bbox 812 594 916 651; x_wconf 90' lang='lat' dir='ltr'><strong>nisi</strong></span> <span class='ocrx_word' id='word_1_44' title='bbox 945 604 1039 649; x_wconf 91' lang='lat' dir='ltr'><strong>aut</strong></span> <span class='ocrx_word' id='word_1_45' title='bbox 1078 594 1226 651; x_wconf 89' lang='lat' dir='ltr'><strong>solus</strong></span> <span class='ocrx_word' id='word_1_46' title='bbox 1254 594 1370 661; x_wconf 70' lang='lat'><strong>‘°“,</strong></span> <span class='ocrx_word' id='word_1_47' title='bbox 1403 605 1496 650; x_wconf 90' lang='lat' dir='ltr'><strong>aut</strong></span> <span class='ocrx_word' id='word_1_48' title='bbox 1533 611 1656 650; x_wconf 91' lang='lat' dir='ltr'><strong>cum</strong></span> <span class='ocrx_word' id='word_1_49' title='bbox 1683 611 1952 666; x_wconf 81' lang='lat' dir='ltr'><strong>gramma-</strong></span> 
     </span>
    </p>
   </div>
   <div class='ocr_carea' id='block_1_8' title="bbox 360 685 1948 757">
    <p class='ocr_par' dir='ltr' id='par_1_8' title="bbox 360 685 1948 757">
     <span class='ocr_line' id='line_1_8' title="bbox 360 685 1948 757; baseline 0.003 -17"><span class='ocrx_word' id='word_1_50' title='bbox 360 687 506 742; x_wconf 83' lang='lat' dir='ltr'><strong>lica:</strong></span> <span class='ocrx_word' id='word_1_51' title='bbox 558 686 807 756; x_wconf 88' lang='lat' dir='ltr'><strong>quamvis</strong></span> <span class='ocrx_word' id='word_1_52' title='bbox 835 701 1068 756; x_wconf 87' lang='lat' dir='ltr'><strong>namque</strong></span> <span class='ocrx_word' id='word_1_53' title='bbox 1118 685 1212 717; x_wconf 71' lang='grc'><strong>⁸⁰⁵⁸</strong></span> <span class='ocrx_word' id='word_1_54' title='bbox 1250 686 1588 757; x_wconf 75' lang='lat' dir='ltr'><strong>grammatici</strong></span> <span class='ocrx_word' id='word_1_55' title='bbox 1644 702 1840 742; x_wconf 88' lang='lat' dir='ltr'><strong>nomen</strong></span> <span class='ocrx_word' id='word_1_56' title='bbox 1871 688 1948 744; x_wconf 89' lang='lat' dir='ltr'><strong>si-</strong></span> 
     </span>
    </p>
   </div>
   <div class='ocr_carea' id='block_1_9' title="bbox 358 776 1948 848">
    <p class='ocr_par' dir='ltr' id='par_1_9' title="bbox 358 776 1948 848">
     <span class='ocr_line' id='line_1_9' title="bbox 358 776 1948 848; baseline 0.002 -17"><span class='ocrx_word' id='word_1_57' title='bbox 358 776 728 846; x_wconf 82' lang='lat' dir='ltr'><strong>gniﬁcativum</strong></span> <span class='ocrx_word' id='word_1_58' title='bbox 759 777 831 831; x_wconf 92' lang='lat' dir='ltr'><strong>sit</strong></span> <span class='ocrx_word' id='word_1_59' title='bbox 862 777 956 808; x_wconf 67' lang='grc'><strong>⁸⁰⁶⁸</strong></span> <span class='ocrx_word' id='word_1_60' title='bbox 981 779 1336 848; x_wconf 87' lang='lat' dir='ltr'><strong>grammatica</strong></span> <span class='ocrx_word' id='word_1_61' title='bbox 1359 819 1374 844; x_wconf 94' lang='lat'><strong>,</strong></span> <span class='ocrx_word' id='word_1_62' title='bbox 1398 794 1506 833; x_wconf 92' lang='lat' dir='ltr'><strong>non</strong></span> <span class='ocrx_word' id='word_1_63' title='bbox 1543 788 1721 833; x_wconf 91' lang='lat' dir='ltr'><strong>tamen</strong></span> <span class='ocrx_word' id='word_1_64' title='bbox 1750 793 1948 835; x_wconf 86' lang='lat' dir='ltr'><strong>conve-</strong></span> 
     </span>
    </p>
   </div>
   <div class='ocr_carea' id='block_1_10' title="bbox 360 868 1951 948">
    <p class='ocr_par' dir='ltr' id='par_1_10' title="bbox 360 868 1951 948">
     <span class='ocr_line' id='line_1_10' title="bbox 360 868 1951 948; baseline 0.003 -25"><span class='ocrx_word' id='word_1_65' title='bbox 360 868 572 948; x_wconf 65' lang='lat' dir='ltr'><strong>nienter</strong></span> <span class='ocrx_word' id='word_1_66' title='bbox 617 871 976 940; x_wconf 72' lang='lat' dir='ltr'><strong>respondetur</strong></span> <span class='ocrx_word' id='word_1_67' title='bbox 1000 870 1377 942; x_wconf 79' lang='lat' dir='ltr'><strong>interroganti,</strong></span> <span class='ocrx_word' id='word_1_68' title='bbox 1405 872 1531 941; x_wconf 83' lang='lat' dir='ltr'><strong>quid</strong></span> <span class='ocrx_word' id='word_1_69' title='bbox 1563 871 1951 941; x_wconf 85' lang='lat' dir='ltr'><strong>grammaticus</strong></span> 
     </span>
    </p>
   </div>
   <div class='ocr_carea' id='block_1_11' title="bbox 359 962 1951 1032">
    <p class='ocr_par' dir='ltr' id='par_1_11' title="bbox 359 962 1951 1032">
     <span class='ocr_line' id='line_1_11' title="bbox 359 962 1951 1032; baseline 0.003 -17"><span class='ocrx_word' id='word_1_70' title='bbox 359 963 458 1027; x_wconf 88' lang='lat' dir='ltr'><strong>sit;</strong></span> <span class='ocrx_word' id='word_1_71' title='bbox 512 962 889 1032; x_wconf 86' lang='lat' dir='ltr'><strong>grammatica,</strong></span> <span class='ocrx_word' id='word_1_72' title='bbox 942 971 1055 1027; x_wconf 89' lang='lat' dir='ltr'><strong>aut,</strong></span> <span class='ocrx_word' id='word_1_73' title='bbox 1097 963 1334 1032; x_wconf 86' lang='lat' dir='ltr'><strong>qualitas</strong></span> <span class='ocrx_word' id='word_1_74' title='bbox 1383 981 1396 1017; x_wconf 95' lang='lat'><strong>:</strong></span> <span class='ocrx_word' id='word_1_75' title='bbox 1456 971 1510 1017; x_wconf 88' lang='lat' dir='ltr'><strong>et</strong></span> <span class='ocrx_word' id='word_1_76' title='bbox 1541 963 1584 1018; x_wconf 88' lang='lat' dir='ltr'><strong>si</strong></span> <span class='ocrx_word' id='word_1_77' title='bbox 1639 963 1817 1018; x_wconf 89' lang='lat' dir='ltr'><strong>nullus</strong></span> <span class='ocrx_word' id='word_1_78' title='bbox 1865 971 1951 1019; x_wconf 87' lang='lat' dir='ltr'><strong>est</strong></span> 
     </span>
    </p>
   </div>
   <div class='ocr_carea' id='block_1_12' title="bbox 357 1052 1950 1126">
    <p class='ocr_par' dir='ltr' id='par_1_12' title="bbox 357 1052 1950 1126">
     <span class='ocr_line' id='line_1_12' title="bbox 357 1052 1950 1126; baseline 0.004 -22"><span class='ocrx_word' id='word_1_79' title='bbox 357 1052 762 1122; x_wconf 88' lang='lat' dir='ltr'><strong>grammaticus.</strong></span> <span class='ocrx_word' id='word_1_80' title='bbox 800 1054 901 1107; x_wconf 92' lang='lat' dir='ltr'><strong>nisi</strong></span> <span class='ocrx_word' id='word_1_81' title='bbox 947 1055 1325 1124; x_wconf 86' lang='lat' dir='ltr'><strong>participando</strong></span> <span class='ocrx_word' id='word_1_82' title='bbox 1352 1055 1792 1126; x_wconf 75' lang='lat' dir='ltr'><strong>grammaticam;</strong></span> <span class='ocrx_word' id='word_1_83' title='bbox 1821 1069 1950 1110; x_wconf 92' lang='lat' dir='ltr'><strong>con-</strong></span> 
     </span>
    </p>
   </div>
   <div class='ocr_carea' id='block_1_13' title="bbox 359 1144 1948 1218">
    <p class='ocr_par' dir='ltr' id='par_1_13' title="bbox 359 1144 1948 1218">
     <span class='ocr_line' id='line_1_13' title="bbox 359 1144 1948 1218; baseline 0.003 -21"><span class='ocrx_word' id='word_1_84' title='bbox 359 1144 602 1213; x_wconf 80' lang='lat' dir='ltr'><strong>Sequitur</strong></span> <span class='ocrx_word' id='word_1_85' title='bbox 634 1155 694 1199; x_wconf 88' lang='lat' dir='ltr'><strong>ut</strong></span> <span class='ocrx_word' id='word_1_86' title='bbox 740 1147 900 1201; x_wconf 80' lang='lat' dir='ltr'><strong>homo</strong></span> <span class='ocrx_word' id='word_1_87' title='bbox 955 1161 1060 1201; x_wconf 91' lang='lat' dir='ltr'><strong>non</strong></span> <span class='ocrx_word' id='word_1_88' title='bbox 1111 1147 1183 1202; x_wconf 91' lang='lat' dir='ltr'><strong>sit</strong></span> <span class='ocrx_word' id='word_1_89' title='bbox 1223 1148 1634 1218; x_wconf 87' lang='lat' dir='ltr'><strong>grammaticus,</strong></span> <span class='ocrx_word' id='word_1_90' title='bbox 1691 1147 1794 1202; x_wconf 90' lang='lat' dir='ltr'><strong>nisi</strong></span> <span class='ocrx_word' id='word_1_91' title='bbox 1823 1163 1948 1204; x_wconf 90' lang='lat' dir='ltr'><strong>cum</strong></span> 
     </span>
    </p>
   </div>
   <div class='ocr_carea' id='block_1_14' title="bbox 359 1234 1947 1308">
    <p class='ocr_par' dir='ltr' id='par_1_14' title="bbox 359 1234 1947 1308">
     <span class='ocr_line' id='line_1_14' title="bbox 359 1234 1947 1308; baseline 0.004 -20"><span class='ocrx_word' id='word_1_92' title='bbox 359 1234 729 1302; x_wconf 70' lang='lat' dir='ltr'><strong>grammatica.</strong></span> <span class='ocrx_word' id='word_1_93' title='bbox 758 1234 897 1290; x_wconf 75' lang='lat' dir='ltr'><strong>MAG.</strong></span> <span class='ocrx_word' id='word_1_94' title='bbox 930 1235 1082 1302; x_wconf 83' lang='lat' dir='ltr'><strong>Quod</strong></span> <span class='ocrx_word' id='word_1_95' title='bbox 1112 1237 1328 1306; x_wconf 84' lang='lat' dir='ltr'><strong>quidem</strong></span> <span class='ocrx_word' id='word_1_96' title='bbox 1356 1237 1552 1292; x_wconf 89' lang='lat' dir='ltr'><strong>dicitur</strong></span> <span class='ocrx_word' id='word_1_97' title='bbox 1578 1237 1724 1308; x_wconf 84' lang='lat' dir='ltr'><strong>quod</strong></span> <span class='ocrx_word' id='word_1_98' title='bbox 1761 1238 1947 1304; x_wconf 88' lang='lat' dir='ltr'><strong>homo,</strong></span> 
     </span>
    </p>
   </div>
   <div class='ocr_carea' id='block_1_15' title="bbox 359 1324 1947 1399">
    <p class='ocr_par' dir='ltr' id='par_1_15' title="bbox 359 1324 1947 1399">
     <span class='ocr_line' id='line_1_15' title="bbox 359 1324 1947 1399; baseline 0.004 -19"><span class='ocrx_word' id='word_1_99' title='bbox 359 1324 522 1390; x_wconf 86' lang='lat' dir='ltr'><strong>solus,</strong></span> <span class='ocrx_word' id='word_1_100' title='bbox 579 1324 630 1378; x_wconf 87' lang='lat' dir='ltr'><strong>id</strong></span> <span class='ocrx_word' id='word_1_101' title='bbox 688 1335 789 1389; x_wconf 89' lang='lat' dir='ltr'><strong>est,</strong></span> <span class='ocrx_word' id='word_1_102' title='bbox 848 1328 964 1381; x_wconf 86' lang='lat' dir='ltr'><strong>sine</strong></span> <span class='ocrx_word' id='word_1_103' title='bbox 1008 1328 1360 1397; x_wconf 88' lang='lat' dir='ltr'><strong>grammatica</strong></span> <span class='ocrx_word' id='word_1_104' title='bbox 1412 1338 1494 1384; x_wconf 89' lang='lat' dir='ltr'><strong>est</strong></span> <span class='ocrx_word' id='word_1_105' title='bbox 1540 1330 1947 1399; x_wconf 87' lang='lat' dir='ltr'><strong>grammaticus,</strong></span> 
     </span>
    </p>
   </div>
   <div class='ocr_carea' id='block_1_16' title="bbox 359 1417 1946 1490">
    <p class='ocr_par' dir='ltr' id='par_1_16' title="bbox 359 1417 1946 1490">
     <span class='ocr_line' id='line_1_16' title="bbox 359 1417 1946 1490; baseline 0.006 -21"><span class='ocrx_word' id='word_1_106' title='bbox 359 1427 614 1486; x_wconf 89' lang='lat' dir='ltr'><strong>quantum</strong></span> <span class='ocrx_word' id='word_1_107' title='bbox 629 1417 694 1471; x_wconf 89' lang='lat' dir='ltr'><strong>ad</strong></span> <span class='ocrx_word' id='word_1_108' title='bbox 714 1430 857 1474; x_wconf 82' lang='lat' dir='ltr'><strong>tuam</strong></span> <span class='ocrx_word' id='word_1_109' title='bbox 881 1420 1236 1488; x_wconf 57' lang='lat' dir='ltr'><strong>quaestionem</strong></span> <span class='ocrx_word' id='word_1_110' title='bbox 1263 1420 1573 1476; x_wconf 89' lang='lat' dir='ltr'><strong>solvendam</strong></span> <span class='ocrx_word' id='word_1_111' title='bbox 1604 1421 1807 1477; x_wconf 82' lang='lat' dir='ltr'><strong>sufﬁcit</strong></span> <span class='ocrx_word' id='word_1_112' title='bbox 1827 1423 1946 1490; x_wconf 70' lang='grc'>⁸⁸³⁵⁷,</span> 
     </span>
    </p>
   </div>
   <div class='ocr_carea' id='block_1_17' title="bbox 359 1506 1950 1581">
    <p class='ocr_par' dir='ltr' id='par_1_17' title="bbox 359 1506 1950 1581">
     <span class='ocr_line' id='line_1_17' title="bbox 359 1506 1950 1581; baseline 0.009 -23"><span class='ocrx_word' id='word_1_113' title='bbox 359 1506 565 1561; x_wconf 86' lang='lat' dir='ltr'><strong>duobus</strong></span> <span class='ocrx_word' id='word_1_114' title='bbox 615 1509 788 1564; x_wconf 89' lang='lat' dir='ltr'><strong>modis</strong></span> <span class='ocrx_word' id='word_1_115' title='bbox 853 1509 1080 1580; x_wconf 81' lang='lat' dir='ltr'><strong>intelligi</strong></span> <span class='ocrx_word' id='word_1_116' title='bbox 1134 1520 1339 1581; x_wconf 87' lang='lat' dir='ltr'><strong>potest;</strong></span> <span class='ocrx_word' id='word_1_117' title='bbox 1400 1527 1509 1566; x_wconf 91' lang='lat' dir='ltr'><strong>uno</strong></span> <span class='ocrx_word' id='word_1_118' title='bbox 1572 1528 1722 1578; x_wconf 90' lang='lat' dir='ltr'><strong>vero,</strong></span> <span class='ocrx_word' id='word_1_119' title='bbox 1775 1515 1950 1571; x_wconf 91' lang='lat' dir='ltr'><strong>altero</strong></span> 
     </span>
    </p>
   </div>
   <div class='ocr_carea' id='block_1_18' title="bbox 359 1595 1950 1677">
    <p class='ocr_par' dir='ltr' id='par_1_18' title="bbox 359 1595 1950 1677">
     <span class='ocr_line' id='line_1_18' title="bbox 359 1595 1950 1677; baseline 0.008 -29"><span class='ocrx_word' id='word_1_120' title='bbox 359 1595 492 1651; x_wconf 79' lang='lat' dir='ltr'><strong>[also</strong></span> <span class='ocrx_word' id='word_1_121' title='bbox 520 1596 617 1628; x_wconf 72' lang='grc'><strong>⁸⁰⁸⁸</strong></span> <span class='ocrx_word' id='word_1_122' title='bbox 646 1616 659 1651; x_wconf 92' lang='lat'><strong>:</strong></span> <span class='ocrx_word' id='word_1_123' title='bbox 690 1599 852 1654; x_wconf 91' lang='lat' dir='ltr'><strong>homo</strong></span> <span class='ocrx_word' id='word_1_124' title='bbox 881 1599 1077 1670; x_wconf 88' lang='lat' dir='ltr'><strong>quippe</strong></span> <span class='ocrx_word' id='word_1_125' title='bbox 1116 1600 1285 1664; x_wconf 87' lang='lat' dir='ltr'><strong>solus.</strong></span> <span class='ocrx_word' id='word_1_126' title='bbox 1325 1601 1377 1657; x_wconf 89' lang='lat' dir='ltr'><strong>id</strong></span> <span class='ocrx_word' id='word_1_127' title='bbox 1405 1612 1507 1661; x_wconf 88' lang='lat' dir='ltr'><strong>est.</strong></span> <span class='ocrx_word' id='word_1_128' title='bbox 1539 1604 1744 1674; x_wconf 85' lang='lat' dir='ltr'><strong>absque</strong></span> <span class='ocrx_word' id='word_1_129' title='bbox 1769 1621 1950 1677; x_wconf 86' lang='lat' dir='ltr'><strong>gram-</strong></span> 
     </span>
    </p>
   </div>
   <div class='ocr_carea' id='block_1_19' title="bbox 2053 415 3638 490">
    <p class='ocr_par' dir='ltr' id='par_1_19' title="bbox 2053 415 3638 490">
     <span class='ocr_line' id='line_1_19' title="bbox 2053 415 3638 490; baseline 0.001 -18"><span class='ocrx_word' id='word_1_130' title='bbox 2053 416 2188 472; x_wconf 87' lang='lat' dir='ltr'><strong>Nam</strong></span> <span class='ocrx_word' id='word_1_131' title='bbox 2236 417 2318 490; x_wconf 91' lang='lat' dir='ltr'><strong>(ut</strong></span> <span class='ocrx_word' id='word_1_132' title='bbox 2365 419 2468 474; x_wconf 86' lang='lat' dir='ltr'><strong>alia</strong></span> <span class='ocrx_word' id='word_1_133' title='bbox 2524 419 2755 486; x_wconf 82' lang='lat' dir='ltr'><strong>taceam)</strong></span> <span class='ocrx_word' id='word_1_134' title='bbox 2809 415 3144 471; x_wconf 81' lang='lat' dir='ltr'><strong>sufﬁcienter</strong></span> <span class='ocrx_word' id='word_1_135' title='bbox 3173 417 3279 472; x_wconf 89' lang='lat' dir='ltr'><strong>hoc</strong></span> <span class='ocrx_word' id='word_1_136' title='bbox 3320 417 3462 486; x_wconf 90' lang='lat' dir='ltr'><strong>quod</strong></span> <span class='ocrx_word' id='word_1_137' title='bbox 3492 418 3638 487; x_wconf 87' lang='lat' dir='ltr'><strong>dico,</strong></span> 
     </span>
    </p>
   </div>
   <div class='ocr_carea' id='block_1_20' title="bbox 2053 506 3642 580">
    <p class='ocr_par' dir='ltr' id='par_1_20' title="bbox 2053 506 3642 580">
     <span class='ocr_line' id='line_1_20' title="bbox 2053 506 3642 580; baseline -0.001 -14"><span class='ocrx_word' id='word_1_138' title='bbox 2053 509 2268 574; x_wconf 83' lang='lat' dir='ltr'><strong>divisio,</strong></span> <span class='ocrx_word' id='word_1_139' title='bbox 2301 525 2463 580; x_wconf 91' lang='lat' dir='ltr'><strong>quam</strong></span> <span class='ocrx_word' id='word_1_140' title='bbox 2491 509 2620 564; x_wconf 77' lang='lat' dir='ltr'><strong>facit</strong></span> <span class='ocrx_word' id='word_1_141' title='bbox 2655 508 2710 562; x_wconf 89' lang='lat' dir='ltr'><strong>in</strong></span> <span class='ocrx_word' id='word_1_142' title='bbox 2745 506 3008 577; x_wconf 88' lang='lat' dir='ltr'><strong>principio</strong></span> <span class='ocrx_word' id='word_1_143' title='bbox 3037 515 3300 562; x_wconf 88' lang='lat' dir='ltr'><strong>tractatus</strong></span> <span class='ocrx_word' id='word_1_144' title='bbox 3325 506 3642 578; x_wconf 84' lang='lat' dir='ltr'><strong>Categoria-</strong></span> 
     </span>
    </p>
   </div>
   <div class='ocr_carea' id='block_1_21' title="bbox 2053 594 3640 667">
    <p class='ocr_par' dir='ltr' id='par_1_21' title="bbox 2053 594 3640 667">
     <span class='ocr_line' id='line_1_21' title="bbox 2053 594 3640 667; baseline 0.001 -14"><span class='ocrx_word' id='word_1_145' title='bbox 2053 614 2173 653; x_wconf 88' lang='lat' dir='ltr'><strong>rum</strong></span> <span class='ocrx_word' id='word_1_146' title='bbox 2205 599 2319 665; x_wconf 68' lang='lat'><strong>‘°“,</strong></span> <span class='ocrx_word' id='word_1_147' title='bbox 2345 599 2618 664; x_wconf 84' lang='lat' dir='ltr'><strong>ostendit;</strong></span> <span class='ocrx_word' id='word_1_148' title='bbox 2648 614 2755 652; x_wconf 88' lang='lat' dir='ltr'><strong>non</strong></span> <span class='ocrx_word' id='word_1_149' title='bbox 2785 597 2928 653; x_wconf 88' lang='lat' dir='ltr'><strong>enim</strong></span> <span class='ocrx_word' id='word_1_150' title='bbox 2961 597 3039 651; x_wconf 91' lang='lat' dir='ltr'><strong>ait</strong></span> <span class='ocrx_word' id='word_1_151' title='bbox 3067 614 3080 650; x_wconf 91' lang='lat'><strong>:</strong></span> <span class='ocrx_word' id='word_1_152' title='bbox 3115 594 3316 651; x_wconf 90' lang='lat' dir='ltr'><strong>Eorum</strong></span> <span class='ocrx_word' id='word_1_153' title='bbox 3339 614 3458 666; x_wconf 72' lang='lat' dir='ltr'><strong>quea</strong></span> <span class='ocrx_word' id='word_1_154' title='bbox 3492 610 3640 667; x_wconf 86' lang='lat' dir='ltr'><strong>sunt,</strong></span> 
     </span>
    </p>
   </div>
   <div class='ocr_carea' id='block_1_22' title="bbox 2051 685 3645 761">
    <p class='ocr_par' dir='ltr' id='par_1_22' title="bbox 2051 685 3645 761">
     <span class='ocr_line' id='line_1_22' title="bbox 2051 685 3645 761; baseline 0 -17"><span class='ocrx_word' id='word_1_155' title='bbox 2051 685 2318 761; x_wconf 68' lang='lat' dir='ltr'><strong>s&#39;ng&#39;ulum</strong></span> <span class='ocrx_word' id='word_1_156' title='bbox 2361 699 2436 745; x_wconf 85' lang='lat' dir='ltr'><strong>est</strong></span> <span class='ocrx_word' id='word_1_157' title='bbox 2475 690 2570 722; x_wconf 67' lang='grc'><strong>⁸⁰⁶⁸</strong></span> <span class='ocrx_word' id='word_1_158' title='bbox 2597 688 2913 754; x_wconf 70' lang='lat' dir='ltr'><strong>substantia,</strong></span> <span class='ocrx_word' id='word_1_159' title='bbox 2958 697 3050 742; x_wconf 86' lang='lat' dir='ltr'><strong>aut</strong></span> <span class='ocrx_word' id='word_1_160' title='bbox 3077 688 3363 761; x_wconf 72' lang='lat' dir='ltr'><strong>quantitas,</strong></span> <span class='ocrx_word' id='word_1_161' title='bbox 3391 697 3496 743; x_wconf 85' lang='lat' dir='ltr'><strong>etc.</strong></span> <span class='ocrx_word' id='word_1_162' title='bbox 3528 688 3645 744; x_wconf 86' lang='lat' dir='ltr'><strong>Nec</strong></span> 
     </span>
    </p>
   </div>
   <div class='ocr_carea' id='block_1_23' title="bbox 2053 777 3642 851">
    <p class='ocr_par' dir='ltr' id='par_1_23' title="bbox 2053 777 3642 851">
     <span class='ocr_line' id='line_1_23' title="bbox 2053 777 3642 851; baseline 0.001 -17"><span class='ocrx_word' id='word_1_163' title='bbox 2053 780 2129 834; x_wconf 86' lang='lat' dir='ltr'><strong>ait</strong></span> <span class='ocrx_word' id='word_1_164' title='bbox 2152 797 2166 834; x_wconf 90' lang='lat'><strong>:</strong></span> <span class='ocrx_word' id='word_1_165' title='bbox 2192 780 2391 835; x_wconf 87' lang='lat' dir='ltr'><strong>Eorum</strong></span> <span class='ocrx_word' id='word_1_166' title='bbox 2415 795 2535 851; x_wconf 80' lang='lat' dir='ltr'><strong>qua:</strong></span> <span class='ocrx_word' id='word_1_167' title='bbox 2555 780 2852 836; x_wconf 90' lang='lat' dir='ltr'><strong>secundum</strong></span> <span class='ocrx_word' id='word_1_168' title='bbox 2880 777 3082 832; x_wconf 89' lang='lat' dir='ltr'><strong>nullam</strong></span> <span class='ocrx_word' id='word_1_169' title='bbox 3103 777 3198 810; x_wconf 69' lang='grc'><strong>’⁵⁸³⁸⁸</strong></span> <span class='ocrx_word' id='word_1_170' title='bbox 3211 779 3642 848; x_wconf 77' lang='lat' dir='ltr'><strong>complexionem</strong></span> 
     </span>
    </p>
   </div>
   <div class='ocr_carea' id='block_1_24' title="bbox 2051 869 3643 942">
    <p class='ocr_par' dir='ltr' id='par_1_24' title="bbox 2051 869 3643 942">
     <span class='ocr_line' id='line_1_24' title="bbox 2051 869 3643 942; baseline 0.001 -18"><span class='ocrx_word' id='word_1_171' title='bbox 2051 869 2330 937; x_wconf 90' lang='lat' dir='ltr'><strong>dicuntur,</strong></span> <span class='ocrx_word' id='word_1_172' title='bbox 2369 871 2581 942; x_wconf 87' lang='lat' dir='ltr'><strong>singulo</strong></span> <span class='ocrx_word' id='word_1_173' title='bbox 2608 880 2702 925; x_wconf 91' lang='lat' dir='ltr'><strong>aut</strong></span> <span class='ocrx_word' id='word_1_174' title='bbox 2731 869 2828 902; x_wconf 71' lang='lat'><strong>“‘7</strong></span> <span class='ocrx_word' id='word_1_175' title='bbox 2860 869 3166 925; x_wconf 81' lang='lat' dir='ltr'><strong>substantia</strong></span> <span class='ocrx_word' id='word_1_176' title='bbox 3191 870 3515 940; x_wconf 86' lang='lat' dir='ltr'><strong>appellatur,</strong></span> <span class='ocrx_word' id='word_1_177' title='bbox 3545 880 3643 926; x_wconf 87' lang='lat' dir='ltr'><strong>aut</strong></span> 
     </span>
    </p>
   </div>
   <div class='ocr_carea' id='block_1_25' title="bbox 2051 961 3642 1034">
    <p class='ocr_par' dir='ltr' id='par_1_25' title="bbox 2051 961 3642 1034">
     <span class='ocr_line' id='line_1_25' title="bbox 2051 961 3642 1034; baseline 0.003 -20"><span class='ocrx_word' id='word_1_178' title='bbox 2051 963 2358 1030; x_wconf 83' lang='lat' dir='ltr'><strong>quantitas;</strong></span> <span class='ocrx_word' id='word_1_179' title='bbox 2415 963 2512 1018; x_wconf 87' lang='lat' dir='ltr'><strong>sed</strong></span> <span class='ocrx_word' id='word_1_180' title='bbox 2546 963 2663 1017; x_wconf 88' lang='lat' dir='ltr'><strong>ait:</strong></span> <span class='ocrx_word' id='word_1_181' title='bbox 2697 961 2922 1027; x_wconf 87' lang='lat' dir='ltr'><strong>Eorum,</strong></span> <span class='ocrx_word' id='word_1_182' title='bbox 2960 964 3403 1034; x_wconf 8' lang='lat' dir='ltr'><strong>aquazsecuntlum</strong></span> <span class='ocrx_word' id='word_1_183' title='bbox 3435 964 3642 1020; x_wconf 81' lang='lat' dir='ltr'><strong>nullam</strong></span> 
     </span>
    </p>
   </div>
   <div class='ocr_carea' id='block_1_26' title="bbox 2050 1054 3641 1124">
    <p class='ocr_par' dir='ltr' id='par_1_26' title="bbox 2050 1054 3641 1124">
     <span class='ocr_line' id='line_1_26' title="bbox 2050 1054 3641 1124; baseline 0.002 -17"><span class='ocrx_word' id='word_1_184' title='bbox 2050 1054 2461 1124; x_wconf 77' lang='lat' dir='ltr'><strong>complexionem</strong></span> <span class='ocrx_word' id='word_1_185' title='bbox 2513 1055 2780 1121; x_wconf 85' lang='lat' dir='ltr'><strong>dicuntur,</strong></span> <span class='ocrx_word' id='word_1_186' title='bbox 2843 1054 3110 1124; x_wconf 83' lang='lat' dir='ltr'><strong>singulum</strong></span> <span class='ocrx_word' id='word_1_187' title='bbox 3155 1063 3246 1109; x_wconf 86' lang='lat' dir='ltr'><strong>aut</strong></span> <span class='ocrx_word' id='word_1_188' title='bbox 3288 1056 3641 1111; x_wconf 72' lang='lat' dir='ltr'><strong>substantiam</strong></span> 
     </span>
    </p>
   </div>
   <div class='ocr_carea' id='block_1_27' title="bbox 2049 1146 3642 1217">
    <p class='ocr_par' dir='ltr' id='par_1_27' title="bbox 2049 1146 3642 1217">
     <span class='ocr_line' id='line_1_27' title="bbox 2049 1146 3642 1217; baseline 0 -15"><span class='ocrx_word' id='word_1_189' title='bbox 2049 1147 2310 1217; x_wconf 79' lang='lat' dir='ltr'><strong>signiﬁcat</strong></span> <span class='ocrx_word' id='word_1_190' title='bbox 2342 1156 2433 1201; x_wconf 90' lang='lat' dir='ltr'><strong>aut</strong></span> <span class='ocrx_word' id='word_1_191' title='bbox 2467 1147 2812 1214; x_wconf 83' lang='lat' dir='ltr'><strong>quantitatem</strong></span> <span class='ocrx_word' id='word_1_192' title='bbox 2843 1146 2960 1200; x_wconf 65' lang='grc' dir='ltr'><strong>ωδε.</strong></span> <span class='ocrx_word' id='word_1_193' title='bbox 3001 1147 3148 1201; x_wconf 76' lang='grc' dir='ltr'>Βιεε.</span> <span class='ocrx_word' id='word_1_194' title='bbox 3184 1146 3474 1202; x_wconf 87' lang='lat' dir='ltr'><strong>Persuadet</strong></span> <span class='ocrx_word' id='word_1_195' title='bbox 3501 1149 3642 1203; x_wconf 87' lang='lat' dir='ltr'><strong>ratio</strong></span> 
     </span>
    </p>
   </div>
   <div class='ocr_carea' id='block_1_28' title="bbox 2051 1236 3636 1308">
    <p class='ocr_par' dir='ltr' id='par_1_28' title="bbox 2051 1236 3636 1308">
     <span class='ocr_line' id='line_1_28' title="bbox 2051 1236 3636 1308; baseline 0.002 -17"><span class='ocrx_word' id='word_1_196' title='bbox 2051 1239 2196 1308; x_wconf 89' lang='lat' dir='ltr'><strong>quod</strong></span> <span class='ocrx_word' id='word_1_197' title='bbox 2225 1238 2380 1292; x_wconf 81' lang='lat' dir='ltr'><strong>diris.</strong></span> <span class='ocrx_word' id='word_1_198' title='bbox 2435 1237 2578 1292; x_wconf 69' lang='lat' dir='ltr'><strong>Illac.</strong></span> <span class='ocrx_word' id='word_1_199' title='bbox 2608 1236 2744 1293; x_wconf 90' lang='lat' dir='ltr'><strong>Cum</strong></span> <span class='ocrx_word' id='word_1_200' title='bbox 2790 1253 2922 1308; x_wconf 88' lang='lat' dir='ltr'><strong>ergo</strong></span> <span class='ocrx_word' id='word_1_201' title='bbox 2967 1237 3288 1294; x_wconf 83' lang='lat' dir='ltr'><strong>Aristoteles</strong></span> <span class='ocrx_word' id='word_1_202' title='bbox 3333 1239 3406 1294; x_wconf 87' lang='lat' dir='ltr'><strong>ita</strong></span> <span class='ocrx_word' id='word_1_203' title='bbox 3445 1240 3636 1295; x_wconf 88' lang='lat' dir='ltr'><strong>dicat:</strong></span> 
     </span>
    </p>
   </div>
   <div class='ocr_carea' id='block_1_29' title="bbox 2050 1323 3638 1398">
    <p class='ocr_par' dir='ltr' id='par_1_29' title="bbox 2050 1323 3638 1398">
     <span class='ocr_line' id='line_1_29' title="bbox 2050 1323 3638 1398; baseline 0.004 -19"><span class='ocrx_word' id='word_1_204' title='bbox 2050 1323 2274 1392; x_wconf 87' lang='lat' dir='ltr'><strong>Eorum,</strong></span> <span class='ocrx_word' id='word_1_205' title='bbox 2311 1342 2429 1394; x_wconf 78' lang='lat' dir='ltr'><strong>qua:</strong></span> <span class='ocrx_word' id='word_1_206' title='bbox 2454 1326 2742 1381; x_wconf 87' lang='lat' dir='ltr'><strong>secundum</strong></span> <span class='ocrx_word' id='word_1_207' title='bbox 2774 1325 2975 1380; x_wconf 87' lang='lat' dir='ltr'><strong>nullam</strong></span> <span class='ocrx_word' id='word_1_208' title='bbox 2999 1327 3410 1398; x_wconf 66' lang='lat' dir='ltr'><strong>complexionem</strong></span> <span class='ocrx_word' id='word_1_209' title='bbox 3446 1329 3638 1384; x_wconf 84' lang='lat' dir='ltr'><strong>dicun-</strong></span> 
     </span>
    </p>
   </div>
   <div class='ocr_carea' id='block_1_30' title="bbox 2051 1415 3641 1488">
    <p class='ocr_par' dir='ltr' id='par_1_30' title="bbox 2051 1415 3641 1488">
     <span class='ocr_line' id='line_1_30' title="bbox 2051 1415 3641 1488; baseline 0.003 -19"><span class='ocrx_word' id='word_1_210' title='bbox 2051 1427 2156 1481; x_wconf 89' lang='lat' dir='ltr'><strong>tur,</strong></span> <span class='ocrx_word' id='word_1_211' title='bbox 2187 1415 2451 1488; x_wconf 84' lang='lat' dir='ltr'><strong>singulum</strong></span> <span class='ocrx_word' id='word_1_212' title='bbox 2481 1425 2569 1469; x_wconf 72' lang='lat' dir='ltr'><strong>aut</strong></span> <span class='ocrx_word' id='word_1_213' title='bbox 2592 1416 2938 1470; x_wconf 85' lang='lat' dir='ltr'><strong>substantiam</strong></span> <span class='ocrx_word' id='word_1_214' title='bbox 2954 1417 3235 1487; x_wconf 80' lang='lat' dir='ltr'><strong>signiﬁcat,</strong></span> <span class='ocrx_word' id='word_1_215' title='bbox 3261 1431 3350 1471; x_wconf 88' lang='lat' dir='ltr'><strong>aut</strong></span> <span class='ocrx_word' id='word_1_216' title='bbox 3372 1419 3641 1488; x_wconf 85' lang='lat' dir='ltr'><strong>quantita-</strong></span> 
     </span>
    </p>
   </div>
   <div class='ocr_carea' id='block_1_31' title="bbox 2051 1507 3636 1577">
    <p class='ocr_par' dir='ltr' id='par_1_31' title="bbox 2051 1507 3636 1577">
     <span class='ocr_line' id='line_1_31' title="bbox 2051 1507 3636 1577; baseline 0.004 -16"><span class='ocrx_word' id='word_1_217' title='bbox 2051 1517 2176 1573; x_wconf 84' lang='lat' dir='ltr'><strong>tem,</strong></span> <span class='ocrx_word' id='word_1_218' title='bbox 2195 1516 2301 1562; x_wconf 90' lang='lat' dir='ltr'><strong>etc.</strong></span> <span class='ocrx_word' id='word_1_219' title='bbox 2337 1507 2410 1561; x_wconf 91' lang='lat' dir='ltr'><strong>De</strong></span> <span class='ocrx_word' id='word_1_220' title='bbox 2426 1521 2532 1576; x_wconf 90' lang='lat' dir='ltr'><strong>qua</strong></span> <span class='ocrx_word' id='word_1_221' title='bbox 2552 1507 2647 1538; x_wconf 68' lang='grc'><strong>⁸⁰⁶⁰</strong></span> <span class='ocrx_word' id='word_1_222' title='bbox 2666 1507 3060 1577; x_wconf 85' lang='lat' dir='ltr'><strong>signiﬁcatione</strong></span> <span class='ocrx_word' id='word_1_223' title='bbox 3080 1508 3293 1564; x_wconf 89' lang='lat' dir='ltr'><strong>videtur</strong></span> <span class='ocrx_word' id='word_1_224' title='bbox 3309 1509 3401 1564; x_wconf 86' lang='lat' dir='ltr'><strong>tibi</strong></span> <span class='ocrx_word' id='word_1_225' title='bbox 3427 1511 3636 1574; x_wconf 88' lang='lat' dir='ltr'><strong>dicere:</strong></span> 
     </span>
    </p>
   </div>
   <div class='ocr_carea' id='block_1_32' title="bbox 2054 1597 3640 1670">
    <p class='ocr_par' dir='ltr' id='par_1_32' title="bbox 2054 1597 3640 1670">
     <span class='ocr_line' id='line_1_32' title="bbox 2054 1597 3640 1670; baseline 0.003 -16"><span class='ocrx_word' id='word_1_226' title='bbox 2054 1599 2122 1654; x_wconf 91' lang='lat' dir='ltr'><strong>de</strong></span> <span class='ocrx_word' id='word_1_227' title='bbox 2171 1599 2260 1653; x_wconf 88' lang='lat' dir='ltr'><strong>illa</strong></span> <span class='ocrx_word' id='word_1_228' title='bbox 2313 1615 2417 1668; x_wconf 90' lang='lat' dir='ltr'><strong>qua</strong></span> <span class='ocrx_word' id='word_1_229' title='bbox 2455 1598 2550 1630; x_wconf 67' lang='grc' dir='ltr'><strong>δοτο</strong></span> <span class='ocrx_word' id='word_1_230' title='bbox 2588 1613 2688 1669; x_wconf 85' lang='lat' dir='ltr'><strong>per</strong></span> <span class='ocrx_word' id='word_1_231' title='bbox 2741 1613 2800 1654; x_wconf 92' lang='lat' dir='ltr'><strong>se</strong></span> <span class='ocrx_word' id='word_1_232' title='bbox 2849 1597 3156 1668; x_wconf 89' lang='lat' dir='ltr'><strong>signiﬁcant</strong></span> <span class='ocrx_word' id='word_1_233' title='bbox 3207 1599 3334 1670; x_wconf 77' lang='lat' dir='ltr'><strong>ipsae</strong></span> <span class='ocrx_word' id='word_1_234' title='bbox 3369 1615 3548 1670; x_wconf 89' lang='lat' dir='ltr'><strong>voces,</strong></span> <span class='ocrx_word' id='word_1_235' title='bbox 3582 1612 3640 1658; x_wconf 87' lang='lat' dir='ltr'><strong>et</strong></span> 
     </span>
    </p>
   </div>
   <div class='ocr_carea' id='block_1_33' title="bbox 359 1689 3640 1764">
    <p class='ocr_par' dir='ltr' id='par_1_33' title="bbox 359 1689 3640 1764">
     <span class='ocr_line' id='line_1_33' title="bbox 359 1689 3640 1764; baseline 0.002 -23"><span class='ocrx_word' id='word_1_236' title='bbox 359 1689 557 1744; x_wconf 82' lang='lat' dir='ltr'><strong>tuatica</strong></span> <span class='ocrx_word' id='word_1_237' title='bbox 585 1691 702 1758; x_wconf 67' lang='lat'><strong>“’9,</strong></span> <span class='ocrx_word' id='word_1_238' title='bbox 735 1702 817 1747; x_wconf 91' lang='lat' dir='ltr'><strong>est</strong></span> <span class='ocrx_word' id='word_1_239' title='bbox 847 1693 1273 1762; x_wconf 84' lang='lat' dir='ltr'><strong>grammaticus;</strong></span> <span class='ocrx_word' id='word_1_240' title='bbox 1308 1695 1433 1764; x_wconf 88' lang='lat' dir='ltr'><strong>quia</strong></span> <span class='ocrx_word' id='word_1_241' title='bbox 1461 1695 1606 1751; x_wconf 92' lang='lat' dir='ltr'><strong>solus</strong></span> <span class='ocrx_word' id='word_1_242' title='bbox 1637 1707 1721 1752; x_wconf 88' lang='lat' dir='ltr'><strong>est</strong></span> <span class='ocrx_word' id='word_1_243' title='bbox 1742 1698 1947 1754; x_wconf 83' lang='lat' dir='ltr'><strong>habens</strong></span> <span class='ocrx_word' id='word_1_244' title='bbox 1976 1689 2024 1750; x_wconf 87' lang='lat' dir='ltr'><strong>B</strong></span> <span class='ocrx_word' id='word_1_245' title='bbox 2052 1707 2172 1762; x_wconf 65' lang='lat' dir='ltr'><strong>qum</strong></span> <span class='ocrx_word' id='word_1_246' title='bbox 2229 1691 2332 1746; x_wconf 89' lang='lat' dir='ltr'><strong>illis</strong></span> <span class='ocrx_word' id='word_1_247' title='bbox 2381 1700 2465 1746; x_wconf 87' lang='lat' dir='ltr'><strong>est</strong></span> <span class='ocrx_word' id='word_1_248' title='bbox 2496 1689 2867 1746; x_wconf 88' lang='lat' dir='ltr'><strong>substantialis</strong></span> <span class='ocrx_word' id='word_1_249' title='bbox 2893 1709 2906 1745; x_wconf 93' lang='lat'><strong>:</strong></span> <span class='ocrx_word' id='word_1_250' title='bbox 2943 1707 3010 1746; x_wconf 88' lang='lat' dir='ltr'><strong>an</strong></span> <span class='ocrx_word' id='word_1_251' title='bbox 3064 1691 3132 1746; x_wconf 91' lang='lat' dir='ltr'><strong>de</strong></span> <span class='ocrx_word' id='word_1_252' title='bbox 3161 1690 3331 1748; x_wconf 88' lang='lat' dir='ltr'><strong>altera</strong></span> <span class='ocrx_word' id='word_1_253' title='bbox 3373 1692 3469 1724; x_wconf 73' lang='grc'><strong>’⁸⁸⁷⁸</strong></span> <span class='ocrx_word' id='word_1_254' title='bbox 3517 1709 3640 1764; x_wconf 70' lang='lat' dir='ltr'><strong>qua:</strong></span> 
     </span>
    </p>
   </div>
   <div class='ocr_carea' id='block_1_34' title="bbox 359 1783 1946 1862">
    <p class='ocr_par' dir='ltr' id='par_1_34' title="bbox 359 1783 1946 1862">
     <span class='ocr_line' id='line_1_34' title="bbox 359 1783 1946 1862; baseline 0.008 -27"><span class='ocrx_word' id='word_1_255' title='bbox 359 1783 767 1854; x_wconf 78' lang='lat' dir='ltr'><strong>grammaticam</strong></span> <span class='ocrx_word' id='word_1_256' title='bbox 803 1802 816 1838; x_wconf 93' lang='lat'><strong>:</strong></span> <span class='ocrx_word' id='word_1_257' title='bbox 850 1786 1203 1856; x_wconf 89' lang='lat' dir='ltr'><strong>grammatica</strong></span> <span class='ocrx_word' id='word_1_258' title='bbox 1247 1802 1502 1858; x_wconf 89' lang='lat' dir='ltr'><strong>namque,</strong></span> <span class='ocrx_word' id='word_1_259' title='bbox 1536 1803 1636 1844; x_wconf 90' lang='lat' dir='ltr'><strong>nec</strong></span> <span class='ocrx_word' id='word_1_260' title='bbox 1671 1789 1808 1862; x_wconf 71' lang='lat' dir='ltr'><strong>sola,</strong></span> <span class='ocrx_word' id='word_1_261' title='bbox 1847 1805 1946 1848; x_wconf 88' lang='lat' dir='ltr'><strong>nec</strong></span> 
     </span>
    </p>
   </div>
   <div class='ocr_carea' id='block_1_35' title="bbox 358 1874 1945 1947">
    <p class='ocr_par' dir='ltr' id='par_1_35' title="bbox 358 1874 1945 1947">
     <span class='ocr_line' id='line_1_35' title="bbox 358 1874 1945 1947; baseline 0.005 -19"><span class='ocrx_word' id='word_1_262' title='bbox 358 1889 478 1928; x_wconf 88' lang='lat' dir='ltr'><strong>cum</strong></span> <span class='ocrx_word' id='word_1_263' title='bbox 518 1874 736 1930; x_wconf 88' lang='lat' dir='ltr'><strong>homine</strong></span> <span class='ocrx_word' id='word_1_264' title='bbox 772 1875 937 1930; x_wconf 88' lang='lat' dir='ltr'><strong>habet</strong></span> <span class='ocrx_word' id='word_1_265' title='bbox 961 1877 1373 1947; x_wconf 82' lang='lat' dir='ltr'><strong>grammaticam</strong></span> <span class='ocrx_word' id='word_1_266' title='bbox 1409 1895 1422 1931; x_wconf 93' lang='lat'><strong>:</strong></span> <span class='ocrx_word' id='word_1_267' title='bbox 1456 1879 1549 1934; x_wconf 88' lang='lat' dir='ltr'><strong>sed</strong></span> <span class='ocrx_word' id='word_1_268' title='bbox 1587 1878 1748 1934; x_wconf 89' lang='lat' dir='ltr'><strong>homo</strong></span> <span class='ocrx_word' id='word_1_269' title='bbox 1775 1879 1945 1945; x_wconf 91' lang='lat' dir='ltr'><strong>solus,</strong></span> 
     </span>
    </p>
   </div>
   <div class='ocr_carea' id='block_1_36' title="bbox 358 1965 1945 2042">
    <p class='ocr_par' dir='ltr' id='par_1_36' title="bbox 358 1965 1945 2042">
     <span class='ocr_line' id='line_1_36' title="bbox 358 1965 1945 2042; baseline 0.005 -22"><span class='ocrx_word' id='word_1_270' title='bbox 358 1965 412 2020; x_wconf 88' lang='lat' dir='ltr'><strong>td</strong></span> <span class='ocrx_word' id='word_1_271' title='bbox 434 1973 537 2032; x_wconf 90' lang='lat' dir='ltr'><strong>est,</strong></span> <span class='ocrx_word' id='word_1_272' title='bbox 583 1968 788 2036; x_wconf 90' lang='lat' dir='ltr'><strong>absque</strong></span> <span class='ocrx_word' id='word_1_273' title='bbox 826 1969 1203 2038; x_wconf 85' lang='lat' dir='ltr'><strong>grammatica,</strong></span> <span class='ocrx_word' id='word_1_274' title='bbox 1253 1983 1361 2024; x_wconf 91' lang='lat' dir='ltr'><strong>non</strong></span> <span class='ocrx_word' id='word_1_275' title='bbox 1389 1979 1472 2024; x_wconf 90' lang='lat' dir='ltr'><strong>est</strong></span> <span class='ocrx_word' id='word_1_276' title='bbox 1518 1971 1945 2042; x_wconf 83' lang='lat' dir='ltr'><strong>grammaticus;</strong></span> 
     </span>
    </p>
   </div>
   <div class='ocr_carea' id='block_1_37' title="bbox 358 2058 1948 2132">
    <p class='ocr_par' dir='ltr' id='par_1_37' title="bbox 358 2058 1948 2132">
     <span class='ocr_line' id='line_1_37' title="bbox 358 2058 1948 2132; baseline 0.006 -22"><span class='ocrx_word' id='word_1_277' title='bbox 358 2058 486 2127; x_wconf 90' lang='lat' dir='ltr'><strong>quia</strong></span> <span class='ocrx_word' id='word_1_278' title='bbox 514 2059 741 2114; x_wconf 86' lang='lat' dir='ltr'><strong>absente</strong></span> <span class='ocrx_word' id='word_1_279' title='bbox 787 2061 1146 2131; x_wconf 87' lang='lat' dir='ltr'><strong>grammatica</strong></span> <span class='ocrx_word' id='word_1_280' title='bbox 1196 2060 1380 2117; x_wconf 89' lang='lat' dir='ltr'><strong>nullus</strong></span> <span class='ocrx_word' id='word_1_281' title='bbox 1407 2077 1528 2117; x_wconf 88' lang='lat' dir='ltr'><strong>esse</strong></span> <span class='ocrx_word' id='word_1_282' title='bbox 1557 2065 1948 2132; x_wconf 87' lang='lat' dir='ltr'><strong>grammaticus</strong></span> 
     </span>
    </p>
   </div>
   <div class='ocr_carea' id='block_1_38' title="bbox 359 2152 1951 2224">
    <p class='ocr_par' dir='ltr' id='par_1_38' title="bbox 359 2152 1951 2224">
     <span class='ocr_line' id='line_1_38' title="bbox 359 2152 1951 2224; baseline 0.005 -19"><span class='ocrx_word' id='word_1_283' title='bbox 359 2161 535 2222; x_wconf 87' lang='lat' dir='ltr'><strong>potest</strong></span> <span class='ocrx_word' id='word_1_284' title='bbox 569 2152 704 2207; x_wconf 70' lang='grc' dir='ltr'>δ⁰⁶⁰ε</span> <span class='ocrx_word' id='word_1_285' title='bbox 736 2152 878 2208; x_wconf 87' lang='lat' dir='ltr'><strong>sicut</strong></span> <span class='ocrx_word' id='word_1_286' title='bbox 922 2153 1014 2223; x_wconf 86' lang='lat' dir='ltr'><strong>qui</strong></span> <span class='ocrx_word' id='word_1_287' title='bbox 1067 2154 1422 2224; x_wconf 73' lang='lat' dir='ltr'><strong>prmcedendo</strong></span> <span class='ocrx_word' id='word_1_288' title='bbox 1475 2154 1623 2210; x_wconf 87' lang='lat' dir='ltr'><strong>ducit</strong></span> <span class='ocrx_word' id='word_1_289' title='bbox 1668 2155 1856 2224; x_wconf 90' lang='lat' dir='ltr'><strong>alium,</strong></span> <span class='ocrx_word' id='word_1_290' title='bbox 1895 2165 1951 2213; x_wconf 90' lang='lat' dir='ltr'><strong>et</strong></span> 
     </span>
    </p>
   </div>
   <div class='ocr_carea' id='block_1_39' title="bbox 358 2241 1945 2319">
    <p class='ocr_par' dir='ltr' id='par_1_39' title="bbox 358 2241 1945 2319">
     <span class='ocr_line' id='line_1_39' title="bbox 358 2241 1945 2319; baseline 0.006 -23"><span class='ocrx_word' id='word_1_291' title='bbox 358 2241 506 2298; x_wconf 89' lang='lat' dir='ltr'><strong>solus</strong></span> <span class='ocrx_word' id='word_1_292' title='bbox 525 2250 609 2297; x_wconf 90' lang='lat' dir='ltr'><strong>est</strong></span> <span class='ocrx_word' id='word_1_293' title='bbox 637 2245 900 2314; x_wconf 63' lang='lat' dir='ltr'><strong>praavius;</strong></span> <span class='ocrx_word' id='word_1_294' title='bbox 932 2247 1059 2316; x_wconf 90' lang='lat' dir='ltr'><strong>quia</strong></span> <span class='ocrx_word' id='word_1_295' title='bbox 1082 2247 1174 2316; x_wconf 88' lang='lat' dir='ltr'><strong>qui</strong></span> <span class='ocrx_word' id='word_1_296' title='bbox 1193 2247 1441 2316; x_wconf 90' lang='lat' dir='ltr'><strong>sequitur</strong></span> <span class='ocrx_word' id='word_1_297' title='bbox 1461 2261 1567 2302; x_wconf 93' lang='lat' dir='ltr'><strong>non</strong></span> <span class='ocrx_word' id='word_1_298' title='bbox 1590 2256 1673 2304; x_wconf 89' lang='lat' dir='ltr'><strong>est</strong></span> <span class='ocrx_word' id='word_1_299' title='bbox 1691 2250 1945 2319; x_wconf 68' lang='lat' dir='ltr'><strong>praevius,</strong></span> 
     </span>
    </p>
   </div>
   <div class='ocr_carea' id='block_1_40' title="bbox 359 2338 1951 2406">
    <p class='ocr_par' dir='ltr' id='par_1_40' title="bbox 359 2338 1951 2406">
     <span class='ocr_line' id='line_1_40' title="bbox 359 2338 1951 2406; baseline 0.007 -17"><span class='ocrx_word' id='word_1_300' title='bbox 359 2350 457 2390; x_wconf 91' lang='lat' dir='ltr'><strong>nec</strong></span> <span class='ocrx_word' id='word_1_301' title='bbox 495 2338 809 2406; x_wconf 86' lang='lat' dir='ltr'><strong>separatim,</strong></span> <span class='ocrx_word' id='word_1_302' title='bbox 863 2353 965 2394; x_wconf 90' lang='lat' dir='ltr'><strong>nec</strong></span> <span class='ocrx_word' id='word_1_303' title='bbox 991 2339 1132 2394; x_wconf 90' lang='lat' dir='ltr'><strong>sicut</strong></span> <span class='ocrx_word' id='word_1_304' title='bbox 1167 2353 1234 2394; x_wconf 83' lang='lat' dir='ltr'><strong>ex</strong></span> <span class='ocrx_word' id='word_1_305' title='bbox 1284 2339 1392 2396; x_wconf 88' lang='lat' dir='ltr'><strong>illis</strong></span> <span class='ocrx_word' id='word_1_306' title='bbox 1427 2339 1638 2396; x_wconf 92' lang='lat' dir='ltr'><strong>duobus</strong></span> <span class='ocrx_word' id='word_1_307' title='bbox 1683 2358 1825 2398; x_wconf 91' lang='lat' dir='ltr'><strong>unus</strong></span> <span class='ocrx_word' id='word_1_308' title='bbox 1855 2343 1951 2400; x_wconf 88' lang='lat' dir='ltr'><strong>ﬁat</strong></span> 
     </span>
    </p>
   </div>
   <div class='ocr_carea' id='block_1_41' title="bbox 358 2427 1948 2503">
    <p class='ocr_par' dir='ltr' id='par_1_41' title="bbox 358 2427 1948 2503">
     <span class='ocr_line' id='line_1_41' title="bbox 358 2427 1948 2503; baseline 0.007 -25"><span class='ocrx_word' id='word_1_309' title='bbox 358 2427 589 2493; x_wconf 67' lang='lat' dir='ltr'><strong>praevius</strong></span> <span class='ocrx_word' id='word_1_310' title='bbox 635 2437 691 2482; x_wconf 91' lang='lat' dir='ltr'><strong>et</strong></span> <span class='ocrx_word' id='word_1_311' title='bbox 734 2428 880 2483; x_wconf 90' lang='lat' dir='ltr'><strong>solus</strong></span> <span class='ocrx_word' id='word_1_312' title='bbox 909 2444 1014 2484; x_wconf 91' lang='lat' dir='ltr'><strong>non</strong></span> <span class='ocrx_word' id='word_1_313' title='bbox 1043 2437 1128 2484; x_wconf 90' lang='lat' dir='ltr'><strong>est</strong></span> <span class='ocrx_word' id='word_1_314' title='bbox 1155 2431 1406 2499; x_wconf 64' lang='lat' dir='ltr'><strong>praevius,</strong></span> <span class='ocrx_word' id='word_1_315' title='bbox 1457 2431 1583 2500; x_wconf 89' lang='lat' dir='ltr'><strong>quia</strong></span> <span class='ocrx_word' id='word_1_316' title='bbox 1614 2431 1716 2487; x_wconf 91' lang='lat' dir='ltr'><strong>nisi</strong></span> <span class='ocrx_word' id='word_1_317' title='bbox 1755 2433 1948 2503; x_wconf 91' lang='lat' dir='ltr'><strong>sitqui</strong></span> 
     </span>
    </p>
   </div>
   <div class='ocr_carea' id='block_1_42' title="bbox 359 2518 1949 2590">
    <p class='ocr_par' dir='ltr' id='par_1_42' title="bbox 359 2518 1949 2590">
     <span class='ocr_line' id='line_1_42' title="bbox 359 2518 1949 2590; baseline 0.006 -20"><span class='ocrx_word' id='word_1_318' title='bbox 359 2526 635 2586; x_wconf 86' lang='lat' dir='ltr'><strong>sequatur,</strong></span> <span class='ocrx_word' id='word_1_319' title='bbox 689 2518 919 2587; x_wconf 60' lang='lat' dir='ltr'><strong>pravius</strong></span> <span class='ocrx_word' id='word_1_320' title='bbox 968 2518 1061 2550; x_wconf 72' lang='lat' dir='ltr'><strong>“m</strong></span> <span class='ocrx_word' id='word_1_321' title='bbox 1107 2535 1226 2575; x_wconf 93' lang='lat' dir='ltr'><strong>esse</strong></span> <span class='ocrx_word' id='word_1_322' title='bbox 1255 2535 1360 2575; x_wconf 89' lang='lat' dir='ltr'><strong>non</strong></span> <span class='ocrx_word' id='word_1_323' title='bbox 1407 2530 1603 2590; x_wconf 89' lang='lat' dir='ltr'><strong>potest.</strong></span> <span class='ocrx_word' id='word_1_324' title='bbox 1637 2521 1772 2578; x_wconf 91' lang='lat' dir='ltr'><strong>Cum</strong></span> <span class='ocrx_word' id='word_1_325' title='bbox 1820 2538 1949 2579; x_wconf 73' lang='lat' dir='ltr'><strong>vero</strong></span> 
     </span>
    </p>
   </div>
   <div class='ocr_carea' id='block_1_43' title="bbox 359 2605 1947 2680">
    <p class='ocr_par' dir='ltr' id='par_1_43' title="bbox 359 2605 1947 2680">
     <span class='ocr_line' id='line_1_43' title="bbox 359 2605 1947 2680; baseline 0.006 -20"><span class='ocrx_word' id='word_1_326' title='bbox 359 2605 561 2660; x_wconf 89' lang='lat' dir='ltr'><strong>dicitur</strong></span> <span class='ocrx_word' id='word_1_327' title='bbox 600 2607 746 2676; x_wconf 91' lang='lat' dir='ltr'><strong>quod</strong></span> <span class='ocrx_word' id='word_1_328' title='bbox 793 2609 1179 2676; x_wconf 87' lang='lat' dir='ltr'><strong>grammaticus</strong></span> <span class='ocrx_word' id='word_1_329' title='bbox 1215 2619 1296 2665; x_wconf 88' lang='lat' dir='ltr'><strong>est</strong></span> <span class='ocrx_word' id='word_1_330' title='bbox 1335 2610 1597 2680; x_wconf 90' lang='lat' dir='ltr'><strong>qualitas;</strong></span> <span class='ocrx_word' id='word_1_331' title='bbox 1636 2627 1740 2667; x_wconf 90' lang='lat' dir='ltr'><strong>non</strong></span> <span class='ocrx_word' id='word_1_332' title='bbox 1776 2623 1947 2680; x_wconf 87' lang='lat' dir='ltr'><strong>recte,</strong></span> 
     </span>
    </p>
   </div>
   <div class='ocr_carea' id='block_1_44' title="bbox 360 2695 1946 2777">
    <p class='ocr_par' dir='ltr' id='par_1_44' title="bbox 360 2695 1946 2777">
     <span class='ocr_line' id='line_1_44' title="bbox 360 2695 1946 2777; baseline 0.008 -29"><span class='ocrx_word' id='word_1_333' title='bbox 360 2695 460 2750; x_wconf 86' lang='lat' dir='ltr'><strong>nisi</strong></span> <span class='ocrx_word' id='word_1_334' title='bbox 492 2698 790 2752; x_wconf 89' lang='lat' dir='ltr'><strong>secundum</strong></span> <span class='ocrx_word' id='word_1_335' title='bbox 836 2706 1127 2754; x_wconf 87' lang='lat' dir='ltr'><strong>tractatum</strong></span> <span class='ocrx_word' id='word_1_336' title='bbox 1174 2699 1480 2758; x_wconf 84' lang='lat' dir='ltr'><strong>Aristotelis</strong></span> <span class='ocrx_word' id='word_1_337' title='bbox 1510 2702 1586 2758; x_wconf 87' lang='lat' dir='ltr'><strong>De</strong></span> <span class='ocrx_word' id='word_1_338' title='bbox 1639 2705 1946 2777; x_wconf 85' lang='lat' dir='ltr'><strong>eategoriis,</strong></span> 
     </span>
    </p>
   </div>
   <div class='ocr_carea' id='block_1_45' title="bbox 359 2783 574 2840">
    <p class='ocr_par' dir='ltr' id='par_1_45' title="bbox 359 2783 574 2840">
     <span class='ocr_line' id='line_1_45' title="bbox 359 2783 574 2840; baseline 0.009 -2"><span class='ocrx_word' id='word_1_339' title='bbox 359 2783 574 2840; x_wconf 86' lang='lat' dir='ltr'><strong>dicitur.</strong></span> 
     </span>
    </p>
   </div>
   <div class='ocr_carea' id='block_1_46' title="bbox 842 2875 1372 2942">
    <p class='ocr_par' dir='ltr' id='par_1_46' title="bbox 842 2875 1372 2942">
     <span class='ocr_line' id='line_1_46' title="bbox 842 2875 1372 2942; baseline 0.009 -5"><span class='ocrx_word' id='word_1_340' title='bbox 842 2875 845 2877; x_wconf 63' lang='grc'><em>’</em></span> <span class='ocrx_word' id='word_1_341' title='bbox 934 2880 1164 2939; x_wconf 86' lang='lat' dir='ltr'><strong>CAPUT</strong></span> <span class='ocrx_word' id='word_1_342' title='bbox 1210 2882 1372 2942; x_wconf 79' lang='lat' dir='ltr'><strong>XVII.</strong></span> 
     </span>
    </p>
   </div>
   <div class='ocr_carea' id='block_1_47' title="bbox 464 2965 1835 3050">
    <p class='ocr_par' dir='ltr' id='par_1_47' title="bbox 464 2965 1835 3050">
     <span class='ocr_line' id='line_1_47' title="bbox 464 2965 1835 3050; baseline 0.011 -30"><span class='ocrx_word' id='word_1_343' title='bbox 464 2965 543 3022; x_wconf 87' lang='lat' dir='ltr'><strong>De</strong></span> <span class='ocrx_word' id='word_1_344' title='bbox 567 2967 862 3027; x_wconf 81' lang='lat' dir='ltr'><strong>Aristotelis</strong></span> <span class='ocrx_word' id='word_1_345' title='bbox 897 2989 1053 3028; x_wconf 87' lang='lat' dir='ltr'><strong>sensu</strong></span> <span class='ocrx_word' id='word_1_346' title='bbox 1081 2976 1136 3030; x_wconf 86' lang='lat' dir='ltr'><strong>in</strong></span> <span class='ocrx_word' id='word_1_347' title='bbox 1174 2984 1406 3030; x_wconf 86' lang='lat' dir='ltr'><strong>tractatu</strong></span> <span class='ocrx_word' id='word_1_348' title='bbox 1433 2976 1511 3032; x_wconf 85' lang='lat' dir='ltr'><strong>De</strong></span> <span class='ocrx_word' id='word_1_349' title='bbox 1539 2980 1835 3050; x_wconf 88' lang='lat' dir='ltr'><strong>categoriis.</strong></span> 
     </span>
    </p>
   </div>
   <div class='ocr_carea' id='block_1_48' title="bbox 431 3057 1944 3140">
    <p class='ocr_par' dir='ltr' id='par_1_48' title="bbox 431 3057 1944 3140">
     <span class='ocr_line' id='line_1_48' title="bbox 431 3057 1944 3140; baseline 0.011 -29"><span class='ocrx_word' id='word_1_350' title='bbox 431 3057 577 3114; x_wconf 84' lang='lat' dir='ltr'><strong>DISC.</strong></span> <span class='ocrx_word' id='word_1_351' title='bbox 605 3063 688 3116; x_wconf 87' lang='lat' dir='ltr'><strong>An</strong></span> <span class='ocrx_word' id='word_1_352' title='bbox 721 3061 866 3117; x_wconf 88' lang='lat' dir='ltr'><strong>aliud</strong></span> <span class='ocrx_word' id='word_1_353' title='bbox 914 3064 1078 3120; x_wconf 85' lang='lat' dir='ltr'><strong>habet</strong></span> <span class='ocrx_word' id='word_1_354' title='bbox 1108 3066 1198 3122; x_wconf 91' lang='lat' dir='ltr'><strong>ille</strong></span> <span class='ocrx_word' id='word_1_355' title='bbox 1244 3077 1527 3137; x_wconf 87' lang='lat' dir='ltr'><strong>tractatus,</strong></span> <span class='ocrx_word' id='word_1_356' title='bbox 1577 3085 1741 3140; x_wconf 90' lang='lat' dir='ltr'><strong>quam</strong></span> <span class='ocrx_word' id='word_1_357' title='bbox 1791 3089 1944 3129; x_wconf 84' lang='lat' dir='ltr'><strong>omne</strong></span> 
     </span>
    </p>
   </div>
   <div class='ocr_carea' id='block_1_49' title="bbox 358 3150 1944 3234">
    <p class='ocr_par' dir='ltr' id='par_1_49' title="bbox 358 3150 1944 3234">
     <span class='ocr_line' id='line_1_49' title="bbox 358 3150 1944 3234; baseline 0.011 -33"><span class='ocrx_word' id='word_1_358' title='bbox 358 3150 496 3218; x_wconf 82' lang='lat' dir='ltr'><strong>quod</strong></span> <span class='ocrx_word' id='word_1_359' title='bbox 515 3160 610 3218; x_wconf 83' lang='lat' dir='ltr'><strong>est,</strong></span> <span class='ocrx_word' id='word_1_360' title='bbox 647 3163 738 3208; x_wconf 88' lang='lat' dir='ltr'><strong>aut</strong></span> <span class='ocrx_word' id='word_1_361' title='bbox 770 3163 844 3209; x_wconf 87' lang='lat' dir='ltr'><strong>est</strong></span> <span class='ocrx_word' id='word_1_362' title='bbox 873 3157 1190 3226; x_wconf 85' lang='lat' dir='ltr'><strong>substantia,</strong></span> <span class='ocrx_word' id='word_1_363' title='bbox 1218 3168 1310 3214; x_wconf 87' lang='lat' dir='ltr'><strong>aut</strong></span> <span class='ocrx_word' id='word_1_364' title='bbox 1335 3160 1584 3230; x_wconf 84' lang='lat' dir='ltr'><strong>qualitas,</strong></span> <span class='ocrx_word' id='word_1_365' title='bbox 1614 3173 1705 3216; x_wconf 87' lang='lat' dir='ltr'><strong>aut</strong></span> <span class='ocrx_word' id='word_1_366' title='bbox 1732 3165 1944 3234; x_wconf 88' lang='lat' dir='ltr'><strong>quanti-</strong></span> 
     </span>
    </p>
   </div>
   <div class='ocr_carea' id='block_1_50' title="bbox 358 3244 1943 3324">
    <p class='ocr_par' dir='ltr' id='par_1_50' title="bbox 358 3244 1943 3324">
     <span class='ocr_line' id='line_1_50' title="bbox 358 3244 1943 3324; baseline 0.011 -31"><span class='ocrx_word' id='word_1_367' title='bbox 358 3251 460 3307; x_wconf 85' lang='lat' dir='ltr'><strong>tas,</strong></span> <span class='ocrx_word' id='word_1_368' title='bbox 488 3253 594 3299; x_wconf 85' lang='lat' dir='ltr'><strong>etc.</strong></span> <span class='ocrx_word' id='word_1_369' title='bbox 645 3244 702 3300; x_wconf 89' lang='lat' dir='ltr'><strong>Si</strong></span> <span class='ocrx_word' id='word_1_370' title='bbox 725 3261 856 3316; x_wconf 91' lang='lat' dir='ltr'><strong>ergo</strong></span> <span class='ocrx_word' id='word_1_371' title='bbox 894 3248 1043 3304; x_wconf 88' lang='lat' dir='ltr'><strong>solus</strong></span> <span class='ocrx_word' id='word_1_372' title='bbox 1081 3251 1241 3307; x_wconf 91' lang='lat' dir='ltr'><strong>homo</strong></span> <span class='ocrx_word' id='word_1_373' title='bbox 1272 3263 1358 3307; x_wconf 88' lang='lat' dir='ltr'><strong>est</strong></span> <span class='ocrx_word' id='word_1_374' title='bbox 1390 3253 1804 3324; x_wconf 88' lang='lat' dir='ltr'><strong>grammaticus;</strong></span> <span class='ocrx_word' id='word_1_375' title='bbox 1828 3256 1943 3312; x_wconf 91' lang='lat' dir='ltr'><strong>sola</strong></span> 
     </span>
    </p>
   </div>
   <div class='ocr_carea' id='block_1_51' title="bbox 358 3333 1945 3417">
    <p class='ocr_par' dir='ltr' id='par_1_51' title="bbox 358 3333 1945 3417">
     <span class='ocr_line' id='line_1_51' title="bbox 358 3333 1945 3417; baseline 0.01 -30"><span class='ocrx_word' id='word_1_376' title='bbox 358 3333 662 3391; x_wconf 88' lang='lat' dir='ltr'><strong>substantia</strong></span> <span class='ocrx_word' id='word_1_377' title='bbox 707 3347 792 3392; x_wconf 90' lang='lat' dir='ltr'><strong>est</strong></span> <span class='ocrx_word' id='word_1_378' title='bbox 819 3342 1226 3411; x_wconf 87' lang='lat' dir='ltr'><strong>grammaticus,</strong></span> <span class='ocrx_word' id='word_1_379' title='bbox 1276 3344 1548 3413; x_wconf 89' lang='lat' dir='ltr'><strong>quomodo</strong></span> <span class='ocrx_word' id='word_1_380' title='bbox 1575 3343 1669 3376; x_wconf 72' lang='grc'>⁴⁰⁶²</span> <span class='ocrx_word' id='word_1_381' title='bbox 1697 3360 1826 3417; x_wconf 86' lang='lat' dir='ltr'><strong>ergo</strong></span> <span class='ocrx_word' id='word_1_382' title='bbox 1859 3361 1945 3402; x_wconf 88' lang='lat' dir='ltr'><strong>se-</strong></span> 
     </span>
    </p>
   </div>
   <div class='ocr_carea' id='block_1_52' title="bbox 359 3423 1945 3506">
    <p class='ocr_par' dir='ltr' id='par_1_52' title="bbox 359 3423 1945 3506">
     <span class='ocr_line' id='line_1_52' title="bbox 359 3423 1945 3506; baseline 0.011 -32"><span class='ocrx_word' id='word_1_383' title='bbox 359 3423 593 3477; x_wconf 92' lang='lat' dir='ltr'><strong>cundum</strong></span> <span class='ocrx_word' id='word_1_384' title='bbox 640 3423 787 3480; x_wconf 89' lang='lat' dir='ltr'><strong>illum</strong></span> <span class='ocrx_word' id='word_1_385' title='bbox 837 3435 1149 3496; x_wconf 89' lang='lat' dir='ltr'><strong>tractatum,</strong></span> <span class='ocrx_word' id='word_1_386' title='bbox 1197 3433 1586 3501; x_wconf 86' lang='lat' dir='ltr'><strong>grammaticus</strong></span> <span class='ocrx_word' id='word_1_387' title='bbox 1635 3436 1806 3506; x_wconf 79' lang='lat' dir='ltr'><strong>magis</strong></span> <span class='ocrx_word' id='word_1_388' title='bbox 1859 3444 1945 3492; x_wconf 85' lang='lat' dir='ltr'><strong>est</strong></span> 
     </span>
    </p>
   </div>
   <div class='ocr_carea' id='block_1_53' title="bbox 357 3513 1941 3587">
    <p class='ocr_par' dir='ltr' id='par_1_53' title="bbox 357 3513 1941 3587">
     <span class='ocr_line' id='line_1_53' title="bbox 357 3513 1941 3587; baseline 0.011 -21"><span class='ocrx_word' id='word_1_389' title='bbox 357 3513 592 3581; x_wconf 86' lang='lat' dir='ltr'><strong>qualitas</strong></span> <span class='ocrx_word' id='word_1_390' title='bbox 619 3533 784 3587; x_wconf 89' lang='lat' dir='ltr'><strong>quam</strong></span> <span class='ocrx_word' id='word_1_391' title='bbox 811 3519 1156 3577; x_wconf 79' lang='lat' dir='ltr'><strong>substantia?</strong></span> <span class='ocrx_word' id='word_1_392' title='bbox 1182 3521 1324 3579; x_wconf 74' lang='lat' dir='ltr'><strong>MAG.</strong></span> <span class='ocrx_word' id='word_1_393' title='bbox 1369 3523 1480 3580; x_wconf 87' lang='lat' dir='ltr'><strong>Etsi</strong></span> <span class='ocrx_word' id='word_1_394' title='bbox 1510 3525 1610 3580; x_wconf 87' lang='lat' dir='ltr'><strong>hoc</strong></span> <span class='ocrx_word' id='word_1_395' title='bbox 1636 3525 1707 3580; x_wconf 91' lang='lat' dir='ltr'><strong>ibi</strong></span> <span class='ocrx_word' id='word_1_396' title='bbox 1742 3527 1941 3584; x_wconf 83' lang='lat' dir='ltr'><strong>intelli-</strong></span> 
     </span>
    </p>
   </div>
   <div class='ocr_carea' id='block_1_54' title="bbox 358 3607 1943 3690">
    <p class='ocr_par' dir='ltr' id='par_1_54' title="bbox 358 3607 1943 3690">
     <span class='ocr_line' id='line_1_54' title="bbox 358 3607 1943 3690; baseline 0.011 -33"><span class='ocrx_word' id='word_1_397' title='bbox 358 3614 520 3672; x_wconf 82' lang='lat' dir='ltr'><strong>gatur</strong></span> <span class='ocrx_word' id='word_1_398' title='bbox 557 3607 700 3676; x_wconf 88' lang='lat' dir='ltr'><strong>quod</strong></span> <span class='ocrx_word' id='word_1_399' title='bbox 735 3617 790 3662; x_wconf 91' lang='lat' dir='ltr'><strong>tu</strong></span> <span class='ocrx_word' id='word_1_400' title='bbox 831 3609 968 3666; x_wconf 88' lang='lat' dir='ltr'><strong>dicis</strong></span> <span class='ocrx_word' id='word_1_401' title='bbox 999 3630 1012 3666; x_wconf 91' lang='lat'><strong>:</strong></span> <span class='ocrx_word' id='word_1_402' title='bbox 1049 3616 1176 3682; x_wconf 91' lang='lat' dir='ltr'><strong>quia</strong></span> <span class='ocrx_word' id='word_1_403' title='bbox 1217 3629 1379 3670; x_wconf 90' lang='lat' dir='ltr'><strong>omne</strong></span> <span class='ocrx_word' id='word_1_404' title='bbox 1405 3616 1550 3685; x_wconf 90' lang='lat' dir='ltr'><strong>quod</strong></span> <span class='ocrx_word' id='word_1_405' title='bbox 1587 3626 1689 3681; x_wconf 89' lang='lat' dir='ltr'><strong>est,</strong></span> <span class='ocrx_word' id='word_1_406' title='bbox 1739 3617 1943 3690; x_wconf 90' lang='lat' dir='ltr'><strong>aliquid</strong></span> 
     </span>
    </p>
   </div>
   <div class='ocr_carea' id='block_1_55' title="bbox 362 3695 1944 3776">
    <p class='ocr_par' dir='ltr' id='par_1_55' title="bbox 362 3695 1944 3776">
     <span class='ocr_line' id='line_1_55' title="bbox 362 3695 1944 3776; baseline 0.009 -27"><span class='ocrx_word' id='word_1_407' title='bbox 362 3695 554 3751; x_wconf 89' lang='lat' dir='ltr'><strong>horum</strong></span> <span class='ocrx_word' id='word_1_408' title='bbox 584 3707 705 3754; x_wconf 92' lang='lat' dir='ltr'><strong>est:</strong></span> <span class='ocrx_word' id='word_1_409' title='bbox 740 3715 845 3756; x_wconf 90' lang='lat' dir='ltr'><strong>non</strong></span> <span class='ocrx_word' id='word_1_410' title='bbox 880 3711 1058 3758; x_wconf 88' lang='lat' dir='ltr'><strong>tamen</strong></span> <span class='ocrx_word' id='word_1_411' title='bbox 1088 3702 1190 3760; x_wconf 83' lang='lat' dir='ltr'><strong>fuit</strong></span> <span class='ocrx_word' id='word_1_412' title='bbox 1214 3705 1526 3776; x_wconf 90' lang='lat' dir='ltr'><strong>principalis</strong></span> <span class='ocrx_word' id='word_1_413' title='bbox 1567 3707 1793 3764; x_wconf 88' lang='lat' dir='ltr'><strong>intentio</strong></span> <span class='ocrx_word' id='word_1_414' title='bbox 1819 3709 1944 3765; x_wconf 85' lang='lat' dir='ltr'><strong>Ari-</strong></span> 
     </span>
    </p>
   </div>
   <div class='ocr_carea' id='block_1_56' title="bbox 359 3790 1942 3871">
    <p class='ocr_par' dir='ltr' id='par_1_56' title="bbox 359 3790 1942 3871">
     <span class='ocr_line' id='line_1_56' title="bbox 359 3790 1942 3871; baseline 0.009 -28"><span class='ocrx_word' id='word_1_415' title='bbox 359 3790 570 3846; x_wconf 88' lang='lat' dir='ltr'><strong>stotelis</strong></span> <span class='ocrx_word' id='word_1_416' title='bbox 613 3792 717 3848; x_wconf 90' lang='lat' dir='ltr'><strong>hoc</strong></span> <span class='ocrx_word' id='word_1_417' title='bbox 763 3793 817 3848; x_wconf 91' lang='lat' dir='ltr'><strong>in</strong></span> <span class='ocrx_word' id='word_1_418' title='bbox 868 3793 961 3851; x_wconf 90' lang='lat' dir='ltr'><strong>illo</strong></span> <span class='ocrx_word' id='word_1_419' title='bbox 1007 3795 1147 3852; x_wconf 88' lang='lat' dir='ltr'><strong>libro</strong></span> <span class='ocrx_word' id='word_1_420' title='bbox 1193 3798 1511 3866; x_wconf 84' lang='lat' dir='ltr'><strong>ostendere;</strong></span> <span class='ocrx_word' id='word_1_421' title='bbox 1563 3801 1657 3856; x_wconf 91' lang='lat' dir='ltr'><strong>sed</strong></span> <span class='ocrx_word' id='word_1_422' title='bbox 1687 3802 1942 3871; x_wconf 91' lang='lat' dir='ltr'><strong>quoniam</strong></span> 
     </span>
    </p>
   </div>
   <div class='ocr_carea' id='block_1_57' title="bbox 359 3885 1938 3962">
    <p class='ocr_par' dir='ltr' id='par_1_57' title="bbox 359 3885 1938 3962">
     <span class='ocr_line' id='line_1_57' title="bbox 359 3885 1938 3962; baseline 0.008 -29"><span class='ocrx_word' id='word_1_423' title='bbox 359 3894 520 3935; x_wconf 87' lang='lat' dir='ltr'><strong>omne</strong></span> <span class='ocrx_word' id='word_1_424' title='bbox 540 3897 762 3951; x_wconf 82' lang='lat' dir='ltr'><strong>nomen,</strong></span> <span class='ocrx_word' id='word_1_425' title='bbox 797 3885 881 3941; x_wconf 89' lang='lat' dir='ltr'><strong>vel</strong></span> <span class='ocrx_word' id='word_1_426' title='bbox 917 3888 1139 3943; x_wconf 89' lang='lat' dir='ltr'><strong>verbum</strong></span> <span class='ocrx_word' id='word_1_427' title='bbox 1167 3887 1369 3959; x_wconf 91' lang='lat' dir='ltr'><strong>aliquid</strong></span> <span class='ocrx_word' id='word_1_428' title='bbox 1397 3889 1589 3945; x_wconf 90' lang='lat' dir='ltr'><strong>horum</strong></span> <span class='ocrx_word' id='word_1_429' title='bbox 1624 3890 1892 3962; x_wconf 85' lang='lat' dir='ltr'><strong>signiﬁcat</strong></span> <span class='ocrx_word' id='word_1_430' title='bbox 1925 3908 1938 3945; x_wconf 88' lang='lat'><strong>:</strong></span> 
     </span>
    </p>
   </div>
   <div class='ocr_carea' id='block_1_58' title="bbox 359 3976 1944 4054">
    <p class='ocr_par' dir='ltr' id='par_1_58' title="bbox 359 3976 1944 4054">
     <span class='ocr_line' id='line_1_58' title="bbox 359 3976 1944 4054; baseline 0.007 -27"><span class='ocrx_word' id='word_1_431' title='bbox 359 3987 468 4028; x_wconf 91' lang='lat' dir='ltr'><strong>non</strong></span> <span class='ocrx_word' id='word_1_432' title='bbox 513 3976 658 4030; x_wconf 89' lang='lat' dir='ltr'><strong>enim</strong></span> <span class='ocrx_word' id='word_1_433' title='bbox 701 3976 1013 4034; x_wconf 89' lang='lat' dir='ltr'><strong>intendebat</strong></span> <span class='ocrx_word' id='word_1_434' title='bbox 1057 3982 1345 4037; x_wconf 88' lang='lat' dir='ltr'><strong>ostendere</strong></span> <span class='ocrx_word' id='word_1_435' title='bbox 1390 3983 1517 4051; x_wconf 91' lang='lat' dir='ltr'><strong>quid</strong></span> <span class='ocrx_word' id='word_1_436' title='bbox 1565 3981 1675 4037; x_wconf 90' lang='lat' dir='ltr'><strong>sint</strong></span> <span class='ocrx_word' id='word_1_437' title='bbox 1719 3983 1944 4054; x_wconf 67' lang='lat' dir='ltr'><strong>singula:</strong></span> 
     </span>
    </p>
   </div>
   <div class='ocr_carea' id='block_1_59' title="bbox 361 4069 1941 4145">
    <p class='ocr_par' dir='ltr' id='par_1_59' title="bbox 361 4069 1941 4145">
     <span class='ocr_line' id='line_1_59' title="bbox 361 4069 1941 4145; baseline 0.007 -25"><span class='ocrx_word' id='word_1_438' title='bbox 361 4082 469 4133; x_wconf 89' lang='lat' dir='ltr'><strong>res,</strong></span> <span class='ocrx_word' id='word_1_439' title='bbox 502 4083 603 4125; x_wconf 88' lang='lat' dir='ltr'><strong>nec</strong></span> <span class='ocrx_word' id='word_1_440' title='bbox 624 4069 720 4103; x_wconf 71' lang='lat' dir='ltr'><strong>m&#39;</strong></span> <span class='ocrx_word' id='word_1_441' title='bbox 743 4087 973 4141; x_wconf 88' lang='lat' dir='ltr'><strong>quarum</strong></span> <span class='ocrx_word' id='word_1_442' title='bbox 1006 4089 1189 4129; x_wconf 88' lang='lat' dir='ltr'><strong>rerum</strong></span> <span class='ocrx_word' id='word_1_443' title='bbox 1220 4073 1329 4130; x_wconf 87' lang='lat' dir='ltr'><strong>sint</strong></span> <span class='ocrx_word' id='word_1_444' title='bbox 1356 4074 1692 4145; x_wconf 76' lang='lat' dir='ltr'><strong>appellativa:</strong></span> <span class='ocrx_word' id='word_1_445' title='bbox 1719 4076 1941 4144; x_wconf 75' lang='lat' dir='ltr'><strong>singulae</strong></span> 
     </span>
    </p>
   </div>
   <div class='ocr_carea' id='block_1_60' title="bbox 360 4164 1938 4237">
    <p class='ocr_par' dir='ltr' id='par_1_60' title="bbox 360 4164 1938 4237">
     <span class='ocr_line' id='line_1_60' title="bbox 360 4164 1938 4237; baseline 0.006 -25"><span class='ocrx_word' id='word_1_446' title='bbox 360 4172 548 4226; x_wconf 89' lang='lat' dir='ltr'><strong>voces;</strong></span> <span class='ocrx_word' id='word_1_447' title='bbox 599 4164 692 4218; x_wconf 90' lang='lat' dir='ltr'><strong>sed</strong></span> <span class='ocrx_word' id='word_1_448' title='bbox 712 4178 950 4232; x_wconf 86' lang='lat' dir='ltr'><strong>quarum</strong></span> <span class='ocrx_word' id='word_1_449' title='bbox 996 4164 1351 4233; x_wconf 83' lang='lat' dir='ltr'><strong>signiﬁcativa</strong></span> <span class='ocrx_word' id='word_1_450' title='bbox 1380 4165 1506 4220; x_wconf 90' lang='lat' dir='ltr'><strong>sint.</strong></span> <span class='ocrx_word' id='word_1_451' title='bbox 1550 4166 1656 4221; x_wconf 90' lang='lat' dir='ltr'><strong>Sed</strong></span> <span class='ocrx_word' id='word_1_452' title='bbox 1688 4167 1938 4237; x_wconf 84' lang='lat' dir='ltr'><strong>quonlum</strong></span> 
     </span>
    </p>
   </div>
   <div class='ocr_carea' id='block_1_61' title="bbox 2049 1780 3641 1851">
    <p class='ocr_par' dir='ltr' id='par_1_61' title="bbox 2049 1780 3641 1851">
     <span class='ocr_line' id='line_1_61' title="bbox 2049 1780 3641 1851; baseline 0.003 -16"><span class='ocrx_word' id='word_1_453' title='bbox 2049 1797 2147 1851; x_wconf 86' lang='lat' dir='ltr'><strong>per</strong></span> <span class='ocrx_word' id='word_1_454' title='bbox 2195 1781 2339 1836; x_wconf 90' lang='lat' dir='ltr'><strong>aliud</strong></span> <span class='ocrx_word' id='word_1_455' title='bbox 2386 1791 2493 1847; x_wconf 87' lang='lat' dir='ltr'><strong>est,</strong></span> <span class='ocrx_word' id='word_1_456' title='bbox 2542 1791 2598 1836; x_wconf 91' lang='lat' dir='ltr'><strong>et</strong></span> <span class='ocrx_word' id='word_1_457' title='bbox 2650 1780 3044 1837; x_wconf 83' lang='lat' dir='ltr'><strong>accidentalis?</strong></span> <span class='ocrx_word' id='word_1_458' title='bbox 3089 1782 3234 1838; x_wconf 82' lang='lat' dir='ltr'><strong>Dtsc.</strong></span> <span class='ocrx_word' id='word_1_459' title='bbox 3268 1781 3384 1837; x_wconf 86' lang='lat' dir='ltr'><strong>Non</strong></span> <span class='ocrx_word' id='word_1_460' title='bbox 3416 1783 3520 1839; x_wconf 91' lang='lat' dir='ltr'><strong>nisi</strong></span> <span class='ocrx_word' id='word_1_461' title='bbox 3572 1783 3641 1839; x_wconf 85' lang='lat' dir='ltr'><strong>de</strong></span> 
     </span>
    </p>
   </div>
   <div class='ocr_carea' id='block_1_62' title="bbox 2049 1874 3640 1946">
    <p class='ocr_par' dir='ltr' id='par_1_62' title="bbox 2049 1874 3640 1946">
     <span class='ocr_line' id='line_1_62' title="bbox 2049 1874 3640 1946; baseline 0 -15"><span class='ocrx_word' id='word_1_462' title='bbox 2049 1876 2192 1946; x_wconf 88' lang='lat' dir='ltr'><strong>ipsa,</strong></span> <span class='ocrx_word' id='word_1_463' title='bbox 2218 1891 2382 1946; x_wconf 87' lang='lat' dir='ltr'><strong>quam</strong></span> <span class='ocrx_word' id='word_1_464' title='bbox 2431 1876 2571 1930; x_wconf 91' lang='lat' dir='ltr'><strong>idem</strong></span> <span class='ocrx_word' id='word_1_465' title='bbox 2604 1875 2721 1945; x_wconf 90' lang='lat' dir='ltr'><strong>ipse</strong></span> <span class='ocrx_word' id='word_1_466' title='bbox 2768 1874 2975 1931; x_wconf 88' lang='lat' dir='ltr'><strong>eisdem</strong></span> <span class='ocrx_word' id='word_1_467' title='bbox 3004 1875 3231 1930; x_wconf 88' lang='lat' dir='ltr'><strong>vocibus</strong></span> <span class='ocrx_word' id='word_1_468' title='bbox 3263 1875 3464 1940; x_wconf 89' lang='lat' dir='ltr'><strong>inesse,</strong></span> <span class='ocrx_word' id='word_1_469' title='bbox 3495 1875 3640 1931; x_wconf 77' lang='lat' dir='ltr'><strong>difﬁ-</strong></span> 
     </span>
    </p>
   </div>
   <div class='ocr_carea' id='block_1_63' title="bbox 2049 1966 3639 2037">
    <p class='ocr_par' dir='ltr' id='par_1_63' title="bbox 2049 1966 3639 2037">
     <span class='ocr_line' id='line_1_63' title="bbox 2049 1966 3639 2037; baseline -0.001 -15"><span class='ocrx_word' id='word_1_470' title='bbox 2049 1968 2249 2023; x_wconf 90' lang='lat' dir='ltr'><strong>niendo</strong></span> <span class='ocrx_word' id='word_1_471' title='bbox 2272 1982 2468 2023; x_wconf 89' lang='lat' dir='ltr'><strong>nomen</strong></span> <span class='ocrx_word' id='word_1_472' title='bbox 2490 1976 2546 2023; x_wconf 90' lang='lat' dir='ltr'><strong>et</strong></span> <span class='ocrx_word' id='word_1_473' title='bbox 2569 1967 2816 2033; x_wconf 87' lang='lat' dir='ltr'><strong>verbum,</strong></span> <span class='ocrx_word' id='word_1_474' title='bbox 2848 1966 3180 2037; x_wconf 75' lang='lat' dir='ltr'><strong>assignavit;</strong></span> <span class='ocrx_word' id='word_1_475' title='bbox 3210 1981 3312 2036; x_wconf 91' lang='lat' dir='ltr'><strong>qua</strong></span> <span class='ocrx_word' id='word_1_476' title='bbox 3349 1982 3444 2037; x_wconf 90' lang='lat' dir='ltr'><strong>per</strong></span> <span class='ocrx_word' id='word_1_477' title='bbox 3473 1981 3532 2022; x_wconf 90' lang='lat' dir='ltr'><strong>se</strong></span> <span class='ocrx_word' id='word_1_478' title='bbox 3557 1966 3639 2021; x_wconf 82' lang='lat' dir='ltr'><strong>si-</strong></span> 
     </span>
    </p>
   </div>
   <div class='ocr_carea' id='block_1_64' title="bbox 2048 2057 3635 2130">
    <p class='ocr_par' dir='ltr' id='par_1_64' title="bbox 2048 2057 3635 2130">
     <span class='ocr_line' id='line_1_64' title="bbox 2048 2057 3635 2130; baseline 0.001 -18"><span class='ocrx_word' id='word_1_479' title='bbox 2048 2058 2328 2129; x_wconf 90' lang='lat' dir='ltr'><strong>gniﬁcant.</strong></span> <span class='ocrx_word' id='word_1_480' title='bbox 2360 2057 2501 2115; x_wconf 71' lang='lat' dir='ltr'><strong>Msa.</strong></span> <span class='ocrx_word' id='word_1_481' title='bbox 2533 2059 2616 2114; x_wconf 90' lang='lat' dir='ltr'><strong>An</strong></span> <span class='ocrx_word' id='word_1_482' title='bbox 2645 2069 2808 2130; x_wconf 90' lang='lat' dir='ltr'><strong>putas</strong></span> <span class='ocrx_word' id='word_1_483' title='bbox 2834 2059 2986 2114; x_wconf 92' lang='lat' dir='ltr'><strong>illum</strong></span> <span class='ocrx_word' id='word_1_484' title='bbox 3016 2057 3175 2114; x_wconf 91' lang='lat' dir='ltr'><strong>aliter</strong></span> <span class='ocrx_word' id='word_1_485' title='bbox 3205 2067 3550 2128; x_wconf 87' lang='lat' dir='ltr'><strong>prosecutum</strong></span> <span class='ocrx_word' id='word_1_486' title='bbox 3580 2059 3635 2113; x_wconf 93' lang='lat' dir='ltr'><strong>in</strong></span> 
     </span>
    </p>
   </div>
   <div class='ocr_carea' id='block_1_65' title="bbox 2054 2143 3635 2226">
    <p class='ocr_par' dir='ltr' id='par_1_65' title="bbox 2054 2143 3635 2226">
     <span class='ocr_line' id='line_1_65' title="bbox 2054 2143 3635 2226; baseline -0.002 -17"><span class='ocrx_word' id='word_1_487' title='bbox 2054 2162 2308 2220; x_wconf 83' lang='lat' dir='ltr'><strong>tractatu,</strong></span> <span class='ocrx_word' id='word_1_488' title='bbox 2354 2170 2518 2224; x_wconf 89' lang='lat' dir='ltr'><strong>quam</strong></span> <span class='ocrx_word' id='word_1_489' title='bbox 2561 2155 2842 2226; x_wconf 86' lang='lat' dir='ltr'><strong>preposuit</strong></span> <span class='ocrx_word' id='word_1_490' title='bbox 2871 2154 2924 2207; x_wconf 92' lang='lat' dir='ltr'><strong>in</strong></span> <span class='ocrx_word' id='word_1_491' title='bbox 2970 2153 3267 2218; x_wconf 89' lang='lat' dir='ltr'><strong>divisione;</strong></span> <span class='ocrx_word' id='word_1_492' title='bbox 3300 2169 3368 2208; x_wconf 88' lang='lat' dir='ltr'><strong>an</strong></span> <span class='ocrx_word' id='word_1_493' title='bbox 3401 2143 3635 2222; x_wconf 86' lang='lat' dir='ltr'><strong>aliquem</strong></span> 
     </span>
    </p>
   </div>
   <div class='ocr_carea' id='block_1_66' title="bbox 2050 2244 3637 2316">
    <p class='ocr_par' dir='ltr' id='par_1_66' title="bbox 2050 2244 3637 2316">
     <span class='ocr_line' id='line_1_66' title="bbox 2050 2244 3637 2316; baseline 0.001 -17"><span class='ocrx_word' id='word_1_494' title='bbox 2050 2259 2236 2300; x_wconf 91' lang='lat' dir='ltr'><strong>corum</strong></span> <span class='ocrx_word' id='word_1_495' title='bbox 2262 2246 2377 2310; x_wconf 70' lang='grc'>⁸⁸⁷³,</span> <span class='ocrx_word' id='word_1_496' title='bbox 2407 2245 2497 2316; x_wconf 90' lang='lat' dir='ltr'><strong>qui</strong></span> <span class='ocrx_word' id='word_1_497' title='bbox 2525 2261 2647 2301; x_wconf 89' lang='lat' dir='ltr'><strong>eum</strong></span> <span class='ocrx_word' id='word_1_498' title='bbox 2675 2254 2964 2315; x_wconf 90' lang='lat' dir='ltr'><strong>sequentes</strong></span> <span class='ocrx_word' id='word_1_499' title='bbox 2990 2245 3056 2299; x_wconf 91' lang='lat' dir='ltr'><strong>de</strong></span> <span class='ocrx_word' id='word_1_500' title='bbox 3098 2244 3377 2300; x_wconf 90' lang='lat' dir='ltr'><strong>dialectica</strong></span> <span class='ocrx_word' id='word_1_501' title='bbox 3407 2245 3637 2315; x_wconf 85' lang='lat' dir='ltr'><strong>scripse-</strong></span> 
     </span>
    </p>
   </div>
   <div class='ocr_carea' id='block_1_67' title="bbox 2049 2324 3636 2408">
    <p class='ocr_par' dir='ltr' id='par_1_67' title="bbox 2049 2324 3636 2408">
     <span class='ocr_line' id='line_1_67' title="bbox 2049 2324 3636 2408; baseline 0.001 -17"><span class='ocrx_word' id='word_1_502' title='bbox 2049 2347 2206 2402; x_wconf 90' lang='lat' dir='ltr'><strong>runt,</strong></span> <span class='ocrx_word' id='word_1_503' title='bbox 2251 2337 2410 2393; x_wconf 89' lang='lat' dir='ltr'><strong>aliter</strong></span> <span class='ocrx_word' id='word_1_504' title='bbox 2441 2339 2645 2393; x_wconf 89' lang='lat' dir='ltr'><strong>sentire</strong></span> <span class='ocrx_word' id='word_1_505' title='bbox 2672 2336 2906 2393; x_wconf 88' lang='lat' dir='ltr'><strong>voluisse</strong></span> <span class='ocrx_word' id='word_1_506' title='bbox 2932 2338 2998 2394; x_wconf 90' lang='lat' dir='ltr'><strong>de</strong></span> <span class='ocrx_word' id='word_1_507' title='bbox 3025 2338 3128 2392; x_wconf 89' lang='lat' dir='ltr'><strong>hac</strong></span> <span class='ocrx_word' id='word_1_508' title='bbox 3165 2324 3252 2400; x_wconf 58' lang='lat' dir='ltr'><strong>‘re,</strong></span> <span class='ocrx_word' id='word_1_509' title='bbox 3279 2353 3440 2408; x_wconf 83' lang='lat' dir='ltr'><strong>quam</strong></span> <span class='ocrx_word' id='word_1_510' title='bbox 3471 2339 3636 2394; x_wconf 88' lang='lat' dir='ltr'><strong>sentit</strong></span> 
     </span>
    </p>
   </div>
   <div class='ocr_carea' id='block_1_68' title="bbox 2050 2427 3632 2500">
    <p class='ocr_par' dir='ltr' id='par_1_68' title="bbox 2050 2427 3632 2500">
     <span class='ocr_line' id='line_1_68' title="bbox 2050 2427 3632 2500; baseline 0.001 -18"><span class='ocrx_word' id='word_1_511' title='bbox 2050 2427 2205 2498; x_wconf 86' lang='lat' dir='ltr'><strong>ipse?</strong></span> <span class='ocrx_word' id='word_1_512' title='bbox 2236 2427 2381 2484; x_wconf 82' lang='lat' dir='ltr'><strong>Dtsc.</strong></span> <span class='ocrx_word' id='word_1_513' title='bbox 2424 2427 2581 2482; x_wconf 91' lang='lat' dir='ltr'><strong>Nullo</strong></span> <span class='ocrx_word' id='word_1_514' title='bbox 2610 2429 2769 2483; x_wconf 89' lang='lat' dir='ltr'><strong>modo</strong></span> <span class='ocrx_word' id='word_1_515' title='bbox 2801 2443 2990 2484; x_wconf 87' lang='lat' dir='ltr'><strong>eorum</strong></span> <span class='ocrx_word' id='word_1_516' title='bbox 3025 2431 3227 2500; x_wconf 87' lang='lat' dir='ltr'><strong>scripta</strong></span> <span class='ocrx_word' id='word_1_517' title='bbox 3256 2431 3358 2485; x_wconf 92' lang='lat' dir='ltr'><strong>hoc</strong></span> <span class='ocrx_word' id='word_1_518' title='bbox 3400 2430 3632 2499; x_wconf 87' lang='lat' dir='ltr'><strong>aliquem</strong></span> 
     </span>
    </p>
   </div>
   <div class='ocr_carea' id='block_1_69' title="bbox 2050 2517 3635 2590">
    <p class='ocr_par' dir='ltr' id='par_1_69' title="bbox 2050 2517 3635 2590">
     <span class='ocr_line' id='line_1_69' title="bbox 2050 2517 3635 2590; baseline -0.001 -18"><span class='ocrx_word' id='word_1_519' title='bbox 2050 2518 2261 2587; x_wconf 79' lang='lat' dir='ltr'><strong>Opinari</strong></span> <span class='ocrx_word' id='word_1_520' title='bbox 2307 2517 2632 2587; x_wconf 87' lang='lat' dir='ltr'><strong>permittunt</strong></span> <span class='ocrx_word' id='word_1_521' title='bbox 2673 2517 2770 2550; x_wconf 68' lang='grc'>³⁰⁷³</span> <span class='ocrx_word' id='word_1_522' title='bbox 2821 2536 2835 2572; x_wconf 90' lang='lat'><strong>:</strong></span> <span class='ocrx_word' id='word_1_523' title='bbox 2885 2519 3012 2588; x_wconf 89' lang='lat' dir='ltr'><strong>quia</strong></span> <span class='ocrx_word' id='word_1_524' title='bbox 3063 2534 3331 2590; x_wconf 88' lang='lat' dir='ltr'><strong>nusquam</strong></span> <span class='ocrx_word' id='word_1_525' title='bbox 3362 2519 3635 2574; x_wconf 84' lang='lat' dir='ltr'><strong>invenitur</strong></span> 
     </span>
    </p>
   </div>
   <div class='ocr_carea' id='block_1_70' title="bbox 2051 2608 3636 2679">
    <p class='ocr_par' dir='ltr' id='par_1_70' title="bbox 2051 2608 3636 2679">
     <span class='ocr_line' id='line_1_70' title="bbox 2051 2608 3636 2679; baseline -0.001 -15"><span class='ocrx_word' id='word_1_526' title='bbox 2051 2609 2248 2679; x_wconf 88' lang='lat' dir='ltr'><strong>aliquis</strong></span> <span class='ocrx_word' id='word_1_527' title='bbox 2299 2624 2486 2664; x_wconf 88' lang='lat' dir='ltr'><strong>eorum</strong></span> <span class='ocrx_word' id='word_1_528' title='bbox 2543 2609 2786 2678; x_wconf 87' lang='lat' dir='ltr'><strong>posuisse</strong></span> <span class='ocrx_word' id='word_1_529' title='bbox 2815 2608 3051 2678; x_wconf 85' lang='lat' dir='ltr'><strong>aliquam</strong></span> <span class='ocrx_word' id='word_1_530' title='bbox 3097 2624 3308 2676; x_wconf 90' lang='lat' dir='ltr'><strong>vocem,</strong></span> <span class='ocrx_word' id='word_1_531' title='bbox 3339 2608 3408 2664; x_wconf 91' lang='lat' dir='ltr'><strong>ad</strong></span> <span class='ocrx_word' id='word_1_532' title='bbox 3452 2619 3636 2663; x_wconf 87' lang='lat' dir='ltr'><strong>osten-</strong></span> 
     </span>
    </p>
   </div>
   <div class='ocr_carea' id='block_1_71' title="bbox 2050 2700 3634 2773">
    <p class='ocr_par' dir='ltr' id='par_1_71' title="bbox 2050 2700 3634 2773">
     <span class='ocr_line' id='line_1_71' title="bbox 2050 2700 3634 2773; baseline -0.001 -16"><span class='ocrx_word' id='word_1_533' title='bbox 2050 2703 2286 2758; x_wconf 89' lang='lat' dir='ltr'><strong>dendum</strong></span> <span class='ocrx_word' id='word_1_534' title='bbox 2315 2701 2518 2770; x_wconf 88' lang='lat' dir='ltr'><strong>aliquid</strong></span> <span class='ocrx_word' id='word_1_535' title='bbox 2566 2702 2711 2772; x_wconf 92' lang='lat' dir='ltr'><strong>quod</strong></span> <span class='ocrx_word' id='word_1_536' title='bbox 2753 2700 2850 2734; x_wconf 69' lang='grc'><strong>⁸⁰⁷⁸</strong></span> <span class='ocrx_word' id='word_1_537' title='bbox 2877 2701 3146 2773; x_wconf 86' lang='lat' dir='ltr'><strong>signiﬁcet</strong></span> <span class='ocrx_word' id='word_1_538' title='bbox 3175 2717 3269 2772; x_wconf 91' lang='lat' dir='ltr'><strong>per</strong></span> <span class='ocrx_word' id='word_1_539' title='bbox 3317 2701 3490 2767; x_wconf 88' lang='lat' dir='ltr'><strong>aliud;</strong></span> <span class='ocrx_word' id='word_1_540' title='bbox 3537 2701 3634 2755; x_wconf 88' lang='lat' dir='ltr'><strong>sed</strong></span> 
     </span>
    </p>
   </div>
   <div class='ocr_carea' id='block_1_72' title="bbox 2053 2790 3632 2865">
    <p class='ocr_par' dir='ltr' id='par_1_72' title="bbox 2053 2790 3632 2865">
     <span class='ocr_line' id='line_1_72' title="bbox 2053 2790 3632 2865; baseline -0.004 -15"><span class='ocrx_word' id='word_1_541' title='bbox 2053 2809 2268 2865; x_wconf 88' lang='lat' dir='ltr'><strong>semper</strong></span> <span class='ocrx_word' id='word_1_542' title='bbox 2295 2794 2363 2849; x_wconf 92' lang='lat' dir='ltr'><strong>ad</strong></span> <span class='ocrx_word' id='word_1_543' title='bbox 2403 2793 2524 2858; x_wconf 88' lang='lat' dir='ltr'><strong>hoc,</strong></span> <span class='ocrx_word' id='word_1_544' title='bbox 2557 2794 2702 2864; x_wconf 88' lang='lat' dir='ltr'><strong>quod</strong></span> <span class='ocrx_word' id='word_1_545' title='bbox 2733 2809 2828 2864; x_wconf 86' lang='lat' dir='ltr'><strong>per</strong></span> <span class='ocrx_word' id='word_1_546' title='bbox 2861 2809 2920 2848; x_wconf 89' lang='lat' dir='ltr'><strong>se</strong></span> <span class='ocrx_word' id='word_1_547' title='bbox 2957 2793 3248 2864; x_wconf 84' lang='lat' dir='ltr'><strong>signiﬁcat.</strong></span> <span class='ocrx_word' id='word_1_548' title='bbox 3277 2791 3459 2846; x_wconf 91' lang='lat' dir='ltr'><strong>Nullas</strong></span> <span class='ocrx_word' id='word_1_549' title='bbox 3487 2790 3632 2845; x_wconf 87' lang='lat' dir='ltr'><strong>enim</strong></span> 
     </span>
    </p>
   </div>
   <div class='ocr_carea' id='block_1_73' title="bbox 2050 2882 3629 2953">
    <p class='ocr_par' dir='ltr' id='par_1_73' title="bbox 2050 2882 3629 2953">
     <span class='ocr_line' id='line_1_73' title="bbox 2050 2882 3629 2953; baseline -0.006 -11"><span class='ocrx_word' id='word_1_550' title='bbox 2050 2887 2237 2942; x_wconf 88' lang='lat' dir='ltr'><strong>volens</strong></span> <span class='ocrx_word' id='word_1_551' title='bbox 2283 2893 2586 2940; x_wconf 90' lang='lat' dir='ltr'><strong>monstrare</strong></span> <span class='ocrx_word' id='word_1_552' title='bbox 2651 2885 3029 2949; x_wconf 84' lang='lat' dir='ltr'><strong>substantiam,</strong></span> <span class='ocrx_word' id='word_1_553' title='bbox 3087 2884 3239 2953; x_wconf 90' lang='lat' dir='ltr'><strong>ponit</strong></span> <span class='ocrx_word' id='word_1_554' title='bbox 3289 2882 3470 2938; x_wconf 89' lang='lat' dir='ltr'><strong>album</strong></span> <span class='ocrx_word' id='word_1_555' title='bbox 3533 2889 3629 2934; x_wconf 90' lang='lat' dir='ltr'><strong>aut</strong></span> 
     </span>
    </p>
   </div>
   <div class='ocr_carea' id='block_1_74' title="bbox 2053 2973 3631 3048">
    <p class='ocr_par' dir='ltr' id='par_1_74' title="bbox 2053 2973 3631 3048">
     <span class='ocr_line' id='line_1_74' title="bbox 2053 2973 3631 3048; baseline -0.003 -19"><span class='ocrx_word' id='word_1_556' title='bbox 2053 2976 2465 3048; x_wconf 88' lang='lat' dir='ltr'><strong>grammaticum</strong></span> <span class='ocrx_word' id='word_1_557' title='bbox 2491 2975 2587 3006; x_wconf 71' lang='grc'><strong>⁸⁰⁷⁸</strong></span> <span class='ocrx_word' id='word_1_558' title='bbox 2613 2989 2629 3040; x_wconf 89' lang='grc'>;</span> <span class='ocrx_word' id='word_1_559' title='bbox 2672 2982 2766 3030; x_wconf 88' lang='lat' dir='ltr'><strong>sed</strong></span> <span class='ocrx_word' id='word_1_560' title='bbox 2808 2975 2874 3030; x_wconf 92' lang='lat' dir='ltr'><strong>de</strong></span> <span class='ocrx_word' id='word_1_561' title='bbox 2903 2973 3164 3044; x_wconf 87' lang='lat' dir='ltr'><strong>qualitate</strong></span> <span class='ocrx_word' id='word_1_562' title='bbox 3194 2977 3412 3038; x_wconf 86' lang='lat' dir='ltr'><strong>docens,</strong></span> <span class='ocrx_word' id='word_1_563' title='bbox 3447 2973 3631 3026; x_wconf 88' lang='lat' dir='ltr'><strong>album</strong></span> 
     </span>
    </p>
   </div>
   <div class='ocr_carea' id='block_1_75' title="bbox 1973 3047 3047 3143">
    <p class='ocr_par' dir='ltr' id='par_1_75' title="bbox 1973 3047 3047 3143">
     <span class='ocr_line' id='line_1_75' title="bbox 1973 3047 3047 3143; baseline -0.004 -19"><span class='ocrx_word' id='word_1_564' title='bbox 1973 3047 2020 3109; x_wconf 69' lang='grc' dir='ltr'>ο</span> <span class='ocrx_word' id='word_1_565' title='bbox 2051 3047 2106 3124; x_wconf 84' lang='grc' dir='ltr'><strong>ει</strong></span> <span class='ocrx_word' id='word_1_566' title='bbox 2135 3069 2346 3140; x_wconf 86' lang='lat' dir='ltr'><strong>nigrum</strong></span> <span class='ocrx_word' id='word_1_567' title='bbox 2370 3067 2598 3143; x_wconf 76' lang='lat' dir='ltr'><strong>profert,</strong></span> <span class='ocrx_word' id='word_1_568' title='bbox 2626 3075 2682 3124; x_wconf 87' lang='lat' dir='ltr'><strong>et</strong></span> <span class='ocrx_word' id='word_1_569' title='bbox 2708 3067 2905 3123; x_wconf 89' lang='lat' dir='ltr'><strong>similia</strong></span> <span class='ocrx_word' id='word_1_570' title='bbox 2930 3067 3047 3120; x_wconf 73' lang='lat'><strong>“7°.</strong></span> 
     </span>
    </p>
   </div>
   <div class='ocr_carea' id='block_1_76' title="bbox 2615 3179 3077 3238">
    <p class='ocr_par' dir='ltr' id='par_1_76' title="bbox 2615 3179 3077 3238">
     <span class='ocr_line' id='line_1_76' title="bbox 2615 3179 3077 3238; baseline -0.002 -2"><span class='ocrx_word' id='word_1_571' title='bbox 2615 3179 2842 3238; x_wconf 79' lang='lat' dir='ltr'><strong>CAPUT</strong></span> <span class='ocrx_word' id='word_1_572' title='bbox 2892 3179 3077 3236; x_wconf 80' lang='lat' dir='ltr'><strong>XVIII.</strong></span> 
     </span>
    </p>
   </div>
   <div class='ocr_carea' id='block_1_77' title="bbox 2050 3274 3634 3414">
    <p class='ocr_par' dir='ltr' id='par_1_77' title="bbox 2050 3274 3634 3414">
     <span class='ocr_line' id='line_1_77' title="bbox 2050 3274 3634 3414; baseline -0.004 -85"><span class='ocrx_word' id='word_1_573' title='bbox 2050 3276 2208 3344; x_wconf 81' lang='lat' dir='ltr'><strong>Quod</strong></span> <span class='ocrx_word' id='word_1_574' title='bbox 2237 3275 2502 3330; x_wconf 81' lang='lat' dir='ltr'><strong>dialectici</strong></span> <span class='ocrx_word' id='word_1_575' title='bbox 2529 3274 2785 3356; x_wconf 75' lang='lat' dir='ltr'><strong>appellent</strong></span> <span class='ocrx_word' id='word_1_576' title='bbox 2812 3291 2958 3414; x_wconf 44' lang='lat' dir='ltr'><strong>coges</strong></span> <span class='ocrx_word' id='word_1_577' title='bbox 2981 3274 3186 3356; x_wconf 78' lang='lat' dir='ltr'><strong>nomine</strong></span> <span class='ocrx_word' id='word_1_578' title='bbox 3207 3289 3381 3328; x_wconf 88' lang='lat' dir='ltr'><strong>rerum</strong></span> <span class='ocrx_word' id='word_1_579' title='bbox 3407 3287 3634 3342; x_wconf 83' lang='lat' dir='ltr'><strong>quaram</strong></span> 
     </span>
     <span class='ocr_line' id='line_1_78' title="bbox 2584 3355 3110 3414; baseline -0.002 -15"><span class='ocrx_word' id='word_1_580' title='bbox 2584 3355 2705 3400; x_wconf 85' lang='lat' dir='ltr'><strong>sunt</strong></span> <span class='ocrx_word' id='word_1_581' title='bbox 2732 3362 2865 3414; x_wconf 83' lang='lat' dir='ltr'><strong>stgm</strong></span> <span class='ocrx_word' id='word_1_582' title='bbox 2911 3356 3110 3400; x_wconf 74' lang='lat' dir='ltr'><strong>catww.</strong></span> 
     </span>
    </p>
   </div>
   <div class='ocr_carea' id='block_1_78' title="bbox 2584 3355 3110 3416">
    <p class='ocr_par' dir='ltr' id='par_1_78' title="bbox 2584 3355 3110 3416">
     <span class='ocr_line' id='line_1_79' title="bbox 2584 3355 3110 3416; baseline -0.002 -17"><span class='ocrx_word' id='word_1_583' title='bbox 2584 3355 2705 3400; x_wconf 85' lang='lat' dir='ltr'><strong>sunt</strong></span> <span class='ocrx_word' id='word_1_584' title='bbox 2732 3355 3110 3416; x_wconf 67' lang='lat' dir='ltr'><strong>signi/immite.</strong></span> 
     </span>
    </p>
   </div>
   <div class='ocr_carea' id='block_1_79' title="bbox 2121 3435 3630 3510">
    <p class='ocr_par' dir='ltr' id='par_1_79' title="bbox 2121 3435 3630 3510">
     <span class='ocr_line' id='line_1_80' title="bbox 2121 3435 3630 3510; baseline -0.001 -18"><span class='ocrx_word' id='word_1_585' title='bbox 2121 3437 2260 3496; x_wconf 72' lang='lat' dir='ltr'><strong>Msa.</strong></span> <span class='ocrx_word' id='word_1_586' title='bbox 2296 3437 2352 3494; x_wconf 91' lang='lat' dir='ltr'><strong>Si</strong></span> <span class='ocrx_word' id='word_1_587' title='bbox 2377 3451 2508 3510; x_wconf 85' lang='lat' dir='ltr'><strong>ergo</strong></span> <span class='ocrx_word' id='word_1_588' title='bbox 2535 3438 2807 3508; x_wconf 89' lang='lat' dir='ltr'><strong>proposita</strong></span> <span class='ocrx_word' id='word_1_589' title='bbox 2837 3437 3099 3492; x_wconf 90' lang='lat' dir='ltr'><strong>divisione</strong></span> <span class='ocrx_word' id='word_1_590' title='bbox 3124 3435 3366 3507; x_wconf 60' lang='lat' dir='ltr'><strong>praefata,</strong></span> <span class='ocrx_word' id='word_1_591' title='bbox 3389 3451 3572 3506; x_wconf 72' lang='lat' dir='ltr'><strong>quzero</strong></span> <span class='ocrx_word' id='word_1_592' title='bbox 3599 3451 3630 3490; x_wconf 88' lang='lat' dir='ltr'><strong>a</strong></span> 
     </span>
    </p>
   </div>
   <div class='ocr_carea' id='block_1_80' title="bbox 2048 3524 3627 3600">
    <p class='ocr_par' dir='ltr' id='par_1_80' title="bbox 2048 3524 3627 3600">
     <span class='ocr_line' id='line_1_81' title="bbox 2048 3524 3627 3600; baseline -0.004 -16"><span class='ocrx_word' id='word_1_593' title='bbox 2048 3536 2103 3584; x_wconf 89' lang='lat' dir='ltr'><strong>te</strong></span> <span class='ocrx_word' id='word_1_594' title='bbox 2125 3529 2251 3598; x_wconf 91' lang='lat' dir='ltr'><strong>quid</strong></span> <span class='ocrx_word' id='word_1_595' title='bbox 2276 3531 2347 3584; x_wconf 88' lang='lat' dir='ltr'><strong>sit</strong></span> <span class='ocrx_word' id='word_1_596' title='bbox 2365 3526 2769 3600; x_wconf 88' lang='lat' dir='ltr'><strong>grammaticus,</strong></span> <span class='ocrx_word' id='word_1_597' title='bbox 2793 3527 3090 3582; x_wconf 89' lang='lat' dir='ltr'><strong>secundum</strong></span> <span class='ocrx_word' id='word_1_598' title='bbox 3113 3527 3252 3580; x_wconf 88' lang='lat' dir='ltr'><strong>hanc</strong></span> <span class='ocrx_word' id='word_1_599' title='bbox 3280 3524 3627 3580; x_wconf 79' lang='lat' dir='ltr'><strong>divisionem:</strong></span> 
     </span>
    </p>
   </div>
   <div class='ocr_carea' id='block_1_81' title="bbox 2049 3616 3630 3689">
    <p class='ocr_par' dir='ltr' id='par_1_81' title="bbox 2049 3616 3630 3689">
     <span class='ocr_line' id='line_1_82' title="bbox 2049 3616 3630 3689; baseline -0.003 -13"><span class='ocrx_word' id='word_1_600' title='bbox 2049 3630 2106 3677; x_wconf 90' lang='lat' dir='ltr'><strong>et</strong></span> <span class='ocrx_word' id='word_1_601' title='bbox 2133 3622 2430 3676; x_wconf 90' lang='lat' dir='ltr'><strong>secundum</strong></span> <span class='ocrx_word' id='word_1_602' title='bbox 2475 3635 2592 3686; x_wconf 91' lang='lat' dir='ltr'><strong>eos,</strong></span> <span class='ocrx_word' id='word_1_603' title='bbox 2622 3619 2714 3689; x_wconf 92' lang='lat' dir='ltr'><strong>qui</strong></span> <span class='ocrx_word' id='word_1_604' title='bbox 2748 3618 2895 3674; x_wconf 92' lang='lat' dir='ltr'><strong>illam</strong></span> <span class='ocrx_word' id='word_1_605' title='bbox 2925 3617 3211 3675; x_wconf 87' lang='lat' dir='ltr'><strong>scribendo</strong></span> <span class='ocrx_word' id='word_1_606' title='bbox 3248 3617 3316 3672; x_wconf 91' lang='lat' dir='ltr'><strong>de</strong></span> <span class='ocrx_word' id='word_1_607' title='bbox 3351 3616 3630 3672; x_wconf 82' lang='lat' dir='ltr'><strong>dialectica</strong></span> 
     </span>
    </p>
   </div>
   <div class='ocr_carea' id='block_1_82' title="bbox 2048 3708 3633 3783">
    <p class='ocr_par' dir='ltr' id='par_1_82' title="bbox 2048 3708 3633 3783">
     <span class='ocr_line' id='line_1_83' title="bbox 2048 3708 3633 3783; baseline -0.003 -15"><span class='ocrx_word' id='word_1_608' title='bbox 2048 3722 2374 3782; x_wconf 87' lang='lat' dir='ltr'><strong>sequuntur,</strong></span> <span class='ocrx_word' id='word_1_609' title='bbox 2402 3712 2531 3783; x_wconf 92' lang='lat' dir='ltr'><strong>quid</strong></span> <span class='ocrx_word' id='word_1_610' title='bbox 2557 3724 2741 3781; x_wconf 79' lang='lat' dir='ltr'><strong>quaem</strong></span> <span class='ocrx_word' id='word_1_611' title='bbox 2771 3728 2783 3764; x_wconf 90' lang='lat'><strong>:</strong></span> <span class='ocrx_word' id='word_1_612' title='bbox 2810 3718 2904 3764; x_wconf 90' lang='lat' dir='ltr'><strong>aut</strong></span> <span class='ocrx_word' id='word_1_613' title='bbox 2929 3710 3058 3780; x_wconf 91' lang='lat' dir='ltr'><strong>quid</strong></span> <span class='ocrx_word' id='word_1_614' title='bbox 3083 3709 3213 3764; x_wconf 92' lang='lat' dir='ltr'><strong>mihi</strong></span> <span class='ocrx_word' id='word_1_615' title='bbox 3243 3708 3633 3778; x_wconf 74' lang='lat' dir='ltr'><strong>respondebis?</strong></span> 
     </span>
    </p>
   </div>
   <div class='ocr_carea' id='block_1_83' title="bbox 2050 3799 3631 3873">
    <p class='ocr_par' dir='ltr' id='par_1_83' title="bbox 2050 3799 3631 3873">
     <span class='ocr_line' id='line_1_84' title="bbox 2050 3799 3631 3873; baseline -0.003 -15"><span class='ocrx_word' id='word_1_616' title='bbox 2050 3803 2196 3861; x_wconf 81' lang='lat' dir='ltr'><strong>DISC.</strong></span> <span class='ocrx_word' id='word_1_617' title='bbox 2251 3804 2447 3860; x_wconf 90' lang='lat' dir='ltr'><strong>Procul</strong></span> <span class='ocrx_word' id='word_1_618' title='bbox 2495 3804 2658 3860; x_wconf 88' lang='lat' dir='ltr'><strong>dubio</strong></span> <span class='ocrx_word' id='word_1_619' title='bbox 2703 3819 2809 3860; x_wconf 93' lang='lat' dir='ltr'><strong>non</strong></span> <span class='ocrx_word' id='word_1_620' title='bbox 2838 3803 2928 3860; x_wconf 88' lang='lat' dir='ltr'><strong>hic</strong></span> <span class='ocrx_word' id='word_1_621' title='bbox 2977 3810 3153 3873; x_wconf 89' lang='lat' dir='ltr'><strong>potest</strong></span> <span class='ocrx_word' id='word_1_622' title='bbox 3183 3801 3350 3872; x_wconf 70' lang='lat' dir='ltr'><strong>quaeri</strong></span> <span class='ocrx_word' id='word_1_623' title='bbox 3379 3801 3496 3867; x_wconf 67' lang='lat'><strong>“&#39;7,</strong></span> <span class='ocrx_word' id='word_1_624' title='bbox 3525 3799 3631 3855; x_wconf 91' lang='lat' dir='ltr'><strong>nisi</strong></span> 
     </span>
    </p>
   </div>
   <div class='ocr_carea' id='block_1_84' title="bbox 2051 3891 3630 3966">
    <p class='ocr_par' dir='ltr' id='par_1_84' title="bbox 2051 3891 3630 3966">
     <span class='ocr_line' id='line_1_85' title="bbox 2051 3891 3630 3966; baseline -0.003 -14"><span class='ocrx_word' id='word_1_625' title='bbox 2051 3907 2142 3952; x_wconf 87' lang='lat' dir='ltr'><strong>aut</strong></span> <span class='ocrx_word' id='word_1_626' title='bbox 2170 3898 2235 3952; x_wconf 91' lang='lat' dir='ltr'><strong>de</strong></span> <span class='ocrx_word' id='word_1_627' title='bbox 2259 3913 2391 3954; x_wconf 88' lang='lat' dir='ltr'><strong>voce</strong></span> <span class='ocrx_word' id='word_1_628' title='bbox 2417 3906 2512 3954; x_wconf 91' lang='lat' dir='ltr'><strong>aut</strong></span> <span class='ocrx_word' id='word_1_629' title='bbox 2540 3898 2608 3952; x_wconf 93' lang='lat' dir='ltr'><strong>de</strong></span> <span class='ocrx_word' id='word_1_630' title='bbox 2637 3910 2714 3961; x_wconf 89' lang='lat' dir='ltr'><strong>re,</strong></span> <span class='ocrx_word' id='word_1_631' title='bbox 2743 3911 2906 3966; x_wconf 90' lang='lat' dir='ltr'><strong>quam</strong></span> <span class='ocrx_word' id='word_1_632' title='bbox 2951 3893 3240 3964; x_wconf 85' lang='lat' dir='ltr'><strong>signiﬁcat.</strong></span> <span class='ocrx_word' id='word_1_633' title='bbox 3274 3893 3474 3960; x_wconf 83' lang='lat' dir='ltr'><strong>Quare,</strong></span> <span class='ocrx_word' id='word_1_634' title='bbox 3502 3891 3630 3962; x_wconf 81' lang='lat' dir='ltr'><strong>quia</strong></span> 
     </span>
    </p>
   </div>
   <div class='ocr_carea' id='block_1_85' title="bbox 2050 3983 3630 4058">
    <p class='ocr_par' dir='ltr' id='par_1_85' title="bbox 2050 3983 3630 4058">
     <span class='ocr_line' id='line_1_86' title="bbox 2050 3983 3630 4058; baseline -0.005 -14"><span class='ocrx_word' id='word_1_635' title='bbox 2050 3996 2265 4044; x_wconf 87' lang='lat' dir='ltr'><strong>constat</strong></span> <span class='ocrx_word' id='word_1_636' title='bbox 2292 3987 2387 4019; x_wconf 72' lang='grc' dir='ltr'><strong>δ⁰⁷⁸</strong></span> <span class='ocrx_word' id='word_1_637' title='bbox 2408 3985 2818 4058; x_wconf 83' lang='lat' dir='ltr'><strong>grammaticum</strong></span> <span class='ocrx_word' id='word_1_638' title='bbox 2853 4001 2958 4041; x_wconf 92' lang='lat' dir='ltr'><strong>non</strong></span> <span class='ocrx_word' id='word_1_639' title='bbox 2981 3984 3307 4055; x_wconf 88' lang='lat' dir='ltr'><strong>signiﬁcare,</strong></span> <span class='ocrx_word' id='word_1_640' title='bbox 3334 3983 3630 4038; x_wconf 89' lang='lat' dir='ltr'><strong>secundum</strong></span> 
     </span>
    </p>
   </div>
   <div class='ocr_carea' id='block_1_86' title="bbox 2048 4073 3632 4142">
    <p class='ocr_par' dir='ltr' id='par_1_86' title="bbox 2048 4073 3632 4142">
     <span class='ocr_line' id='line_1_87' title="bbox 2048 4073 3632 4142; baseline -0.005 -8"><span class='ocrx_word' id='word_1_641' title='bbox 2048 4078 2190 4134; x_wconf 90' lang='lat' dir='ltr'><strong>hanc</strong></span> <span class='ocrx_word' id='word_1_642' title='bbox 2231 4077 2572 4142; x_wconf 88' lang='lat' dir='ltr'><strong>divisionem,</strong></span> <span class='ocrx_word' id='word_1_643' title='bbox 2603 4075 2900 4139; x_wconf 89' lang='lat' dir='ltr'><strong>hominem,</strong></span> <span class='ocrx_word' id='word_1_644' title='bbox 2947 4075 3042 4129; x_wconf 89' lang='lat' dir='ltr'><strong>sed</strong></span> <span class='ocrx_word' id='word_1_645' title='bbox 3069 4074 3516 4142; x_wconf 87' lang='lat' dir='ltr'><strong>grammaticam:</strong></span> <span class='ocrx_word' id='word_1_646' title='bbox 3549 4073 3632 4127; x_wconf 83' lang='lat' dir='ltr'><strong>in-</strong></span> 
     </span>
    </p>
   </div>
   <div class='ocr_carea' id='block_1_87' title="bbox 2050 4167 3633 4241">
    <p class='ocr_par' dir='ltr' id='par_1_87' title="bbox 2050 4167 3633 4241">
     <span class='ocr_line' id='line_1_88' title="bbox 2050 4167 3633 4241; baseline -0.004 -14"><span class='ocrx_word' id='word_1_647' title='bbox 2050 4179 2370 4227; x_wconf 89' lang='lat' dir='ltr'><strong>cunctanter</strong></span> <span class='ocrx_word' id='word_1_648' title='bbox 2398 4169 2752 4241; x_wconf 88' lang='lat' dir='ltr'><strong>respondebo,</strong></span> <span class='ocrx_word' id='word_1_649' title='bbox 2788 4167 2834 4222; x_wconf 91' lang='lat' dir='ltr'><strong>si</strong></span> <span class='ocrx_word' id='word_1_650' title='bbox 2861 4167 3059 4238; x_wconf 86' lang='lat' dir='ltr'><strong>quaeris</strong></span> <span class='ocrx_word' id='word_1_651' title='bbox 3089 4167 3155 4221; x_wconf 89' lang='lat' dir='ltr'><strong>de</strong></span> <span class='ocrx_word' id='word_1_652' title='bbox 3196 4181 3347 4231; x_wconf 79' lang='lat' dir='ltr'><strong>voce,</strong></span> <span class='ocrx_word' id='word_1_653' title='bbox 3375 4167 3502 4237; x_wconf 89' lang='lat' dir='ltr'><strong>quia</strong></span> <span class='ocrx_word' id='word_1_654' title='bbox 3548 4174 3633 4220; x_wconf 91' lang='lat' dir='ltr'><strong>est</strong></span> 
     </span>
    </p>
   </div>
   <div class='ocr_carea' id='block_1_88' title="bbox 360 4247 3630 4334">
    <p class='ocr_par' dir='ltr' id='par_1_88' title="bbox 360 4247 3630 4334">
     <span class='ocr_line' id='line_1_89' title="bbox 360 4247 3630 4334; baseline 0.002 -28"><span class='ocrx_word' id='word_1_655' title='bbox 360 4265 524 4308; x_wconf 83' lang='lat' dir='ltr'><strong>voces</strong></span> <span class='ocrx_word' id='word_1_656' title='bbox 545 4262 652 4310; x_wconf 87' lang='lat' dir='ltr'><strong>non</strong></span> <span class='ocrx_word' id='word_1_657' title='bbox 679 4254 984 4324; x_wconf 84' lang='lat' dir='ltr'><strong>signiﬁcant</strong></span> <span class='ocrx_word' id='word_1_658' title='bbox 1015 4256 1118 4312; x_wconf 90' lang='lat' dir='ltr'><strong>nisi</strong></span> <span class='ocrx_word' id='word_1_659' title='bbox 1143 4270 1258 4323; x_wconf 86' lang='lat' dir='ltr'><strong>res;</strong></span> <span class='ocrx_word' id='word_1_660' title='bbox 1296 4256 1526 4313; x_wconf 90' lang='lat' dir='ltr'><strong>dicendo</strong></span> <span class='ocrx_word' id='word_1_661' title='bbox 1550 4258 1679 4327; x_wconf 90' lang='lat' dir='ltr'><strong>quid</strong></span> <span class='ocrx_word' id='word_1_662' title='bbox 1703 4259 1775 4314; x_wconf 89' lang='lat' dir='ltr'><strong>sit</strong></span> <span class='ocrx_word' id='word_1_663' title='bbox 1797 4258 1939 4329; x_wconf 92' lang='lat' dir='ltr'><strong>quod</strong></span> <span class='ocrx_word' id='word_1_664' title='bbox 1972 4247 2017 4302; x_wconf 80' lang='grc' dir='ltr'>Ῑ)</span> <span class='ocrx_word' id='word_1_665' title='bbox 2042 4279 2146 4319; x_wconf 79' lang='lat' dir='ltr'><strong>vox</strong></span> <span class='ocrx_word' id='word_1_666' title='bbox 2192 4263 2505 4334; x_wconf 84' lang='lat' dir='ltr'><strong>signiﬁcans</strong></span> <span class='ocrx_word' id='word_1_667' title='bbox 2553 4261 2902 4334; x_wconf 89' lang='lat' dir='ltr'><strong>qualitatem;</strong></span> <span class='ocrx_word' id='word_1_668' title='bbox 2948 4261 2992 4316; x_wconf 89' lang='lat' dir='ltr'><strong>si</strong></span> <span class='ocrx_word' id='word_1_669' title='bbox 3042 4275 3174 4316; x_wconf 87' lang='lat' dir='ltr'><strong>vero</strong></span> <span class='ocrx_word' id='word_1_670' title='bbox 3219 4259 3419 4331; x_wconf 80' lang='lat' dir='ltr'><strong>quteris</strong></span> <span class='ocrx_word' id='word_1_671' title='bbox 3448 4259 3516 4314; x_wconf 88' lang='lat' dir='ltr'><strong>de</strong></span> <span class='ocrx_word' id='word_1_672' title='bbox 3547 4273 3630 4324; x_wconf 90' lang='lat' dir='ltr'><strong>re,</strong></span> 
     </span>
    </p>
   </div>
   <div class='ocr_carea' id='block_1_89' title="bbox 1660 4411 2329 4474">
    <p class='ocr_par' dir='ltr' id='par_1_89' title="bbox 1660 4411 2329 4474">
     <span class='ocr_line' id='line_1_90' title="bbox 1660 4411 2329 4474; baseline 0.009 -7"><span class='ocrx_word' id='word_1_673' title='bbox 1660 4411 1894 4469; x_wconf 65' lang='lat' dir='ltr'><strong>VARIJE</strong></span> <span class='ocrx_word' id='word_1_674' title='bbox 1925 4414 2329 4474; x_wconf 82' lang='lat' dir='ltr'><strong>LECTIONES.</strong></span> 
     </span>
    </p>
   </div>
   <div class='ocr_carea' id='block_1_90' title="bbox 437 4522 3604 4604">
    <p class='ocr_par' dir='ltr' id='par_1_90' title="bbox 437 4522 3604 4604">
     <span class='ocr_line' id='line_1_91' title="bbox 437 4522 3604 4604; baseline -0.003 -23"><span class='ocrx_word' id='word_1_675' title='bbox 437 4522 533 4604; x_wconf 55' lang='grc' dir='ltr'><strong>ξοῗξ</strong></span> <span class='ocrx_word' id='word_1_676' title='bbox 560 4524 984 4604; x_wconf 81' lang='lat' dir='ltr'><strong>Grammaticam</strong></span> <span class='ocrx_word' id='word_1_677' title='bbox 1014 4539 1118 4580; x_wconf 90' lang='lat' dir='ltr'><strong>non</strong></span> <span class='ocrx_word' id='word_1_678' title='bbox 1148 4539 1267 4581; x_wconf 88' lang='lat' dir='ltr'><strong>esse</strong></span> <span class='ocrx_word' id='word_1_679' title='bbox 1294 4539 1394 4596; x_wconf 73' lang='lat' dir='ltr'><strong>ms.</strong></span> <span class='ocrx_word' id='word_1_680' title='bbox 1435 4522 1570 4604; x_wconf 53' lang='lat' dir='ltr'><strong>Vict.</strong></span> <span class='ocrx_word' id='word_1_681' title='bbox 1599 4523 1634 4579; x_wconf 78' lang='grc'><strong>5</strong></span> <span class='ocrx_word' id='word_1_682' title='bbox 1665 4526 2072 4604; x_wconf 68' lang='lat' dir='ltr'><strong>grammaticam</strong></span> <span class='ocrx_word' id='word_1_683' title='bbox 2097 4541 2220 4582; x_wconf 87' lang='lat' dir='ltr'><strong>esse</strong></span> <span class='ocrx_word' id='word_1_684' title='bbox 2261 4597 2273 4604; x_wconf 26' lang='grc' dir='ltr'><strong>Δ</strong></span> <span class='ocrx_word' id='word_1_685' title='bbox 2328 4525 2426 4604; x_wconf 54' lang='lat' dir='ltr'><strong>&quot;ff&quot;</strong></span> <span class='ocrx_word' id='word_1_686' title='bbox 2451 4526 2563 4582; x_wconf 89' lang='lat' dir='ltr'><strong>Nisi</strong></span> <span class='ocrx_word' id='word_1_687' title='bbox 2599 4525 2745 4604; x_wconf 75' lang='lat' dir='ltr'><strong>solus</strong></span> <span class='ocrx_word' id='word_1_688' title='bbox 2775 4537 2860 4582; x_wconf 85' lang='lat' dir='ltr'><strong>est</strong></span> <span class='ocrx_word' id='word_1_689' title='bbox 2899 4543 3026 4581; x_wconf 88' lang='lat' dir='ltr'><strong>mss.</strong></span> <span class='ocrx_word' id='word_1_690' title='bbox 3073 4525 3174 4604; x_wconf 78' lang='lat' dir='ltr'><strong>nisi</strong></span> <span class='ocrx_word' id='word_1_691' title='bbox 3221 4531 3315 4604; x_wconf 73' lang='lat' dir='ltr'><strong>aut</strong></span> <span class='ocrx_word' id='word_1_692' title='bbox 3361 4522 3510 4604; x_wconf 78' lang='lat' dir='ltr'><strong>solus</strong></span> <span class='ocrx_word' id='word_1_693' title='bbox 3537 4537 3604 4603; x_wconf 76' lang='lat' dir='ltr'><strong>an</strong></span> 
     </span>
    </p>
   </div>
   <div class='ocr_carea' id='block_1_91' title="bbox 1857 4594 3635 4665">
    <p class='ocr_par' dir='ltr' id='par_1_91' title="bbox 1857 4594 3635 4665">
     <span class='ocr_line' id='line_1_92' title="bbox 1857 4594 3635 4665; baseline -0.004 -12"><span class='ocrx_word' id='word_1_694' title='bbox 1857 4595 1954 4627; x_wconf 70' lang='grc'><strong>⁵⁰⁸⁶</strong></span> <span class='ocrx_word' id='word_1_695' title='bbox 1987 4597 2193 4652; x_wconf 87' lang='lat' dir='ltr'><strong>Nomen</strong></span> <span class='ocrx_word' id='word_1_696' title='bbox 2231 4597 2592 4665; x_wconf 84' lang='lat' dir='ltr'><strong>signiﬁcatum</strong></span> <span class='ocrx_word' id='word_1_697' title='bbox 2642 4598 2714 4652; x_wconf 91' lang='lat' dir='ltr'><strong>sit</strong></span> <span class='ocrx_word' id='word_1_698' title='bbox 2740 4615 2864 4651; x_wconf 86' lang='lat' dir='ltr'><strong>mss.</strong></span> <span class='ocrx_word' id='word_1_699' title='bbox 2891 4612 3085 4652; x_wconf 87' lang='lat' dir='ltr'><strong>nomen</strong></span> <span class='ocrx_word' id='word_1_700' title='bbox 3114 4594 3530 4665; x_wconf 81' lang='lat' dir='ltr'><strong>signiﬁcativum</strong></span> <span class='ocrx_word' id='word_1_701' title='bbox 3561 4594 3635 4646; x_wconf 87' lang='lat' dir='ltr'><strong>sit</strong></span> 
     </span>
    </p>
   </div>
   <div class='ocr_carea' id='block_1_92' title="bbox 359 4592 1750 4665">
    <p class='ocr_par' dir='ltr' id='par_1_92' title="bbox 359 4592 1750 4665">
     <span class='ocr_line' id='line_1_93' title="bbox 359 4592 1750 4665; baseline 0.002 -19"><span class='ocrx_word' id='word_1_702' title='bbox 359 4592 454 4665; x_wconf 49' lang='lat'><strong>9&quot;</strong></span> <span class='ocrx_word' id='word_1_703' title='bbox 483 4595 741 4660; x_wconf 79' lang='lat' dir='ltr'><strong>Quamvis</strong></span> <span class='ocrx_word' id='word_1_704' title='bbox 782 4611 1058 4665; x_wconf 87' lang='lat' dir='ltr'><strong>nunquam</strong></span> <span class='ocrx_word' id='word_1_705' title='bbox 1087 4612 1214 4648; x_wconf 92' lang='lat' dir='ltr'><strong>mss.</strong></span> <span class='ocrx_word' id='word_1_706' title='bbox 1243 4592 1491 4663; x_wconf 85' lang='lat' dir='ltr'><strong>quamvis</strong></span> <span class='ocrx_word' id='word_1_707' title='bbox 1520 4592 1750 4664; x_wconf 74' lang='lat' dir='ltr'><strong>namque</strong></span> 
     </span>
    </p>
   </div>
   <div class='ocr_carea' id='block_1_93' title="bbox 363 4663 2172 4736">
    <p class='ocr_par' dir='ltr' id='par_1_93' title="bbox 363 4663 2172 4736">
     <span class='ocr_line' id='line_1_94' title="bbox 363 4663 2172 4736; baseline 0.003 -21"><span class='ocrx_word' id='word_1_708' title='bbox 363 4664 459 4697; x_wconf 73' lang='lat'><strong>“&#39;7</strong></span> <span class='ocrx_word' id='word_1_709' title='bbox 487 4665 848 4730; x_wconf 63' lang='lat' dir='ltr'><strong>QuaaStionem</strong></span> <span class='ocrx_word' id='word_1_710' title='bbox 877 4663 1073 4720; x_wconf 77' lang='lat' dir='ltr'><strong>Sullicit</strong></span> <span class='ocrx_word' id='word_1_711' title='bbox 1096 4682 1223 4736; x_wconf 83' lang='lat' dir='ltr'><strong>mss.</strong></span> <span class='ocrx_word' id='word_1_712' title='bbox 1257 4667 1606 4736; x_wconf 43' lang='lat' dir='ltr'><strong>(intentionem</strong></span> <span class='ocrx_word' id='word_1_713' title='bbox 1637 4663 1945 4720; x_wconf 89' lang='lat' dir='ltr'><strong>solvendam</strong></span> <span class='ocrx_word' id='word_1_714' title='bbox 1974 4667 2172 4723; x_wconf 82' lang='lat' dir='ltr'><strong>sutﬁcit</strong></span> 
     </span>
    </p>
   </div>
   <div class='ocr_carea' id='block_1_94' title="bbox 1121 4735 3101 4807">
    <p class='ocr_par' dir='ltr' id='par_1_94' title="bbox 1121 4735 3101 4807">
     <span class='ocr_line' id='line_1_95' title="bbox 1121 4735 3101 4807; baseline -0.002 -14"><span class='ocrx_word' id='word_1_715' title='bbox 1121 4735 1218 4771; x_wconf 66' lang='grc'><strong>⁸⁸⁵⁸</strong></span> <span class='ocrx_word' id='word_1_716' title='bbox 1245 4735 1422 4801; x_wconf 84' lang='lat' dir='ltr'><strong>Solus,</strong></span> <span class='ocrx_word' id='word_1_717' title='bbox 1453 4737 1506 4791; x_wconf 91' lang='lat' dir='ltr'><strong>id</strong></span> <span class='ocrx_word' id='word_1_718' title='bbox 1533 4745 1636 4802; x_wconf 88' lang='lat' dir='ltr'><strong>est,</strong></span> <span class='ocrx_word' id='word_1_719' title='bbox 1691 4737 1894 4804; x_wconf 85' lang='lat' dir='ltr'><strong>absque</strong></span> <span class='ocrx_word' id='word_1_720' title='bbox 1920 4737 2271 4806; x_wconf 87' lang='lat' dir='ltr'><strong>grammatica</strong></span> <span class='ocrx_word' id='word_1_721' title='bbox 2300 4755 2426 4793; x_wconf 88' lang='lat' dir='ltr'><strong>mss.</strong></span> <span class='ocrx_word' id='word_1_722' title='bbox 2449 4737 2595 4792; x_wconf 88' lang='lat' dir='ltr'><strong>solus</strong></span> <span class='ocrx_word' id='word_1_723' title='bbox 2616 4738 2733 4792; x_wconf 85' lang='lat' dir='ltr'><strong>sine</strong></span> <span class='ocrx_word' id='word_1_724' title='bbox 2752 4738 3101 4807; x_wconf 86' lang='lat' dir='ltr'><strong>grammatica</strong></span> 
     </span>
    </p>
   </div>
   <div class='ocr_carea' id='block_1_95' title="bbox 361 4736 1018 4800">
    <p class='ocr_par' dir='ltr' id='par_1_95' title="bbox 361 4736 1018 4800">
     <span class='ocr_line' id='line_1_96' title="bbox 361 4736 1018 4800; baseline 0.003 -12"><span class='ocrx_word' id='word_1_725' title='bbox 361 4750 469 4789; x_wconf 86' lang='lat' dir='ltr'><strong>uno</strong></span> <span class='ocrx_word' id='word_1_726' title='bbox 499 4750 647 4800; x_wconf 86' lang='lat' dir='ltr'><strong>vero,</strong></span> <span class='ocrx_word' id='word_1_727' title='bbox 681 4736 853 4792; x_wconf 87' lang='lat' dir='ltr'><strong>altero</strong></span> <span class='ocrx_word' id='word_1_728' title='bbox 883 4736 1018 4791; x_wconf 81' lang='lat' dir='ltr'><strong>falso</strong></span> 
     </span>
    </p>
   </div>
   <div class='ocr_carea' id='block_1_96' title="bbox 361 4806 2267 4878">
    <p class='ocr_par' dir='ltr' id='par_1_96' title="bbox 361 4806 2267 4878">
     <span class='ocr_line' id='line_1_97' title="bbox 361 4806 2267 4878; baseline 0.003 -21"><span class='ocrx_word' id='word_1_729' title='bbox 361 4806 734 4878; x_wconf 74' lang='lat' dir='ltr'><strong>grammatica,</strong></span> <span class='ocrx_word' id='word_1_730' title='bbox 752 4807 835 4861; x_wconf 86' lang='lat' dir='ltr'><strong>vel</strong></span> <span class='ocrx_word' id='word_1_731' title='bbox 857 4815 1032 4876; x_wconf 89' lang='lat' dir='ltr'><strong>potest</strong></span> <span class='ocrx_word' id='word_1_732' title='bbox 1054 4821 1175 4862; x_wconf 88' lang='lat' dir='ltr'><strong>esse</strong></span> <span class='ocrx_word' id='word_1_733' title='bbox 1200 4825 1324 4862; x_wconf 88' lang='lat' dir='ltr'><strong>mss.</strong></span> <span class='ocrx_word' id='word_1_734' title='bbox 1346 4807 1523 4862; x_wconf 90' lang='lat' dir='ltr'><strong>nullus</strong></span> <span class='ocrx_word' id='word_1_735' title='bbox 1541 4822 1663 4862; x_wconf 87' lang='lat' dir='ltr'><strong>esse</strong></span> <span class='ocrx_word' id='word_1_736' title='bbox 1683 4809 2068 4878; x_wconf 86' lang='lat' dir='ltr'><strong>grammaticus</strong></span> <span class='ocrx_word' id='word_1_737' title='bbox 2091 4817 2267 4878; x_wconf 88' lang='lat' dir='ltr'><strong>potest</strong></span> 
     </span>
    </p>
   </div>
   <div class='ocr_carea' id='block_1_97' title="bbox 2328 4522 3634 4582">
    <p class='ocr_par' dir='ltr' id='par_1_97' title="bbox 2328 4522 3634 4582">
     <span class='ocr_line' id='line_1_98' title="bbox 2328 4522 3634 4582; baseline -0.005 0"><span class='ocrx_word' id='word_1_738' title='bbox 2328 4525 2426 4560; x_wconf 71' lang='grc'>⁸⁸³³⁸</span> <span class='ocrx_word' id='word_1_739' title='bbox 2451 4526 2563 4582; x_wconf 89' lang='lat' dir='ltr'><strong>Nisi</strong></span> <span class='ocrx_word' id='word_1_740' title='bbox 2599 4525 2745 4582; x_wconf 89' lang='lat' dir='ltr'><strong>solus</strong></span> <span class='ocrx_word' id='word_1_741' title='bbox 2775 4537 2860 4582; x_wconf 85' lang='lat' dir='ltr'><strong>est</strong></span> <span class='ocrx_word' id='word_1_742' title='bbox 2899 4543 3026 4581; x_wconf 88' lang='lat' dir='ltr'><strong>mss.</strong></span> <span class='ocrx_word' id='word_1_743' title='bbox 3073 4525 3174 4579; x_wconf 88' lang='lat' dir='ltr'><strong>nisi</strong></span> <span class='ocrx_word' id='word_1_744' title='bbox 3221 4531 3315 4578; x_wconf 90' lang='lat' dir='ltr'><strong>aut</strong></span> <span class='ocrx_word' id='word_1_745' title='bbox 3361 4522 3510 4578; x_wconf 90' lang='lat' dir='ltr'><strong>solus</strong></span> <span class='ocrx_word' id='word_1_746' title='bbox 3537 4530 3634 4576; x_wconf 89' lang='lat' dir='ltr'><strong>aut</strong></span> 
     </span>
    </p>
   </div>
   <div class='ocr_carea' id='block_1_98' title="bbox 2306 4665 3633 4790">
    <p class='ocr_par' dir='ltr' id='par_1_98' title="bbox 2306 4665 3633 4790">
     <span class='ocr_line' id='line_1_99' title="bbox 2306 4665 3628 4733; baseline -0.008 -8"><span class='ocrx_word' id='word_1_747' title='bbox 2306 4668 2377 4700; x_wconf 83' lang='grc'><strong>⁰⁸⁸</strong></span> <span class='ocrx_word' id='word_1_748' title='bbox 2407 4667 2523 4724; x_wconf 88' lang='lat' dir='ltr'><strong>Uno</strong></span> <span class='ocrx_word' id='word_1_749' title='bbox 2547 4667 2704 4721; x_wconf 83' lang='lat' dir='ltr'><strong>modo</strong></span> <span class='ocrx_word' id='word_1_750' title='bbox 2734 4682 2885 4733; x_wconf 89' lang='lat' dir='ltr'><strong>vero,</strong></span> <span class='ocrx_word' id='word_1_751' title='bbox 2908 4667 3077 4722; x_wconf 86' lang='lat' dir='ltr'><strong>altero</strong></span> <span class='ocrx_word' id='word_1_752' title='bbox 3116 4666 3276 4720; x_wconf 88' lang='lat' dir='ltr'><strong>modo</strong></span> <span class='ocrx_word' id='word_1_753' title='bbox 3320 4665 3456 4718; x_wconf 82' lang='lat' dir='ltr'><strong>falso</strong></span> <span class='ocrx_word' id='word_1_754' title='bbox 3499 4678 3628 4718; x_wconf 87' lang='lat' dir='ltr'><strong>mss.</strong></span> 
     </span>
     <span class='ocr_line' id='line_1_100' title="bbox 2306 4735 3633 4790; baseline -0.004 0"><span class='ocrx_word' id='word_1_755' title='bbox 2306 4755 2426 4790; x_wconf 86' lang='lat' dir='ltr'><strong>mss.</strong></span> <span class='ocrx_word' id='word_1_756' title='bbox 2449 4737 2595 4790; x_wconf 88' lang='lat' dir='ltr'><strong>solus</strong></span> <span class='ocrx_word' id='word_1_757' title='bbox 2616 4738 2733 4790; x_wconf 87' lang='lat' dir='ltr'><strong>sine</strong></span> <span class='ocrx_word' id='word_1_758' title='bbox 2752 4738 3101 4790; x_wconf 74' lang='lat' dir='ltr'><strong>arammatica</strong></span> <span class='ocrx_word' id='word_1_759' title='bbox 3201 4736 3298 4767; x_wconf 72' lang='grc'><strong>⁸⁰⁵⁰</strong></span> <span class='ocrx_word' id='word_1_760' title='bbox 3321 4735 3510 4790; x_wconf 91' lang='lat' dir='ltr'><strong>Nullus</strong></span> <span class='ocrx_word' id='word_1_761' title='bbox 3545 4741 3633 4786; x_wconf 86' lang='lat' dir='ltr'><strong>est</strong></span> 
     </span>
    </p>
   </div>
   <div class='ocr_carea' id='block_1_99' title="bbox 3371 4750 3510 4789">
    <p class='ocr_par' dir='ltr' id='par_1_99' title="bbox 3371 4750 3510 4789">
     <span class='ocr_line' id='line_1_101' title="bbox 3371 4750 3510 4789; baseline 0.007 -1"><span class='ocrx_word' id='word_1_762' title='bbox 3371 4750 3510 4789; x_wconf 87' lang='lat' dir='ltr'><strong>llllUS</strong></span> 
     </span>
    </p>
   </div>
   <div class='ocr_carea' id='block_1_100' title="bbox 2366 4807 3628 4877">
    <p class='ocr_par' dir='ltr' id='par_1_100' title="bbox 2366 4807 3628 4877">
     <span class='ocr_line' id='line_1_102' title="bbox 2366 4807 3628 4877; baseline -0.006 -14"><span class='ocrx_word' id='word_1_763' title='bbox 2366 4807 2460 4841; x_wconf 73' lang='grc'>¹⁵⁰⁶¹</span> <span class='ocrx_word' id='word_1_764' title='bbox 2492 4807 2650 4863; x_wconf 91' lang='lat' dir='ltr'><strong>Solus</strong></span> <span class='ocrx_word' id='word_1_765' title='bbox 2669 4815 2754 4862; x_wconf 85' lang='lat' dir='ltr'><strong>est</strong></span> <span class='ocrx_word' id='word_1_766' title='bbox 2774 4809 2998 4877; x_wconf 91' lang='lat' dir='ltr'><strong>primus.</strong></span> <span class='ocrx_word' id='word_1_767' title='bbox 3018 4846 3032 4860; x_wconf 96' lang='lat'><strong>.</strong></span> <span class='ocrx_word' id='word_1_768' title='bbox 3051 4849 3063 4861; x_wconf 93' lang='lat'><strong>.</strong></span> <span class='ocrx_word' id='word_1_769' title='bbox 3102 4821 3204 4859; x_wconf 88' lang='lat' dir='ltr'><strong>non</strong></span> <span class='ocrx_word' id='word_1_770' title='bbox 3231 4817 3316 4860; x_wconf 82' lang='lat' dir='ltr'><strong>est</strong></span> <span class='ocrx_word' id='word_1_771' title='bbox 3346 4807 3628 4877; x_wconf 84' lang='lat' dir='ltr'><strong>primus...</strong></span> 
     </span>
    </p>
   </div>
   <div class='ocr_carea' id='block_1_101' title="bbox 363 4874 3631 4950">
    <p class='ocr_par' dir='ltr' id='par_1_101' title="bbox 363 4874 3631 4950">
     <span class='ocr_line' id='line_1_103' title="bbox 363 4874 3631 4950; baseline 0 -21"><span class='ocrx_word' id='word_1_772' title='bbox 363 4876 458 4950; x_wconf 78' lang='lat' dir='ltr'><strong>ﬁat</strong></span> <span class='ocrx_word' id='word_1_773' title='bbox 485 4874 760 4945; x_wconf 89' lang='lat' dir='ltr'><strong>primus...</strong></span> <span class='ocrx_word' id='word_1_774' title='bbox 792 4874 898 4931; x_wconf 80' lang='lat' dir='ltr'><strong>non</strong></span> <span class='ocrx_word' id='word_1_775' title='bbox 928 4887 1022 4950; x_wconf 73' lang='lat' dir='ltr'><strong>est</strong></span> <span class='ocrx_word' id='word_1_776' title='bbox 1040 4878 1316 4948; x_wconf 89' lang='lat' dir='ltr'><strong>primus...</strong></span> <span class='ocrx_word' id='word_1_777' title='bbox 1345 4874 1710 4950; x_wconf 72' lang='lat' dir='ltr'><strong>consequatur</strong></span> <span class='ocrx_word' id='word_1_778' title='bbox 1758 4875 1965 4950; x_wconf 78' lang='lat' dir='ltr'><strong>primus</strong></span> <span class='ocrx_word' id='word_1_779' title='bbox 1992 4874 2115 4933; x_wconf 77' lang='lat' dir='ltr'><strong>mss.</strong></span> <span class='ocrx_word' id='word_1_780' title='bbox 2168 4879 2314 4935; x_wconf 87' lang='lat' dir='ltr'><strong>solus</strong></span> <span class='ocrx_word' id='word_1_781' title='bbox 2341 4888 2425 4934; x_wconf 90' lang='lat' dir='ltr'><strong>est</strong></span> <span class='ocrx_word' id='word_1_782' title='bbox 2452 4878 2751 4950; x_wconf 71' lang='lat' dir='ltr'><strong>praevius...</strong></span> <span class='ocrx_word' id='word_1_783' title='bbox 2775 4874 2885 4950; x_wconf 68' lang='lat' dir='ltr'><strong>non</strong></span> <span class='ocrx_word' id='word_1_784' title='bbox 2915 4877 3324 4950; x_wconf 69' lang='lat' dir='ltr'><strong>estpraavius...</strong></span> <span class='ocrx_word' id='word_1_785' title='bbox 3350 4874 3448 4950; x_wconf 50' lang='lat' dir='ltr'><strong>&#39;ﬁat</strong></span> <span class='ocrx_word' id='word_1_786' title='bbox 3491 4887 3631 4950; x_wconf 63' lang='lat' dir='ltr'><strong>pra:-</strong></span> 
     </span>
    </p>
   </div>
   <div class='ocr_carea' id='block_1_102' title="bbox 360 4947 1159 5017">
    <p class='ocr_par' dir='ltr' id='par_1_102' title="bbox 360 4947 1159 5017">
     <span class='ocr_line' id='line_1_104' title="bbox 360 4947 1159 5017; baseline 0.008 -19"><span class='ocrx_word' id='word_1_787' title='bbox 360 4947 548 5001; x_wconf 91' lang='lat' dir='ltr'><strong>vius...</strong></span> <span class='ocrx_word' id='word_1_788' title='bbox 597 4960 701 5001; x_wconf 91' lang='lat' dir='ltr'><strong>non</strong></span> <span class='ocrx_word' id='word_1_789' title='bbox 737 4955 823 5002; x_wconf 87' lang='lat' dir='ltr'><strong>est</strong></span> <span class='ocrx_word' id='word_1_790' title='bbox 861 4947 1159 5017; x_wconf 83' lang='lat' dir='ltr'><strong>praevius...</strong></span> 
     </span>
    </p>
   </div>
   <div class='ocr_carea' id='block_1_103' title="bbox 1210 4949 1747 5020">
    <p class='ocr_par' dir='ltr' id='par_1_103' title="bbox 1210 4949 1747 5020">
     <span class='ocr_line' id='line_1_105' title="bbox 1210 4949 1747 5020; baseline -0.004 -18"><span class='ocrx_word' id='word_1_791' title='bbox 1210 4959 1468 5020; x_wconf 86' lang='lat' dir='ltr'><strong>sequatur</strong></span> <span class='ocrx_word' id='word_1_792' title='bbox 1514 4949 1747 5020; x_wconf 9' lang='lat' dir='ltr'><strong>prrzeviu‘s</strong></span> 
     </span>
    </p>
   </div>
   <div class='ocr_carea' id='block_1_104' title="bbox 361 5018 1469 5088">
    <p class='ocr_par' dir='ltr' id='par_1_104' title="bbox 361 5018 1469 5088">
     <span class='ocr_line' id='line_1_106' title="bbox 361 5018 1469 5088; baseline 0.003 -18"><span class='ocrx_word' id='word_1_793' title='bbox 361 5018 560 5071; x_wconf 84' lang='lat' dir='ltr'><strong>stantia</strong></span> <span class='ocrx_word' id='word_1_794' title='bbox 601 5027 687 5072; x_wconf 89' lang='lat' dir='ltr'><strong>est</strong></span> <span class='ocrx_word' id='word_1_795' title='bbox 726 5020 1131 5088; x_wconf 85' lang='lat' dir='ltr'><strong>grammaticus.</strong></span> <span class='ocrx_word' id='word_1_796' title='bbox 1187 5018 1469 5088; x_wconf 83' lang='lat' dir='ltr'><strong>Quomodo</strong></span> 
     </span>
    </p>
   </div>
   <div class='ocr_carea' id='block_1_105' title="bbox 1571 5017 3135 5089">
    <p class='ocr_par' dir='ltr' id='par_1_105' title="bbox 1571 5017 3135 5089">
     <span class='ocr_line' id='line_1_107' title="bbox 1571 5017 3135 5089; baseline 0 -17"><span class='ocrx_word' id='word_1_797' title='bbox 1571 5019 1669 5051; x_wconf 68' lang='grc'>⁸⁸⁸³</span> <span class='ocrx_word' id='word_1_798' title='bbox 1701 5017 2017 5087; x_wconf 83' lang='lat' dir='ltr'><strong>Singulares</strong></span> <span class='ocrx_word' id='word_1_799' title='bbox 2042 5059 2058 5082; x_wconf 90' lang='lat'><strong>,</strong></span> <span class='ocrx_word' id='word_1_800' title='bbox 2115 5035 2214 5075; x_wconf 90' lang='lat' dir='ltr'><strong>nec</strong></span> <span class='ocrx_word' id='word_1_801' title='bbox 2256 5036 2354 5074; x_wconf 89' lang='lat' dir='ltr'><strong>ms.</strong></span> <span class='ocrx_word' id='word_1_802' title='bbox 2400 5017 2532 5073; x_wconf 84' lang='lat' dir='ltr'><strong>Vict.</strong></span> <span class='ocrx_word' id='word_1_803' title='bbox 2562 5019 2596 5073; x_wconf 80' lang='lat'><strong>5</strong></span> <span class='ocrx_word' id='word_1_804' title='bbox 2625 5019 2848 5089; x_wconf 66' lang='lat' dir='ltr'><strong>singulae</strong></span> <span class='ocrx_word' id='word_1_805' title='bbox 2893 5017 3000 5089; x_wconf 82' lang='lat' dir='ltr'><strong>res,</strong></span> <span class='ocrx_word' id='word_1_806' title='bbox 3032 5033 3135 5073; x_wconf 90' lang='lat' dir='ltr'><strong>nec</strong></span> 
     </span>
    </p>
   </div>
   <div class='ocr_carea' id='block_1_106' title="bbox 1852 4945 3634 5019">
    <p class='ocr_par' dir='ltr' id='par_1_106' title="bbox 1852 4945 3634 5019">
     <span class='ocr_line' id='line_1_108' title="bbox 1852 4945 3634 5019; baseline 0.001 -19"><span class='ocrx_word' id='word_1_807' title='bbox 1852 4945 1948 5019; x_wconf 55' lang='lat'><strong>‘9&quot;</strong></span> <span class='ocrx_word' id='word_1_808' title='bbox 1978 4945 2693 5019; x_wconf 12' lang='lat' dir='ltr'><strong>grammaticus,iq&#39;uomodo</strong></span> <span class='ocrx_word' id='word_1_809' title='bbox 2727 4945 2853 5002; x_wconf 81' lang='lat' dir='ltr'><strong>mss.</strong></span> <span class='ocrx_word' id='word_1_810' title='bbox 2910 4945 3321 5019; x_wconf 76' lang='lat' dir='ltr'><strong>gratiimaticus,</strong></span> <span class='ocrx_word' id='word_1_811' title='bbox 3345 4945 3458 5019; x_wconf 63' lang='lat' dir='ltr'><strong>sola</strong></span> <span class='ocrx_word' id='word_1_812' title='bbox 3491 4945 3634 5019; x_wconf 79' lang='lat' dir='ltr'><strong>sub—</strong></span> 
     </span>
    </p>
   </div>
   <div class='ocr_carea' id='block_1_107' title="bbox 3237 5015 3631 5086">
    <p class='ocr_par' dir='ltr' id='par_1_107' title="bbox 3237 5015 3631 5086">
     <span class='ocr_line' id='line_1_109' title="bbox 3237 5015 3631 5086; baseline 0.013 -18"><span class='ocrx_word' id='word_1_813' title='bbox 3237 5015 3333 5048; x_wconf 67' lang='lat'><strong>‘°“</strong></span> <span class='ocrx_word' id='word_1_814' title='bbox 3357 5015 3631 5086; x_wconf 88' lang='lat' dir='ltr'><strong>Principio</strong></span> 
     </span>
    </p>
   </div>
   <div class='ocr_carea' id='block_1_108' title="bbox 361 5085 3626 5160">
    <p class='ocr_par' dir='ltr' id='par_1_108' title="bbox 361 5085 3626 5160">
     <span class='ocr_line' id='line_1_110' title="bbox 361 5085 3626 5160; baseline 0.001 -19"><span class='ocrx_word' id='word_1_815' title='bbox 361 5085 771 5160; x_wconf 63' lang='lat' dir='ltr'><strong>Categoriarufn</strong></span> <span class='ocrx_word' id='word_1_816' title='bbox 799 5105 924 5143; x_wconf 85' lang='lat' dir='ltr'><strong>mss.</strong></span> <span class='ocrx_word' id='word_1_817' title='bbox 950 5085 1230 5160; x_wconf 77' lang='lat' dir='ltr'><strong>principio</strong></span> <span class='ocrx_word' id='word_1_818' title='bbox 1245 5098 1504 5145; x_wconf 86' lang='lat' dir='ltr'><strong>tractatus</strong></span> <span class='ocrx_word' id='word_1_819' title='bbox 1529 5085 1939 5159; x_wconf 27' lang='lat' dir='ltr'><strong>Categoria‘rum</strong></span> <span class='ocrx_word' id='word_1_820' title='bbox 2014 5089 2109 5122; x_wconf 74' lang='grc'><strong>⁸⁰⁶⁵</strong></span> <span class='ocrx_word' id='word_1_821' title='bbox 2134 5089 2499 5160; x_wconf 89' lang='lat' dir='ltr'><strong>Singularium</strong></span> <span class='ocrx_word' id='word_1_822' title='bbox 2535 5085 2770 5160; x_wconf 46' lang='grc' dir='ltr'><strong>εει-ηυξ.</strong></span> <span class='ocrx_word' id='word_1_823' title='bbox 2797 5087 3064 5160; x_wconf 83' lang='lat' dir='ltr'><strong>singulum</strong></span> <span class='ocrx_word' id='word_1_824' title='bbox 3096 5094 3181 5143; x_wconf 89' lang='lat' dir='ltr'><strong>est</strong></span> <span class='ocrx_word' id='word_1_825' title='bbox 3251 5086 3348 5160; x_wconf 67' lang='lat'><strong>‘°_‘°</strong></span> <span class='ocrx_word' id='word_1_826' title='bbox 3377 5085 3487 5160; x_wconf 80' lang='lat' dir='ltr'><strong>Nec</strong></span> <span class='ocrx_word' id='word_1_827' title='bbox 3513 5085 3626 5144; x_wconf 88' lang='lat' dir='ltr'><strong>ait:</strong></span> 
     </span>
    </p>
   </div>
   <div class='ocr_carea' id='block_1_109' title="bbox 362 5159 3546 5238">
    <p class='ocr_par' dir='ltr' id='par_1_109' title="bbox 362 5159 3546 5238">
     <span class='ocr_line' id='line_1_111' title="bbox 362 5159 3546 5238; baseline -0 -29"><span class='ocrx_word' id='word_1_828' title='bbox 362 5175 505 5238; x_wconf 50' lang='lat' dir='ltr'><strong>quia</strong></span> <span class='ocrx_word' id='word_1_829' title='bbox 532 5159 826 5238; x_wconf 70' lang='lat' dir='ltr'><strong>secundum</strong></span> <span class='ocrx_word' id='word_1_830' title='bbox 859 5160 1021 5238; x_wconf 70' lang='lat' dir='ltr'><strong>ullam</strong></span> <span class='ocrx_word' id='word_1_831' title='bbox 1070 5159 1196 5214; x_wconf 81' lang='lat' dir='ltr'><strong>mss.</strong></span> <span class='ocrx_word' id='word_1_832' title='bbox 1226 5177 1325 5216; x_wconf 89' lang='lat' dir='ltr'><strong>nec</strong></span> <span class='ocrx_word' id='word_1_833' title='bbox 1369 5161 1465 5226; x_wconf 91' lang='lat' dir='ltr'><strong>ait,</strong></span> <span class='ocrx_word' id='word_1_834' title='bbox 1489 5175 1678 5238; x_wconf 84' lang='lat' dir='ltr'><strong>eorum</strong></span> <span class='ocrx_word' id='word_1_835' title='bbox 1709 5175 1831 5238; x_wconf 58' lang='lat' dir='ltr'><strong>quae</strong></span> <span class='ocrx_word' id='word_1_836' title='bbox 1869 5161 2164 5238; x_wconf 65' lang='lat' dir='ltr'><strong>secundum</strong></span> <span class='ocrx_word' id='word_1_837' title='bbox 2199 5159 2398 5238; x_wconf 65' lang='lat' dir='ltr'><strong>uallum</strong></span> <span class='ocrx_word' id='word_1_838' title='bbox 2497 5160 2595 5192; x_wconf 67' lang='grc' dir='ltr'><strong>δ⁰⁶⁷</strong></span> <span class='ocrx_word' id='word_1_839' title='bbox 2625 5159 2905 5229; x_wconf 82' lang='lat' dir='ltr'><strong>Singulum</strong></span> <span class='ocrx_word' id='word_1_840' title='bbox 2965 5167 3058 5238; x_wconf 59' lang='lat' dir='ltr'><strong>aut</strong></span> <span class='ocrx_word' id='word_1_841' title='bbox 3093 5175 3220 5212; x_wconf 85' lang='lat' dir='ltr'><strong>mss.</strong></span> <span class='ocrx_word' id='word_1_842' title='bbox 3268 5159 3479 5238; x_wconf 67' lang='lat' dir='ltr'><strong>singulo</strong></span> <span class='ocrx_word' id='word_1_843' title='bbox 3533 5173 3546 5238; x_wconf 64' lang='grc' dir='ltr'>ξ</span> 
     </span>
    </p>
   </div>
   <div class='ocr_carea' id='block_1_110' title="bbox 1933 5227 3626 5301">
    <p class='ocr_par' dir='ltr' id='par_1_110' title="bbox 1933 5227 3626 5301">
     <span class='ocr_line' id='line_1_112' title="bbox 1933 5227 3626 5301; baseline -0.001 -17"><span class='ocrx_word' id='word_1_844' title='bbox 1933 5230 2028 5261; x_wconf 69' lang='grc'><strong>⁸⁰⁶⁹</strong></span> <span class='ocrx_word' id='word_1_845' title='bbox 2056 5231 2126 5284; x_wconf 89' lang='grc' dir='ltr'>Ει</span> <span class='ocrx_word' id='word_1_846' title='bbox 2152 5238 2280 5284; x_wconf 89' lang='lat' dir='ltr'><strong>tunc</strong></span> <span class='ocrx_word' id='word_1_847' title='bbox 2306 5230 2372 5284; x_wconf 89' lang='lat' dir='ltr'><strong>de</strong></span> <span class='ocrx_word' id='word_1_848' title='bbox 2400 5245 2506 5301; x_wconf 90' lang='lat' dir='ltr'><strong>qua</strong></span> <span class='ocrx_word' id='word_1_849' title='bbox 2521 5246 2645 5301; x_wconf 86' lang='lat' dir='ltr'><strong>mss.</strong></span> <span class='ocrx_word' id='word_1_850' title='bbox 2665 5227 2737 5301; x_wconf 79' lang='lat' dir='ltr'><strong>et</strong></span> <span class='ocrx_word' id='word_1_851' title='bbox 2767 5239 2985 5301; x_wconf 67' lang='lat' dir='ltr'><strong>caetera.</strong></span> <span class='ocrx_word' id='word_1_852' title='bbox 3010 5229 3084 5283; x_wconf 92' lang='lat' dir='ltr'><strong>De</strong></span> <span class='ocrx_word' id='word_1_853' title='bbox 3111 5243 3219 5296; x_wconf 90' lang='lat' dir='ltr'><strong>qua</strong></span> <span class='ocrx_word' id='word_1_854' title='bbox 3316 5229 3411 5260; x_wconf 69' lang='grc'><strong>⁵⁸⁷³</strong></span> <span class='ocrx_word' id='word_1_855' title='bbox 3434 5227 3510 5282; x_wconf 91' lang='lat' dir='ltr'><strong>De</strong></span> <span class='ocrx_word' id='word_1_856' title='bbox 3536 5227 3626 5301; x_wconf 81' lang='lat' dir='ltr'><strong>illa</strong></span> 
     </span>
    </p>
   </div>
   <div class='ocr_carea' id='block_1_111' title="bbox 362 5227 1330 5299">
    <p class='ocr_par' dir='ltr' id='par_1_111' title="bbox 362 5227 1330 5299">
     <span class='ocr_line' id='line_1_113' title="bbox 362 5227 1330 5299; baseline 0.007 -21"><span class='ocrx_word' id='word_1_857' title='bbox 362 5227 457 5263; x_wconf 65' lang='lat'><strong>“’5&#39;</strong></span> <span class='ocrx_word' id='word_1_858' title='bbox 479 5231 586 5282; x_wconf 79' lang='lat' dir='ltr'><strong>Aut</strong></span> <span class='ocrx_word' id='word_1_859' title='bbox 613 5229 951 5299; x_wconf 88' lang='lat' dir='ltr'><strong>qualitatem.</strong></span> <span class='ocrx_word' id='word_1_860' title='bbox 988 5230 1049 5282; x_wconf 90' lang='lat' dir='ltr'><strong>D.</strong></span> <span class='ocrx_word' id='word_1_861' title='bbox 1079 5247 1203 5285; x_wconf 76' lang='lat' dir='ltr'><strong>mss.</strong></span> <span class='ocrx_word' id='word_1_862' title='bbox 1237 5239 1330 5285; x_wconf 90' lang='lat' dir='ltr'><strong>aut</strong></span> 
     </span>
    </p>
   </div>
   <div class='ocr_carea' id='block_1_112' title="bbox 362 5301 1182 5371">
    <p class='ocr_par' dir='ltr' id='par_1_112' title="bbox 362 5301 1182 5371">
     <span class='ocr_line' id='line_1_114' title="bbox 362 5301 1182 5371; baseline 0.005 -21"><span class='ocrx_word' id='word_1_863' title='bbox 362 5313 522 5368; x_wconf 88' lang='lat' dir='ltr'><strong>quam</strong></span> <span class='ocrx_word' id='word_1_864' title='bbox 568 5315 666 5369; x_wconf 85' lang='lat' dir='ltr'><strong>per</strong></span> <span class='ocrx_word' id='word_1_865' title='bbox 692 5317 818 5355; x_wconf 87' lang='lat' dir='ltr'><strong>mss.</strong></span> <span class='ocrx_word' id='word_1_866' title='bbox 848 5301 916 5356; x_wconf 87' lang='lat' dir='ltr'><strong>de</strong></span> <span class='ocrx_word' id='word_1_867' title='bbox 952 5301 1041 5354; x_wconf 87' lang='lat' dir='ltr'><strong>illa</strong></span> <span class='ocrx_word' id='word_1_868' title='bbox 1078 5317 1182 5371; x_wconf 89' lang='lat' dir='ltr'><strong>qua</strong></span> 
     </span>
    </p>
   </div>
   <div class='ocr_carea' id='block_1_113' title="bbox 361 5371 1529 5438">
    <p class='ocr_par' dir='ltr' id='par_1_113' title="bbox 361 5371 1529 5438">
     <span class='ocr_line' id='line_1_115' title="bbox 361 5371 1529 5438; baseline 0.004 -17"><span class='ocrx_word' id='word_1_869' title='bbox 361 5383 522 5438; x_wconf 89' lang='lat' dir='ltr'><strong>quem</strong></span> <span class='ocrx_word' id='word_1_870' title='bbox 543 5385 730 5425; x_wconf 90' lang='lat' dir='ltr'><strong>eorum</strong></span> <span class='ocrx_word' id='word_1_871' title='bbox 755 5371 901 5425; x_wconf 75' lang='lat' dir='ltr'><strong>Edtt.</strong></span> <span class='ocrx_word' id='word_1_872' title='bbox 931 5371 1032 5428; x_wconf 88' lang='lat' dir='ltr'><strong>col.</strong></span> <span class='ocrx_word' id='word_1_873' title='bbox 1058 5386 1123 5424; x_wconf 86' lang='lat' dir='ltr'><strong>an</strong></span> <span class='ocrx_word' id='word_1_874' title='bbox 1157 5371 1300 5426; x_wconf 89' lang='lat' dir='ltr'><strong>aliud</strong></span> <span class='ocrx_word' id='word_1_875' title='bbox 1342 5385 1529 5426; x_wconf 86' lang='lat' dir='ltr'><strong>eorum</strong></span> 
     </span>
    </p>
   </div>
   <div class='ocr_carea' id='block_1_114' title="bbox 1359 5231 1833 5299">
    <p class='ocr_par' dir='ltr' id='par_1_114' title="bbox 1359 5231 1833 5299">
     <span class='ocr_line' id='line_1_116' title="bbox 1359 5231 1833 5299; baseline 0.006 -16"><span class='ocrx_word' id='word_1_876' title='bbox 1359 5231 1738 5299; x_wconf 89' lang='lat' dir='ltr'><strong>quantitatem.</strong></span> <span class='ocrx_word' id='word_1_877' title='bbox 1769 5232 1833 5286; x_wconf 82' lang='grc' dir='ltr'><strong>ι).</strong></span> 
     </span>
    </p>
   </div>
   <div class='ocr_carea' id='block_1_115' title="bbox 1219 5300 2530 5369">
    <p class='ocr_par' dir='ltr' id='par_1_115' title="bbox 1219 5300 2530 5369">
     <span class='ocr_line' id='line_1_117' title="bbox 1219 5300 2530 5369; baseline 0.001 -14"><span class='ocrx_word' id='word_1_878' title='bbox 1219 5316 1316 5369; x_wconf 88' lang='lat' dir='ltr'><strong>per</strong></span> <span class='ocrx_word' id='word_1_879' title='bbox 1414 5300 1508 5332; x_wconf 68' lang='grc'><strong>⁵⁰⁷¹</strong></span> <span class='ocrx_word' id='word_1_880' title='bbox 1544 5301 1651 5355; x_wconf 86' lang='lat' dir='ltr'><strong>Aut</strong></span> <span class='ocrx_word' id='word_1_881' title='bbox 1687 5301 1755 5354; x_wconf 87' lang='lat' dir='ltr'><strong>de</strong></span> <span class='ocrx_word' id='word_1_882' title='bbox 1786 5302 1956 5357; x_wconf 90' lang='lat' dir='ltr'><strong>altera</strong></span> <span class='ocrx_word' id='word_1_883' title='bbox 1997 5317 2122 5355; x_wconf 87' lang='lat' dir='ltr'><strong>mss.</strong></span> <span class='ocrx_word' id='word_1_884' title='bbox 2167 5315 2233 5354; x_wconf 90' lang='lat' dir='ltr'><strong>an</strong></span> <span class='ocrx_word' id='word_1_885' title='bbox 2268 5302 2334 5356; x_wconf 90' lang='lat' dir='ltr'><strong>de</strong></span> <span class='ocrx_word' id='word_1_886' title='bbox 2361 5301 2530 5356; x_wconf 87' lang='lat' dir='ltr'><strong>altera</strong></span> 
     </span>
    </p>
   </div>
   <div class='ocr_carea' id='block_1_116' title="bbox 1645 5369 3630 5442">
    <p class='ocr_par' dir='ltr' id='par_1_116' title="bbox 1645 5369 3630 5442">
     <span class='ocr_line' id='line_1_118' title="bbox 1645 5369 3630 5442; baseline -0.002 -16"><span class='ocrx_word' id='word_1_887' title='bbox 1645 5371 1740 5403; x_wconf 71' lang='grc'><strong>⁸⁸⁷³</strong></span> <span class='ocrx_word' id='word_1_888' title='bbox 1763 5372 1876 5428; x_wconf 87' lang='lat' dir='ltr'><strong>Hoc</strong></span> <span class='ocrx_word' id='word_1_889' title='bbox 1907 5371 2063 5442; x_wconf 14' lang='lat' dir='ltr'><strong>aliud,</strong></span> <span class='ocrx_word' id='word_1_890' title='bbox 2102 5373 2310 5442; x_wconf 81' lang='lat' dir='ltr'><strong>opinari</strong></span> <span class='ocrx_word' id='word_1_891' title='bbox 2332 5441 2337 5442; x_wconf 15' lang='grc' dir='ltr'><em>γ</em></span> <span class='ocrx_word' id='word_1_892' title='bbox 2362 5371 2678 5442; x_wconf 88' lang='lat' dir='ltr'><strong>permittent</strong></span> <span class='ocrx_word' id='word_1_893' title='bbox 2720 5388 2845 5424; x_wconf 91' lang='lat' dir='ltr'><strong>mss.</strong></span> <span class='ocrx_word' id='word_1_894' title='bbox 2875 5371 2976 5442; x_wconf 90' lang='lat' dir='ltr'><strong>hoc</strong></span> <span class='ocrx_word' id='word_1_895' title='bbox 2990 5369 3224 5439; x_wconf 86' lang='lat' dir='ltr'><strong>aliquem</strong></span> <span class='ocrx_word' id='word_1_896' title='bbox 3261 5370 3469 5438; x_wconf 82' lang='lat' dir='ltr'><strong>Opinari</strong></span> <span class='ocrx_word' id='word_1_897' title='bbox 3506 5384 3630 5442; x_wconf 41' lang='lat' dir='ltr'><strong>pere</strong></span> 
     </span>
    </p>
   </div>
   <div class='ocr_carea' id='block_1_117' title="bbox 2497 5156 3629 5229">
    <p class='ocr_par' dir='ltr' id='par_1_117' title="bbox 2497 5156 3629 5229">
     <span class='ocr_line' id='line_1_119' title="bbox 2497 5156 3629 5229; baseline 0.002 -18"><span class='ocrx_word' id='word_1_898' title='bbox 2497 5160 2595 5192; x_wconf 68' lang='grc' dir='ltr'><strong>δ⁰⁶⁷</strong></span> <span class='ocrx_word' id='word_1_899' title='bbox 2625 5156 2905 5229; x_wconf 82' lang='lat' dir='ltr'><strong>Singuluni</strong></span> <span class='ocrx_word' id='word_1_900' title='bbox 2965 5167 3058 5212; x_wconf 89' lang='lat' dir='ltr'><strong>aut</strong></span> <span class='ocrx_word' id='word_1_901' title='bbox 3093 5175 3220 5212; x_wconf 88' lang='lat' dir='ltr'><strong>mss.</strong></span> <span class='ocrx_word' id='word_1_902' title='bbox 3268 5156 3479 5229; x_wconf 71' lang='lat' dir='ltr'><strong>singulo</strong></span> <span class='ocrx_word' id='word_1_903' title='bbox 3533 5169 3629 5229; x_wconf 82' lang='lat' dir='ltr'><strong>aut</strong></span> 
     </span>
    </p>
   </div>
   <div class='ocr_carea' id='block_1_118' title="bbox 2635 5299 3628 5355">
    <p class='ocr_par' dir='ltr' id='par_1_118' title="bbox 2635 5299 3628 5355">
     <span class='ocr_line' id='line_1_120' title="bbox 2635 5299 3628 5355; baseline -0.004 0"><span class='ocrx_word' id='word_1_904' title='bbox 2635 5299 2730 5332; x_wconf 65' lang='lat'><strong>“7’</strong></span> <span class='ocrx_word' id='word_1_905' title='bbox 2756 5300 2837 5355; x_wconf 86' lang='lat' dir='ltr'><strong>An</strong></span> <span class='ocrx_word' id='word_1_906' title='bbox 2863 5300 3024 5354; x_wconf 89' lang='lat' dir='ltr'><strong>alium</strong></span> <span class='ocrx_word' id='word_1_907' title='bbox 3061 5313 3249 5354; x_wconf 88' lang='lat' dir='ltr'><strong>eorum</strong></span> <span class='ocrx_word' id='word_1_908' title='bbox 3280 5315 3405 5353; x_wconf 88' lang='lat' dir='ltr'><strong>mss.</strong></span> <span class='ocrx_word' id='word_1_909' title='bbox 3433 5313 3500 5351; x_wconf 90' lang='lat' dir='ltr'><strong>an</strong></span> <span class='ocrx_word' id='word_1_910' title='bbox 3525 5299 3628 5352; x_wconf 87' lang='lat' dir='ltr'><strong>ali-</strong></span> 
     </span>
    </p>
   </div>
   <div class='ocr_carea' id='block_1_119' title="bbox 364 5440 3628 5512">
    <p class='ocr_par' dir='ltr' id='par_1_119' title="bbox 364 5440 3628 5512">
     <span class='ocr_line' id='line_1_121' title="bbox 364 5440 3628 5512; baseline 0.001 -22"><span class='ocrx_word' id='word_1_911' title='bbox 364 5440 587 5512; x_wconf 82' lang='lat' dir='ltr'><strong>mittunt</strong></span> <span class='ocrx_word' id='word_1_912' title='bbox 650 5440 755 5512; x_wconf 46' lang='grc' dir='ltr'><strong>ἔστι</strong></span> <span class='ocrx_word' id='word_1_913' title='bbox 775 5441 974 5495; x_wconf 87' lang='lat' dir='ltr'><strong>Eorum</strong></span> <span class='ocrx_word' id='word_1_914' title='bbox 1006 5442 1241 5511; x_wconf 90' lang='lat' dir='ltr'><strong>aliquam</strong></span> <span class='ocrx_word' id='word_1_915' title='bbox 1271 5456 1454 5496; x_wconf 85' lang='lat' dir='ltr'><strong>vocem</strong></span> <span class='ocrx_word' id='word_1_916' title='bbox 1489 5443 1554 5512; x_wconf 85' lang='lat' dir='ltr'><strong>ad</strong></span> <span class='ocrx_word' id='word_1_917' title='bbox 1597 5443 1989 5498; x_wconf 85' lang='lat' dir='ltr'><strong>ostendendum</strong></span> <span class='ocrx_word' id='word_1_918' title='bbox 2020 5440 2163 5496; x_wconf 77' lang='lat' dir='ltr'><strong>aliud</strong></span> <span class='ocrx_word' id='word_1_919' title='bbox 2201 5441 2342 5510; x_wconf 90' lang='lat' dir='ltr'><strong>quod</strong></span> <span class='ocrx_word' id='word_1_920' title='bbox 2365 5440 2504 5498; x_wconf 41' lang='lat' dir='ltr'><strong>‘mss.</strong></span> <span class='ocrx_word' id='word_1_921' title='bbox 2556 5455 2744 5512; x_wconf 84' lang='lat' dir='ltr'><strong>eorum</strong></span> <span class='ocrx_word' id='word_1_922' title='bbox 2795 5441 3039 5512; x_wconf 87' lang='lat' dir='ltr'><strong>posuisse</strong></span> <span class='ocrx_word' id='word_1_923' title='bbox 3073 5441 3307 5509; x_wconf 88' lang='lat' dir='ltr'><strong>aliquam</strong></span> <span class='ocrx_word' id='word_1_924' title='bbox 3339 5454 3524 5512; x_wconf 83' lang='lat' dir='ltr'><strong>vocem</strong></span> <span class='ocrx_word' id='word_1_925' title='bbox 3556 5441 3628 5495; x_wconf 88' lang='lat' dir='ltr'><strong>ad</strong></span> 
     </span>
    </p>
   </div>
   <div class='ocr_carea' id='block_1_120' title="bbox 363 5509 1233 5582">
    <p class='ocr_par' dir='ltr' id='par_1_120' title="bbox 363 5509 1233 5582">
     <span class='ocr_line' id='line_1_122' title="bbox 363 5509 1233 5582; baseline 0.005 -21"><span class='ocrx_word' id='word_1_926' title='bbox 363 5509 754 5582; x_wconf 71' lang='lat' dir='ltr'><strong>ostendendum</strong></span> <span class='ocrx_word' id='word_1_927' title='bbox 821 5513 1022 5580; x_wconf 87' lang='lat' dir='ltr'><strong>aliquid</strong></span> <span class='ocrx_word' id='word_1_928' title='bbox 1090 5509 1233 5582; x_wconf 82' lang='lat' dir='ltr'><strong>quod</strong></span> 
     </span>
    </p>
   </div>
   <div class='ocr_carea' id='block_1_121' title="bbox 367 5650 1000 5720">
    <p class='ocr_par' dir='ltr' id='par_1_121' title="bbox 367 5650 1000 5720">
     <span class='ocr_line' id='line_1_123' title="bbox 367 5650 1000 5720; baseline 0.013 -20"><span class='ocrx_word' id='word_1_929' title='bbox 367 5663 475 5704; x_wconf 82' lang='lat' dir='ltr'><strong>non</strong></span> <span class='ocrx_word' id='word_1_930' title='bbox 503 5650 590 5704; x_wconf 84' lang='lat' dir='ltr'><strong>hic</strong></span> <span class='ocrx_word' id='word_1_931' title='bbox 619 5659 792 5715; x_wconf 77' lang='lat' dir='ltr'><strong>potest</strong></span> <span class='ocrx_word' id='word_1_932' title='bbox 832 5656 1000 5720; x_wconf 74' lang='lat' dir='ltr'><strong>qmeri</strong></span> 
     </span>
    </p>
   </div>
   <div class='ocr_carea' id='block_1_122' title="bbox 1342 5511 2469 5582">
    <p class='ocr_par' dir='ltr' id='par_1_122' title="bbox 1342 5511 2469 5582">
     <span class='ocr_line' id='line_1_124' title="bbox 1342 5511 2469 5582; baseline 0.002 -18"><span class='ocrx_word' id='word_1_933' title='bbox 1342 5511 1436 5543; x_wconf 71' lang='grc'><strong>⁸⁰⁷⁸</strong></span> <span class='ocrx_word' id='word_1_934' title='bbox 1487 5511 1680 5566; x_wconf 86' lang='lat' dir='ltr'><strong>Album</strong></span> <span class='ocrx_word' id='word_1_935' title='bbox 1748 5523 1840 5567; x_wconf 86' lang='lat' dir='ltr'><strong>aut</strong></span> <span class='ocrx_word' id='word_1_936' title='bbox 1897 5512 2304 5582; x_wconf 83' lang='lat' dir='ltr'><strong>grammaticam</strong></span> <span class='ocrx_word' id='word_1_937' title='bbox 2372 5529 2469 5566; x_wconf 86' lang='lat' dir='ltr'><strong>ms.</strong></span> 
     </span>
    </p>
   </div>
   <div class='ocr_carea' id='block_1_123' title="bbox 362 5577 2554 5653">
    <p class='ocr_par' dir='ltr' id='par_1_123' title="bbox 362 5577 2554 5653">
     <span class='ocr_line' id='line_1_125' title="bbox 362 5577 2554 5653; baseline 0.003 -22"><span class='ocrx_word' id='word_1_938' title='bbox 362 5577 458 5609; x_wconf 73' lang='grc'><strong>⁸⁰⁷⁶</strong></span> <span class='ocrx_word' id='word_1_939' title='bbox 486 5579 695 5653; x_wconf 78' lang='lat' dir='ltr'><strong>nigrum</strong></span> <span class='ocrx_word' id='word_1_940' title='bbox 724 5577 948 5649; x_wconf 70' lang='lat' dir='ltr'><strong>ponuni,</strong></span> <span class='ocrx_word' id='word_1_941' title='bbox 979 5594 1031 5637; x_wconf 89' lang='lat' dir='ltr'><strong>et</strong></span> <span class='ocrx_word' id='word_1_942' title='bbox 1059 5577 1252 5653; x_wconf 65' lang='lat' dir='ltr'><strong>similia</strong></span> <span class='ocrx_word' id='word_1_943' title='bbox 1285 5599 1407 5636; x_wconf 80' lang='lat' dir='ltr'><strong>mss.</strong></span> <span class='ocrx_word' id='word_1_944' title='bbox 1460 5583 1637 5636; x_wconf 73' lang='lat' dir='ltr'><strong>allium</strong></span> <span class='ocrx_word' id='word_1_945' title='bbox 1671 5592 1723 5637; x_wconf 73' lang='grc' dir='ltr'>(ιι</span> <span class='ocrx_word' id='word_1_946' title='bbox 1774 5577 1982 5653; x_wconf 73' lang='lat' dir='ltr'><strong>nigrum</strong></span> <span class='ocrx_word' id='word_1_947' title='bbox 2026 5584 2249 5651; x_wconf 78' lang='lat' dir='ltr'><strong>profert,</strong></span> <span class='ocrx_word' id='word_1_948' title='bbox 2275 5593 2330 5636; x_wconf 88' lang='lat' dir='ltr'><strong>et</strong></span> <span class='ocrx_word' id='word_1_949' title='bbox 2360 5583 2554 5638; x_wconf 80' lang='lat' dir='ltr'><strong>similia</strong></span> 
     </span>
    </p>
   </div>
   <div class='ocr_carea' id='block_1_124' title="bbox 1106 5652 2385 5723">
    <p class='ocr_par' dir='ltr' id='par_1_124' title="bbox 1106 5652 2385 5723">
     <span class='ocr_line' id='line_1_126' title="bbox 1106 5652 2385 5723; baseline 0.001 -18"><span class='ocrx_word' id='word_1_950' title='bbox 1106 5652 1203 5684; x_wconf 69' lang='lat'><strong>“78</strong></span> <span class='ocrx_word' id='word_1_951' title='bbox 1234 5654 1368 5720; x_wconf 80' lang='lat' dir='ltr'><strong>Quia</strong></span> <span class='ocrx_word' id='word_1_952' title='bbox 1408 5665 1617 5708; x_wconf 70' lang='lat' dir='ltr'><strong>cmestat</strong></span> <span class='ocrx_word' id='word_1_953' title='bbox 1648 5671 1764 5709; x_wconf 80' lang='lat' dir='ltr'><strong>mss.</strong></span> <span class='ocrx_word' id='word_1_954' title='bbox 1800 5652 1966 5723; x_wconf 77' lang='lat' dir='ltr'><strong>quare</strong></span> <span class='ocrx_word' id='word_1_955' title='bbox 2010 5654 2134 5723; x_wconf 81' lang='lat' dir='ltr'><strong>quia</strong></span> <span class='ocrx_word' id='word_1_956' title='bbox 2174 5663 2385 5710; x_wconf 77' lang='lat' dir='ltr'><strong>Constat</strong></span> 
     </span>
    </p>
   </div>
   <div class='ocr_carea' id='block_1_125' title="bbox 2551 5510 3625 5579">
    <p class='ocr_par' dir='ltr' id='par_1_125' title="bbox 2551 5510 3625 5579">
     <span class='ocr_line' id='line_1_127' title="bbox 2551 5510 3625 5579; baseline -0.003 -12"><span class='ocrx_word' id='word_1_957' title='bbox 2551 5511 2687 5567; x_wconf 81' lang='lat' dir='ltr'><strong>Vict.</strong></span> <span class='ocrx_word' id='word_1_958' title='bbox 2734 5511 2767 5564; x_wconf 83' lang='lat'><strong>&#39;5</strong></span> <span class='ocrx_word' id='word_1_959' title='bbox 2799 5510 3011 5564; x_wconf 18' lang='lat' dir='ltr'><strong>Valbum</strong></span> <span class='ocrx_word' id='word_1_960' title='bbox 3067 5521 3159 5564; x_wconf 83' lang='lat' dir='ltr'><strong>aut</strong></span> <span class='ocrx_word' id='word_1_961' title='bbox 3210 5510 3625 5579; x_wconf 84' lang='lat' dir='ltr'><strong>grammaticum</strong></span> 
     </span>
    </p>
   </div>
   <div class='ocr_carea' id='block_1_126' title="bbox 2659 5581 3624 5652">
    <p class='ocr_par' dir='ltr' id='par_1_126' title="bbox 2659 5581 3624 5652">
     <span class='ocr_line' id='line_1_128' title="bbox 2659 5581 3624 5652; baseline -0.002 -16"><span class='ocrx_word' id='word_1_962' title='bbox 2659 5583 2752 5615; x_wconf 73' lang='grc'>⁸⁰⁷⁷</span> <span class='ocrx_word' id='word_1_963' title='bbox 2788 5581 2900 5637; x_wconf 86' lang='lat' dir='ltr'><strong>lloc</strong></span> <span class='ocrx_word' id='word_1_964' title='bbox 2932 5599 3037 5637; x_wconf 83' lang='lat' dir='ltr'><strong>non</strong></span> <span class='ocrx_word' id='word_1_965' title='bbox 3072 5590 3248 5652; x_wconf 79' lang='lat' dir='ltr'><strong>potest</strong></span> <span class='ocrx_word' id='word_1_966' title='bbox 3279 5582 3448 5652; x_wconf 66' lang='lat' dir='ltr'><strong>quam</strong></span> <span class='ocrx_word' id='word_1_967' title='bbox 3497 5597 3624 5636; x_wconf 83' lang='lat' dir='ltr'><strong>mss.</strong></span> 
     </span>
    </p>
   </div>
  </div>
