3940 6046
296 246 420 332 sn

1645 246 1733 302 DE
1768 245 2015 304 GRAMM
2023 247 2247 305 ATICO.

3480 253 3593 310 578

310 365 441 434 quia
460 369 546 418 est
570 360 830 433 qualitas.
855 357 977 416 Mte
1019 357 1102 414 An
1136 358 1355 430 ignoras
1379 357 1506 430 quia
1536 357 1676 415 idem
1701 359 1910 415 Aristo-
1938 361 1985 417 Α
2011 360 2318 431 signiﬁcare
2356 359 2577 428 habere,
2600 363 2727 432 quia
2761 362 3034 435 signiﬁcat
3071 362 3362 420 habentem
3402 379 3593 435 arma,

311 456 450 513 teles
481 452 717 524 appellat
743 466 925 508 voces
947 452 1169 506 nomine
1197 466 1380 506 rerum
1410 465 1640 520 quarum
1676 461 1804 506 sunt
1831 451 1906 507 si-

308 545 658 620 gniﬁcativm,
709 553 763 600 et
815 558 924 598 non
967 557 1196 612 quarum
1244 550 1453 597 tantum
1504 551 1629 598 sunt
1671 542 1909 613 appella-

309 640 437 694 tiva:
464 636 582 700 δυ’,
601 635 653 690 in
665 635 853 690 eodem
877 633 1054 699 libro;
1086 643 1145 688 ut
1166 647 1288 687 cum
1315 633 1446 688 dicit
1473 633 1598 701 quia
1620 632 1796 688 omnis
1809 630 1906 664 ““

309 729 616 784 substantia
659 726 879 780 videtur
927 724 1237 795 signiﬁcare
1294 724 1395 779 hoc
1427 723 1648 794 aliquid,
1695 724 1750 779 id
1799 730 1903 787 est,

309 817 490 872 omnis
517 831 618 869 vox
650 815 967 886 signiﬁcans
995 814 1087 846 ⁸⁸⁸⁸
1116 814 1506 879 substantiam;
1564 814 1704 868 sicut
1731 811 1908 868 nomi-

304 918 407 963 nat
432 908 516 964 vel
550 907 729 979 potius
759 905 998 962 ostendit
1025 920 1114 960 res
1144 905 1308 976 (quod
1338 913 1390 959 tu
1438 903 1599 974 paulo
1640 912 1764 958 ante
1794 917 1907 958 meo

313 998 525 1053 ministi
577 997 675 1029 ⁴⁰⁸³
728 995 858 1050 solis
905 995 1129 1050 vocibus
1177 1007 1364 1049 earum
1415 993 1807 1065 signiﬁcativis,
1851 1002 1908 1050 et

308 1104 455 1159 saepe
490 1102 596 1142 non
629 1085 990 1156 appellativis.
1043 1083 1190 1139 Dtsc.
1223 1083 1338 1140 Non
1371 1085 1475 1138 hoc
1505 1084 1756 1155 ignorare
1785 1099 1908 1152 pos-

306 1196 432 1237 sum
469 1199 482 1234 :
517 1179 678 1251 149
723 1193 894 1248 quare
943 1177 1059 1232 sive
1085 1184 1366 1246 quaeratur
1409 1175 1477 1230 de
1524 1189 1676 1240 voce,
1703 1175 1817 1229 sive
1839 1174 1907 1231 de

309 1287 392 1334 re,
441 1286 565 1325 cum
595 1269 856 1338 quaeritur
885 1267 1017 1338 quid
1066 1267 1137 1322 sit
1173 1265 1564 1337 grammaticus
1609 1267 1904 1320 secundum

307 1363 620 1420 Aristotelis
653 1369 968 1422 tractatum.
1007 1366 1062 1414 et
1086 1359 1381 1416 secundum
1432 1373 1695 1428 sequaces
1737 1359 1899 1429 ejus:

307 1464 463 1510 recte
507 1451 882 1523 respondetur,
941 1449 1176 1519 qualitas
1212 1467 1224 1502 :
1278 1458 1335 1503 et
1379 1459 1559 1504 tamen
1607 1450 1904 1505 secundum

307 1545 726 1617 appellationem
757 1557 885 1599 vere
899 1553 984 1598 est
1016 1542 1318 1597 substantia
1345 1541 1462 1594 ⁸ου.
1498 1540 1641 1597 MAG.
1669 1541 1746 1596 Ita
1776 1550 1858 1596 est
1887 1559 1900 1595 :

308 1653 422 1692 non
450 1637 593 1693 enim
631 1649 850 1690 movere
899 1649 1000 1690 nos
1039 1632 1221 1699 debet,
1264 1633 1408 1703 quod
1436 1631 1704 1688 dialectici
1743 1632 1903 1686 aliter

2007 451 2088 507 sic
2114 453 2501 524 grammaticus
2542 452 2814 525 signiﬁcat
2873 454 3096 521 habere,
3146 455 3272 524 quia
3323 456 3596 526 signiﬁcat

2006 542 2293 599 habentem
2317 543 2676 614 disciplinam.
2705 544 2847 602 MAG.
2886 544 3202 601 Nullatenus
3255 545 3350 579 ’Μ’
3378 546 3480 602 hac
3503 563 3596 602 ra-

2004 635 2540 710 tionelconsiderata,
2571 649 2769 708 negare
2793 651 3012 706 possum
3058 645 3154 692 aut
3175 647 3446 694 armatum
3477 655 3602 696 esse

2006 727 2359 782 substantiam
2389 734 2483 781 aut
2510 727 2925 796 grammaticum
2971 728 3196 783 habere.
3219 729 3368 785 Dtsc.
3399 729 3599 786 Vellem

2005 831 2136 886 ergo
2160 831 2193 870 a
2225 824 2276 871 te
2299 815 2481 872 doceri
2506 825 2686 872 utrum
2713 832 2879 873 unum
2934 817 3135 888 aliquid
3163 817 3263 851 “”
3282 819 3453 889 possit
3474 836 3600 878 esse

2006 905 2341 962 diversorum
2389 907 2950 978 praedicamentorum.
2991 908 3132 966 ΜΑε.
3194 910 3328 966 Rem
3375 912 3597 982 quidem

2003 1013 2169 1052 unam
2205 1005 2261 1053 et
2285 999 2528 1054 eamdem
2557 1015 2660 1054 non
2681 1008 2813 1071 puto
2843 1001 2946 1057 sub
2975 1000 3206 1057 diversis
3242 1005 3416 1073 aptari
3438 1019 3602 1076 posse

2003 1087 2100 1120 ‘m
2123 1089 2556 1158 przedicamentis
2582 1091 2707 1147 licet
2738 1092 2791 1146 in
2831 1093 3154 1162 quibusdam
3204 1095 3440 1150 dubitari
3471 1111 3597 1167 pos-

2004 1178 2112 1232 sit:
2157 1179 2300 1248 quod
2366 1179 2557 1248 majori
2605 1187 2665 1236 et
2720 1181 2899 1236 altio’ri
2946 1182 3311 1253 disputatione
3360 1185 3600 1256 indigere

2003 1267 2277 1330 existimo.
2343 1283 2506 1337 quam
2557 1270 2660 1324 hac
2721 1269 2868 1326 brevi
2908 1282 3099 1327 nostra
3142 1274 3598 1330 sermocinatione

2003 1357 2420 1426 assumpsimus.
2459 1357 2633 1413 Unam
2657 1366 2838 1424 autem
2875 1373 3062 1416 vocem
3109 1361 3259 1430 plura
3285 1361 3600 1431 signiﬁcau-

2007 1454 2112 1501 tem
2145 1461 2253 1502 non
2277 1456 2338 1501 ut
2363 1463 2554 1514 unum,
2595 1463 2698 1504 non
2753 1450 2911 1506 video
2934 1451 3063 1521 quid
3102 1451 3387 1522 prohibeat
3432 1454 3600 1523 pluri-

2004 1535 2106 1591 bus
2125 1535 2416 1606 aliquando
2471 1538 2697 1608 supponi
2754 1540 3189 1608 pradicameutis
3222 1555 3236 1594 :
3269 1549 3328 1594 ut
3367 1541 3413 1596 si
3444 1541 3599 1599 albus

2005 1631 2204 1686 dicitur
2221 1630 2319 1662 ⁵⁸⁸⁵
2347 1629 2598 1700 qualitas,
2628 1638 2685 1686 et
2712 1631 2933 1687 habere.
2982 1631 3150 1686 Albus
3175 1633 3318 1687 enim
3368 1647 3473 1688 non
3524 1633 3598 1688 ita

305 1729 557 1785 scribunt
601 1727 668 1783 de
695 1727 942 1791 vocibus,
975 1725 1272 1781 secundum
1308 1725 1452 1795 quod
1473 1733 1602 1780 sunt
1633 1725 1905 1796 signiﬁca-
1933 1714 1978 1773 Β
2006 1721 2276 1792 signiﬁcat
2309 1722 2647 1791 qualitatem;
2694 1730 2747 1778 et
2777 1723 2997 1788 habere,
3027 1732 3085 1777 ut
3110 1740 3307 1788 unum;
3335 1727 3597 1794 quemad-

311 1818 469 1881 tivaa;
503 1816 661 1871 aliter
709 1816 790 1871 eis
827 1822 1057 1870 utuntur
1100 1813 1370 1884 loquendo
1416 1814 1714 1869 secundum
1759 1815 1901 1884 quod

308 1916 442 1963 sunt
466 1905 802 1978 appellativa:
832 1923 846 1959 :
876 1905 923 1960 si
966 1915 1023 1960 et
1047 1903 1142 1936 ⁸⁸³⁸³
1170 1903 1510 1973 grammatici
1551 1903 1692 1957 aliud
1719 1903 1900 1958 dicunt

308 2001 606 2059 secundum
632 1999 860 2055 formam
881 2012 1099 2064 vocum,
1127 1997 1271 2053 aliud
1290 1997 1386 2029 ⁶⁰⁸⁸
1406 1997 1702 2052 secundum
1720 2011 1900 2051 rerum

308 2103 584 2150 naturam.
614 2093 812 2149 Dicunt
848 2093 1049 2164 quippe
1070 2091 1169 2124 ““
1202 2089 1437 2162 lapidem
1468 2104 1590 2146 esse
1618 2088 1902 2145 masculini

308 2186 546 2257 generis,
573 2195 784 2256 petram
816 2184 1084 2249 feminini,
1113 2182 1444 2253 mancipium
1475 2188 1654 2236 autem
1684 2181 1900 2248 neutri;

309 2278 504 2333 timere
552 2276 813 2340 activum,
862 2275 1042 2330 timeri
1095 2287 1227 2330 vero
1260 2272 1538 2344 passivum
1581 2271 1674 2304 ⁸⁰⁸⁷
1723 2289 1738 2326 :
1778 2287 1902 2327 cum

309 2379 470 2421 nemo
497 2365 645 2420 dicat
674 2364 906 2434 lapidem
949 2362 1046 2396 ⁸⁸⁸³
1073 2377 1196 2418 esse
1224 2361 1542 2426 masculam,
1571 2353 1665 2417 aut
1693 2370 1902 2432 petram

309 2455 598 2525 feminam,
646 2475 715 2515 an
749 2459 1080 2529 mancipium
1124 2474 1226 2514 nec
1269 2457 1569 2513 masculam
1619 2473 1722 2514 nec
1750 2457 1906 2514 femi-

310 2565 473 2617 nam;
499 2559 593 2606 aut
615 2551 808 2615 timere
834 2551 930 2584 ιοδθ
958 2549 1168 2616 facere;
1195 2551 1373 2604 timeri
1396 2559 1577 2606 autem
1614 2550 1748 2620 pati.

754 2624 765 2634 ’
913 2642 1141 2701 CAPUT
1163 2641 1304 2700 XIX.

311 2753 503 2810 Utrum
529 2756 930 2826 grammaticus,
960 2771 1078 2827 cum
1114 2755 1346 2824 designet
1376 2755 1649 2827 habentem
1677 2756 1908 2827 qualita-

421 2833 424 2843 ‘
533 2825 663 2880 item
686 2865 702 2890 ,
733 2835 923 2893 spectet
964 2825 1034 2879 ad
1078 2827 1417 2896 categoriam,
1447 2826 1658 2882 habere.

383 2917 531 2972 Dtsc.
563 2915 762 2985 Aperta
792 2915 932 2970 ratio
979 2915 1112 2970 nihil
1138 2931 1226 2970 me
1259 2917 1312 2970 in
1358 2916 1444 2973 his
1465 2933 1588 2988 qua:
1605 2918 1788 2974 dixisti
1811 2919 1910 2975 du-

309 3008 485 3063 bitare
512 3006 776 3076 permittit
803 3005 900 3038 ⁵⁰⁹⁰
931 3025 944 3060 :
971 3007 1064 3062 sed
1083 3007 1262 3063 adhuc
1279 3016 1364 3064 est
1384 3007 1452 3063 de
1484 3009 1589 3064 hac
1607 3009 1910 3079 quaestione

310 3097 455 3167 quod
482 3096 642 3152 velim
671 3097 885 3152 discere
943 3096 1059 3151 ⁸ου.
1121 3095 1281 3163 Nam,
1314 3098 1358 3152 si
1412 3099 1803 3169 grammaticus
1825 3111 1909 3156 est

310 3187 565 3258 qualitas,
601 3189 728 3257 quia
765 3188 1038 3259 signiﬁcat
1082 3188 1422 3258 qualitatem,
1455 3205 1563 3244 non
1616 3190 1776 3247 video
1811 3207 1908 3247 cur

310 3291 552 3337 armatus
573 3298 680 3354 non
711 3282 1126 3350 sitsubstantia,
1163 3297 1288 3338 cum
1335 3283 1605 3354 signiﬁcet
1660 3284 1910 3339 substan-

313 3375 487 3429 tiam:
529 3383 586 3429 et
611 3353 692 3430 sic
718 3383 964 3430 armatus
1008 3375 1131 3430 ideo
1176 3383 1263 3430 est
1289 3353 1513 3441 habere,
1551 3375 1678 3446 quia
1701 3374 1907 3446 signiﬁ-

313 3475 404 3521 cat
430 3466 655 3532 habere,
678 3465 868 3536 ignoro
899 3481 998 3522 cur
1026 3466 1412 3538 grammaticus
1438 3481 1543 3522 non
1583 3471 1656 3522 sit
1683 3467 1906 3532 habere,

314 3573 438 3615 cum
464 3559 732 3628 signiﬁcet
754 3559 977 3614 habere.
1006 3556 1242 3636 Omnino
1271 3558 1415 3613 enim
1450 3559 1906 3629 quemadmodum

313 3649 702 3721 grammaticus
730 3652 998 3721 probatur
1024 3649 1338 3721 signiﬁcare
1393 3649 1741 3719 qualitatem,
1783 3650 1910 3720 quia

315 3741 590 3811 signiﬁcat
618 3741 910 3798 habentem
951 3742 1302 3813 qualitatem;
1359 3741 1432 3796 ita
1479 3749 1721 3796 armatus
1748 3741 1913 3811 signi-

317 3832 443 3888 ﬁcat
467 3834 850 3900 substantiam,
876 3835 1004 3904 quia
1031 3834 1301 3903 signiﬁcat
1346 3832 1634 3888 habentem
1662 3832 1917 3887 substan-

319 3927 485 3992 tiam,
533 3927 588 3982 id
623 3935 708 3983 est
761 3934 1041 3983 armazet
1092 3926 1234 3984 sicut
1278 3935 1526 3982 armatus
1575 3923 1916 3980 convincitur

2004 1815 2223 1869 modum
2265 1814 2362 1846 ⁸⁸⁸⁸
2390 1814 2554 1870 homo
2603 1815 2880 1885 signiﬁcat
2900 1825 2962 1869 ut
3021 1831 3185 1870 unum
3241 1817 3600 1873 substantiam

2001 1916 2056 1958 et
2079 1904 2367 1976 qualitates
2389 1947 2402 1969 ,
2427 1905 2625 1974 quibus
2664 1915 2879 1961 constat
2929 1907 3118 1963 homo.
3155 1906 3261 1961 Βεοε
3281 1909 3448 1973 enim,
3481 1923 3603 1979 quae

2001 1995 2299 2066 appellatur
2323 1996 2486 2051 homo
2523 1996 2640 2061 “’9',
2675 2004 2759 2051 est
2805 2012 2972 2051 unum
3037 1998 3292 2067 quiddam
3343 2010 3602 2055 constans

2003 2101 2069 2141 ex
2100 2087 2186 2142 his
2209 2101 2329 2157 qua:
2355 2087 2502 2154 dixi;
2533 2102 2620 2143 res
2644 2102 2774 2144 vero
2798 2104 2920 2159 qua:
2946 2089 3266 2160 appellatur,
3292 2089 3464 2155 albus,
3493 2107 3598 2146 non

2002 2190 2086 2234 est
2118 2178 2216 2211 ⁸⁸⁸⁸
2271 2195 2436 2234 unum
2479 2179 2684 2249 aliquid
2735 2195 2804 2235 ex
2843 2180 3047 2235 habere
3089 2190 3144 2236 et
3164 2181 3427 2252 qualitate
3473 2197 3602 2238 con-

2002 2281 2154 2329 stans
2178 2288 2194 2338 ;
2225 2272 2353 2342 quia
2376 2271 2512 2326 nihil
2542 2271 2846 2343 appellatur
2868 2271 3045 2340 albus,
3099 2272 3203 2328 nisi
3244 2288 3332 2328 res
3357 2273 3454 2307 ⁸⁸⁸⁸
3479 2290 3598 2344 quae

2004 2366 2168 2421 habet
2187 2365 2536 2421 albedinem:
2588 2379 2710 2434 quae
2760 2379 3098 2434 nequaquam
3131 2372 3347 2419 constat
3395 2379 3463 2419 ex
3502 2365 3598 2418 ha-

2004 2459 2133 2513 bere
2159 2465 2215 2512 et
2234 2457 2494 2528 qualitate
2513 2496 2528 2512 .
2551 2457 2731 2525 Quare
2747 2457 2792 2512 si
2820 2457 3019 2512 dicitur
3041 2457 3136 2489 “°°
3171 2457 3335 2512 homo
3359 2465 3444 2512 est
3469 2458 3602 2511 sub-

2006 2550 2227 2618 stantia,
2251 2557 2308 2606 et
2324 2551 2488 2605 homo
2509 2559 2592 2605 est
2618 2548 2872 2618 qualitas,
2895 2563 3004 2603 una
3034 2556 3088 2604 et
3115 2549 3304 2604 eadem
3325 2563 3433 2612 res,
3473 2563 3597 2617 qua:

2007 2640 2345 2712 signiﬁcatur
2372 2649 2428 2696 et
2475 2639 2776 2711 appellatur
2823 2640 2929 2695 hoc
2988 2640 3228 2702 nomine,
3255 2639 3454 2695 dicitur
3471 2640 3602 2694 sub-

2007 2735 2207 2790 stantia
2233 2744 2288 2790 et
2313 2733 2548 2805 qualitas
2575 2748 2696 2789 esse
2729 2731 2908 2803 :qnod
2941 2732 3157 2787 videtur
3188 2731 3595 2788 inconveniens.

2007 2827 2143 2884 Cum
2164 2837 2346 2884 autem
2403 2827 2634 2883 dicimus
2657 2826 2785 2897 quia
2813 2825 2970 2880 albus
3001 2834 3086 2880 est
3141 2823 3234 2856 ⁸¹⁰¹
3279 2822 3514 2894 qualitas
3551 2834 3606 2877 et

2009 2920 2211 2977 habere
2256 2935 2363 2975 non
2419 2919 2650 2974 dicimus
2707 2919 2832 2988 quia
2862 2916 2957 2950 ιη’
2985 2917 3130 2986 quod
3176 2915 3480 2986 appellatur
3501 2915 3607 2970 hoc

2010 3013 2248 3076 nomine,
2289 3012 2524 3083 qualitas
2552 3021 2638 3068 est
2680 3020 2735 3068 et
2783 3011 3004 3074 habere.
3055 3011 3150 3066 sed
3201 3009 3325 3080 quia
3364 3009 3481 3064 haec
3499 3009 3606 3062 duo

2014 3105 2391 3177 signiﬁcantur
2427 3106 2532 3162 hoc
2560 3105 2779 3160 nomine
2808 3122 2822 3160 :
2856 3112 2912 3158 et
2959 3102 3164 3158 nullum
3219 3100 3606 3157 inconveniens

2014 3196 2281 3266 sequitur.
2309 3195 2454 3252 Dtsc.
2483 3196 2594 3251 Cur
2619 3205 2800 3251 autem
2825 3209 2932 3249 non
2967 3201 3052 3249 est
3085 3195 3267 3258 homo,
3306 3193 3603 3247 secundum

2015 3290 2337 3347 divisionem
2365 3289 2690 3355 Aristotelis,
2727 3287 3028 3345 substantia
3079 3295 3135 3343 et
3172 3286 3429 3358 qualitas,
3477 3287 3604 3356 quia

2014 3389 2308 3450 utrumque
2329 3379 2637 3450 signiﬁcat:
2699 3379 3158 3450 quemadmodum
3200 3386 3286 3433 est
3306 3377 3609 3446 albusqna-

2015 3471 2140 3528 litas
2168 3470 2264 3504 “°'
2292 3478 2349 3527 et
2376 3471 2607 3537 habere,
2653 3480 2876 3542 propter
2917 3471 3206 3539 utriusque
3254 3466 3610 3537 signiﬁcatio-

2013 3563 2176 3617 nem?
2207 3562 2348 3620 Mac.
2397 3561 2633 3619 lEstimo
2658 3563 2786 3619 huic
2836 3562 3250 3633 interrogationi
3279 3560 3408 3615 illud
3452 3572 3611 3628 posse

2013 3649 2261 3707 sulhcere
2280 3652 2376 3686 δίο*
2401 3653 2545 3723 quod
2601 3666 2763 3722 supra
2811 3653 2947 3717 dixi,
2973 3652 3099 3722 quia
3132 3659 3214 3706 est
3238 3647 3611 3720 principaliter

2013 3743 2428 3813 signiﬁcativum
2457 3743 2554 3776 ⁴¹⁰⁵
2586 3744 2926 3808 substantire,
2981 3750 3038 3797 et
3084 3743 3211 3812 quia
3236 3740 3366 3795 illud
3413 3753 3602 3801 unum.

2014 3836 2158 3904 quod
2191 3835 2480 3906 signiﬁcat,
2506 3834 2807 3889 substantia
2839 3843 2954 3899 est;
2988 3843 3046 3888 et
3085 3847 3191 3886 non
3225 3829 3481 3901 qualitas,
3513 3829 3608 3884 sed

2015 3924 2214 3994 quale:
2241 3923 2397 3980 albus
2423 3937 2555 3979 vero
2577 3923 2708 3979 nihil
2752 3923 3129 3994 principalius,
3161 3921 3256 3978 sed
3286 3919 3493 3989 pariter
3534 3919 3608 3975 Ii-

1619 4074 1845 4132 νΑῐιιιΕ
1876 4073 2282 4132 LECTIONES.

388 4246 482 4280 ⁸⁸⁷⁵
515 4245 754 4314 Quarum
799 4260 960 4302 voces
1014 4253 1142 4301 sunt
1195 4244 1570 4318 signiﬁcativae
1601 4283 1618 4310 ,
1678 4251 1889 4318 etnnon
1946 4255 2175 4318 quarum
2202 4251 2356 4318 _s_unt
2411 4243 2751 4318 appellativa;
2788 4259 2915 4318 mss.
2964 4256 3196 4318 quarum
3254 4247 3381 4318 sunt
3414 4238 3605 4318 _sigtti-_

320 4309 581 4384 ﬁcativae',
625 4326 681 4374 et
730 4333 836 4373 non
884 4332 1113 4387 quarum
1165 4309 1376 4372 tau'tnm
1432 4323 1559 4371 sunt
1606 4309 2008 4387 appellativa"
2064 4313 2158 4387 ‘f"j°
2201 4309 2590 4387 Βίεῑιςλεῐιῐηῐε
2636 4331 2763 4387 mss.
2793 4315 2944 4387 dicit,
2972 4309 3104 4387 quia
3133 4312 3312 4367 omnis
3411 4309 3504 4342 ⁸⁰³¹
3553 4310 3609 4387 id

316 4401 401 4444 est
429 4382 608 4444 omnis
667 4403 770 4443 vox
832 4382 1103 4459 signiﬁcat
1145 4404 1273 4459 mss.
1322 4387 1374 4441 id
1411 4395 1514 4452 est,
1566 4382 1745 4438 omnis
1798 4398 1904 4459 vox_
1966 4382 2321 4459 sign_iﬁcans___
2359 4385 2478 4459 _““_'
2531 4387 2670 4440 Ante
2731 4382 3174 4459 invenistimas.
3233 4382 3610 4459 antcuingtni-

318 4461 446 4518 nisti
558 4459 657 4491 ⁸⁸⁸³
695 4459 836 4513 Vera
881 4450 970 4512 cst
1004 4458 1304 4514 substantia
1357 4450 1508 4510 mss.'
1540 4468 1669 4508 vere
1697 4461 1781 4507 est
1823 4450 2131 4508 substantia
2235 4455 2332 4488 ⁸⁰⁸⁸
2353 4455 2462 4511 Sed
2508 4465 2564 4509 et
2618 4471 2718 4509 ms.
2773 4454 2909 4510 Vict.
2962 4454 3048 4508 l5.
3087 4454 3132 4508 si
3171 4461 3227 4507 et
3331 4451 3427 4486 ⁸⁸⁸⁵
3467 4450 3605 4504 For-

318 4548 463 4586 mam
514 4529 661 4585 aliud
713 4545 840 4583 msa.
893 4528 1148 4583 Formam
1189 4542 1416 4591 vocum,
1457 4525 1602 4580 aliud
1707 4522 1804 4595 ξ⁰⁸⁸
1833 4521 2035 4578 Dicunt
2083 4525 2298 4594 quidem
2341 4543 2466 4581 mss.
2510 4526 2696 4580 dicunt
2723 4526 2920 4595 quippe
3026 4523 3121 4558 “3'
3173 4521 3609 4595 Mancipiumqne

319 4600 528 4665 neutri,
555 4601 747 4654 timere
774 4607 958 4654 autem
1010 4599 1246 4654 activum
1281 4641 1296 4666 ,
1359 4596 1536 4651 timeri
1590 4593 1868 4667 passivum
1913 4609 2065 4667 nisa.”
2096 4593 2423 4667 inancipimn
2482 4605 2662 4667 autem
2719 4593 2944 4667 neutri,
2993 4595 3279 4667 et_timere
3322 4593 3556 4667 activum
3593 4611 3606 4646 :

320 4672 520 4747 timeri
570 4685 702 4747 vero
767 4670 1040 4739 passivum
1127 4739 1140 4747 .
1174 4668 1271 4747 ξοδδ
1319 4667 1473 4724 Dicat
1531 4666 1762 4747 lapidem
1821 4665 2164 4747 mundis-at
2212 4665 2334 4722 esse
2397 4665 2627 4747 lapidem
2901 4665 3204 4747 If‘teminam
3263 4675 3358 4719 aut
3417 4665 3612 4747 timere

318 4760 444 4796 nias.
493 4733 796 4803 fmminam‘,
841 4748 933 4793 aut
969 4739 1315 4810 mancipium,
1340 4733 1798 4810 nec_maSct_tlut_n_
1841 4749 1943 4790 nec
1968 4733 2272 4810 anatinam,
2305 4747 2398 4810 aut
2423 4733 2615 4792 timere
2687 4736 2782 4810 ﬁ"?
2810 4737 2968 4810 Ratio
3018 4737 3076 4810 in
3106 4736 3190 4810 his
3237 4750 3359 4810 qua:
3423 4733 3610 4810 dixisti

321 4813 574 4866 dubitare
601 4826 708 4880 non
732 4810 996 4880 permittit
1022 4805 1315 4865 mss-ratio
1354 4807 1508 4880 nihil
1539 4805 1833 4880 me_in_h_i_s
1857 4821 1977 4874 qua:
2008 4805 2486 4880 dixi_s_ti__dubitare
2539 4807 2808 4880 permittit
2879 4807 2974 4880 ξοθί
3006 4805 3158 4880 Quod
3208 4806 3369 4860 velim
3423 4805 3608 4880 dicere

319 4898 448 4935 mas.
480 4880 605 4934 Bec.
634 4873 782 4935 Gem.
817 4881 958 4950 quod
996 4880 1155 4934 velim
1185 4881 1395 4950 discere
1459 4876 1561 4950 ᾉ⁸⁰ῗ²
1589 4873 1955 4950 Disciplinam.
1997 4875 2080 4950 hi.
2113 4875 2428 4950 Nullatenus
2473 4873 2598 4931 mis.
2633 4877 3017 4950 substantiam,
3073 4877 3126 4931 id
3171 4884 3274 4950 est,
3308 4889 3510 4950 arina.‘
3537 4873 3604 4925 Et

322 4952 466 5007 sicut
493 4960 739 5006 armatus
759 4941 1099 5006 convincitur
1127 4949 1435 5018 signiﬁcare
1458 4947 1684 5018 habere,
1716 4941 2142 5018 quiasigniﬁcat
2194 4947 2492 5018 habentem
2532 4962 2687 5002 arma
2719 4964 2732 5001 :
2773 4948 2854 5003 sic
2906 4941 3298 5017 grammaticus
3337 4941 3609 5013 signiﬁcat

320 5021 527 5077 habere
554 5061 569 5086 ,
593 5022 720 5089 quia
748 5020 1016 5089 signiﬁcat
1063 5011 1350 5074 habéntem
1402 5011 2257 5089 disciplinam.AMLNullatenus
2322 5016 2417 5051 δοίη
2448 5011 2664 5089 Utrum
2697 5033 2861 5089 unum
2887 5011 3032 5089 aliud
3063 5011 3409 5089 mssitttt‘tmt—
3433 5028 3598 5089 unum

324 5083 565 5160 aliquid
602 5083 701 5123 ‘°”
726 5083 939 5147 Arctari
973 5105 1132 5160 posse
1161 5089 1486 5160 mufaptari
1517 5083 1676 5159 posse
1746 5084 1948 5160 “"‘Ut
1980 5087 2136 5160 albus
2158 5087 2510 5160 diciturimas.
2533 5096 2594 5142 ut
2626 5088 2671 5143 si
2701 5087 2855 5142 albus
2887 5088 3089 5160 dicitur
3122 5155 3133 5160 Α
3152 5085 3254 5160 ξθθθ
3291 5085 3358 5160 [dt
3381 5083 3603 5160 habere.

323 5151 784 5232 quemadmodum
807 5178 935 5216 mas.
973 5151 1033 5216 et
1065 5161 1266 5232 habere
1317 5151 1377 5215 u't
1404 5151 1597 5226 unum,
1641 5155 2104 5232 quemadmodum;
2170 5157 2278 5232 ml
2321 5157 2735 5232 Signiﬁcatut
2762 5173 2952 5232 unum,
2986 5155 3268 5232 signiﬁcat
3322 5151 3608 5232 habentem

325 5227 708 5296 substantiam,
733 5232 786 5286 id
823 5240 908 5288 est
925 5247 1099 5297 arma,
1117 5231 1324 5287 etsicut
1345 5241 1588 5287 armatus
1613 5227 1915 5300 convicitur
1935 5228 2240 5298 signiﬁcare
2269 5227 2473 5284 habere
2498 5269 2514 5294 ,
2543 5229 2669 5298 quia
2693 5227 2964 5300 signiﬁcat
2986 5227 3272 5300 habentem
3299 5237 3450 5277 arma
3484 5238 3497 5273 :
3534 5227 3607 5300 ita

327 5290 716 5374 grammaticus
736 5302 1004 5374 signiﬁcat
1027 5290 1225 5357 habere
1237 5310 1495 5374 utunutn,
1517 5299 1870 5374 substantiam
1885 5307 1938 5374 e_t_
1953 5290 2243 5374 qualitates
2257 5301 2455 5370 quibus
2467 5290 2682 5374 constat
2697 5290 2880 5356 homo.
2894 5300 3014 5374 _lles
3037 5296 3410 5374 quitlem,_qu:e
3425 5290 3605 5374 appel-

329 5362 654 5445 i'atnrhomo.
667 5362 1072 5445 inmusigniﬁcat
1085 5380 1340 5445 utunum,
1355 5362 1718 5445 substantiam
1727 5362 2085 5445 etqualitates
2096 5362 2690 5445 quﬂius_constat_homo
2706 5385 2801 5445 res
2820 5362 3094 5445 enimquae
3117 5364 3418 5435 appellatur
3443 5362 3609 5442 homo

328 5442 429 5484 ,οη
449 5443 642 5499 Album
663 5459 767 5499 ηοη
804 5437 1025 5502 851m“.
1049 5443 1223 5509 albus,
1243 5457 1350 5499 non
1373 5449 1459 5497 est
1528 5440 1622 5473 καθ’
1639 5437 1972 5509 Album,n_isi
1993 5455 2080 5494 res
2101 5437 2417 5504 manalbus,
2434 5442 2534 5498 nisi
2551 5457 2640 5498 res
2710 5441 2808 5473 ⁵¹⁰⁰
2838 5437 2977 5506 Quia
2989 5437 3186 5509 dicitur
3212 5446 3535 5509 m§8;qu-‘_T°
3560 5437 3606 5487 εί

332 5512 537 5569 dicitur
609 5514 702 5547 ⁸¹⁰¹
730 5513 866 5582 Quia
895 5515 1072 5568 album
1094 5522 1180 5569 est
1199 5502 1326 5568 mas.
1354 5513 1478 5584 quia
1510 5511 1665 5584 albus
1683 5517 1768 5564 est
1839 5502 1934 5584 ἀξίη
1968 5509 2085 5565 Non
2113 5512 2313 5584 omnis,
2338 5502 2463 5581 quia
2477 5525 2724 5584 μηδιῃοη
2754 5502 2982 5584 dicimus
3003 5505 3126 5579 quia
3199 5505 3297 5584 “_°_'
3317 5504 3410 5559 Est
3429 5502 3611 5584 album

331 5593 388 5638 et
408 5584 639 5652 qualitas
658 5571 782 5640 ηιρῖ.
812 5593 896 5640 est
922 5584 1076 5639 albus
1111 5585 1346 5652 qualitas
1371 5571 1520 5636 Edit.
1555 5580 1672 5634 Col.
1703 5586 1787 5633 est
1828 5576 2009 5652 album
2061 5591 2144 5637 est
2172 5571 2404 5652 qualitas
2478 5583 2573 5614 ⁶¹⁰⁵
2603 5581 2936 5640 Satisfacere
2987 5571 3110 5636 nias.
3165 5577 3414 5635 suﬁicere
3460 5571 3610 5629 Edit.

333 5649 450 5709 Cof.
478 5654 654 5711 facere
723 5656 817 5688 “°'
848 5649 1221 5724 Principaliter
1257 5654 1620 5727 signiﬁcatum
1652 5666 1776 5706 nias.
1828 5649 2201 5723 principaliter
2240 5654 2654 5725 siguillcativum
