3940 6046
368 216 486 275 579

346 314 904 402 'gailicatqualitatem
946 338 1001 382 et
1030 327 1267 388 habere;
1299 338 1401 379 nec
1428 321 1489 377 ﬁt
1522 335 1688 377 unum
1720 333 1789 375 ex
1836 317 1944 383 his,
1979 324 2028 383 Α

363 422 510 491 quod
539 420 710 491 magis
738 420 809 474 sit
836 421 956 483 hoc,
988 417 1070 471 vel
1103 416 1231 470 illud
1252 455 1267 479 ,
1315 412 1474 483 cujus
1494 413 1568 468 sit
1608 410 1762 467 albus
1786 408 1953 481 signi-

366 514 641 569 ﬁcativum
670 511 789 564 “M.

970 598 1195 655 CAPUT
1232 596 1349 652 XX.

364 714 637 781 Quomodo
677 728 741 766 ex
775 710 1083 780 signiﬁcatis
1137 709 1304 773 vocis,
1340 706 1525 770 albus,
1576 721 1678 760 non
1708 709 1955 773 exsurgat

1073 796 1257 833 unum.

437 873 586 928 Disc.
615 870 837 926 Planius
879 869 1013 924 mihi
1040 868 1228 924 vellem
1257 865 1516 936 explicari
1552 862 1825 934 quomodo
1846 874 1956 916 non

363 962 459 1017 ﬁat
492 976 656 1015 unum
691 958 892 1028 aliquid
935 957 1028 989 ““7
1074 971 1141 1011 cx
1184 956 1268 1010 his
1295 970 1415 1025 qua:
1458 954 1728 1023 signiﬁcat
1776 948 1952 1004 albus.

359 1052 502 1108 MAG.
536 1051 593 1107 Si
621 1049 827 1121 aliquid
852 1048 942 1085 ⁴¹⁰⁸
964 1056 1179 1104 constat
1199 1062 1265 1102 ex
1293 1047 1371 1101 eis
1405 1055 1499 1099 aut
1523 1054 1608 1100 est
1630 1040 1953 1107 substantia,

360 1155 459 1201 aut
507 1143 711 1213 aliquid
774 1142 1003 1197 aliorum
1052 1139 1144 1171 ⁸¹⁰⁹
1198 1138 1757 1209 praedicamentorum.
1808 1134 1950 1189 DlSC.

359 1235 518 1291 Aliud
543 1248 665 1290 esse
687 1248 792 1288 non
820 1240 1015 1303 potest.
1050 1230 1192 1285 Μιε.
1225 1229 1331 1285 Sed
1363 1228 1499 1284 nihil
1551 1230 1744 1282 horum
1798 1225 1859 1280 ﬁt
1885 1215 1961 1282 es.

360 1330 565 1384 habere
590 1325 933 1380 etalbediue.
966 1324 1111 1379 Disc.
1155 1320 1270 1375 Non
1315 1333 1533 1389 possum
1559 1317 1952 1373 contradicere.

360 1420 503 1475 Msa.
528 1419 659 1476 Item
688 1432 853 1472 unum
902 1429 1009 1470 non
1060 1413 1123 1468 ﬁt
1150 1428 1217 1467 ex
1259 1410 1525 1482 pluribus,
1579 1408 1685 1464 nisi
1726 1416 1822 1463 aut
1860 1408 1953 1440 δίη

361 1509 756 1581 compositione
809 1506 1069 1577 partium,
1119 1518 1239 1573 quae
1285 1499 1667 1568 suntejusdem
1697 1498 1957 1568 praedica-

362 1602 526 1656 meuti
558 1608 617 1654 ut
639 1596 839 1653 animal
881 1603 1093 1650 constat
1138 1609 1208 1648 ex
1256 1606 1484 1662 corpore
1523 1598 1578 1645 et
1624 1590 1833 1655 anima;
1862 1596 1958 1643 aut

926 215 985 270 S.
1025 209 1324 269 ANSELMI
1360 205 1712 265 CANTUAR.
1750 202 2073 260 ARCHIEP.
2103 201 2251 261 OPP.
2292 202 2473 261 PARS
2510 202 2552 259 Ι.
2586 234 2657 246 --
2682 201 3096 260 DOGMATICA.

3522 207 3647 266 580

2651 316 2878 374 CAPUT
2903 317 3044 375 XXI.

2057 428 2211 497 Quod
2234 427 2386 483 albus
2415 445 2519 484 non
2546 428 2809 500 signiﬁcet
2847 427 3050 500 aliquid
3091 428 3287 483 habens
3315 412 3608 487 albedinem
3625 449 3654 500 ;

2229 500 2321 554 sed
2351 498 2612 554 duntaxat
2635 498 2889 570 signiﬁcet
2920 498 3115 553 habens
3143 499 3456 555 albedinem.

2126 591 2267 648 Meo.
2327 592 2443 647 Non
2492 593 2672 663 agitur
2729 602 2909 649 utrum
2948 592 3146 657 omnis,
3198 592 3290 662 qui
3348 601 3433 647 est
3459 593 3651 655 albus.

2056 684 2130 740 sit
2156 682 2398 753 aliquid;
2438 692 2533 738 aut
2577 683 2669 751 sil,
2699 683 2792 753 qui
2820 682 2914 715 δυ’
2946 682 3110 738 habet
3142 698 3156 736 :
3188 681 3284 737 sed
3306 689 3489 736 utrum
3539 682 3653 738 hoc

2058 789 2254 831 nomen
2296 790 2393 829 sua
2443 774 2842 846 signiﬁcatione
2880 773 3155 829 contineat
3182 773 3235 829 id
3260 775 3403 843 quod
3439 774 3651 829 dicitur

2058 865 2282 936 aliquid,
2310 872 2404 921 aut
2429 865 2522 935 qui
2552 865 2717 920 habet
2756 865 2897 920 sicut
2924 865 3087 920 homo
3119 864 3365 921 continet
3392 863 3593 919 animal
3623 882 3644 922 :

2056 966 2119 1015 ut
2142 957 2412 1029 quomodo
2440 958 2603 1013 homo
2630 966 2714 1012 est
2740 956 2835 989 ⁵¹²⁸
2863 956 3063 1011 animal
3091 957 3355 1011 rationale
3378 955 3642 1021 mortale;

2059 1052 2134 1107 ita
2157 1051 2311 1106 albus
2349 1049 2643 1119 sitaliquid
2692 1048 2897 1106 habens
2925 1047 3229 1104 albedinem
3261 1046 3360 1080 ⁸¹²⁸
3410 1056 3505 1103 aut
3547 1047 3645 1117 qui

2062 1144 2226 1200 habet
2250 1142 2554 1199 albedinem
2581 1159 2595 1196 :
2625 1141 2791 1197 multa
2845 1157 3079 1213 namque
3138 1155 3361 1197 necesse
3390 1149 3475 1195 est
3523 1155 3643 1196 rem

2061 1236 2360 1308 quamlibet
2385 1249 2527 1300 esse,
2555 1249 2675 1305 qum
2700 1242 2878 1291 tamen
2914 1235 2992 1290 rei
3023 1234 3266 1305 ejusdem
3294 1233 3513 1288 nomine
3536 1247 3645 1288 non

2060 1327 2455 1400 signiﬁcantur.
2484 1326 2639 1393 Nam,
2694 1342 2855 1383 omne
2905 1325 3109 1381 animal
3134 1338 3357 1381 necesse
3377 1333 3462 1380 est
3498 1323 3649 1380 colo-

2058 1427 2239 1474 ratum
2264 1432 2407 1481 esse,
2437 1424 2493 1473 et
2540 1415 2826 1483 rationale,
2874 1406 2979 1471 aut
3027 1414 3387 1491 irrationale;
3446 1430 3646 1471 nomen

2059 1518 2242 1565 tamen
2264 1507 2516 1563 animalis
2545 1507 2681 1562 nihil
2734 1508 2928 1562 horum
2978 1506 3253 1576 signiﬁcat
3283 1521 3491 1577 :quare
3521 1506 3652 1562 licet

2058 1600 2213 1656 albus
2241 1599 2337 1632 ““
2360 1613 2468 1655 non
2515 1599 2588 1654 sit
2626 1598 2730 1655 nisi
2751 1598 2955 1671 aliquid
2983 1598 3215 1665 habens,
3242 1606 3338 1653 aut
3361 1599 3456 1668 qui
3480 1599 3650 1653 habet

360 1696 734 1755 convenientia
763 1692 1041 1763 generiset
1059 1687 1376 1745 diﬁ‘erentite
1406 1687 1583 1747 unius,
1614 1685 1697 1741 vel
1722 1684 1954 1756 plurium
1983 1675 2031 1736 Β
2057 1693 2391 1759 albedinem;
2418 1709 2523 1748 ηοη
2550 1701 2725 1749 tamen
2753 1707 2978 1748 necesse
2999 1700 3085 1748 est
3105 1699 3166 1746 ιη
3187 1691 3338 1746 albus
3362 1691 3459 1723 tm
3481 1691 3649 1761 εῑεηί,

362 1800 423 1844 ιιι
444 1802 641 1857 corpus
665 1794 720 1841 et
744 1786 905 1839 homo
934 1800 949 1837 :
981 1791 1075 1837 aut
1104 1781 1304 1850 specie,
1328 1789 1383 1834 et
1407 1779 1803 1850 preprietatum
1843 1776 1956 1833 col-

359 1881 595 1936 lectione
619 1887 675 1931 ut
701 1876 855 1931 Plato
884 1874 1000 1929 ιη’.
1038 1874 1128 1928 llla
1165 1888 1317 1936 vero,
1344 1888 1463 1942 quae
1494 1871 1760 1927 ειιὺιιεδω
1788 1869 1955 1942 signi-

361 1972 509 2035 ﬁcat,
530 1986 635 2026 non
672 1978 799 2024 sunt
834 1968 993 2022 unius
1012 1964 1440 2036 praedicamenti,
1494 1979 1595 2019 nec
1618 1973 1705 2018 est
1724 1962 1955 2017 alterum

363 2063 520 2119 alteri
559 2075 752 2133 genus,
778 2067 872 2115 aut
900 2056 1222 2121 differentia,
1279 2063 1372 2110 aut
1398 2054 1625 2123 species,
1680 2052 1955 2108 autcolle—

361 2157 475 2211 ctio
505 2154 927 2226 proprietatum;
971 2166 1073 2207 nec
1116 2159 1242 2205 sunt
1262 2148 1579 2205 diﬁ‘erentia:
1607 2147 1768 2202 unius
1790 2160 1956 2217 gene-

361 2249 458 2312 ris,
487 2247 581 2302 sed
623 2256 749 2302 sunt
778 2243 1078 2301 accidentia
1118 2241 1361 2311 ejusdem
1403 2239 1671 2310 subjecti:
1700 2237 1841 2308 quod
1877 2245 1958 2291 ta-

360 2354 487 2395 men
522 2338 852 2408 subjectum,
891 2337 1048 2392 alhus
1078 2352 1183 2391 nou
1211 2335 1308 2368 ⁸³⁸⁸
1337 2332 1647 2406 signiﬁcat;
1679 2332 1807 2402 quia
1835 2346 1956 2386 om-
1984 2405 1991 2411 δ

363 2430 493 2485 nino
520 2428 656 2483 nihil
682 2428 951 2498 signiﬁcat
998 2426 1142 2481 aliud
1173 2442 1336 2495 quam
1398 2426 1600 2481 habere
1627 2432 1683 2479 et
1724 2421 1956 2492 qualita-

365 2530 491 2576 tem.
515 2519 695 2587 Quare
726 2534 833 2573 non
861 2518 920 2572 ﬁt
950 2517 1043 2548 δίη
1073 2532 1236 2571 unum
1269 2530 1333 2568 ex
1386 2516 1491 2580 his,
1529 2528 1652 2584 qum
1685 2512 1840 2568 albus
1859 2509 1955 2542 ⁸¹¹⁶

362 2611 657 2681 signiﬁcat.
695 2611 837 2664 Disc.
870 2607 1190 2676 Quanquam
1224 2606 1361 2659 ratio
1392 2605 1523 2659 mihi
1576 2617 1823 2660 asserere
1872 2602 1955 2657 vi—

362 2701 555 2753 deatur
608 2712 730 2767 qua:
780 2696 916 2752 ditis
973 2694 1066 2726 “"
1116 2694 1305 2748 vellem
1359 2703 1539 2748 tamen
1595 2693 1786 2747 audire
1825 2691 1955 2761 quid

352 2791 740 2859 responderes,
768 2789 810 2843 si
826 2786 968 2857 quis,
991 2786 1061 2841 ad
1080 2784 1174 2816 “‘3
1199 2786 1320 2850 hoc,
1351 2783 1492 2853 quod
1516 2783 1653 2838 dicis
1674 2784 1801 2852 quia
1823 2780 1955 2836 nihil

348 2888 588 2941 omnino
615 2885 769 2941 albus
818 2884 1088 2954 signiﬁcat
1133 2881 1227 2913 “"
1269 2880 1413 2934 aliud
1452 2893 1614 2949 quam
1670 2878 1872 2934 habere
1900 2884 1957 2932 et

364 2978 811 3048 qualitatem,sic
835 2975 1134 3045 objieeret:
1166 2974 1355 3040 Albus,
1407 2988 1532 3029 cum
1564 2972 1655 3004 ωδ
1688 2970 1761 3027 sit
1810 2970 1952 3025 idem

2060 1787 2185 1843 ﬁcet
2211 1788 2333 1843 hoc.
2365 1787 2639 1843 Ponamus
2676 1788 2820 1843 enim
2862 1788 3007 1857 quod
3057 1785 3258 1853 album,
3305 1785 3420 1841 sive
3472 1786 3650 1848 albus,

2058 1880 2325 1951 signiﬁcet
2381 1880 2583 1950 aliquid
2654 1878 2860 1935 habens
2911 1878 3256 1934 albedinem:
3298 1877 3392 1931 sed
3444 1875 3651 1945 aliquid

2056 1972 2264 2029 habens
2294 1973 2591 2029 albedinem
2620 1988 2722 2028 non
2785 1981 2870 2026 est
2919 1969 3086 2035 aliud,
3129 1984 3289 2040 quam
3337 1968 3540 2038 aliquid
3563 1966 3651 2021 al-

2058 2067 2209 2120 bum.
2235 2068 2379 2122 DISC.
2413 2065 2529 2123 Non
2552 2074 2729 2137 potest
2753 2065 2897 2120 aliud
2925 2078 3065 2120 esse.
3088 2062 3227 2118 Mne.
3257 2062 3427 2118 Albus
3459 2062 3648 2133 igitur,

2057 2158 2176 2214 sive
2222 2158 2425 2224 album,
2479 2174 2695 2228 semper
2735 2156 3006 2229 signiﬁcat
3053 2155 3149 2189 δι”
3209 2156 3412 2225 aliquid
3440 2154 3647 2210 album.
3690 2180 3697 2187 -

2059 2254 2203 2308 ῡιεε.
2234 2251 2310 2306 Ita
2336 2252 2425 2307 sit.
2460 2252 2599 2306 MAG.
2638 2251 2735 2307 Ubi
2794 2252 2960 2321 igitur
3000 2250 3220 2320 ponitur
3259 2248 3430 2311 albus,
3459 2247 3541 2302 vel
3569 2247 3651 2301 al-

2058 2344 2211 2411 bum,
2258 2352 2407 2399 recte
2432 2358 2649 2414 semper
2683 2343 2952 2413 accipitur
2998 2357 3099 2413 pro
3134 2340 3259 2397 albo
3294 2340 3389 2374 ⁸¹²⁸
3443 2339 3651 2409 aliquid

2059 2437 2263 2494 album.
2312 2436 2455 2492 Βιεε.
2487 2435 2869 2506 Consequitur.
2927 2434 3069 2491 MAG.
3122 2434 3266 2506 Ergo
3306 2432 3398 2488 ubi
3451 2431 3653 2486 dicitur

2060 2529 2263 2600 aliquid
2284 2529 2495 2595 album;
2536 2538 2685 2584 recte
2710 2542 2927 2598 quoque
2967 2527 3168 2583 dicitur
3197 2527 3303 2589 bis,
3330 2525 3530 2595 aliquid
3555 2523 3648 2577 al—

2057 2625 2186 2681 bum
2215 2640 2231 2679 :
2262 2631 2317 2677 et
2367 2622 2454 2677 ubi
2516 2621 2633 2687 bis;
2682 2620 2841 2691 150
2871 2620 2940 2676 ibi
2966 2629 3020 2675 et
3051 2629 3134 2675 ter
3159 2620 3253 2653 “”
3280 2637 3294 2674 :
3319 2627 3375 2673 et
3390 2620 3493 2673 hoc
3533 2615 3653 2672 inﬁ-

2059 2718 2192 2773 nite.
2232 2717 2379 2772 Dlsc.
2409 2713 2762 2784 Consequens
2809 2724 2863 2769 et
2913 2712 3207 2768 absurdum
3238 2713 3467 2769 esthoc.
3505 2710 3647 2767 Msa.

2061 2807 2144 2863 Sit
2169 2822 2383 2877 quoque
2406 2805 2580 2873 albus,
2616 2806 2666 2860 id
2701 2806 2876 2874 ipsum
2900 2803 2997 2839 ⁸¹³⁰
3021 2804 3164 2874 quod
3201 2803 3398 2873 estqui
3444 2800 3651 2855 albedi-

2046 2915 2187 2956 ~nem
2215 2900 2418 2955 habet:
2450 2898 2542 2953 sed
2588 2897 2782 2968 habet,
2832 2912 2935 2951 non
2974 2905 3057 2951 est
3080 2896 3170 2927 ⁸¹³¹
3203 2894 3344 2949 aliud
3371 2908 3531 2964 quam
3552 2892 3651 2946 ha-

2059 2995 2198 3049 bens
2220 2999 2323 3048 est.
2353 2990 2498 3045 DISC.
2531 2988 2638 3044 Nec
2656 2997 2833 3059 potest
2857 3003 2997 3044 esse.
3023 2988 3161 3042 ΜΑε.
3189 2986 3357 3041 Albus
3387 2999 3517 3055 ergo
3541 2998 3648 3037 non

364 3072 508 3142 quod
535 3072 738 3127 habens
788 3070 1113 3134 albedinem,
1169 3082 1274 3123 non
1305 3063 1957 3137 signiﬁcatdeterminate

2061 3092 2143 3141 esl
2168 3083 2311 3138 aliud
2335 3097 2495 3153 quam
2524 3081 2613 3151 qui
2661 3080 2967 3134 albedinem
2993 3078 3199 3133 habens
3227 3085 3329 3132 est.
3357 3074 3503 3130 DISC.
3529 3073 3645 3128 Non

374 3161 482 3217 hoc
512 3161 595 3225 vel
625 3161 753 3215 illud
780 3160 1005 3223 habens,
1042 3156 1191 3212 velut
1216 3171 1441 3226 corpus;
1489 3154 1585 3210 sed
1644 3152 1961 3209 indetermi-

368 3263 497 3309 nate
526 3253 727 3323 aliquid
756 3253 962 3309 habens
1002 3250 1332 3305 albedinem.
1365 3247 1532 3303 Albus
1555 3246 1727 3312 enim,
1758 3256 1851 3300 aut
1875 3254 1959 3301 est

369 3348 460 3418 qui
492 3346 657 3400 habet
714 3344 1051 3409 albedinem,
1093 3351 1187 3397 aut
1238 3341 1329 3411 qui
1380 3356 1487 3396 nun
1517 3340 1711 3403 habet;
1746 3337 1839 3393 sed
1864 3336 1956 3406 qui

367 3453 476 3492 non
537 3436 702 3492 habet
747 3436 1073 3498 albedinem,
1110 3450 1215 3491 non
1245 3441 1329 3489 est
1357 3432 1540 3497 albus;
1602 3429 1755 3485 albus
1797 3429 1958 3498 igitur

369 3535 478 3595 est,
510 3526 601 3595 qui
660 3526 824 3580 habet
873 3524 1197 3580 albedinem.
1254 3522 1434 3590 Quare
1489 3520 1743 3591 quoniam
1781 3519 1959 3575 omnis

340 3619 458 3687 ¹(ιιιί
493 3617 663 3671 habet
705 3616 1032 3679 albedinem,
1084 3613 1298 3670 nonnisi
1354 3612 1557 3682 aliquid
1581 3619 1695 3675 est,
1737 3625 1959 3667 necesse

366 3715 451 3764 est
477 3716 536 3762 ut
600 3706 754 3762 albus
799 3707 869 3763 sit
895 3706 1098 3776 aliquid
1127 3705 1219 3737 ¹⁸¹¹¹
1249 3705 1392 3776 quod
1432 3702 1595 3759 habet
1630 3702 1954 3768 albedinem,

367 3809 463 3855 aut
489 3799 690 3870 aliquid
742 3799 951 3855 habens
1002 3799 1326 3855 albedinem.
1385 3796 1630 3866 Denique
1677 3795 1832 3851 albus
1866 3803 1961 3850 aut

368 3895 641 3965 signiﬁcat
673 3893 872 3963 aliquid
904 3892 1109 3948 habens
1135 3891 1463 3956 albedinem,
1518 3897 1614 3944 aut
1661 3888 1833 3945 nihil:
1863 3888 1958 3943 sed

368 3985 502 4040 nihil
536 4001 640 4041 non
669 3992 846 4055 potest
866 3983 1088 4053 intelligi
1131 3982 1337 4037 habens
1368 3980 1705 4043 albedinem;
1740 3991 1959 4033 necesse

369 4090 453 4134 est
484 4096 613 4151 ergo
641 4088 696 4133 ul
727 4076 880 4133 albus
905 4075 1174 4146 signiﬁcet
1230 4071 1436 4144 aliquid
1493 4070 1700 4127 habens
1755 4069 1958 4126 albedi-

369 4188 513 4229 netu.

2061 3174 2228 3229 aliud.
2274 3172 2413 3227 MAG.
2446 3170 2580 3225 Cum
2620 3178 2800 3224 autem
2855 3168 3055 3224 dicitur
3101 3167 3403 3223 albedinem
3442 3165 3650 3219 habens

2060 3283 2168 3322 non
2194 3266 2337 3320 aliuil
2390 3263 2660 3334 signiﬁcat
2715 3263 2829 3317 haec
2858 3262 3038 3316 oratio
3065 3275 3226 3330 quam
3269 3259 3468 3313 album.
3502 3258 3644 3311 Disc.

2058 3361 2137 3416 lta
2169 3367 2272 3415 est.
2306 3357 2448 3413 MAG.
2486 3358 2631 3412 ldem
2666 3355 2935 3426 estigitur
2986 3354 3163 3420 albus,
3199 3351 3341 3423 quod
3382 3351 3472 3421 qui
3497 3348 3651 3402 albus

2057 3460 2160 3508 est.
2193 3452 2339 3506 DISC.
2363 3450 2455 3505 Sic
2484 3448 2749 3517 sequitur.
2801 3446 2941 3501 Mm.
2975 3446 3295 3515 Ubicunque
3324 3444 3508 3511 itaque
3553 3456 3653 3510 po-

2063 3544 2212 3597 nitur
2236 3541 2412 3604 albus,
2450 3548 2598 3595 recte
2648 3553 2747 3609 pro
2803 3551 2868 3591 eo
2895 3535 3162 3605 accipitur
3206 3532 3297 3603 qui
3339 3530 3492 3586 albus
3542 3538 3649 3585 est.

2064 3636 2213 3692 Πιεε.
2243 3633 2359 3688 Non
2388 3646 2607 3701 possum
2669 3643 2885 3700 negare.
2917 3626 3056 3681 ΜΑε.
3112 3625 3169 3680 Si
3205 3638 3335 3694 ergo
3365 3621 3518 3677 albus
3546 3628 3651 3683 est,

2064 3727 2157 3797 qui
2184 3724 2341 3781 albus
2366 3732 2484 3789 est;
2517 3729 2601 3778 est
2624 3720 2785 3777 etiam
2831 3719 2923 3789 qui
2973 3717 3064 3787 qui
3092 3716 3248 3771 albus
3276 3721 3381 3779 esl,
3436 3722 3519 3767 est
3552 3728 3567 3763 :
3598 3719 3652 3764 et

2039 3819 2109 3875 ἐἰ
2143 3819 2267 3885 Ιιοε,
2297 3824 2401 3881 εει,
2443 3824 2527 3871 εει
2549 3815 2710 3869 etiam
2739 3812 2830 3883 qui
2856 3812 2946 3881 qui
2983 3810 3075 3879 qui
3104 3807 3258 3863 albus
3286 3813 3389 3871 esl,
3408 3813 3511 3865 est,
3545 3812 3650 3869 est;

2052 3920 2121 3964 et
2144 3908 2305 3963 sicin
2340 3903 2609 3959 inﬁnitum
2638 3902 2751 3955 “3'.
2780 3901 2924 3955 Oisc.
2950 3899 3066 3955 Non
3128 3898 3232 3953 hoc
3258 3896 3439 3950 minus
3460 3908 3652 3949 conse-

2064 4015 2237 4070 quens
2274 3998 2391 4063 “3’,
2421 4012 2521 4051 nec
2551 3996 2732 4050 minus
2758 3994 3049 4048 absurdum
3091 4001 3176 4046 est
3226 4004 3388 4059 quam
3422 3996 3479 4040 ut
3506 3998 3651 4054 sarpe

2060 4093 2138 4147 sit
2170 4088 2370 4159 aliquid
2397 4088 2618 4156 aliquid.
2661 4086 2801 4140 Mne.
2863 4085 2923 4139 Si
2961 4086 3081 4153 quis
3108 4091 3287 4139 autem
3348 4078 3477 4135 dicit
3521 4076 3647 4147 quia

2069 4181 2223 4236 albus
2247 4190 2339 4234 aut
2369 4179 2639 4247 signiﬁcat
2684 4176 2884 4244 aliquid
2935 4175 3140 4230 habens
3193 4172 3518 4233 albedinem,
3558 4178 3653 4221 aut

2068 4274 2202 4330 nihil
2230 4294 2243 4329 :
2276 4274 2321 4328 si
2361 4274 2439 4329 sic
2467 4271 2812 4343 intelligitur,
2841 4285 2907 4325 ac
2930 4269 2978 4325 si
3010 4270 3285 4325 diceretur
3311 4283 3325 4323 :
3354 4265 3524 4322 Albus
3556 4270 3650 4317 aut

1692 4468 1922 4528 VARle
1958 4469 2365 4528 LECTIONES.

445 4651 538 4686 ““
583 4649 667 4705 Sit
708 4648 888 4703 album
910 4647 1267 4718 signiﬁcatum
1291 4663 1413 4701 mss.
1434 4649 1504 4703 sit
1527 4649 2103 4716 albussigniﬁcalivum
2180 4649 2461 4706 “"Unum
2486 4647 2629 4702 aliud
2654 4659 2719 4701 ex
2744 4662 2879 4718 mss.
2893 4659 3061 4718 unum
3087 4641 3284 4718 aliquid
3300 4656 3366 4718 es

1667 4712 2048 4775 “"97Autaliud
2089 4723 2313 4777 aliorum
2345 4730 2574 4774 mss.aut
2597 4719 2797 4785 aliquid
2834 4716 3059 4770 aliorum
3134 4715 3225 4749 ⁶³¹⁰
3246 4714 3307 4766 D.
3339 4712 3510 4767 Alizer
3530 4730 3653 4767 esse

372 4719 681 4778 bum.M.Si
698 4719 841 4774 aliud
862 4716 986 4771 mss'.
1012 4718 1182 4770 albus.
1211 4716 1280 4770 Μ.
1302 4718 1360 4771 Si
1393 4718 1593 4788 aliquid

3444 4640 3539 4682 tios
3558 4640 3655 4696 Αι,

372 4810 499 4846 mss.
533 4790 896 4863 D._aliilt_l_esse
994 4789 1087 4820 ““
1106 4788 1215 4843 lloc
1230 4799 1418 4863 estant
1451 4785 1573 4845 mss.
1593 4791 1694 4846 nisi
1722 4803 1813 4846 aut
1907 4793 2078 4848 “"Ul
2103 4792 2401 4863 propositio
2425 4806 2549 4843 mss.
2581 4800 2637 4863 ut
2664 4789 2828 4863 Plato
2856 4787 3012 4863 _“f'_
3026 4785 3157 4853 Quae
3178 4785 3356 4863 allium
3382 4801 3505 4837 mss.
3530 4799 3651 4851 quae

376 4865 530 4918 albus
600 4860 696 4893 ’⁸³⁸³
717 4861 915 4915 Album
933 4859 1348 4914 noumss.‘albus
1377 4875 1481 4914 non

417 4865 530 4945 ibus
600 4860 696 4945 ἀξξ
717 4859 1348 4945 Alburnproumssalbus
1374 4875 1481 4945 non
1525 4862 1685 4945 “id”
1714 4863 1848 4944 Quia
1877 4880 1983 4918 non
2013 4864 2071 4918 ﬁt
2094 4859 2221 4917 mss;
2261 4876 2430 4932 quare
2470 4876 2575 4913 non
2606 4859 2663 4913 ﬁt

373 4935 461 4989 his
480 4947 600 5002 quae
626 4930 797 5002 albus,
847 4931 940 4964 δι”
957 4930 1086 4995 Qua:
1107 4930 1352 5002 dicisms.
1374 4928 1503 5002 Vict.
1520 4932 1585 4984 15
1621 4949 1741 5002 qua:
1763 4934 1985 4989 disseris
2088 4935 2182 4967 ⁸⁸η·
2208 4934 2263 4987 Si

2737 4858 2831 4890 ⁸¹¹⁶
2855 4858 2930 4912 Ex
2961 4858 3047 4912 his
3066 4872 3184 4925 quae
3217 4856 3397 4909 album
3428 4871 3554 4909 mss.
3583 4869 3647 4907 ex

2301 4933 2424 5002 quia
2457 4931 2523 4984 ad
2552 4947 2676 5002 mss.
2698 4932 2753 5002 si
2809 4931 2930 5002 quis
2955 4929 3020 4982 ad
3052 4924 3149 4980 nis.
3191 4924 3462 5002 :Yiclorin.
3516 4927 3550 4979 5
3606 4925 3651 4979 si

375 4996 613 5083 quid-ad
710 5001 804 5083 ξω
852 5001 1046 5083 Album
1104 4996 1786 5083 signiﬁgat‘aliquid-pass.
1825 5004 1978 5083 albus
2007 5005 2279 5083 signiﬁcat
2318 4996 2461 5056 aliud
2512 5000 2652 5083 __‘“°
2689 4996 3339 5083 Sieubjieeresnia‘lbum
3371 5012 3492 5076 cum
3522 5011 3652 5049 mss.

381 5071 462 5131 sic
484 5071 745 5156 objiceret
776 5088 790 5125 :
823 5072 980 5156 albus
1007 5085 1131 5124 cum

375 5155 469 5199 aut
494 5155 588 5209 sit,

1226 5070 1321 5103 ““
1361 5068 1427 5125 Ul
1464 5065 1666 5141 aliquid
1694 5076 1765 5128 sit
1796 5073 1975 5129 album
1999 5065 2356 5139 mrinuscripta
2394 5082 2452 5126 ut
2479 5071 2633 5127 albus
2658 5073 2705 5126 si
2737 5065 2941 5136 aliquid
3038 5068 3134 5141 ξίν
3165 5065 3368 5141 Ansit,
3399 5066 3649 5141 quimss.

676 5144 727 5197 ui
821 5142 914 5175 δι”
951 5141 1061 5195 Aut
1084 5141 1359 5213 quomodo
1401 5135 1630 5197 estmss.
1655 5156 1711 5197 ut
1738 5145 2012 5213 quomodo
2046 5155 2123 5200 esl
2160 5135 2307 5197 Edit.
2336 5142 2450 5197 Col.
2493 5135 2937 5213 atquomodoest
2988 5140 3129 5213 ,κείν’
3169 5136 3383 5213 Habetis
3421 5135 3653 5213 albedi-

377 5230 536 5269 nem:
571 5207 736 5269 multa
766 5229 891 5268 mss.
939 5207 1144 5267 habens
1188 5210 1512 5283 albedinem,
1560 5222 1653 5266 aut
1695 5207 1784 5283 qui
1819 5215 1979 5270 habet
2010 5215 2310 5270 albedinem
2347 5232 2360 5268 :
2393 5213 2559 5267 multa
2582 5207 2600 5213 ⁷
2658 5213 2750 5248 ⁸³¹⁸
2778 5212 2931 5283 Licet
2953 5210 3133 5283 album
3164 5224 3319 5283 mss.”
3344 5208 3468 5283 |_i_cet
3498 5207 3653 5283 albus

375 5285 472 5318 ⁸³⁸⁸
501 5284 568 5340 Ut
606 5283 946 5355 albummss.
992 5292 1052 5337 ut
1076 5283 1270 5355 albus__
1322 5281 1413 5311 “"
1463 5282 1590 5338 Sive
1635 5278 1813 5338 album
1844 5286 2115 5355 signiﬁcat
2140 5302 2267 5340 mss.
2297 5284 2411 5339 sive
2438 5284 2617 5339 album
2648 5298 2863 5353 semper
2884 5281 3136 5355 ﬁgniﬁeat
3228 5278 3323 5310 ³⁸³⁸
3351 5279 3445 5355 γει
3469 5278 3648 5331 album

378 5370 593 5425 semper
637 5370 735 5425 pro
780 5354 870 5407 illo
905 5370 1031 5407 mss.
1057 5353 1162 5425 vel
1206 5353 1384 5406 album
1423 5361 1570 5425 recte
1627 5368 1840 5423 semper
1867 5353 1979 5411 ιιεεὶ

379 5436 435 5479 ει
471 5422 575 5479 hoc
642 5424 739 5457 ⁵¹³⁰
770 5424 962 5495 Album
998 5423 1227 5491 idipsum
1255 5439 1379 5495 mss.
1414 5422 1568 5477 albus
1599 5422 1828 5495 idipsum
1858 5424 1949 5458 ⁸⁸³⁸

2022 5357 2129 5409 itur
2154 5372 2254 5426 pro
2284 5355 2407 5409 albo

2022 5427 2087 5482 ed
2112 5425 2213 5481 hoc
2243 5441 2347 5481 non
2370 5433 2452 5480 est
2483 5443 2606 5490 mss,
2635 5426 2728 5481 sed
2760 5425 2943 5485 habet,
2970 5437 3075 5477 non
3106 5431 3191 5477 est

2515 5355 2608 5389 δι”
2638 5355 2712 5410 lbi
2741 5349 2841 5415 ter,
2867 5349 2972 5408 etc.
3000 5351 3065 5405 Et
3083 5352 3185 5406 hoc
3210 5366 3337 5404 mss.
3368 5349 3438 5403 ihi
3468 5357 3522 5403 et
3546 5354 3649 5411 ter,

2515 5443 2606 5472 ns-
2635 5426 2728 5472 sed
2760 5425 2942 5472 habet.
2970 5437 3075 5472 non
3106 5431 3191 5472 est
3260 5421 3354 5454 ⁸³³³
3381 5420 3444 5472 Et
3474 5419 3517 5472 si
3549 5418 3649 5471 hoc

3474 5434 3517 5473 5|
3550 5433 3653 5471 noc

379 5504 463 5575 est
491 5513 507 5575 ξ
535 5503 621 5575 est
648 5495 808 5575 etiam
857 5494 1169 5575 quicunque
1196 5492 1470 5574 quialbus
1522 5503 1629 5575 est,
1660 5492 1764 5560 est,
1794 5506 1900 5561 est,
1946 5497 2022 5552 sic
2053 5499 2105 5552 in
2159 5497 2426 5575 inﬁnitum
2462 5512 2592 5575 mss.
2615 5505 2702 5551 est
2725 5496 2887 5575 etiam
2916 5494 3029 5575 qui,
3075 5494 3166 5575 qui
3191 5492 3343 5573 albus
3381 5500 3471 5571 est
3492 5506 3505 5551 ;
3535 5496 3650 5544 est.

380 5574 436 5617 et
461 5564 505 5617 si
535 5566 637 5619 hoc
656 5573 759 5625 est,
787 5561 1052 5636 estetiam
1080 5564 1194 5633 qui,
1226 5563 1338 5636 qui,
1368 5562 1458 5631 qui
1490 5564 1654 5636 albus
1699 5578 1801 5631 est,
1832 5577 1936 5631 est,
1966 5576 2079 5636 est;
2112 5577 2168 5626 et
2194 5568 2273 5625 sic
2299 5569 2353 5623 in
2397 5567 2666 5623 inﬁnitum
2765 5565 2859 5597 ⁸¹³³
2913 5561 3027 5622 Non
3080 5561 3182 5627 hoc
3232 5563 3412 5619 minus
3460 5561 3649 5616 incon-

381 5648 613 5702 sequens
664 5649 788 5686 mss.
838 5633 967 5688 Vict.
1022 5634 1055 5686 3
1117 5649 1221 5688 non
1280 5635 1380 5690 hoc
1430 5635 1606 5693 minus
1667 5650 2002 5709 consequens
