3940 6046
268 280 366 338 58!

1535 279 1621 334 DE
1673 277 2092 336 VOLUNTATE
2131 282 2258 337 DEI.

3444 274 3551 329 583

269 395 539 468 signiﬁcat
574 395 776 466 aliquid
799 393 1024 463 habens,
1065 403 1158 449 aut
1189 394 1459 466 signiﬁcat
1499 410 1607 449 non
1650 395 1853 466 aliquid
1881 398 1931 460 Α
1959 398 2231 463 omnibus,
2265 413 2384 468 quae
2422 399 2540 453 sine
2566 397 2940 467 complexione
2974 396 3249 463 dicuntur,
3299 404 3355 450 et
3397 395 3553 449 simi-

269 490 508 551 habens;
546 495 607 542 ut
632 501 738 541 nou
768 486 971 557 aliquid
1034 486 1106 541 sit
1165 485 1435 541 inﬁnitum
1467 500 1703 552 nomen;
1754 500 1862 541 non

269 589 354 635 est
382 580 609 651 integra,
640 593 741 633 nec
767 592 896 633 vera
931 576 1030 610 ἠδ
1051 577 1284 643 divisio;
1314 586 1373 633 et
1413 578 1537 633 ideo
1577 576 1709 633 nihil
1738 592 1863 647 pro»

269 672 403 728 bat:
438 671 601 727 veluti
625 670 669 726 si
692 670 815 740 quis
858 670 1104 726 diceret:
1136 668 1326 725 Crecus
1349 677 1444 723 aut
1467 669 1615 723 videt
1639 667 1861 737 aliquid,

269 771 363 817 aut
388 763 532 817 videt
555 776 663 817 non
695 761 918 831 aliquid.
976 761 1034 817 Si
1091 776 1223 817 vero
1250 761 1349 816 sie'
1374 759 1692 831 intelligitur
1738 758 1863 829 quia

270 862 366 905 aut
386 851 655 922 signiﬁcat
684 849 891 921 aliquid
909 848 1136 918 habens,
1163 856 1276 917 {aut
1300 865 1408 905 non
1431 849 1527 882 “3'
1550 848 1818 922 signiﬁcat
1846 864 1860 902 :

272 945 481 1016 integra
512 953 596 1001 cst
640 944 856 1009 divisio,
885 951 940 998 et
974 958 1134 1009 vera;
1197 956 1298 998 nec
1328 950 1592 1014 repugnat
1628 941 1695 996 iis
1743 954 1863 1012 quae

272 1037 416 1091 dicta
441 1044 582 1092 sunt.
619 1035 763 1091 Dtsc.
801 1034 948 1090 Satis
976 1042 1202 1105 apparet
1227 1033 1353 1103 quia
1389 1048 1488 1103 per
1526 1033 1707 1088 album
1755 1046 1862 1085 non

270 1129 607 1200 signiﬁcatur
661 1127 863 1198 aliquid
918 1128 1125 1181 habens
1151 1124 1476 1190 albedinem,
1522 1133 1623 1180 nec
1648 1123 1739 1194 qui
1771 1124 1865 1179 ha-

268 1221 364 1277 bet
388 1221 720 1285 albedinem;
783 1220 877 1275 sed
902 1228 1112 1274 tantum
1157 1217 1365 1272 habens
1421 1215 1725 1271 albedinem
1758 1232 1771 1269 :
1809 1214 1864 1270 id

270 1320 358 1365 est
380 1310 613 1379 qualitas
645 1319 701 1364 et
728 1308 958 1373 habere;
992 1324 1061 1363 ex
1085 1307 1286 1376 quibus
1336 1306 1467 1361 solis
1495 1320 1601 1360 non
1644 1303 1867 1359 conﬁci-

272 1412 365 1457 tur
385 1416 551 1458 unum
592 1403 828 1472 aliquid:
856 1410 912 1456 et
942 1400 1062 1456 ideo
1096 1399 1254 1455 albus
1280 1407 1365 1454 est
1393 1406 1703 1467 utrumque,
1737 1396 1863 1466 quia

271 1495 480 1566 pariter
502 1504 791 1565 utrumque
832 1494 928 1532 “3°
965 1490 1258 1565 signiﬁcat.
1315 1490 1488 1560 Quam
1518 1490 1783 1546 rationem
1806 1489 1863 1545 in

1968 492 2094 549 liter
2125 491 2435 562 signiﬁcant
2486 490 2784 560 quamlibet
2812 490 2968 560 plura
2996 489 3092 521 “"
3120 506 3186 544 ex
3219 485 3414 559 quibus
3445 501 3551 542 non

1969 584 2029 639 ﬁt
2053 599 2240 649 unum,
2276 582 2457 637 valere
2481 581 2676 636 video:
2723 580 3054 651 neealiquid
3080 580 3184 644 his,
3216 595 3335 649 qua:
3371 580 3423 632 in
3448 580 3554 634 hac

1966 676 2331 746 disputatione
2352 673 2654 738 asseruisti,
2699 672 2860 742 objici
2922 680 3069 727 recte
3095 685 3254 741 posse
3301 671 3553 725 existimo

1964 767 2080 820 ⁵³³⁸.
2110 765 2250 822 MAG.
2276 765 2387 820 Nec
2411 763 2541 818 mihi
2605 777 2750 818 nunc
2776 761 3029 816 videtur:
3073 769 3250 815 tamen
3296 759 3552 828 quoniam

1965 857 2073 912 scis
2097 864 2356 927 quantum
2382 854 2582 910 nostris
2610 853 2705 885 ⁸¹³⁹
2745 851 3081 921 temporibus
3128 848 3399 905 dialectici
3429 863 3553 902 cer-

1968 956 2084 1003 tent
2138 948 2206 1000 de
2246 945 2546 1017 quaestione
2589 959 2617 998 a
2652 952 2705 997 te
2734 941 3050 1012 proposita;
3103 937 3227 994 uolo
3276 948 3328 993 te
3348 937 3427 993 sic
3456 936 3550 968 ⁶¹⁸⁰

1968 1040 2076 1102 bis,
2110 1053 2230 1107 qtue
2253 1033 2811 1095 diximus.inhtcrere
2871 1039 3014 1086 utea
3077 1029 3427 1101 pertinaciter
3473 1035 3555 1081 te-

1968 1144 2138 1193 neas;
2168 1127 2219 1184 si
2246 1127 2368 1196 quis
2390 1124 2744 1179 validioribus
2768 1121 3103 1193 argumentis
3128 1120 3245 1175 haec
3271 1118 3555 1175 destruere

1968 1227 2023 1274 et
2049 1218 2262 1273 diversa
2285 1214 2516 1271 valuerit
2543 1221 2789 1269 astruere
2816 1212 2909 1245 ““
2948 1228 2964 1265 :
3002 1211 3145 1282 quod
3185 1211 3229 1266 si
3270 1209 3561 1281 contigerit

1965 1311 2064 1344 ““
2092 1310 2283 1367 saltem
2315 1309 2381 1364 ad
2405 1306 2856 1363 exercitationem
2909 1304 3008 1338 ⁸⁸⁸³
3036 1304 3345 1377 disputandi
3403 1303 3562 1360 nobis

1966 1404 2083 1460 htec
2112 1401 2405 1475 profecisse
2431 1416 2537 1458 non
2559 1399 2801 1472 negabis.

283 1756 2959 1789 Μ

1098 1948 1476 2065 SAN
1480 1945 1783 2063 GT1
1857 1936 2703 2058 ANSELMI

1746 2173 2108 2263 LIBER

881 2402 1111 2528 DE
1248 2323 2448 2531 VOLUNTATE
2564 2380 2931 2511 DEI.

707 2795 861 2868 151
882 2789 1111 2850 CAPUT
1148 2786 1440 2846 PRIMUM.

648 2888 902 2944 Voluntas
944 2883 1041 2938 Dei
1113 2896 1228 2954 qua:
1278 2880 1505 2933 dicatur.

349 2988 599 3045 Humana
622 2982 760 3038 ratio
781 2996 902 3036 cum
931 2978 997 3033 de
1017 2977 1128 3032 Deo
1152 2988 1366 3045 semper
1389 2972 1583 3028 debeat
1614 2977 1871 3035 tractare,

276 3090 335 3138 et
364 3082 431 3135 ad
462 3077 677 3133 laudem
704 3071 825 3141 ejus
854 3068 1057 3140 aliquid
1107 3064 1495 3121 convenienter
1539 3061 1741 3126 dicere,
1779 3075 1876 3115 no-

280 3174 427 3233 mina
460 3185 555 3242 per
581 3182 702 3238 quae
730 3163 947 3234 proprie
977 3161 1234 3231 loquatur
1278 3171 1387 3211 non
1416 3154 1599 3218 habet,
1643 3153 1739 3209 sed
1779 3168 1878 3209 no-

280 3264 426 3320 mina
480 3256 788 3315 hominibus
836 3254 963 3308 data
1012 3258 1067 3305 et
1113 3247 1365 3319 imposita
1413 3245 1629 3315 accipit,
1678 3251 1733 3299 et
1780 3257 1878 3313 per

268 3355 463 3424 ipsum
486 3351 736 3407 effectum
765 3341 1215 3423 omnipotentiam
1244 3338 1361 3409 ejus
1391 3335 1582 3392 saltem
1615 3335 1697 3391 vel
1728 3333 1877 3391 tenui

282 3443 532 3499 oratione
561 3439 772 3509 aperire
805 3442 1033 3491 conatur
1058 3450 1071 3485 :
1102 3438 1156 3485 et
1184 3430 1287 3484 hoc
1314 3426 1442 3483 facit
1470 3442 1538 3482 ex
1570 3424 1688 3480 istis
1716 3425 1879 3481 rebus

274 3514 545 3605 colligens
572 3529 822 3585 eﬁectum
847 3522 1137 3581 voluntatis
1160 3521 1252 3576 Dei
1282 3519 1580 3575 secundum
1608 3515 1879 3573 occultam

282 3627 575 3698 justitiam,
601 3622 687 3678 vel
717 3619 1017 3677 secundum
1060 3612 1516 3679 misericordiam,
1562 3610 1646 3666 vel
1688 3624 1882 3665 secun-

215 3714 223 3721 ’
290 3719 417 3774 dum
460 3716 554 3771 ira:
592 3713 760 3784 ipsius
786 3710 1121 3765 vindictam:
1155 3705 1223 3760 ad
1272 3700 1879 3775 incomprehensibilem

289 3810 435 3864 enim
487 3804 705 3861 deitatis
752 3801 1143 3875 proprietatem
1206 3797 1452 3869 aspirare
1515 3811 1622 3850 non
1674 3798 1879 3865 potest.

272 3902 432 3959 .ilinc
469 3913 572 3954 nos
613 3909 830 3968 quoque
870 3893 938 3949 de
976 3891 1258 3947 voluntate
1298 3888 1396 3945 Dei
1451 3885 1654 3956 aliquid
1704 3885 1882 3940 dic‘cre

292 3994 593 4065 cupientes,
655 3996 839 4044 actum
878 3999 1060 4041 rerum
1104 3981 1467 4047 attendimus;
1522 3977 1776 4050 quoniam
1814 3976 1882 4032 ad

293 4086 464 4158 ipsius
521 4078 855 4139 celsitudinis
900 4076 1115 4132 culmen
1162 4070 1420 4127 anhelare
1465 4084 1571 4124 non
1617 4066 1880 4122 valemus.

1902 2782 1954 2844 Β

2600 2772 2830 2830 CAPUT
2873 2772 2935 2827 11.

2270 2873 2525 2930 Voluntas
2552 2871 2651 2926 Dei
2678 2867 3042 2939 multipliciter
3062 2866 3277 2923 dicitur.

2047 2966 2343 3025 Dicendum
2371 2973 2453 3021 est
2483 2963 2649 3034 igitur
2680 2961 3020 3016 voluntatem
3050 2959 3144 3014 Dei
3193 2958 3571 3030 multipliciter

1978 3062 2147 3131 accipi
2184 3068 2286 3115 :ut
2329 3055 2590 3128 quidquid
2638 3061 2824 3123 postea
2881 3059 3206 3122 opponatur,
3258 3052 3377 3107 sine
3423 3054 3570 3106 omni

1978 3150 2294 3208 diﬁicultate
2345 3147 2656 3221 opulentius
2711 3144 3008 3215 aperiatur.
3062 3142 3327 3199 Voluntas
3388 3144 3573 3213 itaque

1978 3241 2073 3297 Dei
2124 3240 2390 3311 accipitur
2435 3237 2728 3308 aliquando
2768 3235 2820 3290 in
2856 3232 3175 3304 Scripturis,
3221 3233 3573 3303 azquipollens

1976 3332 2341 3404 omnipotenti
2377 3345 2491 3388 sum
2535 3326 2894 3400 pra'scientize
2921 3334 2975 3380 et
3004 3324 3332 3381 ordinationi
3363 3325 3580 3394 sagaci-

1980 3437 2067 3483 ter
2102 3426 2286 3482 omnia
2334 3421 2668 3494 disponenti.
2711 3418 2864 3476 Unde
2917 3418 3155 3473 dicitur:
3197 3417 3388 3472 Omnia
3427 3432 3577 3487 qutu-

1980 3535 2181 3591 cunque
2218 3516 2377 3572 voluit
2402 3515 2659 3570 Dominus
2678 3513 2799 3583 fecit
2832 3508 3006 3581 (Psal.
3033 3524 3187 3574 cxrtt,
3216 3510 3297 3577 '5),
3327 3509 3431 3564 hoc
3461 3517 3571 3574 est,

1981 3610 2243 3684 quidquid
2286 3609 2429 3664 Deus
2476 3607 2545 3664 ab
2595 3616 2797 3663 aeterno
2844 3603 3113 3658 facturum
3162 3618 3220 3658 se
3268 3602 3574 3669 ordinavit,

1982 3702 2115 3759 nihil
2146 3700 2475 3772 inexpletum
2505 3697 2747 3768 reliquit.
2772 3696 3054 3766 Accipitur
3081 3694 3246 3749 etiam
3274 3694 3368 3749 Dei
3396 3693 3581 3750 volun-

1983 3805 2067 3852 tas
2095 3792 2216 3868 [al.,
2245 3808 2443 3847 nomen
2475 3787 2708 3860 rerum],
2757 3788 3054 3844 secundum
3103 3786 3393 3855 quemdam
3444 3784 3579 3841 aﬂ'e-

1983 3896 2128 3942 etum
2181 3882 2569 3940 misericordia:
2613 3881 2706 3936 Dei
2748 3899 2760 3934 :
2807 3888 2866 3934 ut
2903 3878 3015 3934 ibi:
3067 3878 3192 3933 Vult
3218 3876 3357 3931 Deus
3401 3895 3579 3932 omnes

1981 3977 2154 4033 salvos
2175 3975 2292 4046 ﬁeri
2322 3972 2373 4047 (Ι
2400 3971 2534 4027 Tim.
2565 3987 2629 4037 tt,
2660 3969 2740 4041 4),
2772 3969 2913 4040 quod
2941 3977 3026 4024 est
3051 3968 3256 4031 dicere,
3288 3965 3418 4020 facit
3447 3981 3577 4021 san—

1984 4082 2102 4127 etos
2142 4067 2280 4124 velle
2327 4074 2387 4121 ut
2424 4077 2613 4120 omnes
2658 4061 2795 4118 salvi
2850 4060 3003 4127 ﬁant,
3026 4058 3169 4131 quod
3235 4058 3349 4129 ipse
3398 4067 3577 4112 tamen

291 4137 638 4235 Voluntatetu
672 4172 836 4244 igitur
857 4168 950 4225 Dei
984 4166 1317 4239 appellamus
1345 4160 1607 4233 quidquid
1646 4162 1698 4215 in
1728 4158 1883 4214 nobis
1909 4137 1955 4202 (ἶ
1986 4160 2120 4225 vult,
2154 4160 2261 4215 hoc
2291 4166 2375 4213 est
2414 4156 2529 4229 ipse
2566 4153 2865 4225 disposuit;
2899 4152 2993 4207 sed
3032 4159 3250 4207 sanctos
3284 4148 3415 4205 facit
3440 4150 3576 4205 velle

294 4273 413 4344 ipse
438 4266 867 4325 misericorditer
895 4270 1174 4333 operatur,
1221 4257 1524 4315 revocando
1555 4271 1654 4311 nos
1696 4255 1764 4310 ab
1798 4269 1885 4310 er-

294 4377 443 4429 rore,
470 4358 554 4416 vel
585 4359 672 4430 pic
700 4352 1070 4413 conlirmando
1092 4349 1340 4421 iustitiae.
1379 4345 1641 4403 Voluntas
1667 4359 1885 4415 quoque

295 4452 498 4510 dicitur
532 4462 691 4521 paena
721 4456 778 4502 et
810 4442 1118 4516 reprobatio
1147 4436 1505 4511 quorumdam
1536 4436 1631 4491 Dei
1672 4436 1885 4491 occulta

1989 4251 2087 4307 Dei
2133 4257 2189 4305 et
2233 4245 2468 4319 proximi
2524 4242 2843 4315 inspirando
2887 4241 3265 4306 dilectionem,
3304 4254 3410 4310 qua
3447 4238 3583 4293 dile-

1986 4345 2166 4402 ctione
2205 4358 2311 4397 non
2352 4336 2799 4395 inconvenienter
2842 4332 2979 4389 ﬁunt
3007 4334 3060 4388 in
3087 4331 3329 4388 Ecclesia
3374 4329 3584 4384 oratio-

1987 4451 2087 4491 nes
2122 4450 2153 4489 a
2180 4428 2385 4489 sanctis
2413 4446 2511 4500 pro
2551 4426 2919 4484 schismaticis
2967 4433 3022 4478 et
3065 4422 3355 4488 haereticis,
3384 4418 3582 4475 ludatis

297 4511 808 4607 districtionefacta
832 4511 1076 4609 iustitiae.
1124 4532 1389 4590 Voluntas
1420 4529 1512 4586 Dei
1542 4537 1623 4584 est
1654 4530 1736 4601 (ut
1765 4528 1889 4584 bre—
1989 4542 2205 4599 quoque
2241 4534 2294 4579 et
2318 4522 2629 4596 gentilibus.
2667 4517 2941 4573 institutio
2972 4514 3172 4581 divina,
3205 4513 3301 4569 Dei
3330 4511 3583 4567 voluntas

295 4637 441 4691 viter
468 4634 668 4702 dicam)
699 4628 959 4702 quidquid
989 4626 1071 4693 ﬁt,
1102 4632 1164 4679 ut
1193 4622 1310 4678 ﬁeri
1342 4619 1619 4677 invenitur
1647 4618 1699 4673 in
1728 4631 1885 4673 crea-

300 4728 460 4783 turis.
500 4725 606 4783 Sed
634 4723 833 4781 dicitur
863 4738 878 4775 :
909 4719 966 4777 Si
994 4717 1173 4774 omnia
1205 4714 1502 4789 procedunt
1526 4728 1592 4767 ex
1614 4711 1891 4766 voluntate

302 4822 421 4886 Dei,
460 4834 624 4892 quam
668 4825 880 4874 constat
925 4826 1139 4883 semper
1180 4812 1382 4867 bonam
1419 4817 1473 4865 et
1504 4815 1706 4862 rectam
1746 4818 1889 4869 esse,

300 4923 436 4970 tunc
461 4912 643 4967 omnia
673 4909 815 4964 bona
849 4915 905 4962 et
935 4915 1085 4962 recta
1121 4911 1248 4960 sunt
1275 4920 1288 4957 :
1319 4911 1372 4958 et
1409 4900 1454 4957 si
1495 4901 1596 4955 hoe
1630 4907 1737 4964 est,
1766 4908 1892 4952 tunc

302 5013 508 5069 frustra
532 5010 811 5083 iudicatur
853 5004 1048 5077 aliquis
1080 5003 1318 5073 iniquus,
1345 4998 1429 5054 vel
1455 4999 1744 5053 damnatur
1783 4996 1887 5050 im-

1995 4633 2101 4673 non
2153 4615 2446 4686 improprie
2491 4610 2812 4683 appellatur.
2865 4607 2959 4663 Dei
2998 4616 3178 4662 autem
3220 4604 3489 4661 institutio
3526 4603 3582 4658 in

1998 4712 2103 4768 duo
2134 4709 2295 4767 dividi
2336 4716 2531 4781 potest,
2581 4710 2634 4761 in
2673 4711 2943 4776 praecepta
2994 4701 3297 4757 divinarum
3334 4698 3585 4771 Scriptu-

1998 4819 2204 4870 rarum,
2234 4810 2290 4858 et
2321 4801 2375 4857 in
2405 4800 2581 4870 legem
2628 4796 2930 4854 naturalem
2957 4812 2970 4849 :
3017 4808 3351 4866 quaecunque
3374 4791 3583 4848 homini

2000 4877 2158 4953 insita
2186 4900 2270 4950 est
2292 4890 2573 4958 naturalis,
2600 4904 2720 4960 quae
2750 4895 2869 4945 est:
2896 4887 3050 4954 Quod
3073 4887 3166 4941 tibi
3190 4886 3305 4956 ﬁeri
3331 4883 3583 4948 nolueris,

2000 4988 2155 5043 alteri
2195 5002 2256 5040 ne
2294 4984 2478 5055 feceris
2529 4980 2682 5053 (Tob.
2714 4997 2790 5048 tv,
2816 4979 2931 5053 16),
2961 4990 3069 5035 etc.
3125 4978 3222 5033 Cui
3277 4978 3587 5047 quicunque

302 5108 427 5178 pius
460 5122 475 5159 :
507 5067 651 5176 quod
702 5099 859 5156 fateri
911 5067 1245 5154 contrarium
1292 5091 1571 5148 invenitur
1615 5086 1893 5144 catholica:
1994 5079 2197 5143 obviat,
2241 5077 2337 5132 Dei
2367 5076 2700 5131 voluntatem
2749 5090 2853 5131 non
2885 5080 3086 5130 servat.
3114 5070 3391 5140 Praecepta
3417 5067 3584 5124 etiam

304 5195 456 5252 ﬁdei.

1998 5172 2303 5229 divinarum
2356 5169 2803 5241 Seripturarum,
2853 5179 2910 5223 et
2962 5173 3125 5222 rectae
3171 5160 3582 5219 observationes

1608 5331 1843 5390 vanus
1880 5290 2304 5387 LECTIONES.

508 5488 720 5557 ιηιεετε
745 5499 808 5541 ac
838 5497 1114 5557 ηιεε-
1146 5479 1353 5557 integra
1710 5459 2277 5557 .‘”‘_9:'ia..s_i§23§£i‘
2312 5444 3591 5557 121.1%?§.?JRedi'}.‘?i“'.iii.Ef"..l’1f?.:..?31"ﬂii

311 5563 582 5633 signiﬁcat
630 5554 833 5633 aliquid
894 5554 1164 5633 habens,"
1185 5555 1420 5633 autlnon

1493 5512 1758 5605 siio'buia
1808 5512 2271 5606 p3;
2312 5512 2848 5606 ntaitttscriptauqtlia
2878 5512 3094 5591 *βελτίων
3148 5512 3439 5601 υιΓξιηἘάηυ

312 5586 582 5700 militi:
597 5586 1420 5700 piti'i'au'ti‘zssi'ﬁ‘iiéiﬁiiniilliiéi
1487 5610 1582 5643 ⁸¹⁸⁸
1611 5586 1870 5730 i‘é‘rbsgé
1884 5586 2129 5672 obiicere
2168 5586 2427 5655 'existimo
2451 5586 2593 5652 ωδε]
2616 5586 2779 5664 obiici
2809 5586 2958 5647 recte
2980 5604 3141 5659 posse
3169 5586 3423 5644 existimo
3493 5586 3593 5621 ἰη’

316 5708 488 5732 nm...
524 5702 719 5732 .........;.
746 5714 848 5732 κη.
912 5701 1171 5732 nllnnlnm
1221 5685 1425 5732 nnstrist
1498 5680 1589 5713 “W
1631 5679 1762 5732 Voo
1808 5686 1857 5731 te
1890 5674 1970 5729 sic
2014 5688 2141 5726 mss.
2186 5672 2309 5725 nolo
2337 5679 2388 5725 te
2432 5672 2511 5725 sic
2582 5666 2675 5697 ηδ’
2730 5665 2863 5719 Velit
2911 5671 3156 5717 astruere
3199 5674 3327 5716 mss.
3362 5661 3593 5719 valuerit

316 5679 867 5771 δῖἶξιιιᾞξιὲὶίξξρξὲ.
912 5679 1171 5771 quantum
1221 5679 1425 5767 nostris
1498 5680 1591 5771 “if
1631 5679 1707 5760 Vo

1808 5686 1857 5731 te
1890 5661 1976 5729 sic
2014 5688 2141 5726 mss.
2186 5672 2309 5725 nolo
2337 5679 2388 5725 te
2432 5672 2511 5725 sic
2582 5661 2699 5697 ηπ
2730 5665 2863 5719 Velit
2911 5671 3156 5717 astruere
3199 5674 3327 5716 mss.
3362 5661 3595 5719 valuerit

1449 5749 1737 5823 contigerit
1809 5746 1902 5778 δ’δ’
1928 5744 2007 5801 Ad
2056 5743 2439 5801 excitationem
2481 5754 2603 5793 mss.
2633 5736 2698 5791 ad
2728 5732 3173 5791 exercitationem
