3940 6046
411 239 517 296 583

409 350 794 420 Ecclesiarum,
823 351 1071 407 voluntas
1126 350 1221 405 Dei
1252 366 1360 405 non
1408 350 1683 405 immerito
1715 350 1993 421 appellan-
2022 356 2074 414 Α

413 454 537 500 tur:
563 444 758 514 quibus
795 444 1102 513 quicunque
1136 443 1492 498 observanter
1521 457 1632 497 non
1668 442 1985 511 acquiescit,

410 553 441 591 a
471 537 565 592 Dei
597 536 869 591 voluntate
896 534 1114 589 deviare
1150 533 1367 604 penitus
1395 534 1622 602 dicitur;
1656 549 1781 590 cum
1809 544 1990 591 tamen

410 629 479 682 ab
501 628 692 682 ordine
718 626 1074 698 praescientia:
1103 626 1220 696 ejus
1261 627 1570 685 nullatenus
1606 627 1783 684 valeat
1834 644 1992 687 exor-

407 717 603 771 bitare.

1014 824 1248 881 CAPUT
1289 824 1373 880 Ill.

480 956 843 1023 Quorumdam
890 958 1286 1029 ambiguitatunt
1328 958 1610 1014 elucidatio
1646 975 1711 1014 ea:
1744 960 1917 1015 dictis.

476 1095 617 1149 Ecce
646 1095 897 1150 voluntas
926 1095 1019 1150 Dei
1058 1104 1292 1165 quatuor
1326 1094 1503 1151 modis
1540 1095 1805 1164 accipitur
1834 1109 1865 1148 a
1897 1093 1992 1148 do-

404 1188 648 1243 ctoribus
700 1189 1010 1258 magistris,
1061 1189 1269 1244 scilicet
1324 1204 1422 1258 pro
1467 1189 1692 1244 scientia
1726 1188 1853 1251 Dei;
1894 1202 1992 1255 pro

409 1280 687 1335 voluntate
728 1290 1066 1345 sanctorum,
1105 1281 1197 1351 qui
1238 1280 1422 1336 volunt
1450 1291 1506 1337 et
1541 1280 1769 1349 injustas
1807 1280 1989 1335 chari-

405 1370 574 1424 tative
621 1368 864 1436 salvari;
925 1384 1024 1440 pro
1072 1369 1283 1425 ratione
1331 1369 1607 1435 humana;
1654 1378 1850 1439 quarto
1892 1382 1990 1438 pro

402 1459 687 1528 praeceptis
734 1458 953 1514 divinis.
1000 1457 1059 1513 Si
1108 1458 1231 1528 quis
1279 1472 1411 1513 vero
1455 1459 1613 1512 oculo
1666 1457 1863 1512 mentis
1889 1457 1989 1511 hos

403 1552 592 1607 modos
638 1551 970 1618 considerat,
1022 1566 1130 1605 non
1179 1550 1409 1605 ulterius
1462 1550 1518 1604 in
1564 1550 1657 1605 Dei
1709 1549 1989 1605 voluntate

402 1642 815 1698 determinanda
854 1642 1147 1713 impeditus
1178 1642 1486 1698 laborabit:
1527 1644 1621 1697 sed
1652 1643 1799 1697 vocis
1828 1657 1984 1696 acce-

402 1735 586 1804 ptione
635 1734 775 1791 ﬁdeli
837 1734 1128 1789 intendens
1188 1734 1428 1804 ingenio,
1480 1734 1549 1789 de
1596 1734 1778 1789 verbis
1830 1731 1989 1787 facile

402 1823 739 1892 dijudicabit.
790 1823 978 1896 Itaque
1007 1840 1128 1881 cum
1159 1824 1381 1892 dicitur,
1412 1825 1738 1880 adulterium
1776 1824 1861 1879 vel
1890 1825 1990 1880 bo-

403 1919 681 1973 micidium
724 1917 859 1986 vult,
902 1916 987 1974 vel
1026 1933 1131 1972 non
1174 1918 1290 1973 vult
1326 1917 1467 1974 Deus
1506 1918 1623 1972 ﬁeri
1670 1934 1684 1972 :
1738 1917 1821 1972 ha:
1859 1932 1987 1987 pro-

402 2009 697 2078 positiones
747 2023 854 2064 non
901 2016 1204 2079 repugnant
1259 2007 1384 2073 sibi,
1430 2022 1530 2062 nec
1575 2008 1985 2063 contradicunt:

402 2099 578 2154 amba:
601 2099 748 2154 enim
777 2113 922 2153 vera:
950 2106 1080 2153 sunt
1106 2105 1162 2152 et
1197 2096 1604 2162 indubitabiles,
1638 2096 1683 2150 si
1714 2095 1837 2166 quis
1872 2093 1990 2165 ejus

398 2192 553 2248 vocis
598 2192 1084 2264 tequivocationem
1140 2191 1522 2261 multiplicem,
1569 2205 1690 2260 qua:
1725 2198 1828 2255 est,
1861 2191 1986 2255 vult,

402 2282 636 2337 ﬁdeliter
671 2281 937 2337 attendat.
992 2280 1147 2345 Nam,
1183 2280 1325 2335 Deus
1357 2279 1471 2335 vult
1505 2281 1852 2347 adulterium,
1887 2282 1989 2337 hoc

400 2384 485 2430 cst
526 2374 761 2444 przescit,
804 2373 1088 2445 praevidet.
1156 2371 1311 2428 Unde
1349 2372 1531 2427 nullus
1581 2374 1815 2440 dubitat,
1862 2375 1989 2443 quia

399 2466 581 2523 omnia
610 2466 756 2519 videt
792 2474 847 2520 et
888 2465 1069 2519 omnia
1101 2465 1333 2533 pratscit.
1381 2465 1537 2531 Item,
1575 2480 1684 2520 non
1715 2466 1850 2532 vult,
1887 2466 1990 2521 hoc

398 2566 485 2613 cst
521 2573 627 2612 non
665 2556 927 2627 prmcipit,
969 2554 1052 2609 vel
1085 2557 1359 2611 mentibus
1400 2555 1636 2610 ﬁdelium
1674 2556 1988 2627 inspirando

401 2664 507 2704 non
539 2649 667 2703 facit
691 2647 844 2702 velle.
881 2646 976 2701 Vel
1005 2662 1112 2701 non
1141 2646 1255 2700 vult
1281 2647 1423 2702 Deus
1455 2647 1798 2711 adulterium,
1826 2648 1876 2702 id
1904 2657 1989 2704 est

398 2756 464 2796 ex
490 2740 540 2793 vi
573 2738 799 2793 rationis
823 2738 1039 2806 animm,
1070 2752 1140 2792 ex
1172 2737 1405 2793 naturali
1449 2737 1682 2804 scilicet,
1720 2736 1838 2809 lege
1860 2739 1985 2793 data

400 2852 432 2891 a
464 2835 593 2900 Deo,
625 2848 729 2888 non
762 2833 1024 2889 habemus
1048 2832 1192 2903 quod
1216 2832 1340 2903 quis
1377 2832 1432 2887 in
1460 2832 1563 2887 hoc
1589 2846 1689 2887 nec
1718 2831 1885 2887 etiam
1930 2830 1987 2887 in

397 2926 506 2981 alio
539 2926 732 2980 debeat
769 2922 1044 2978 oﬁ‘endere
1084 2924 1414 2993 proximum.
1454 2922 1624 2977 Juxta
1664 2921 1765 2978 has
1803 2930 1982 2977 autem

400 3016 902 3080 determinationes,
933 3022 1115 3085 potest
1149 3012 1379 3084 quilibet
1416 3014 1515 3070 bas
1540 3012 1637 3070 Dei
1672 3011 1983 3071 voluntates

397 3110 765 3168 determinare
790 3118 999 3180 aperte.

1003 3235 1233 3292 CAPUT
1284 3236 1378 3293 IV.

772 3351 907 3407 Aliae
935 3350 1284 3404 dubitationes
1309 3348 1586 3404 tolluntur.

471 3465 579 3521 Sed
605 3464 897 3519 videndum
929 3472 1012 3517 est
1041 3462 1310 3531 quoddam
1351 3461 1488 3515 satis
1519 3457 1801 3525 subtilius,
1840 3458 1986 3527 quod

398 3554 636 3613 occurrit
663 3552 789 3608 huic
822 3552 887 3606 de
912 3550 1184 3605 voluntate
1217 3549 1591 3619 disputationi.
1640 3547 1774 3603 Nam
1800 3549 1988 3604 volun-

398 3647 495 3703 tati
536 3646 627 3700 Dei
663 3644 910 3698 voluntas
958 3641 1192 3697 hominis
1244 3641 1486 3695 adlimret
1520 3639 1854 3711 plerumque,
1893 3641 1988 3696 sed

398 3737 522 3791 inde
545 3736 833 3790 damnatur
856 3733 1017 3789 homo
1049 3748 1064 3787 :
1090 3730 1351 3786 voluntati
1386 3730 1480 3786 Dei
1509 3746 1724 3801 quoque
1758 3747 1866 3786 non
1892 3732 1989 3786 ad-

395 3828 563 3883 haeret
594 3826 830 3883 hominis
854 3824 1124 3891 voluntas,
1162 3833 1216 3879 et
1242 3822 1366 3879 inde
1395 3830 1775 3879 remuneratur
1807 3824 1987 3880 homo.

397 3919 547 3983 Item,
576 3916 692 3971 vult
718 3917 880 3971 homo
908 3914 1052 3987 quod
1080 3930 1185 3970 non
1212 3913 1326 3970 vult
1353 3914 1525 3981 Deus,
1565 3924 1621 3971 et
1663 3914 1826 3969 habet
1860 3914 1987 3970 inde

396 4012 676 4081 prtemium
717 4025 748 4063 a
776 4009 929 4064 Deo:
972 4022 1079 4063 non
1117 4007 1234 4062 vult
1276 4008 1437 4061 homo
1480 4006 1627 4076 quod
1668 4006 1783 4059 vult
1814 4005 1986 4072 Deus;

397 4113 451 4158 ct
489 4104 612 4159 inde
651 4100 1010 4172 consequitur
1052 4100 1263 4155 laudem
1302 4118 1314 4154 :
1359 4109 1416 4154 et
1458 4099 1642 4155 multis
1679 4099 1800 4155 aliis
1848 4100 1988 4155 hanc

399 4192 558 4263 152
588 4191 922 4247 voluntatem
955 4191 1162 4245 variari
1207 4190 1385 4245 modis
1414 4191 1688 4262 sagacium
1718 4191 1987 4248 industria

394 4300 492 4357 per
517 4298 575 4340 se
604 4283 802 4353 poterit
840 4281 1116 4351 indagare.
1169 4280 1276 4336 Sed
1308 4297 1452 4337 nunc
1485 4283 1551 4336 ad
1590 4283 1987 4354 expositionem

395 4376 832 4449 supradictorum
900 4376 1187 4434 redeamus
1240 4387 1256 4428 :
1307 4374 1421 4428 vult
1475 4374 1617 4430 Deus
1683 4376 1826 4445 quod
1875 4376 1987 4431 vult

914 236 973 293 S.
1004 235 1311 295 ANSELMI
1344 236 1693 294 CANTUAR.
1728 235 2047 291 ARCIIIEP.
2084 234 2235 292 OPP.
2275 234 2455 292 PARS
2490 234 2532 291 I.
2562 265 2631 275 —
2670 232 3090 291 DOGMATICA.

2009 3060 2058 3123 C

3579 237 3691 295 584

2734 345 2961 402 CAPUT
3004 346 3069 404 Ἴ.

2093 460 2173 517 De
2192 461 2367 517 divina
2393 458 2677 526 voluntate,
2699 460 2964 542 eﬁiriente,
2990 459 3694 542 approbante,.conredente,

2711 538 3059 598 permittente.

2165 618 2354 689 Magna
2395 617 2613 689 quidem
2653 618 2904 673 voluntas
2955 617 3053 673 Dei
3112 616 3686 689 incomprenensibilis

2092 720 2198 774 est,
2238 712 2380 766 sicut
2417 712 2531 781 ipse
2563 712 2727 775 Deus,
2759 718 2951 765 contra
2985 724 3147 781 quam
3184 709 3301 766 vult
3340 712 3525 777 homo,
3555 716 3685 784 quia

2094 814 2201 855 non
2250 800 2409 869 plene
2444 814 2565 854 eam
2597 800 2880 869 cognoscit
2909 816 2923 854 :
2955 799 3096 869 quod
3144 799 3200 856 in
3232 799 3416 857 futuro
3448 802 3573 857 erit.
3622 805 3682 859 In

2092 889 2347 960 praesenti
2393 904 2522 945 vero
2567 890 2830 959 quosdam
2868 887 3094 945 aﬁ‘ectus
3159 888 3277 961 ejus
3318 892 3550 963 percipit
3593 905 3686 948 se-

2093 984 2329 1038 cundum
2387 982 2795 1053 perceptionem
2844 983 2929 1038 vel
2992 982 3431 1053 prohibitionem,
3481 995 3537 1042 et
3594 986 3688 1041 ille

2091 1076 2292 1133 obedit.
2337 1075 2395 1131 In
2443 1075 2529 1130 his
2574 1087 2755 1131 autem
2799 1066 3126 1146 supradictis
3171 1090 3279 1131 non
3326 1085 3411 1131 est
3454 1092 3671 1147 asqunm

2092 1173 2391 1246 intelligere
2435 1171 2670 1243 aliquem
2727 1171 2944 1241 aliquod
2990 1170 3185 1226 falsum
3233 1170 3320 1226 vel
3350 1174 3684 1241 superﬂuum

2093 1265 2296 1320 dictum
2343 1263 2534 1330 fuisse,
2566 1263 2649 1318 vel
2687 1272 2875 1318 contra
2922 1270 3236 1319 sanctorum
3275 1263 3680 1318 auctoritaiem.

2092 1358 2235 1413 Dicit
2258 1357 2401 1412 enim
2428 1356 2760 1426 Augustinus
2776 1355 2834 1409 in
2861 1354 3197 1421 Enchiridio,
3226 1370 3345 1426 cap.
3378 1355 3481 1411 I00
3506 1374 3519 1409 :
3545 1354 3687 1411 Pro-

2091 1458 2268 1519 pterea
2306 1462 2500 1516 magna
2532 1444 2783 1513 voluntas
2812 1443 3049 1514 ejusdem
3077 1442 3292 1497 Domini
3328 1445 3585 1514 exquisita
3624 1447 3681 1499 in

2094 1554 2272 1592 omnes
2299 1536 2587 1591 voluntates
2618 1535 2760 1605 ejus,
2790 1545 2845 1588 ut
2869 1534 3001 1588 miro
3031 1543 3079 1587 et
3113 1533 3367 1602 ineffabili
3393 1532 3547 1587 modo
3574 1550 3684 1589 non

2092 1630 2187 1699 ﬁat
2222 1639 2415 1701 praeter
2447 1628 2765 1683 voluntatem
2804 1627 2939 1696 ejus,
2972 1626 3112 1696 quod
3147 1628 3303 1679 etiam
3338 1636 3522 1680 contra
3559 1628 3679 1696 ejus

2021 1717 2064 1772 B
2090 1720 2410 1776 voluntatem
2424 1720 2505 1787 ﬁt,
2525 1720 2664 1790 quod
2678 1735 2783 1773 non
2800 1718 2945 1787 ﬁeret
2965 1718 3015 1772 si
3036 1734 3140 1771 non
3160 1718 3375 1783 sineret,
3390 1734 3482 1772 nec
3504 1719 3683 1779 utique

2093 1814 2271 1868 nolens
2293 1813 2441 1878 sinit,
2470 1812 2561 1867 sed
2587 1810 2759 1866 volens
2787 1824 2805 1864 :
2831 1826 2924 1865 nec
2949 1810 3139 1865 sineret
3160 1810 3351 1863 bonum
3372 1810 3488 1879 ﬁeri
3516 1809 3687 1875 male,»

2093 1906 2193 1959 nisi
2227 1904 2552 1974 omnipotens
2580 1912 2630 1957 et
2656 1903 2722 1957 de
2754 1901 2895 1957 malo
2927 1910 3096 1971 posset
3128 1900 3302 1971 facere
3330 1901 3474 1956 bene.
3506 1901 3603 1956 Est
3625 1908 3686 1957 et

2091 1998 2195 2053 alia
2224 1998 2387 2068 hujus
2412 1995 2709 2052 voluntatis
2736 1995 2955 2051 divisio.
3008 1994 3127 2049 Alia
3174 1994 3320 2049 enim
3355 2000 3536 2064 potest
3561 1993 3668 2049 dici

2090 2086 2347 2157 eﬁiciens,
2390 2087 2495 2142 alia
2532 2088 2867 2158 approbans,
2907 2085 3013 2140 alia
3051 2087 3377 2152 concedens,
3418 2084 3521 2140 alia
3557 2101 3682 2155 per—

2092 2180 2331 2235 mittens.
2385 2178 2637 2234 Eﬁiciens
2682 2177 2931 2233 voluntas
2978 2177 3035 2232 in
3085 2177 3195 2232 Deo
3243 2176 3372 2232 facit
3418 2177 3678 2247 quidquid

2090 2272 2229 2337 vult,
2264 2271 2504 2327 eﬁiciens
2540 2270 2593 2325 in
2632 2269 2851 2324 homine
2889 2268 3033 2338 quod
3068 2275 3247 2339 potest
3286 2268 3446 2322 homo
3482 2275 3539 2323 et
3563 2267 3680 2323 vult

2092 2364 2211 2435 ipso
2240 2375 2385 2419 actu.
2431 2362 2754 2433 Approbans
2778 2368 2882 2427 est,
2910 2375 3032 2430 qua:
3078 2361 3339 2429 approbat
3372 2359 3596 2430 aliquid,
3625 2370 3682 2415 et

2094 2458 2209 2513 hazc
2236 2457 2303 2510 ad
2336 2455 2610 2510 hominem
2648 2455 2888 2523 pertinet
2920 2460 2977 2508 et
3008 2454 3077 2507 ad
3116 2454 3305 2507 Deum.
3353 2454 3675 2522 Approbans

2089 2546 2143 2603 in
2181 2546 2291 2601 Deo
2329 2552 2433 2609 est,
2473 2560 2595 2615 qua:
2629 2543 2743 2599 vult
2782 2557 2973 2599 omnes
3013 2542 3192 2599 salvos
3232 2543 3380 2609 ﬁeri;
3421 2544 3678 2614 quoniam

2089 2642 2294 2698 nullum
2337 2641 2610 2712 prohibet,
2651 2648 2915 2709 quantum
2940 2639 3008 2694 ad
3039 2654 3098 2694 se
3129 2639 3337 2694 salvum
3375 2640 3488 2693 ﬁeri
3520 2654 3538 2696 :
3568 2638 3681 2695 imo

2090 2736 2135 2791 si
2165 2735 2288 2806 quis
2315 2732 2383 2787 ad
2412 2733 2517 2788 hoc
2550 2731 2781 2799 laborat,
2810 2733 3097 2802 approbat.
3128 2730 3327 2786 Patens
3355 2740 3436 2785 est
3461 2731 3680 2800 quidem

2090 2842 2211 2898 quae
2238 2826 2309 2880 sit
2343 2824 2652 2895 approbans
2693 2822 2747 2878 in
2793 2823 3035 2878 homine.
3082 2822 3397 2879 Concedens
3427 2830 3531 2884 est,
3560 2836 3683 2895 qua:

2090 2916 2337 2975 concedit
2369 2924 2427 2971 ut
2450 2914 2544 2970 ﬁat
2568 2913 2792 2985 aliquid.
2820 2913 3159 2969 Concedente
3190 2922 3371 2967 autem
3399 2912 3679 2966 voluntaae

2088 3010 2203 3067 vult
2234 3011 2399 3078 Deus,
2433 3018 2493 3065 ut
2523 3010 2683 3065 homo
2710 3009 2799 3079 qui
2833 3007 3026 3064 melius
3068 3022 3173 3062 non
3207 3006 3508 3077 proposuit,
3542 3019 3681 3058 uxo-

2097 3121 2210 3163 rem
2238 3106 2420 3161 ducat.
2465 3102 2798 3160 Permittens
2842 3100 3090 3155 voluntas
3124 3106 3227 3164 est,
3257 3114 3377 3170 quae
3418 3096 3685 3168 permittit

2091 3198 2290 3269 aliquid
2323 3184 2461 3261 ﬁeri,
2486 3195 2587 3252 etsi
2616 3194 2898 3264 displiceat
2923 3181 3268 3263 quandoque.
3298 3191 3366 3246 Et
3395 3193 3495 3245 hoc
3521 3192 3682 3244 modo

2088 3287 2287 3342 dicitur
2314 3286 2456 3339 Deus
2486 3282 2621 3339 velle
2667 3282 2830 3346 mala,
2860 3296 2981 3352 qua:
3027 3280 3294 3352 permittit
3342 3278 3479 3336 ﬁeri.
3530 3279 3684 3335 Unde

2090 3377 2290 3432 dicitur
2322 3393 2334 3430 :
2372 3374 2536 3440 Quem
2588 3373 2696 3427 vult
2749 3374 3008 3439 indurat,
3040 3383 3087 3426 et
3129 3374 3213 3425 cui
3261 3371 3365 3425 vult
3406 3372 3685 3425 miseretur

2090 3466 2270 3536 (Rom.
2301 3462 2513 3535 1x,18).
2550 3462 2887 3533 Augustinus
2916 3461 2982 3516 de
3013 3461 3237 3518 civitate
3273 3461 3365 3516 Dei
3392 3479 3405 3516 :
3432 3458 3561 3514 Cum
3596 3461 3683 3514 di-

2088 3557 2229 3611 citur
2259 3554 2400 3609 Deus
2439 3563 2641 3607 ntutare
2674 3552 3021 3619 voluntatem,
3077 3562 3132 3606 ut
3164 3553 3353 3623 quibus
3382 3552 3513 3606 lenis
3544 3565 3685 3619 erat,

2088 3645 2229 3701 verbi
2285 3645 2457 3719 grati,
2507 3642 2762 3697 reddatur
2809 3658 2992 3713 asper;
3033 3640 3113 3695 illi
3162 3644 3334 3712 potius
3373 3657 3530 3712 quam
3576 3642 3685 3707 ipse

2088 3746 2383 3800 mutantur,
2417 3735 2553 3789 sicut
2585 3743 2820 3788 mutatur
2848 3734 2926 3787 sol
2956 3733 3123 3787 oculis
3156 3734 3428 3803 sauciatis,
3451 3742 3499 3787 et
3530 3748 3685 3799 asper

2087 3828 2475 3901 quodammodo
2500 3843 2563 3882 ea:
2586 3827 2718 3893 miti,
2747 3836 2795 3881 et
2827 3843 2892 3883 ea:
2918 3826 3212 3882 delectabili
3250 3827 3496 3881 molestus
3521 3827 3683 3896 elﬁci-

2090 3928 2198 3980 tur,
2233 3905 2353 3971 cum
2382 3914 2503 3986 ipse
2535 3916 2676 3985 apud
2708 3931 2763 3969 se
2798 3926 3005 3970 maneat
3042 3916 3177 3970 idem
3201 3917 3289 3987 qui
3318 3916 3441 3986 fuit.
3472 3916 3685 3971 Dicitur

2088 4009 2251 4064 etiam
2282 4006 2533 4061 voluntas
2559 4005 2673 4071 Dei,
2703 4020 2867 4075 quam
2898 4006 3028 4061 facit
3057 4006 3113 4061 in
3143 4006 3394 4061 cordibus
3425 4005 3685 4060 obedien-

2092 4103 2223 4157 tium
2258 4099 2528 4155 mandatis
2554 4097 2693 4167 ejus,
2739 4099 2807 4153 de
2847 4114 2952 4169 qua
3003 4098 3136 4154 dicit
3172 4098 3459 4169 Apostolus
3493 4116 3507 4153 :
3539 4098 3684 4153 Deus

2088 4193 2177 4264 qui
2205 4200 2453 4262 operatur
2486 4189 2539 4242 in
2568 4188 2709 4243 vobis
2738 4198 2785 4242 et
2817 4190 2943 4244 velle
2970 4188 3197 4261 (Philip.
3223 4204 3283 4253 tt,
3310 4188 3421 4259 I3).
3472 4188 3685 4244 Secun-

2090 4282 2217 4337 dum
2248 4282 2387 4337 hanc
2413 4280 2744 4335 voluntatem
2772 4280 2937 4333 etiam
2961 4279 3105 4336 velle
3136 4280 3358 4345 dicitur,
3392 4280 3536 4350 quod
3567 4281 3683 4351 ipse

2089 4392 2197 4432 non
2232 4375 2367 4442 vult,
2399 4376 2495 4431 sed
2528 4376 2645 4447 ipse
2675 4388 2801 4429 suos
2833 4372 2884 4427 id
2916 4372 3155 4427 volentes
3186 4372 3317 4427 facit
3353 4388 3366 4425 :
3411 4372 3490 4426 sic
3517 4388 3681 4427 orans

395 4469 588 4535 homo;
620 4469 667 4524 si
695 4467 976 4532 damnose,
1005 4476 1064 4521 ut
1096 4465 1470 4531 homicidium,
1504 4464 1588 4520 vel
1633 4466 1982 4531 adulterium,
2019 4475 2062 4530 ι)
2088 4481 2186 4535 pro
2214 4467 2536 4537 quibusdam
2564 4465 2651 4535 pie
2685 4474 2981 4535 sancteque
3012 4460 3259 4534 inspirati
3297 4462 3363 4517 ab
3391 4478 3455 4519 eo
3488 4474 3678 4518 sancta

395 4558 540 4626 quod
570 4558 683 4610 vult
713 4556 877 4622 Deus,
905 4557 1007 4612 hoc
1028 4565 1111 4610 est
1144 4553 1414 4623 prmscivit
1442 4569 1455 4607 :
1481 4554 1575 4610 sed
1616 4555 1777 4610 homo
1815 4556 1979 4610 etiam

396 4649 501 4703 hac
542 4647 818 4702 voluntate
862 4649 1173 4710 damnatur,
1216 4646 1551 4716 prohibitum
1596 4657 1680 4703 est
1727 4649 1871 4703 enim
1909 4648 1981 4703 ei.

398 4739 523 4797 Vult
548 4738 689 4794 Deus
724 4748 783 4793 ut
821 4748 974 4811 pater
1014 4737 1244 4807 alicujus
1284 4738 1571 4804 moriatur,
1607 4738 1691 4794 vel
1732 4738 1844 4793 vult
1884 4739 1985 4793 ali-

396 4830 552 4900 Cujus
581 4828 813 4884 hominis
853 4838 1102 4893 mortem,
1136 4828 1277 4897 quod
1308 4828 1469 4881 homo
1511 4843 1616 4883 non
1645 4828 1759 4883 vult
1788 4826 1981 4883 aﬂ'eCtu

399 4920 633 4978 naturali
673 4920 754 4975 vel
790 4919 1165 4991 compassione
1202 4921 1459 4990 proximi,
1504 4930 1560 4976 ct
1602 4929 1981 4977 remuneratur

397 5030 466 5069 ex
502 5015 605 5070 hoc
642 5013 733 5068 tali
775 5013 991 5080 aﬁ‘ectn,
1029 5014 1075 5069 si
1114 5014 1168 5070 in
1196 5013 1408 5069 caneris
1440 5013 1681 5087 regulam
1722 5023 1870 5069 recte
1896 5013 1978 5067 vi-

399 5107 555 5162 vendi
604 5123 709 5161 non
739 5107 1038 5162 excesserit
1070 5123 1082 5158 :
1125 5105 1179 5160 in
1212 5107 1464 5161 omnibus
1513 5116 1691 5162 tamen
1720 5122 1839 5176 qum
1866 5107 1982 5162 vult

400 5207 457 5252 et
484 5212 603 5267 qua:
632 5196 783 5262 facit,
819 5196 1012 5251 divina:
1040 5195 1301 5250 voluntati
1348 5196 1680 5253 concordare
1727 5196 1978 5263 intendit,

400 5294 457 5341 et
487 5286 621 5341 nihil
655 5295 845 5341 contra
875 5301 999 5340 eum
1033 5285 1215 5341 facere
1236 5285 1507 5356 disponit;
1554 5287 1680 5357 quia
1706 5296 1835 5342 tunc
1866 5295 1985 5341 tan-

403 5386 514 5430 tum
550 5386 634 5431 est
668 5376 809 5432 bona
847 5375 1096 5431 voluntas
1140 5376 1395 5445 humana,
1433 5380 1651 5448 quando
1691 5378 1804 5433 vult
1851 5378 1981 5434 illud

400 5468 543 5538 quod
573 5469 710 5523 Deus
737 5468 851 5523 vult
880 5469 1023 5523 illam
1050 5468 1183 5524 velle
1215 5487 1228 5523 :
1259 5478 1312 5526 et
1340 5470 1417 5527 sic
1448 5474 1741 5530 concordat
1765 5472 1980 5539 divinae,

401 5575 522 5631 quae
557 5561 813 5631 magistra
839 5572 922 5635 est
946 5560 1234 5618 bumanae..

2090 4559 2391 4627 voluntate,
2418 4568 2473 4613 et
2503 4556 2649 4628 quod
2684 4566 2844 4611 orant
2878 4572 2985 4611 non
3020 4556 3167 4611 facit.
3210 4556 3517 4611 Secundum
3550 4570 3681 4610 vero

2087 4649 2417 4703 voluntatem
2451 4662 2628 4714 suam,
2658 4663 2778 4717 qua:
2812 4645 2929 4715 ejus
2959 4648 3312 4718 pratscicntia:
3349 4647 3679 4715 sempiterna

2084 4751 2187 4808 est,
2217 4742 2393 4796 omnia
2441 4756 2763 4811 quaacunque
2805 4739 2964 4794 voluit
2996 4739 3138 4809 fecit,
3192 4757 3295 4794 non
3326 4740 3500 4795 solum
3538 4755 3679 4809 pra:-

2086 4834 2266 4900 terita,
2313 4830 2394 4886 vel
2426 4831 2735 4902 prmsentia,
2780 4831 2871 4885 sed
2899 4831 3061 4885 etiam
3102 4828 3304 4885 futura.
3354 4830 3675 4901 Gregorius:

2090 4922 2230 4978 Deus
2253 4922 2361 4978 vult
2397 4939 2573 4977 omnes
2609 4923 2841 4978 homines
2877 4922 3049 4977 salvos
3071 4922 3209 4991 ﬁeri,
3234 4923 3288 4976 id
3311 4934 3385 4979 est
3413 4921 3545 4975 nulli
3573 4922 3686 4975 sal-

2092 5025 2301 5078 vantur,
2341 5014 2441 5068 nisi
2484 5030 2614 5084 quos
2664 5014 2768 5068 vult
2818 5014 3035 5080 salvari,
3079 5014 3157 5068 vel
3206 5015 3270 5068 de
3309 5016 3452 5068 omni
3496 5029 3680 5083 genere

2087 5106 2355 5159 hominum
2378 5105 2543 5175 aliqui
2564 5105 2854 5161 salvantur.
2884 5105 2981 5161 Vel
3015 5106 3117 5160 vult
3146 5122 3324 5160 omnes
3345 5106 3519 5161 salvos
3539 5104 3677 5173 ﬁeri,

2086 5199 2142 5251 id
2164 5208 2239 5252 est
2281 5214 2382 5252 non
2421 5199 2554 5269 cogit
2591 5198 2817 5270 aliquem
2845 5199 3109 5255 damnari.
3155 5199 3306 5262 Item,
3341 5199 3408 5253 de
3452 5199 3681 5268 conjuge

2090 5288 2293 5343 inﬁdeli
2322 5288 2644 5344 dimittendo
2697 5291 2802 5345 dici
2828 5299 3063 5361 oportet,
3126 5306 3231 5345 non
3261 5289 3519 5354 dimittat,
3550 5289 3679 5357 quia

2088 5380 2188 5435 etsi
2219 5380 2368 5446 licet,
2399 5396 2503 5437 non
2534 5383 2769 5453 expedit.
2812 5382 2943 5437 Item
2976 5384 3028 5437 in
3057 5383 3193 5438 libro
3226 5383 3301 5439 De
3328 5381 3678 5453 parvulorum

2091 5472 2359 5544 baptismo
2389 5492 2402 5529 :
2440 5474 2586 5529 Sicut
2620 5475 2756 5529 bona
2789 5475 2924 5531 male
2962 5476 3039 5530 uti
3078 5475 3275 5530 malum
3314 5484 3407 5543 est,
3441 5475 3517 5529 sic
3536 5474 3680 5528 malo

2092 5566 2216 5621 bene
2247 5568 2322 5621 uti
2356 5567 2545 5622 bonum
2573 5577 2667 5622 est.
