3940 6046
271 305 377 362 585

1351 292 1652 348 IItMIILIIE
1705 289 1790 346 ET
1825 285 2428 345 EXIIOR'I‘ATIONES.

283 425 1884 466 mwﬂ—
1215 425 1228 430 -
1233 419 2278 444 "mw

561 419 3168 782 tremens}

3418 279 3524 338 586

3285 407 3512 420 -—-——~—‘

2367 415 2564 424 ..ρ-η...-
2593 415 2922 422 —_._._.__.__—_
2935 413 3282 420 ..ν-ψ...

2633 429 2696 436 -η-ο
2705 427 3266 436 .———.—.——.__-———————-.—-_.

2355 429 2632 439 m—

3269 425 3502 440 Ἦ

1342 920 1422 973 CA
1436 911 1895 974 N'I‘UARIENSIS
1932 913 2444 971 AIlClllEI’lSCOPI

535 1135 1454 1278 OPERUM
1599 1128 2171 1336 PARS
2293 1126 3261 1270 SECUNDA

794 1467 1566 1600 ASCETICA
1685 1473 1890 1596 ET
1994 1467 3044 1595 PAR/ENETICA

417 1863 1280 2022 HOMILUE
1392 1865 1638 2014 ET
1778 1857 3414 2020 EXHORTATIONES

1702 2132 1996 2142 ._.._._—_—.—

599 2237 950 2310 153-155
981 2229 1260 2293 HOMILI'A
1289 2235 1520 2292 PRIMA.

265 2329 329 2388 In
367 2345 524 2388 ILLe-n
549 2330 998 2385 Eccnesusrncr:
1040 2327 1102 2382 In
1149 2329 1389 2383 onmibns
1432 2329 1657 2399 requiem
1721 2344 1863 2397 qua:-

345 2423 465 2488 siri,
485 2431 532 2475 et
561 2422 618 2474 in
649 2420 955 2474 luendi-tate
997 2417 1112 2488 ejus
1135 2420 1408 2475 morabor.
1429 2419 1574 2472 Tunc
1596 2419 1861 2488 prwcepit,

341 2511 392 2566 et
431 2513 565 2566 dixit
599 2511 726 2564 mihi
767 2510 988 2565 Greater
1025 2511 1290 2574 omnium;
1315 2521 1360 2564 et
1398 2510 1488 2580 qui
1537 2511 1728 2563 creavit
1759 2525 1862 2573 me,

345 2603 592 2672 requievit
621 2602 677 2655 in
703 2600 1042 2655 tabernaculo
1067 2615 1179 2655 meo
1205 2599 1396 2670 (Eccli.
1434 2617 1582 2662 xxiv,
1613 2600 1724 2669 Il).

345 2692 621 2762 Sapientia
646 2706 751 2747 non
779 2691 1036 2761 loquitur,
1066 2705 1228 2760 quam
1271 2691 1557 2760 Apostolus
1587 2685 1862 2758 Christum

269 2797 398 2838 esse
437 2789 684 2846 testatur,
714 2780 938 2834 dicens:
977 2780 1242 2832 Christum
1299 2779 1392 2832 Dei
1421 2781 1656 2832 virtutem
1695 2789 1742 2831 et
1770 2777 1863 2830 Det

269 2874 584 2942 sapientiam
655 2871 722 2941 (I
757 2871 879 2925 Cor.
933 2887 972 2937 ι,
1005 2869 1139 2940 24).
1202 2869 1477 2939 Sapientia
1534 2885 1684 2941 ergo,
1743 2885 1866 2940 quae

269 2963 526 3018 Christus
563 2974 664 3024 est,
689 2964 740 3017 id
785 2973 870 3016 est
907 2963 1184 3016 incuruata
1233 2961 1324 3016 Dei
1363 2961 1650 3030 sapientia,
1679 2961 1814 3016 dicit
1847 2981 1858 3016 :

267 3051 342 3108 lu
365 3053 604 3108 omnibus
627 3054 856 3124 requiem
881 3053 1115 3123 quwsivi.
1153 3053 1278 3107 Post
1334 3053 1572 3106 laborem
1603 3067 1734 3105 vero
1784 3069 1864 3106 rc-

269 3146 434 3214 qnies
459 3144 595 3200 solet
633 3145 824 3212 quani.
883 3145 1144 3199 Dominus
1197 3156 1378 3200 autem
1431 3145 1483 3197 in
1535 3161 1594 3200 se
1645 3145 1860 3215 quidem

269 3235 491 3302 quietus
527 3242 582 3288 et
618 3235 1076 3289 incommutabilis
1102 3245 1186 3289 est
1218 3251 1230 3298 ;
1274 3235 1368 3289 sed
1399 3243 1580 3289 tamen
1611 3234 1864 3290 laborare

271 3334 528 3390 testatur,
593 3341 716 3379 cum
763 3326 928 3382 duras
971 3327 1248 3381 hominum
1302 3330 1598 3396 pravitates
1649 3326 1861 3390 tolerat,

269 3419 466 3474 dicens
498 3420 719 3474 cuilibet
776 3419 1004 3473 talium:
1049 3419 1332 3474 Pra’b’uisti
1381 3420 1512 3474 mihi
1546 3420 1776 3473 laborem
1809 3420 1864 3472 in

268 3509 642 3580 iniquitatibus
693 3511 798 3564 tuis
829 3509 966 3580 (Isa.
997 3525 1150 3574 mn,
1178 3509 1292 3580 24).
1321 3509 1429 3564 Sed
1456 3519 1510 3565 et
1541 3510 1668 3564 dum
1699 3525 1864 3580 appa-

1893 2236 2154 2305 Apossit.
2188 2233 2360 2305 Negat
2396 2242 2574 2290 autem
2626 2235 2698 2289 illi
2756 2236 2812 2290 in
2872 2251 2930 2292 se
2985 2239 3250 2308 requiem,
3317 2243 3409 2311 qui
3447 2257 3550 2298 non

1967 2323 2134 2379 vulta
2165 2325 2320 2380 malis
2351 2325 2608 2395 operibus
2644 2333 2700 2380 et
2729 2327 3015 2384 desideriis
3058 2345 3300 2398 cessare,
3331 2335 3466 2398 utin
3494 2351 3550 2392 se

1966 2415 2142 2470 locum
2167 2415 2363 2484 quietis
2392 2416 2499 2469 Deo
2520 2424 2682 2484 queat
2703 2416 2967 2484 prtebere.

2041 2504 2108 2558 Et
2161 2507 2214 2558 in
2267 2506 2604 2572 luereditate,
2679 2506 2884 2576 inquit,
2943 2509 3059 2577 ejus
3109 2511 3371 2566 morabor.
3422 2511 3553 2584 Ejus

1969 2597 2194 2666 respicit
2234 2607 2290 2651 et
2311 2597 2375 2650 ad
2401 2597 2666 2665 requiem,
2691 2607 2748 2653 et
2771 2599 2838 2654 ad
2879 2600 3003 2664 hoc,
3031 2602 3172 2670 quod
3219 2619 3381 2673 supra
3402 2606 3546 2661 dixe-

1969 2697 2098 2743 rat:
2139 2689 2254 2759 Ego
2303 2707 2367 2743 ea:
2419 2706 2506 2744 ore
2559 2687 2820 2746 Altissimi
2859 2693 3052 2760 prodii,
3113 2704 3174 2748 ut
3221 2696 3550 2766 intelligatur

1971 2781 2085 2834 haec
2134 2779 2420 2833 haereditas
2467 2788 2522 2832 et
2577 2779 2783 2850 requiei
2832 2788 2886 2835 et
2951 2782 3238 2849 Altissimi,
3305 2787 3550 2842 videlicet

1969 2871 2266 2925 electorum
2316 2869 2622 2936 multitudo,
2681 2885 2817 2940 quos
2860 2871 2976 2942 ipse
3009 2874 3324 2931 Altissimus
3367 2879 3434 2932 ad
3479 2879 3552 2931 vi-

1970 2961 2201 3014 dendam
2233 2975 2344 3014 sua:
2368 2959 2708 3014 celsitudinis
2737 2960 2960 3030 gloriam
2985 2963 3223 3020 elevatos
3241 2965 3293 3020 in
3322 2982 3556 3036 superno

1969 3067 2134 3122 regno
2181 3051 2498 3119 possidebit,
2553 3053 2740 3120 sicque
2771 3053 3162 3120 perpetualiter
3215 3057 3556 3125 requiescere

1969 3141 2148 3195 faciet.
2175 3142 2264 3193 Ait
2298 3143 2478 3210 itaque
2509 3159 2522 3193 :
2560 3139 2627 3194 In
2650 3143 2958 3196 lueretlitate
3007 3144 3124 3212 ejus
3181 3148 3446 3200 morabor.
3477 3151 3556 3202 At:

1966 3231 2009 3283 si
2034 3231 2178 3283 dicat
2211 3247 2224 3282 :
2263 3229 2317 3284 In
2356 3231 2608 3286 omnibus
2655 3229 2872 3298 quidem
2915 3233 3137 3300 quaesivi
3192 3236 3454 3303 requiem,
3491 3238 3556 3290 li-

1965 3331 2052 3376 cet
2084 3337 2190 3374 non
2221 3323 2274 3374 in
2301 3321 2554 3376 omnibus
2585 3332 3024 3390 perseverantem
3053 3338 3172 3378 eam
3211 3325 3550 3391 invenerim;

1967 3414 2060 3467 sed
2087 3413 2138 3466 in
2170 3414 2278 3479 his,
2323 3413 2414 3482 qui
2460 3413 2692 3482 praescili
2753 3423 2880 3468 sunt
2943 3415 3232 3471 lnereditas
3291 3418 3402 3481 Dei,
3445 3435 3554 3472 mo-

1970 3505 2143 3564 rubor,
2173 3505 2222 3556 id
2251 3513 2330 3558 est
2353 3513 2766 3574 perseveranter
2787 3515 2838 3559 et
2863 3521 2967 3560 non
2992 3507 3058 3560 ad
3083 3507 3270 3562 horam
3301 3511 3551 3565 manebo.

271 3599 388 3652 ruit
417 3600 470 3653 in
509 3599 724 3654 mortali
761 3615 948 3665 carne,
994 3599 1260 3654 laboravit
1297 3613 1364 3653 ex
1394 3607 1578 3653 nostra
1635 3599 1864 3653 inﬁrmi-
1901 3591 1942 3644 Β
1967 3595 2024 3648 In
2050 3596 2154 3649 illis
2183 3597 2328 3649 enim
2361 3611 2466 3650 non
2503 3605 2748 3650 moratur
2779 3596 2872 3650 Dei
2899 3599 3190 3668 sapientia,
3220 3601 3310 3669 qui
3335 3602 3402 3656 ad
3429 3612 3559 3657 tem-

275 3699 408 3744 tate.
456 3689 581 3744 Ideo
639 3699 761 3754 post
794 3692 1249 3746 resurrectionem
1304 3707 1458 3745 suam
1509 3691 1562 3744 in
1611 3689 1863 3744 omnibus

269 3779 526 3847 quaesivit
547 3779 812 3848 requiem,
839 3787 898 3834 ut
931 3780 980 3833 in
1005 3779 1246 3833 omnium
1279 3779 1380 3832 lide
1411 3786 1464 3830 et
1489 3778 1626 3832 bona
1651 3779 1863 3832 actione

277 3872 667 3940 requiesceret.
700 3870 834 3926 Nam
865 3872 915 3925 in
947 3872 1144 3940 quibus
1168 3871 1421 3925 erunibus
1452 3872 1692 3940 requiem
1719 3885 1862 3940 quam

273 3962 488 4027 siverit,
555 3962 714 4016 docet
761 3961 1172 4030 pr.emittendo:
1215 3959 1282 4014 In
1337 3962 1479 4014 enini
1527 3971 1666 4014 terra
1723 3961 1861 4022 steti,

274 4063 324 4106 et
351 4053 405 4106 in
435 4054 574 4108 omni
595 4057 809 4123 populo,
843 4052 967 4105 etin
993 4053 1136 4104 onmi
1184 4059 1333 4120 gente
1358 4053 1641 4120 primatum
1678 4050 1858 4113 habui,

275 4156 326 4198 et
357 4145 590 4198 onrnium
635 4143 998 4198 excellentia»:
1037 4153 1084 4196 et
1121 4143 1422 4196 sub.‘imium
1468 4144 1628 4197 corda
1677 4143 1861 4197 virtute

275 4233 479 4288 calcari
534 4234 726 4306 (Ercli.
767 4250 916 4300 xxw,
950 4234 1025 4304 9).
1081 4234 1311 4302 Moxque
1367 4233 1680 4304 subjungit:
1719 4233 1784 4286 Et
1803 4234 1860 4286 in

277 4325 520 4378 omnibus
545 4325 770 4393 requiem
792 4325 1024 4395 quwsiui.
1051 4323 1108 4377 In
1135 4325 1386 4378 omnibus
1413 4339 1542 4394 ergo
1569 4324 1782 4394 populis
1809 4333 1863 4376 et

275 4415 532 4484 gentibus
563 4417 728 4471 totius
750 4418 920 4480 orbis,
949 4425 1002 4470 et
1034 4417 1084 4470 in
1111 4417 1323 4471 cunctis
1355 4418 1574 4487 regibus
1615 4431 1680 4470 ac
1711 4417 1858 4484 prin-

279 4507 510 4576 cipibus,
539 4523 765 4578 quorum
791 4509 893 4562 sibi
919 4507 1080 4562 corda
1114 4509 1325 4563 tandem
1353 4507 1588 4579 subegit,
1621 4507 1859 4577 requiem

275 4596 548 4665 qtuesivit.
573 4597 779 4652 Invenit
801 4608 979 4652 autem
1017 4598 1070 4651 iu
1101 4599 1184 4652 his
1207 4599 1468 4668 requiem,
1513 4601 1603 4670 qui
1635 4613 1862 4669 peccare

277 4685 586 4751 desierunt,
629 4697 684 4742 et
733 4697 924 4742 sancte
962 4703 1025 4742 ac
1071 4688 1216 4756 jnste
1259 4691 1463 4745 vivunt.
1508 4690 1608 4758 Qui
1665 4691 1720 4746 in
1761 4706 1860 4758 eo,

275 4775 422 4842 quod
457 4775 510 4827 in
539 4775 792 4830 onmibns
819 4777 1032 4846 p0pnlis
1061 4787 1112 4832 et
1135 4779 1446 4833 nationibus
1501 4787 1665 4849 atque
1693 4779 1859 4834 subli-

275 4865 478 4926 mibus,
542 4866 594 4920 id
641 4877 728 4920 est
779 4868 832 4921 in
879 4867 1214 4924 sublimitate
1274 4869 1594 4940 dignitatum
1647 4870 1857 4938 positis,

1969 3701 2070 3755 pus
2117 3687 2364 3750 credunt,
2405 3693 2462 3740 et
2499 3687 2554 3739 in
2607 3697 2850 3756 tempore
2906 3691 3220 3744 tentationis
3255 3695 3554 3748 recedunt:

1967 3778 2062 3832 sed
2099 3779 2152 3831 in
2196 3779 2276 3832 eis
2317 3785 2578 3841 moratur,
2638 3793 2774 3846 quos
2815 3780 2870 3832 in
2917 3779 3158 3834 bonitate
3210 3783 3339 3836 facit
3387 3800 3559 3853 usque

1967 3869 2019 3922 in
2061 3868 2220 3922 linem
2263 3881 2639 3938 perseverare.
2707 3867 2844 3923 Hinc
2892 3878 2975 3924 est
3026 3872 3170 3937 quod
3209 3870 3275 3924 de
3312 3873 3558 3940 quolibet

1969 3959 2152 4014 talium
2193 3959 2358 4014 dicit:
2413 3958 2714 4024 Venientes,
2781 3971 2829 4012 et
2875 3961 3196 4014 mansionem
3255 3963 3394 4031 apud
3439 3980 3556 4017 eum

1966 4048 2220 4118 faciemus
2253 4047 2437 4116 (Joan.
2477 4062 2586 4114 xw,
2617 4046 2736 4117 25).

2037 4139 2292 4209 Sequitur
2319 4159 2332 4192 :
2361 4138 2504 4193 Tum:
2533 4139 2798 4210 prtecepit,
2828 4150 2874 4193 et
2898 4140 3028 4194 dixit
3061 4143 3186 4196 mihi
3210 4141 3428 4198 Creator
3448 4159 3558 4198 om-

1966 4240 2142 4299 nium;
2173 4243 2218 4287 et
2241 4234 2332 4303 qui
2359 4234 2552 4286 creavit
2586 4249 2686 4299 me,
2717 4233 2957 4302 requievit
2985 4234 3040 4287 in
3063 4235 3392 4290 tabernaculo
3423 4254 3553 4302 meo,

1965 4336 2012 4381 et
2041 4327 2174 4380 dixit
2201 4325 2328 4379 mihi
2356 4340 2374 4378 :
2402 4323 2470 4378 In
2493 4324 2658 4378 Iacob
2697 4323 2956 4388 inhabita,
2985 4333 3032 4377 et
3055 4327 3108 4378 in
3131 4324 3302 4380 Israel
3313 4327 3561 4386 ,Ita-redi-

1965 4426 2096 4479 tare,
2119 4425 2166 4470 et
2197 4418 2250 4469 in
2277 4415 2450 4469 electis
2473 4415 2601 4467 meis
2655 4413 2802 4466 mitte
2858 4413 3082 4468 radices.
3139 4413 3304 4480 Tunc,
3361 4416 3554 4486 inquit,

1967 4521 2088 4558 cum
2133 4520 2232 4575 ego
2264 4493 2504 4572 requiem
2549 4503 2602 4555 in
2635 4503 2886 4558 omnibus
2939 4518 3260 4572 quaererem,
3325 4506 3434 4575 ille,
3465 4511 3556 4579 qui

1965 4596 2170 4651 creavit
2225 4611 2433 4660 omnes,
2466 4602 2520 4649 et
2543 4593 2631 4663 jus
2673 4594 2834 4648 habet
2889 4594 2941 4648 in
2971 4597 3241 4662 omnibus,
3283 4601 3554 4656 neminem

1965 4689 2078 4742 vult
2105 4689 2302 4758 perire,
2327 4687 2570 4755 praecepit
2625 4685 2755 4738 mihi
2798 4685 2926 4756 quid
2979 4687 3032 4741 in
3087 4688 3173 4744 his
3210 4705 3466 4760 agerem:
3502 4703 3556 4746 et

1963 4780 2052 4850 qui
2079 4797 2160 4833 me
2197 4793 2412 4847 quoque
2443 4793 2540 4847 pro
2573 4791 2760 4832 eorum
2799 4778 2974 4834 salute
3023 4783 3216 4834 creavit
3259 4784 3551 4836 secundum

1969 4873 2385 4936 humanitatem,
2463 4872 2575 4941 ipse
2627 4872 2872 4942 requievit
2937 4874 2991 4927 in
3027 4875 3366 4930 tabernaculo
3419 4893 3550 4930 meo.

275 4955 523 5025 requiem
553 4973 612 5012 se
641 4959 772 5014 dicit
812 4959 1094 5029 qumsisse,
1151 4961 1420 5032 signiﬁcat
1451 4962 1502 5016 in
1535 4977 1856 5033 unaquaque
1890 4941 1932 4998 ο
1967 4964 2218 5018 Creatum
2257 4977 2316 5016 se
2352 4962 2502 5026 dicit,
2543 4963 2670 5030 quia
2697 4941 2864 5018 homo
2918 4963 3092 5020 factus
3117 4975 3222 5028 est,
3255 4967 3346 5034 qui
3387 4983 3546 5035 snpe-

274 5048 378 5101 sub
406 5047 547 5102 ccelo
567 5057 728 5119 gente
785 5050 982 5106 multos
1035 5052 1212 5122 palam
1263 5055 1432 5118 cerni,
1471 5053 1564 5123 qui
1607 5069 1859 5122 perverse

273 5137 585 5202 vivant;et
607 5155 810 5209 paucos
845 5143 991 5196 velut
1051 5159 1216 5213 grana
1259 5145 1358 5199 sub
1405 5145 1576 5215 paleis
1603 5147 1855 5210 inveniri,

273 5227 368 5296 qui
395 5229 535 5283 bene
565 5239 745 5300 agant.
777 5232 889 5287 Hoc
919 5233 1062 5287 enim
1112 5235 1394 5304 quireritur,
1426 5235 1569 5305 quod
1603 5236 1732 5291 latet
1759 5253 1860 5292 nec

275 5317 526 5373 habetur.
586 5323 692 5377 Sed
721 5325 852 5377 etin
879 5325 1122 5393 quolibet
1161 5327 1226 5381 ad
1259 5329 1417 5381 vitam
1477 5329 1859 5397 prwdestinato

273 5409 474 5476 quaerit
495 5410 746 5469 Christus
767 5417 866 5471 sibi
899 5419 1166 5486 requiem,
1186 5419 1312 5472 dum
1343 5419 1520 5474 adhuc
1541 5432 1855 5489 peccantem

273 5513 403 5554 eum
464 5513 763 5572 exspectat,
807 5514 864 5559 et
909 5506 992 5562 vel
1043 5511 1328 5578 pratceptis
1377 5521 1468 5564 seu
1530 5510 1772 5574 monitis,
1804 5519 1861 5565 et

275 5589 579 5658 miraculis,
603 5604 659 5649 et
688 5598 982 5666 prosperis,
1033 5608 1090 5655 et
1113 5601 1356 5656 adversis
1401 5603 1576 5670 ipsum
1631 5615 1854 5656 conver-

277 5691 398 5742 tere
417 5693 472 5743 et
502 5685 662 5740 talem
703 5687 880 5742 facere
929 5691 1127 5756 studet,
1179 5701 1234 5746 ut
1294 5693 1346 5747 in
1399 5705 1466 5748 co
1514 5693 1855 5764 requiescere

528 5781 803 5844 Parnon.
838 5781 1105 5846 CLVIII.

1965 5057 2078 5109 rius
2132 5063 2442 5109 asseruerat
2465 5069 2524 5109 se
2551 5061 2677 5108 ante
2711 5057 2904 5110 saecula
2938 5057 3176 5125 genitura
3205 5071 3234 5109 a
3265 5057 3444 5119 Patre,
3467 5059 3542 5109 di-

1963 5162 2094 5202 cens
2120 5165 2132 5200 :
2161 5146 2270 5217 Ego
2313 5145 2570 5215 sapientia
2605 5161 2670 5200 ea:
2709 5163 2798 5200 ore
2827 5147 3081 5200 Altissimi
3127 5146 3322 5213 prodii,
3352 5147 3550 5216 primo-

1962 5243 2135 5313 genita
2164 5253 2340 5296 autem
2373 5250 2496 5295 ante
2521 5257 2724 5295 omnem
2747 5251 3040 5295 creaturam
3069 5239 3260 5312 (Eccli.
3293 5255 3442 5305 xxiv,
3469 5241 3546 5311 5).

1966 5330 2395 5386 Tubernaculum
2419 5345 2548 5385 vero
2567 5331 2730 5401 hujus
2741 5330 3016 5400 sapientia:
3031 5339 3112 5384 est
3127 5345 3322 5398 corpus
3339 5345 3545 5384 assmu-

1971 5433 2141 5492 ptnm,
2169 5420 2236 5476 de
2264 5435 2371 5490 quo
2397 5419 2532 5476 alias
2565 5421 2766 5477 dicitur
2796 5443 2810 5476 :
2841 5421 2908 5476 In
2929 5421 3037 5476 sole
3085 5424 3257 5491 posuit
3300 5423 3548 5478 taberna-

1968 5513 2140 5567 culum
2171 5528 2325 5566 suum
2369 5511 2543 5582 (Psal.
2597 5529 2754 5578 xvur,
2805 5513 2882 5580 6),
2921 5511 2970 5566 id
2998 5523 3077 5568 est
3127 5513 3182 5568 in
3216 5513 3548 5570 manifestis-

1969 5605 2106 5660 sima
2133 5605 2361 5670 visione,
2405 5621 2602 5676 corpus
2649 5619 2825 5659 suum.
2859 5604 2914 5658 In
2950 5604 3052 5659 hoc
3085 5603 3436 5661 tabernaculo
3465 5620 3553 5660 re-

1965 5695 2166 5768 quievit
2201 5695 2378 5752 Pater
2399 5735 2414 5763 ,
2443 5695 2570 5764 quia
2601 5693 2804 5758 nullum
2847 5712 2900 5751 ιη
2925 5711 2992 5752 eo
3011 5705 3296 5765 peccatum
3321 5697 3548 5764 invenit,

2999 5791 3073 5852 19

2369 5855 2398 5875 κ’
