3940 6046
321 350 432 411 589

1405 332 1713 390 HOM‘ILIIE
1757 328 1840 384 ET
1886 320 2486 384 EXllORTATIONES.

3477 316 3581 370 590

322 464 495 534 puto,-
535 461 660 532 quia
715 459 810 514 Dei
857 459 1107 514 timorem
1167 456 1518 512 credentibus
1575 453 1754 516 dedit,
1804 464 1902 518 per
1931 454 1977 512 Α
2007 459 2278 517 cypressus
2300 442 2355 495 in
2398 436 2751 534 monleSion
2799 446 2882 490 est
2933 432 3400 534 cxaltatus,.quia
3440 432 3587 534 Deus

323 561 487 622 quem
552 564 782 620 peccare
839 549 1122 612 desistant,
1169 546 1430 616 quoniam
1482 543 1640 596 timor
1688 539 1902 595 Domini

326 641 536 710 expellit
579 647 848 709 peccatum
879 636 1080 706 (Eocti.
1108 651 1146 701 ι,
1170 636 1262 706 ‘27)
1291 652 1304 688 :
1364 648 1491 688 nam
1548 631 1638 702 qui
1691 630 1807 686 sine
1835 629 1904 682 ti-

328 746 481 786 more
531 739 637 795 est,
670 742 776 784 non
817 727 1034 798 poterit
1080 725 1393 796 iustiﬁcari.
1441 724 1618 778 Item:
1670 719 1905 789 Populus

331 821 720 876 honoriﬁeatus
782 826 874 873 est
919 827 1096 873 cmtus
1145 815 1544 884 religiosorum.
1590 811 1658 866 Et
1690 811 1744 865 in
1795 808 1907 863 hoc

328 911 578 965 Christus
605 911 678 964 ita
730 904 1012 971 radicavit,
1073 915 1137 960 ut
1183 904 1342 959 evelli
1402 903 1529 957 inde
1603 901 1922 955 nullatenus-

330 1003 523 1074 possit.
550 1001 702 1057 Fecit
729 1001 875 1055 enim
897 1000 1040 1069 quod
1071 998 1325 1068 superius
1355 1010 1386 1049 λ
1417 995 1582 1048 Patre
1629 993 1835 1047 dictum
1858 991 1908 1044 ei

330 1089 527 1155 faciat,
557 1090 624 1144 In
642 1091 817 1144 electis
843 1090 971 1144 meis
1003 1089 1148 1142 mitte
1199 1087 1423 1141 radices.
1450 1085 1553 1151 Qui
1590 1093 1645 1138 et
1683 1083 1908 1152 subjun-

328 1184 401 1250 git
437 1200 450 1235 :
487 1180 550 1233 Et
573 1183 632 1234 in
659 1180 920 1250 ραν-ιεΒεί
957 1181 1057 1234 mei
1082 1179 1361 1234 htereditas
1405 1176 1571 1231 illius.
1605 1174 1791 1228 Partes
1817 1173 1910 1229 Dei

328 1283 451 1326 sunt
509 1271 805 1328 electorum
878 1271 1156 1337 Ecclesiae,
1214 1270 1526 1339 diversique
1596 1276 1911 1324 sanctorum

324 1361 568 1424 ordines,
598 1370 653 1415 et
683 1362 821 1416 bene
851 1360 1148 1415 viventium
1170 1360 1336 1414 variae
1391 1358 1662 1414 actiones.
1720 1356 1824 1424 Qui
1855 1363 1914 1410 et

329 1452 584 1506 Christus
633 1451 774 1505 Deus
799 1458 904 1516 est,
942 1450 1070 1520 quia
1101 1457 1157 1504 et
1203 1447 1453 1504 Christus
1480 1448 1660 1502 homo.
1699 1447 1757 1501 in
1792 1461 1912 1501 om-

331 1557 425 1595 nes
446 1555 575 1611 ergo
597 1541 692 1595 Dei
727 1550 907 1610 partes
961 1541 1200 1595 tenditur
1243 1538 1530 1594 haereditas
1577 1538 1726 1593 illius
1749 1553 1764 1603 ;
1787 1537 1914 1607 quia

328 1640 385 1684 et
405 1644 596 1684 omnes
625 1628 880 1683 Ecclesiae
911 1627 1204 1698 iustorum,
1240 1636 1297 1682 et
1329 1627 1638 1697 quicunque
1659 1625 1914 1682 eilauda-

329 1722 513 1775 biliter
533 1721 584 1774 in
607 1719 772 1773 variis
793 1718 1219 1788 professionibus
1237 1726 1296 1773 et
1325 1719 1628 1773 actionibus
1648 1718 1910 1783 serviunt,

2006 538 2184 606 ipsum
2222 534 2388 602 dedit,
2422 531 2760 597 utscriptum
2790 536 2893 592 est,
2929 540 3093 595 supra
3115 524 3298 578 mania
3329 523 3584 579 Ecclesia:

2004 628 2280 682 viriditate
2314 637 2528 692 semper
2561 617 2992 676 immarcessibili
3019 623 3358 681 vomentem,
3381 623 3436 669 et
3465 628 3586 683 per-

2005 720 2181 789 petuis
2223 716 2490 771 fructibus
2517 713 2909 776 abundantem,
2936 725 2998 766 ac
3019 707 3377 780 redolentiam
3428 709 3586 764 bona
3673 731 3684 740 ι

2008 811 2163 865 tanta:
2193 817 2555 880 spargentem.

2078 903 2382 972 Sequitur:
2421 899 2586 964 Quasi
2627 897 2802 966 palma
2847 895 3080 949 exaltata
3131 908 3248 947 sum
3285 894 3344 946 in
3389 890 3580 948 Cedet.

2010 992 2177 1046 Gades
2205 992 2592 1058 interpretatur
2629 985 2926 1040 sanctitudo
2949 1000 2974 1038 ς
3005 982 3182 1052 palma
3203 981 3586 1037 ‘veroinleri'us

2012 1090 2160 1136 tactu
2185 1093 2381 1149 aspera
2403 1085 2509 1143 est,
2539 1087 2594 1130 et
2618 1075 2766 1130 velut
2793 1073 2960 1127 aridis
2983 1071 3279 1128 corticibus
3300 1070 3584 1134 obvoluta;

2010 1171 2260 1242 superius
2309 1177 2491 1223 autem
2538 1175 2594 1220 et
2620 1166 2737 1219 visu
2771 1172 2826 1218 et
2854 1163 3120 1218 fructibus
3143 1161 3395 1232 pulchra.
3448 1159 3592 1214 infe“

2013 1262 2128 1317 rius
2159 1260 2426 1315 corticum
2485 1271 2706 1313 suarum
2747 1253 3180 1310 iavolutionibus
3230 1260 3584 1324 angustatur;

2014 1354 2108 1409 sed
2132 1352 2383 1421 superius
2409 1349 2760 1420 amplitudine
2791 1346 3030 1416 pulchra:
3064 1345 3359 1401 viriditatis
3396 1345 3588 1400 dilata~

2015 1453 2120 1499 tur.
2158 1441 2250 1497 Sic
2289 1440 2546 1495 nimirum
2594 1437 2796 1492 Christi
2827 1445 2882 1491 et
2933 1438 3300 1492 membrorum
3334 1437 3454 1506 ejus
3480 1437 3591 1491 vita

2017 1529 2241 1585 inferius
2265 1531 2539 1599 despecta,
2572 1537 2627 1581 et
2655 1527 2904 1596 superius
2926 1527 3184 1597 pulchra;
3215 1526 3268 1580 in
3294 1527 3416 1582 imis
3436 1527 3590 1596 quasi

2015 1621 2201 1676 multis
2229 1621 2523 1676 corticibus
2566 1617 2892 1681 obvolvitur,
2926 1618 3052 1671 dum
3099 1617 3399 1671 innumeris
3422 1617 3593 1672 tribu-

2015 1707 2309 1767 lationibus
2358 1717 2705 1781 angustatur;
2749 1709 2804 1762 in
2857 1707 3085 1762 summis
3129 1720 3260 1762 vero
3288 1708 3439 1778 quasi
3475 1707 3594 1778 pul-

325 1812 388 1865 in
405 1819 610 1864 aiterna
652 1806 770 1876 ejus
795 1783 1110 1862 haereditate
1137 1815 1317 1862 erunt.
1371 1807 1439 1861 Et
1486 1808 1542 1862 in
1566 1808 1909 1878 plenitudine,
1942 1783 1988 1843 Β
2017 1803 2164 1858 ειη-ω
2191 1801 2484 1856 viriditatis
2537 1799 2680 1855 foliis
2725 1799 3077 1868 amplitudine
3121 1786 3472 1855 beatitudinis
3500 1814 3597 1854 cx-

329 1898 528 1966 inquit,
573 1904 874 1969 sanctorum
917 1897 1044 1962 erit,
1068 1896 1158 1952 ubi
1204 1895 1383 1952 nullus
1417 1910 1608 1952 eorum
1645 1896 1912 1963 defuerit;

330 1988 428 2043 sed
453 1986 722 2056 completo
744 1986 986 2056 ipsorum
1013 2001 1246 2042 numero
1286 1987 1464 2043 omnis
1505 2003 1694 2043 eorum
1741 1999 1917 2044 cretus

331 2079 602 2134 adunatus
620 2079 744 2133 erit.
773 2077 960 2148 ibique
979 2079 1084 2134 erit
1110 2079 1405 2134 ineat-naue
1434 2079 1715 2149 sapientiai
1739 2079 1918 2133 deten-

331 2170 430 2236 tio,
454 2169 583 2238 quia
607 2169 724 2225 sine
745 2169 850 2224 tiae
872 2167 1204 2224 detinebitur
1237 2168 1290 2225 in
1312 2170 1413 2236 eis,
1437 2169 1704 2224 delectata
1729 2183 1920 2224 eorum

334 2260 546 2316 meritis
573 2275 588 2314 :
613 2275 716 2316 nec
755 2259 824 2315 ad
851 2260 1131 2330 reprobos,
1179 2260 1274 2330 qui
1317 2259 1560 2317 damnati
1603 2269 1784 2326 erunt,
1805 2259 1918 2330 jam

332 2352 546 2419 exibit;
570 2353 697 2424 quia
730 2351 958 2409 ulterius
993 2359 1054 2408 ut
1069 2360 1478 2418 convertantur,
1530 2366 1626 2406 eos
1669 2367 1775 2407 non
1802 2367 1918 2406 mo-

336 2437 506 2498 nebit.

407 2533 706 2604 Sequitur:
747 2532 912 2599 Qitasi
973 2533 1159 2588 cedrus
1201 2533 1436 2588 macta
1481 2547 1600 2588 sum
1635 2532 1692 2587 in
1717 2530 1922 2587 Libano

332 2632 382 2674 et
415 2622 567 2690 quasi
587 2635 859 2690 cypressus
876 2622 935 2674 in
969 2626 1152 2676 .ma‘nte
1193 2621 1348 2677 Sion.
1385 2620 1545 2676 Sicut
1585 2621 1783 2677 cedrus
1823 2635 1920 2696 sua

331 2709 657 2764 celsitudine
695 2724 955 2779 superans
1007 2710 1250 2766 euntium
1284 2709 1515 2766 aliarum
1561 2711 1817 2766 arborum
1839 2712 1916 2766 al-

337 2801 596 2855 titudines
613 2803 825 2855 excelsa
853 2809 936 2855 est
955 2800 1014 2855 in
1037 2810 1220 2857 monte
1257 2801 1487 2868 Libano,
1534 2802 1627 2872 qui
1658 2812 1743 2857 est
1761 2802 1924 2856 altior

335 2888 588 2943 omnibus
615 2889 738 2943 aliis
784 2890 1056 2945 montibus
1079 2901 1235 2946 terra:
1263 2892 1659 2960 promisionis,
1682 2901 1735 2946 et
1757 2891 1925 2946 inter-

337 2990 588 3049 pretatur
601 2981 904 3035 candidatio
923 2999 942 3036 :
954 2983 1032 3038 sic
1047 2981 1310 3036 Hediator
1326 2983 1418 3037 Dei
1427 2993 1473 3037 et
1487 2984 1754 3037 hominum
1766 2984 1922 3038 homo

339 3067 579 3122 Christus
601 3065 638 3120 J
647 3084 765 3124 esus
796 3069 849 3139 (1
879 3068 1013 3123 Tim.
1030 3085 1093 3135 ll,
1129 3071 1181 3139 5)
1203 3085 1364 3140 super
1379 3086 1596 3126 omnem
1623 3072 1919 3141 primorum
1949 3109 1995 3173 C

339 3161 718 3218 celsitudinem
748 3159 1063 3230 angelbrum
1099 3162 1418 3218 sublimatus
1459 3172 1564 3228 est,
1587 3165 1678 3232 qui
1703 3173 1924 3234 propter

342 3249 627 3306 clariorem
650 3253 871 3307 luminis
889 3267 1007 3322 quq
1022 3251 1228 3322 fulgent
1252 3255 1564 3321 candorem,
1592 3253 1847 3318 Libanus,
1872 3255 1924 3311 id

343 3347 425 3393 est
468 3341 798 3409 candidatio,
842 3351 991 3396 recte
1030 3351 1315 3407 vocantur,
1367 3351 1420 3397 et
1451 3343 1663 3399 caeteris
1705 3344 1926 3400 altiores

345 3429 668 3485 sunt.llanc
708 3432 852 3486 illius
873 3432 1261 3488 exaltationem
1314 3434 1556 3489 declarat
1612 3434 1924 3504 Apostolus,

344 3533 599 3576 asserens
645 3523 770 3590 quia
831 3521 992 3578 Pater
1035 3538 1160 3579 eum
1210 3525 1494 3579 constituit
1539 3526 1608 3579 ad
1659 3528 1926 3581 dexteram

347 3629 498 3667 suam
551 3615 606 3668 in
653 3616 967 3682 coelestibus,
1012 3633 1173 3686 supra
1221 3633 1424 3671 omnem
1468 3619 1820 3686 principatum
1875 3630 1925 3671 et

346 3713 764 3772 potestatem,~.et
805 3708 1066 3773 virtutem,
1112 3717 1159 3760 et
1207 3706 1639 3771 dominationem,
1687 3717 1734 3760 et
1780 3723 1928 3760 omne

351 3809 535 3848 nomen
559 3799 697 3864 quod
748 3797 1050 3850 nominatur
1109 3815 1214 3851 non
1240 3799 1411 3851 solum
1464 3798 1518 3850 in
1564 3799 1661 3851 hoc
1709 3798 1926 3865 siccato,

352 3884 444 3936 sed
467 3887 702 3940 etiamin
752 3887 932 3956 futuro
963 3905 981 3952 ;
1011 3898 1058 3940 et
1082 3889 1257 3941 omnia
1307 3888 1523 3956 subjecit
1572 3889 1668 3942 sub
1713 3889 1929 3956 pedibus

351 3977 466 4043 ejus
487 3975 705 4045 (Eplies.
738 3993 776 4041 ι,
809 3977 1030 4048 20-22).
1050 3979 1124 4032 Ita
1150 3980 1295 4033 velut
1319 3984 1511 4034 cedrus
1535 3991 1618 4035 est
1639 3977 1926 4036 exaltatus.

359 4067 461 4118 Cui
495 4068 568 4120 rei
594 4069 840 4138 congruit
861 4077 914 4122 et
941 4070 1083 4138 quod
1133 4071 1330 4124 cedrus
1369 4078 1454 4124 est
1476 4070 1845 4140 imputribilis,
1868 4085 1932 4124 ac

357 4159 675 4213 mirabiliter
714 4161 953 4226 redolet;
1007 4163 1131 4230 quia
1178 4163 1430 4220 Christus
1471 4179 1634 4219 carne
1687 4166 1799 4234 jam
1849 4175 1933 4221 est

357 4247 697 4314 immortalis,
746 4256 800 4301 et
857 4248 1178 4304 suavitatem
1212 4266 1278 4304 ex
1322 4267 1380 4306 se
1409 4253 1531 4306 miri
1563 4255 1768 4323 spargit.
1802 4255 1931 4309 odo-

358 4338 453 4403 ris,
505 4355 610 4407 quo
657 4339 996 4394 delectantur
1015 4351 1070 4396 et
1094 4344 1195 4411 ipsi
1243 4343 1418 4413 angeli
1457 4354 1512 4398 et
1541 4344 1784 4413 spiritus.
1839 4347 1932 4400 Vel

2017 1893 2288 1965 panditur.
2323 1890 2506 1946 Palma
2532 1892 2674 1945 enim
2706 1891 2931 1945 minoris
2983 1889 3353 1959 amplitudinis
3401 1901 3590 1945 contra

2022 1992 2272 2038 naturam
2303 1990 2623 2037 cacterarum
2655 1979 2910 2034 arborum
2958 1979 3026 2033 ab
3074 1979 3198 2032 imis
3248 1979 3490 2044 inchoat,
3539 1988 3596 2034 et

2013 2075 2167 2146 juxta
2192 2087 2374 2130 ramos
2403 2088 2467 2128 ac
2496 2073 2706 2127 fructus
2732 2071 2977 2142 ampliori
3015 2070 3208 2125 robore
3234 2074 3507 2143 exsurgit;
3536 2084 3593 2126 et

2019 2179 2140 2234 qua:
2171 2163 2347 2219 tenuis
2375 2163 2443 2218 ab
2479 2163 2601 2218 imis
2643 2161 2876 2230 prolicit,
2902 2162 3106 2215 vasuor
3146 2161 3212 2216 ad
3235 2151 3445 2217 summa
3473 2177 3595 2218 suc-

2021 2254 2258 2311 crescit:
2289 2253 2418 2324 quia
2461 2253 2756 2309 electorum
2795 2252 3170 2318 conversatio,
3215 2253 3310 2322 qui
3353 2254 3596 2309 membra

2019 2342 2221 2400 Christi
2245 2355 2390 2410 sunt,
2425 2345 2545 2414 plus
2571 2343 2804 2398 finiendo
2825 2343 3053 2412 peragit,
3089 2357 3249 2412 quam
3289 2344 3593 2400 inchoando

2022 2434 2298 2504 proponit;
2321 2441 2376 2489 et
2397 2434 2494 2503 ipsi
2518 2432 2834 2502 plerumque
2861 2431 3089 2500 tepidius
3113 2433 3286 2501 prima
3309 2432 3592 2499 inchoant,

2022 2520 2320 2578 ferventius
2347 2534 2590 2579 extrema
2619 2532 3022 2578 consummant.
3069 2523 3318 2579 Christus
3345 2539 3471 2594 ergo
3509 2529 3594 2582 vel

2024 2611 2078 2665 in
2109 2626 2170 2666 se
2191 2621 2246 2666 et
2283 2613 2336 2666 in
2368 2615 2480 2668 suis
2507 2613 2657 2683 quasi
2674 2611 2850 2683 palma
2890 2613 3158 2668 exaltatus
3189 2624 3270 2669 est
3299 2617 3360 2669 in
3403 2615 3592 2679 Gades,

2023 2701 2078 2756 id
2109 2711 2192 2757 est
2244 2703 2297 2756 in
2330 2703 2659 2757 sanctitate:
2694 2702 2819 2772 quia
2871 2703 3045 2757 sancti
3097 2718 3316 2775 semper
3371 2707 3436 2758 ad
3489 2708 3596 2759 alta

2023 2793 2358 2862 protlciendo
2383 2795 2686 2849 dilatantur
2709 2795 2762 2848 in
2789 2794 3103 2860 virtutibus,
3130 2805 3182 2850 et
3225 2802 3317 2867 qui
3353 2805 3542 2854 tenues
3567 2814 3596 2852 a

2025 2886 2210 2940 radice
2247 2886 2610 2956 incljoationis
2635 2897 2853 2952 exeunt,
2903 2887 3072 2942 fortes
3114 2888 3167 2942 in
3199 2888 3452 2944 culminis
3479 2906 3602 2959 per-

2025 2976 2258 3032 lectione
2287 2978 2694 3033 convalescunt.
2721 2977 2874 3044 Quod
2923 2978 2975 3032 in
3007 2979 3124 3048 ipso
3175 2981 3357 3050 capite
3391 2982 3597 3051 princi-

2023 3069 2222 3138 paliter
2246 3070 2508 3140 apparuit,
2541 3070 2665 3137 quia
2695 3070 2746 3122 in
2772 3070 3080 3125 novissimis
3108 3071 3279 3126 tribus
3302 3074 3456 3128 annis
3482 3089 3599 3128 ma-

2021 3160 2140 3229 jora
2167 3169 2226 3215 et
2261 3161 2412 3230 plura
2461 3161 2650 3231 gessit,
2691 3173 2853 3229 quam
2897 3161 2949 3215 in
2977 3162 3123 3217 omni
3155 3171 3428 3219 transacto
3469 3173 3601 3219 tem.

2025 3266 2156 3322 pore
2174 3267 2292 3307 suo.

2099 3345 2397 3414 Sequitur:
2454 3345 2521 3398 Et
2575 3362 2726 3414 quasi
2777 3345 3036 3416 ptantatio
3085 3361 3219 3402 rosa:
3263 3347 3319 3400 in
3366 3345 3599 3419 Je_riclto.

2025 3434 2302 3491 Plantatio
2328 3454 2484 3504 rosw,
2545 3447 2598 3491 et
2630 3439 2740 3506 ipsa
2787 3436 3012 3492 inferius
3043 3447 3127 3493 est
3175 3439 3413 3509 spinosa,
3445 3455 3607 3510 snpe-

2029 3527 2143 3583 rius
2169 3541 2347 3585 autem
2394 3527 2607 3594 ﬂorida,
2644 3531 2722 3585 sic
2747 3538 2802 3584 et
2829 3529 3078 3584 Christus
3117 3538 3200 3586 est
3251 3529 3478 3585 inferius
3508 3533 3604 3585 tri-

2029 3620 2363 3676 bulationum
2394 3621 2562 3690 spinis
2592 3622 2982 3686 circumdatus,
3021 3629 3183 3691 atque
3213 3623 3462 3691 superius
3486 3623 3605 3693 glo-

2025 3712 2110 3766 ria
2137 3720 2194 3765 et
2221 3713 2427 3768 honore
2467 3721 2778 3768 coronatus.
2827 3713 3038 3768 Jericfto
3073 3724 3278 3778 autem,
3311 3729 3430 3784 quae
3480 3716 3606 3769 luna

2031 3799 2250 3866 dicitur,
2294 3808 2349 3854 et
2404 3800 2564 3868 hujus
2612 3802 2797 3856 mundi
2826 3810 2880 3854 et
2910 3811 3110 3856 nostra:
3141 3804 3488 3858 mortalitatis
3515 3804 3609 3857 de-

2000 3928 2002 3930 τ
2030 3888 2229 3944 fectum
2261 3889 2572 3957 exprimere
2597 3889 2756 3944 solet.
2807 3890 3066 3945 Dominus
3110 3906 3237 3961 ergo
3260 3893 3387 3961 quia
3413 3893 3610 3947 missus

2029 3992 2060 4032 a
2092 3977 2230 4033 coelo
2261 3986 2501 4032 nostram
2541 3978 2593 4032 in
2637 3979 2744 4033 hoc
2772 3978 2972 4033 mundo
2997 3979 3384 4034 mortalitatem
3414 3981 3606 4045 induit,

2031 4069 2184 4138 quasi
2230 4069 2447 4123 aliunde
2484 4078 2568 4124 est
2608 4079 2940 4139 assumptus,
2980 4080 3034 4126 et
3071 4072 3128 4124 in
3153 4072 3365 4127 Iericho
3401 4073 3611 4142 planta-

2035 4169 2139 4214 tus.
2167 4158 2235 4214 Et
2265 4159 2317 4213 in
2349 4160 2452 4214 hoc
2497 4175 2633 4215 rosa:
2653 4170 2740 4215 est
2774 4161 3126 4227 assimilatas,
3155 4162 3403 4218 videlicet
3434 4163 3610 4218 humi-

2035 4247 2122 4314 lis,
2144 4256 2200 4304 ct
2235 4248 2619 4319 punctionibus
2641 4251 2954 4320 passionum
2993 4252 3220 4317 obsitus,
3253 4253 3348 4307 sed
3386 4252 3604 4307 tandem

2033 4339 2281 4409 superius
2327 4339 2460 4394 ﬂore
2487 4351 2761 4410 purpureo
2790 4341 3069 4410 dignitatis
3113 4343 3271 4412 regia:
3298 4343 3605 4400 decoratus.

354 4431 487 4482 sicut
531 4430 715 4484 cedrus
763 4440 845 4485 est
897 4433 1168 4488 exaltatus
1189 4436 1243 4488 in
1279 4434 1501 4500 Libano,
1538 4436 1588 4490 id
1621 4445 1703 4490 est
1728 4437 1780 4490 in
1811 4452 1936 4492 can-
1964 4439 2014 4498 D
2112 4429 2408 4499 Sequitur:
2445 4429 2613 4495 Qua“
2640 4429 2774 4484 οίίυα
2800 4432 3030 4499 ερεεὶοεα
3060 4433 3114 4485 δη
3145 4433 3364 4501 εαηιρίδο
3399 4433 3608 4489 Oliva!“

358 4521 634 4574 didatione
679 4522 1138 4590 sanctificationis,
1177 4527 1275 4579 hoc
1297 4537 1399 4590 est,
1430 4541 1617 4581 omnes
1641 4537 1858 4582 sanctos
1882 4530 1932 4581 in

357 4613 646 4666 sanctitate
685 4613 763 4666 sic
790 4615 1085 4680 superavit,
1149 4617 1286 4669 sicut
1309 4617 1504 4672 cedrus
1551 4618 1774 4673 arbores
1818 4621 1937 4673 uni-

360 4714 546 4754 versas
590 4701 640 4754 in
680 4701 919 4756 Libano:
967 4705 1219 4772 quoniam
1262 4720 1348 4770 ea,
1395 4699 1536 4776 qute'
1571 4710 1739 4778 gessit
1796 4711 1939 4763 inter

359 4789 628 4853 homines,
665 4790 737 4842 ita
761 4799 888 4845 sunt
931 4792 1190 4860 praeclara
1241 4803 1298 4849 et
1340 4795 1616 4864 sublimia,
1653 4806 1711 4852 ut
1753 4798 1936 4854 omnia

351 4877 624 4946 justorum
668 4880 748 4933 sic
784 4882 1168 4935 transcendant
1217 4885 1520 4952 cacumina,
1563 4896 1832 4954 quatenus
1881 4886 1936 4941 lii

357 4968 452 5036 qui
474 4968 700 5026 multum
724 4969 776 5023 in
805 4969 915 5024 Deo
935 4971 1302 5040 profecerunt,
1329 4989 1550 5044 operum
1575 4975 1692 5044 ejus
1713 4977 1937 5046 vestigia

359 5059 449 5112 vix
479 5070 701 5130 tangere
730 5060 964 5126 valeant,
1015 5063 1351 5120 admirantes
1391 5078 1463 5122 ex
1493 5069 1696 5123 vertice
1735 5069 1939 5137 cogita-

360 5149 541 5204 tionis.

432 5240 501 5294 Et
547 5244 698 5310 quasi
762 5261 1031 5316 oppressus
1082 5247 1138 5301 in
1185 5260 1356 5303 monte
1404 5247 1554 5304 Sion.
1610 5251 1763 5309 Mons
1809 5253 1939 5309 Sion

361 5327 607 5384 Ecclesia
655 5344 969 5388 sanctorum
1019 5344 1103 5390 est
1150 5337 1205 5390 in
1253 5338 1538 5394 altitudine
1582 5343 1839 5398 virtutum
1886 5353 1942 5399 et

361 5421 730 5494 speculatione
765 5427 1258 5496 contemplationis,
1307 5439 1362 5484 et
1417 5433 1661 5488 sollicitae
1709 5436 1942 5490 circum-

364 5515 692 5585 Spectionis:
734 5517 892 5588 157
927 5535 1217 5589 cypressus
1265 5533 1446 5578 autem
1493 5526 1640 5579 omni
1701 5537 1942 5595 tempore

364 5607 664 5662 virentibus
705 5604 892 5664 vernat
950 5610 1092 5667 foliis
1137 5621 1195 5666 ut
1225 5615 1407 5681 pinus,
1435 5625 1490 5670 et
1523 5615 1756 5671 fructum
1799 5632 1942 5672 sem-

366 5715 462 5769 per
501 5697 685 5766 habet,
755 5715 818 5756 ac
878 5701 1012 5758 bene
1061 5703 1286 5758 redolet.
1333 5705 1582 5761 Christus
1629 5722 1758 5778 ergo
1799 5707 1940 5762 sicut

2038 4523 2333 4589 speciosam
2358 4523 2412 4575 in
2439 4522 2646 4590 campis
2667 4522 2850 4576 videre
2879 4531 3074 4591 potest,
3101 4533 3154 4578 et
3177 4525 3228 4579 in
3252 4527 3368 4595 ejus
3389 4538 3612 4599 aspectu

2035 4611 2314 4678 delectari,
2346 4613 2592 4681 quisquis
2619 4627 2717 4682 per
2744 4628 2932 4683 gyrum
2968 4624 3023 4669 et
3049 4614 3205 4688 longe
3233 4627 3287 4673 et
3311 4635 3476 4692 prope
3502 4621 3615 4677 fue-

2041 4703 2108 4756 rit
2135 4719 2148 4756 :
2175 4703 2322 4757 itaet
2346 4700 2627 4758 Christum
2671 4705 2908 4774 undique
2949 4709 3150 4764 mundo
3191 4713 3494 4780 expositum
3536 4715 3618 4768 vi-

2038 4791 2166 4846 dere
2196 4801 2394 4860 potest,
2434 4801 2490 4846 et
2513 4794 2570 4847 in
2613 4793 2732 4862 ejus
2781 4794 2897 4848 visu
2950 4795 3227 4864 delectari,
3273 4801 3517 4871 quisquis
3547 4802 3614 4855 ad

2039 4896 2162 4938 eum
2191 4882 2422 4938 ﬁdeliter
2441 4892 2499 4938 et
2517 4885 2604 4954 pie
2626 4886 2921 4954 aspexerit.
2947 4885 3003 4940 In
3032 4888 3273 4956 qualibet
3291 4891 3440 4946 orbis
3460 4902 3615 4961 parte

2041 4973 2114 5027 sit
2136 4973 2296 5040 oliva,
2320 4975 2476 5044 pacis
2502 4983 2585 5029 est
2615 4976 2802 5029 nuntia
2834 4993 2846 5028 :
2888 4984 2944 5029 et
2988 4975 3153 5030 Isaias
3198 4977 3426 5032 miratur
3461 4980 3614 5048 pedes

2039 5063 2240 5120 Christi
2255 5066 2617 5119 annuntiantis
2639 5075 2684 5120 et
2698 5067 3036 5136 prtrdicantis
3059 5083 3238 5134 pacem
3260 5066 3395 5136 (Isa.
3419 5083 3515 5134 Lit,
3537 5070 3612 5140 7).

2041 5155 2206 5226 Cujus
2252 5158 2417 5213 etiam
2469 5157 2836 5213 misericordia
2880 5172 2978 5228 per
3017 5157 3244 5222 olivam,
3277 5174 3396 5227 quae
3447 5161 3618 5230 gignit

2033 5250 2241 5314 oleum,
2282 5251 2552 5320 designari
2594 5259 2802 5321 potest;
2840 5251 2966 5321 quia
3005 5258 3059 5304 et
3087 5249 3275 5306 Graece
3314 5251 3482 5308 ιλαιον
3516 5254 3614 5306 mi-

2043 5341 2340 5397 sericordia
2372 5351 2632 5408 vocatur;
2675 5351 2730 5396 et
2775 5342 2951 5396 oleum
3003 5341 3235 5405 cunctis,
3284 5343 3482 5412 quibus
3520 5346 3619 5400 imo

2039 5436 2322 5498 miscetur,
2370 5433 2671 5503 liquoribus
2692 5432 2929 5498 excellit,
2974 5433 3114 5487 sicut
3145 5443 3200 5487 et
3227 5432 3519 5491 Psalmista
3546 5438 3611 5490 lli-

2044 5527 2214 5595 ipsius
2251 5526 2463 5580 Domini
2505 5524 2942 5582 miserationibus
2969 5533 3239 5582 testatur:
3283 5527 3476 5583 Suavis
3510 5528 3609 5583 Do.

2043 5618 2216 5670 minus
2261 5618 2549 5682 universis;
2600 5625 2646 5669 et
2672 5615 3029 5669 miserationes
3076 5613 3190 5684 ejus
3240 5632 3397 5687 super
3444 5619 3617 5670 omnia

2045 5727 2199 5781 opera
2221 5711 2337 5780 ejus
2368 5709 2540 5774 (Psal.
2581 5724 2759 5776 cxmv,
2794 5708 2849 5776 9)
2876 5726 2889 5762 :
2929 5717 2982 5764 et
3026 5708 3146 5767 ideo
3171 5723 3405 5779 congrue
3435 5712 3612 5764 cerni.
