3940 6046
346 348 449 407 5M

669 344 727 401 S.
772 339 1070 401 ANSELMI
1110 339 1459 397 CANTUAR.
1494 335 1810 393 ARClllEP.
1850 332 2000 390 OPP.
2049 329 2228 387 PARS
2258 330 2319 386 li.
2360 359 2431 370 --
2469 320 2843 402 ΡᾹΠᾹΞΝΕΤ.
2878 324 2969 382 ET
2999 322 3250 383 ASCET.

3500 316 3608 380 ειη

340 476 428 521 tur
456 465 513 519 in
535 462 731 531 campis
757 458 918 527 hujus
937 458 1096 513 oliva:
1122 456 1465 525 speciositas,
1490 454 1618 525 quia
1644 453 1736 522 qui
1765 466 1917 507 cam-
1949 458 2000 519 Α
2029 449 2209 520 ungit,
2235 447 2475 518 ejusdem
2504 443 2778 500 unctionis
2800 443 2936 499 odor
2966 440 3198 498 validius
3241 441 3298 494 in
3327 447 3443 495 toto
3473 442 3606 496 orbe

338 568 596 628 pestrem,
624 555 675 609 id
699 562 781 608 est
834 552 997 605 latam
1019 560 1077 605 et
1094 557 1386 622 agrestem,
1416 557 1474 601 et
1496 550 1658 602 imam
1684 560 1913 601 conver-

340 653 610 705 sationem
640 643 861 707 habent,
907 640 961 694 hi
1003 640 1278 710 praecipue
1307 637 1684 693 misericordia
1725 632 1915 690 Salva-

342 737 475 792 toris
501 733 761 802 indigent,
793 738 852 785 et
886 728 954 783 ad
993 722 1426 797 eam'respicere
1454 724 1650 781 solent.
1682 722 1819 780 Oleo
1848 721 1915 776 ad

344 823 682 896 repellendas
704 820 945 876 noctium
978 818 1435 875 tenebraslumeu
1464 818 1650 883 alitur,
1683 814 1918 871 inﬁrmi-

341 926 478 973 tates
513 913 819 977 solvuntur,
854 920 910 967 et
939 911 1158 981 requies
1187 910 1349 966 lassis
1374 910 1631 966 tribuitur
1656 923 1673 963 :
1702 909 1782 963 sic
1799 922 1919 978 gra-

341 1011 415 1063 tia
442 999 845 1061 ‘misericordiae
889 1001 1201 1058 Salvatoris
1232 1001 1411 1058 nostri
1450 1000 1631 1063 lucem
1686 998 1810 1054 ﬁdei
1863 1008 1919 1054 et

340 1096 631 1154 charitatis
656 1110 720 1150 ac
748 1094 992 1150 scientiae
1022 1094 1075 1148 in
1107 1093 1264 1148 nobis
1288 1092 1503 1156 alendo,
1532 1090 1783 1145 tenebras
1823 1102 1920 1143 no-

348 1197 491 1245 stras
528 1185 816 1247 illuminat,
846 1192 903 1239 et
929 1184 1239 1238 animarum
1260 1190 1565 1236 nostrarum
1590 1179 1810 1235 morbos
1832 1192 1922 1234 sa-

342 1286 457 1344 nat,
484 1292 549 1331 ac
570 1275 755 1330 saeculi
784 1271 1243 1343 concupiscentiis
1283 1271 1542 1341 fatigatos
1579 1268 1922 1338 requiescere

343 1385 442 1425 tios
467 1375 646 1422 mente
674 1365 807 1420 facit
834 1364 888 1418 in
923 1371 1235 1432 contemptu
1275 1362 1477 1417 saaculi.
1517 1360 1750 1415 Grandis
1771 1360 1919 1415 enim

342 1462 496 1516 lahor
521 1466 627 1523 est,
659 1442 889 1512 terrenis
910 1452 1194 1508 desideriis
1212 1459 1471 1517 aestuare;
1498 1460 1552 1505 et
1585 1449 1808 1520 grandis
1840 1463 1922 1503 re-

338 1549 516 1618 quies,
547 1554 763 1600 terrena
795 1558 902 1598 non
930 1542 1263 1599 desiderare.

413 1633 712 1703 Sequitur:
765 1629 834 1684 Et
877 1632 1030 1702 quasi
1059 1629 1305 1699 platanus
1340 1629 1568 1683 exaltata
1608 1645 1725 1682 sunt
1757 1628 1921 1698 juxta

341 1739 532 1796 aquam
545 1725 597 1778 in
608 1722 897 1794 plateis.Cu
905 1737 954 1775 ιιι
966 1719 1211 1790 platanus
1225 1734 1322 1789 per
1331 1735 1389 1775 se
1408 1720 1577 1789 ipsam
1590 1720 1663 1774 sit
1675 1719 1920 1775 sublimis

2020 539 2250 611 fragrat,
2283 545 2339 593 et
2362 538 2479 607 ipse
2501 535 2718 592 dulcius
2738 535 2963 591 odorem
2991 532 3200 589 notitia
3225 546 3338 587 sua:
3357 546 3456 601 per
3477 544 3607 586 suos

2019 639 2217 687 unctos
2244 631 2300 685 in
2326 628 2474 685 omni
2495 627 2615 683 loco
2630 625 2965 691 manifestat,
2991 633 3053 680 ut
3067 623 3268 694 ubique
3287 622 3337 678 ei
3361 622 3610 678 dicatur:

2017 720 2146 778 Post
2166 732 2223 777 te
2241 736 2512 776 curremus
2533 721 2589 774 in
2618 718 2833 773 adorent
2852 725 3242 787 unguentorum
3262 724 3502 768 tuorum.

2095 813 2400 883 Sequitur:
2442 811 2613 877 Quasi
2650 810 2867 881 myrrha
2914 808 3098 872 electa,
3132 806 3255 860 dedi
3295 807 3610 860 suavitatem

2017 905 2216 960 odoris.
2251 902 2472 973 Myrrha
2502 908 2729 957 mortem
2779 897 3160 968 Redemptoris
3196 895 3397 960 nostri,
3440 894 3599 962 cujus

2023 1010 2161 1053 caro
2176 993 2585 1065 corruptionem
2621 1005 2729 1046 non
2755 990 2910 1054 vidit,
2957 987 3269 1059 signiﬁcat:
3313 986 3443 1056 quia
3479 1000 3615 1039 care

2028 1094 2264 1152 mortua,
2296 1099 2420 1155 quae
2440 1084 2683 1155 myrrhae
2701 1081 2955 1138 conditur
2986 1079 3263 1143 unctione,
3300 1090 3407 1132 non
3433 1084 3616 1145 potest

2019 1187 2354 1247 putrescere.
2405 1174 2560 1231 Unde
2619 1183 2679 1227 et
2731 1173 2848 1227 haec
2894 1169 3113 1239 myrrha
3158 1168 3361 1222 dicitur
3401 1166 3565 1221 electa
3591 1181 3614 1218 :

2020 1266 2153 1337 quia
2189 1281 2337 1322 mers
2372 1262 2587 1320 Domini
2636 1260 2992 1330 singulariter
3030 1272 3098 1314 ex
3124 1256 3368 1313 ninnium
3398 1264 3614 1311 sancto-

2027 1372 2149 1412 rum
2173 1355 2445 1410 mortibus
2470 1352 2636 1407 electa
2667 1349 2906 1418 fuit,.per
2931 1362 3094 1417 quam
3123 1359 3321 1401 omnes
3346 1343 3607 1398 viverent.

2019 1449 2254 1518 ideoque
2279 1445 2447 1502 taleur
2488 1457 2641 1500 mors
2678 1442 2789 1497 ista
2812 1439 3127 1495 suavitatem
3165 1436 3345 1491 odoris
3383 1435 3615 1505 przebet,

1926 1554 1935 1571 ·
2021 1538 2234 1612 qualem
2259 1550 2427 1592 nemo
2447 1533 2614 1589 alium
2643 1533 2848 1588 sentire
2890 1536 3105 1600 potuit;
3136 1528 3212 1583 ita
3255 1536 3319 1581 ut
3344 1525 3461 1595 ejus
3490 1522 3598 1579 fra-

1993 1628 2208 1702 grantia
2236 1626 2566 1681 reviviscunt
2589 1623 2814 1678 mortui.

2098 1718 2356 1788 Sequitur
2384 1734 2397 1770 :
2433 1714 2503 1769 Et
2526 1713 2679 1785 quasi
2699 1722 2915 1778 statas,
2930 1718 2979 1766 et
3007 1709 3290 1780 galbanus,
3312 1716 3365 1761 et
3391 1704 3624 1777 ungula,

341 1824 397 1869 et
420 1828 652 1877 alumna,
679 1819 925 1882 respectu
955 1821 1133 1864 tamen
1173 1808 1435 1879 proxima:
1467 1808 1743 1865 inferioris
1776 1823 1929 1879 aqua
1960 1808 2004 1869 Β
2031 1823 2078 1868 et
2111 1820 2281 1883 gutta,
2303 1820 2352 1864 et
2387 1807 2540 1879 quasi
2584 1804 2819 1859 Libanus
2842 1819 2950 1857 non
2990 1802 3221 1865 incisus,
3242 1799 3494 1869 superari
3510 1801 3613 1851 Ita-

347 1908 630 1963 suhlimior
658 1912 881 1975 apparet
927 1912 981 1957 et
1004 1902 1292 1973 jucundior
1319 1918 1334 1955 :
1365 1902 1445 1955 sic
1474 1909 1529 1955 et
1549 1901 1806 1956 Dominus
1835 1900 1924 1956 Je«

344 2013 453 2058 sus.
485 2011 607 2050 cum
646 2010 741 2064 per
771 1995 1006 2063 seipsum
1047 1990 1542 2060 incomparabiliter
1571 1991 1641 2046 sit
1677 1990 1929 2046 excelsus

345 2100 401 2145 et
428 2086 731 2157 speciosus,
758 2092 1003 2154 respectu
1032 2091 1209 2137 tamen
1242 2081 1469 2153 subjecti
1496 2080 1928 2151 Christianorum

344 2178 553 2251 populi,
586 2177 676 2247 qui
706 2191 801 2246 per
844 2162 1049 2246 aquam
1074 2173 1412 2245 designatur,
1435 2173 1704 2229 excelsior
1734 2182 1789 2227 et
1812 2172 1929 2244 glo-

352 2272 553 2326 riosior
575 2274 823 2339 apparet,
853 2266 922 2320 ia'
951 2264 1159 2336 plateis,
1191 2264 1241 2318 id
1273 2272 1377 2328 est,
1400 2264 1451 2317 in
1476 2263 1851 2319 latitudinibus
1876 2270 1934 2318 et

348 2360 536 2416 mundi
582 2368 637 2413 et
672 2355 862 2427 ampr
905 2353 1356 2411 conversationis.
1395 2351 1450 2407 Si
1490 2353 1636 2408 enim
1681 2353 1805 2407 vitae
1836 2368 1932 2408 no-

347 2464 474 2509 strze
493 2450 898 2507 consideremus
945 2445 1325 2514 humilitatem,
1351 2456 1406 2501 et
1443 2445 1509 2500 ad
1553 2444 1929 2501 excellentiam

348 2538 801 2603 conversationis,
824 2550 987 2605 quam
1017 2534 1269 2591 Christus
1296 2536 1437 2589 inter
1463 2534 1711 2591 homines
1753 2535 1930 2601 duxit,

351 2631 738 2700 respiciamus;
760 2639 923 2696 quam
950 2623 1199 2679 sublimis
1222 2623 1326 2678 erit
1345 2624 1397 2678 in
1420 2623 1594 2686 oculis
1617 2624 1818 2679 nostris
1840 2623 1930 2678 illa

351 2720 467 2789 ejus
493 2715 864 2775 conversatio?
894 2713 1030 2770 Nam
1079 2723 1139 2768 ut
1182 2713 1431 2784 platanus
1451 2714 1612 2783 juxta
1659 2715 1930 2772 subterio-

353 2826 468 2867 rem
498 2822 691 2880 aquam
730 2804 1125 2871 estexaltatus,
1156 2804 1209 2860 id
1250 2813 1355 2870 est,
1389 2805 1646 2874 subjecta:
1692 2805 1930 2861 ﬁdelium

357 2902 496 2973 plebi
520 2899 799 2971 prosimus
818 2907 874 2953 et
896 2897 1289 2968 superpositus.
1314 2896 1453 2952 llinc
1475 2905 1530 2952 et
1556 2896 1843 2953 Psalmista
1865 2897 1933 2953 de

355 2994 446 3049 illo
473 2992 685 3047 dixerat
715 3007 729 3043 :
767 2989 832 3044 Et
854 2990 953 3043 erit
999 2997 1251 3058 tanquam
1295 2985 1516 3057 lignum,
1553 2988 1694 3058 quod
1721 2989 1932 3058 planta-

351 3095 460 3138 tum
509 3091 585 3138 est
632 3097 780 3136 secus
821 3079 1073 3134 decursus
1117 3094 1375 3148 aquarum
1420 3075 1595 3149 (Psal.
1633 3093 1680 3144 ι,
1731 3080 1820 3148 6);
1877 3077 1933 3132 id

353 3185 462 3242 est,
494 3189 590 3246 per
635 3173 952 3246 mysterium
979 3170 1369 3227 incarnationis
1413 3170 1519 3225 erit
1539 3171 1746 3240 positus
1776 3168 1935 3239 juxta

354 3270 534 3340 lapsus
556 3266 908 3323 detinentium
940 3260 1290 3334 populorum:
1318 3262 1518 3317 Platere
1560 3276 1709 3329 vero,
1747 3262 1934 3317 latitu-

354 3361 515 3415 dines
538 3358 824 3428 designare
859 3356 1073 3412 solent:
1120 3356 1173 3412 id
1217 3365 1323 3421 est,
1362 3365 1419 3411 et
1461 3355 1670 3425 amplas
1711 3371 1942 3412 conver-

354 3452 615 3517 satioues,
647 3450 701 3503 in
723 3448 919 3518 quibus
947 3448 1252 3517 spatiantur
1280 3446 1375 3515 qui
1406 3446 1512 3500 vita
1559 3453 1687 3500 sunt
1715 3446 1940 3501 inferio-

355 3555 443 3596 res
463 3550 516 3595 et
544 3538 732 3592 labiles
796 3545 855 3591 ut
876 3544 1097 3605 aqua;et
1118 3535 1307 3589 mundi
1329 3534 1464 3589 latas
1494 3534 1775 3604 regiones:
1809 3533 1937 3604 quia

357 3632 544 3691 Graece
566 3631 758 3691 πλατος
784 3628 982 3683 dicitur
1012 3626 1259 3680 latitudo.

428 3721 724 3790 Sequitur:
756 3716 904 3773 Sicut
956 3717 1349 3773 cinnamomum
1394 3725 1441 3769 et
1479 3714 1771 3771 balsamum
1819 3731 1942 3770 aro-

360 3809 621 3867 matizans
651 3807 866 3862 odorem
892 3806 1034 3860 dedi.
1065 3803 1467 3859 Ciunamomum
1496 3803 1695 3860 dicitur
1715 3819 1780 3860 eo
1801 3804 1944 3874 quod

359 3911 545 3959 cortex
569 3900 686 3972 ejus
717 3900 768 3953 iu
794 3899 1010 3953 modum
1034 3912 1222 3952 cannae
1243 3896 1314 3951 sit
1338 3897 1605 3952 rotundus
1623 3906 1678 3950 et
1700 3896 1940 3968 gracilis.

362 3993 455 4048 Est
485 3991 628 4046 enim
663 3988 980 4047 brevissima
1003 3985 1288 4041 arbuscula
1314 3986 1495 4057 virgas
1520 3985 1803 4056 proferens
1822 4002 1946 4056 gra-

363 4085 654 4139 cilissimas
678 4096 740 4136 ac
780 4079 1073 4150 pretiosas.
1111 4077 1245 4132 Nam
1275 4076 1327 4130 id
1350 4076 1487 4145 ejus,
1527 4077 1670 4146 quod
1713 4077 1768 4131 in
1797 4090 1950 4131 cras-

360 4175 616 4239 situdine,
644 4172 695 4225 id
723 4180 807 4225 est
855 4167 1241 4238 grossitudine,
1282 4167 1617 4234 extenditur,
1668 4151 1944 4237 despectui

362 4275 477 4332 cst;
511 4262 653 4333 quod
702 4276 835 4318 vero
876 4260 1130 4331 gracilius
1158 4259 1490 4329 pravenerit,
1534 4261 1794 4316 eximium
1840 4268 1940 4316 est.

364 4355 766 4411 Cinnamomum
808 4366 940 4421 ergo
986 4349 1292 4420 significare
1329 4349 1547 4404 videtur
1589 4348 1944 4404 humilitatem

2033 1904 2337 1957 bitationem
2378 1913 2571 1963 meam,
2619 1906 2668 1951 et
2715 1896 2868 1967 quasi
2919 1893 3364 1965 balsamuptlnon
3404 1891 3617 1943 mirtum

2032 1995 2165 2049 odor
2185 2009 2352 2047 meus.
2396 1987 2593 2046 Storaz
2620 2003 2745 2044 esse
2772 1986 2946 2042 fertur
2982 1983 3147 2039 arbor
3173 1981 3469 2046 odorifera,
3499 1997 3620 2051 quae

2032 2084 2176 2139 sicut
2220 2082 2431 2137 arundo
2479 2094 2615 2136 cava
2667 2085 2752 2133 est
2783 2078 2950 2144 intus,
2978 2086 3037 2133 et
3060 2093 3228 2134 succo
3254 2078 3447 2149 plena;
3483 2082 3617 2135 etin

2031 2175 2274 2239 Christo,
2327 2173 2420 2243 qui
2470 2179 2558 2228 est
2599 2170 2807 2241 lignum
2852 2170 2978 2225 vitae
3017 2170 3372 2237 odoriferam,
3416 2171 3619 2225 habitat

2032 2268 2201 2324 omnis
2230 2265 2501 2337 plenitudo
2536 2263 2849 2320 Dirinitatis
2885 2263 3235 2334 corporaliter
3265 2262 3408 2334 (Col.
3452 2279 3510 2329 ιι,
3537 2263 3617 2331 9).

2032 2358 2335 2414 Galbanum
2365 2357 2574 2423 dicunt,
2624 2353 2934 2411 conlectum
2984 2368 3052 2413 ex
3096 2355 3430 2411 aromaticis.
3474 2354 3540 2409 Et
3567 2356 3619 2408 in

2031 2448 2252 2506 Christo
2273 2456 2357 2505 est
2376 2446 2620 2504 omnium
2644 2445 3005 2518 spiritualium
3028 2445 3287 2521 virtutum
3309 2446 3621 2500 omnimozta

2033 2540 2329 2612 plenitudo.
2365 2537 2577 2610 Ungula
2603 2552 2822 2609 quoque
2848 2537 3049 2593 dicitur
3068 2537 3147 2592 ab
3164 2546 3459 2610 unguento,
3489 2538 3627 2606 quia

2035 2631 2308 2701 prmcipua
2337 2636 2423 2685 est
2454 2628 2523 2684 ad
2552 2626 2924 2699 unguendum,
2966 2635 3026 2683 et
3045 2626 3289 2697 designat
3319 2626 3619 2698 spiritalem

2034 2721 2333 2776 Salvatoris
2378 2719 2713 2786 unctionem,
2763 2719 2831 2775 de
2876 2733 2985 2789 qua
3030 2716 3269 2775 Joannes
3320 2720 3439 2774 ait:
3471 2719 3619 2775 Sicut

2033 2813 2212 2867 unctio
2260 2811 2377 2881 ejus
2430 2811 2580 2865 docet
2612 2826 2700 2865 vos
2738 2809 2805 2864 de
2837 2808 3077 2864 omnibus
3121 2808 3171 2880 (ι
3199 2808 3362 2863 Joan.
3389 2824 3452 2872 ιι,
3499 2810 3615 2881 27).

2034 2902 2197 2959 Gutta
2242 2918 2372 2959 vero
2416 2902 2627 2973 species
2665 2914 2788 2958 esse
2824 2901 3159 2957 medicorum
3205 2900 3522 2972 perhibetur
3548 2902 3619 2957 ad

2036 3004 2306 3049 tumorem
2344 2994 2646 3048 sanandum
2690 2992 2904 3059 idonea,
2949 3001 3005 3047 et
3029 2993 3097 3047 ad
3128 2991 3535 3061 deprimendum
3565 3000 3623 3045 ct

2036 3084 2487 3155 exstinguendum
2521 3096 2788 3138 venenum
2818 3098 2830 3134 :
2863 3088 2920 3136 et
2948 3080 3221 3152 significat
3252 3079 3616 3135 humilitatem

1991 3181 2012 3201 ⁸
2042 3179 2276 3245 Domini,
2306 3193 2429 3248 qua:
2470 3175 2864 3232 mediciualiter
2891 3183 3050 3230 sanat
3082 3182 3346 3229 tumorem
3371 3174 3623 3229 elationis

2043 3270 2206 3340 158
2230 3278 2454 3334 nostrai,
2506 3275 2563 3322 et
2607 3268 2791 3323 omnia
2841 3267 3097 3321 vitiorum
3129 3281 3337 3321 venena
3379 3265 3620 3333 perimit.

2040 3359 2271 3414 Libanus
2301 3369 2386 3414 est
2409 3360 2557 3425 thus,
2604 3367 2655 3413 et
2691 3358 2872 3427 potius
2917 3358 3081 3412 arbor
3127 3356 3301 3410 thuris
3347 3354 3620 3409 Christum

2042 3450 2359 3521 designans,
2397 3450 2488 3520 qui
2539 3450 2745 3519 lignum
2795 3457 2880 3504 est
2910 3450 3053 3513 vitta,
3099 3458 3155 3503 et
3188 3448 3425 3503 fructum
3456 3448 3625 3517 gignit

2042 3539 2399 3605 odoriferum,
2424 3540 2517 3609 qui
2566 3540 2674 3594 Deo
2704 3548 2978 3594 cremetur
3008 3540 3061 3593 in
3086 3539 3431 3594 sacrificium.
3465 3536 3629 3595 Libas

2043 3646 2141 3685 nus
2171 3646 2276 3685 non
2306 3631 2539 3696 incisus;
2568 3637 2763 3700 sponte
2812 3629 3023 3700 profert
3073 3645 3139 3685 ex
3184 3642 3243 3685 se
3272 3630 3398 3684 thus
3427 3628 3623 3684 odora-

2044 3720 2171 3784 tius,
2226 3720 2430 3776 incisus
2480 3734 2612 3776 vero
2660 3719 3006 3790 compellitur
3057 3717 3304 3790 proferre
3355 3718 3478 3773 thus
3519 3734 3626 3771 non

2045 3812 2185 3867 tanti
2218 3813 2403 3869 odoris
2436 3831 2455 3867 :
2497 3823 2554 3869 et
2597 3813 2851 3869 Christus
2903 3821 2963 3868 ut
2997 3811 3234 3867 Libanus
3281 3827 3386 3866 non
3429 3811 3628 3865 incisus

2044 3909 2238 3971 sponte
2270 3901 2443 3957 edidit
2471 3902 2654 3957 omnia
2715 3916 2837 3972 qua:
2881 3902 2935 3956 in
2969 3917 3134 3957 carne
3163 3904 3350 3973 gessit,
3398 3904 3628 3972 ideoque

2045 3989 2244 4045 melius
2281 3992 2553 4047 redoleas.
2609 3992 2717 4047 Nos
2773 4000 2978 4058 autem,
3025 4002 3084 4047 ut
3132 3994 3336 4050 incisus
3370 3995 3623 4056 Libanus,

2045 4094 2189 4149 saepe
2224 4081 2471 4148 cogimur
2504 4081 2658 4135 inviti
2703 4083 2900 4136 bonum
2950 4083 3139 4138 facere
3168 4086 3312 4156 quod
3360 4086 3465 4141 vile
3514 4097 3623 4151 cst,

2045 4180 2102 4226 et
2131 4187 2318 4241 parum
2368 4172 2635 4227 redolens.
2685 4171 2812 4228 llaec
2865 4176 3077 4239 omnia,
3129 4191 3252 4244 qum
3292 4192 3437 4232 nunc
3482 4178 3626 4233 dicta

2048 4273 2194 4326 sunt,
2228 4262 2280 4316 id
2327 4271 2430 4326 est,
2458 4273 2663 4328 storaat,
2711 4265 2990 4333 galbanus,
3043 4279 3110 4318 ac
3136 4267 3354 4336 ungula,
3382 4278 3428 4321 et
3459 4284 3527 4337 gu
3552 4280 3627 4332 ta,

2048 4366 2147 4407 nec
2167 4369 2273 4408 non
2300 4361 2359 4408 et
2380 4351 2905 4423 Libanus,optimum
2930 4355 3060 4408 dant
3081 4355 3325 4421 odorem,
3350 4367 3405 4412 ct
3430 4357 3629 4421 larum,

363 4446 587 4512 Christi,
635 4459 797 4514 quam
840 4442 1135 4513 prdidit-ant
1174 4442 1474 4512 Scriptura:
1518 4455 1709 4506 canna,
1766 4440 1819 4495 id
1862 4447 1947 4494 est
1979 4481 2023 4534 υ
2050 4443 2101 4497 in
2131 4458 2240 4513 quo
2267 4452 2413 4510 sunt,
2452 4444 2576 4499 inde
2618 4444 2821 4514 replent
2852 4463 2865 4498 :
2893 4445 2971 4499 sic
2993 4455 3051 4500 et
3079 4446 3327 4503 Christus
3364 4447 3529 4503 odore
3568 4464 3633 4503 ac

366 4538 598 4603 calamo,
624 4536 799 4598 factae,
828 4534 1138 4605 quaevirgas
1159 4534 1331 4603 gignit
1352 4532 1743 4602 gracilissimas
1755 4541 1947 4602 etpre-

369 4631 558 4692 tiosas,
597 4627 649 4681 id
680 4636 784 4692 est,
827 4634 1043 4680 sanctos
1065 4623 1364 4692 disciplinis
1399 4623 1774 4694 spiritualibus
1800 4630 1949 4678 exte-

370 4726 585 4783 nuatos,
616 4716 709 4786 qui
740 4715 981 4771 membra
1032 4724 1159 4769 sunt
1183 4712 1321 4781 ejus.
1355 4713 1487 4768 Nam
1515 4714 1824 4785 spirituales
1848 4714 1950 4769 viri

371 4814 422 4867 in
460 4824 525 4866 eo
551 4818 677 4865 sunt
717 4806 970 4878 pretiosi;
1011 4804 1259 4861 carnales
1290 4814 1471 4860 autem
1515 4807 1785 4863 habentur
1814 4820 1948 4862 con-

373 4899 617 4971 lcmptui.
654 4895 961 4951 Balsamum
1002 4910 1217 4965 quoque
1266 4894 1715 4965 pretiosissimum
1746 4905 1850 4960 est,
1898 4903 1953 4950 et

371 4998 749 5050 consecratum
792 4987 853 5043 iit
877 4988 1136 5052 chrisma,
1181 5000 1291 5057 quo
1314 5000 1507 5042 omnes
1530 4985 1826 5042 Christiani
1853 5000 1953 5038 un-

372 5084 570 5154 gimur,
597 5089 654 5138 et
694 5080 965 5151 significat
1001 5087 1058 5133 et
1082 5076 1360 5133 Christum
1400 5085 1454 5132 et
1496 5076 1804 5131 unctionem
1833 5073 1954 5144 Spi-

377 5176 510 5230 ritus
525 5174 642 5243 ejus
659 5189 681 5239 ;
709 5172 773 5227 de
802 5187 907 5241 qua
933 5169 1168 5227 Joannes
1189 5171 1304 5224 ait:
1343 5168 1445 5224 Vos
1477 5169 1775 5222 unctionem
1797 5167 1955 5222 liabe-

373 5268 439 5323 tis
461 5282 493 5319 a
523 5273 730 5330 sancto,
762 5273 808 5319 et
833 5262 994 5317 nostis
1019 5263 1194 5316 omnia
1226 5262 1273 5326 (Ι
1303 5257 1464 5314 Joan.
1500 5274 1559 5322 ιι,
1584 5256 1698 5328 20).
1739 5255 1956 5312 Utrum-

374 5372 480 5427 que
511 5372 660 5421 vero,
691 5353 745 5410 id
792 5362 875 5409 est
904 5361 960 5408 ct
1003 5354 1393 5406 cinnamomum
1424 5359 1470 5403 et
1511 5348 1824 5410 balsamum,
1857 5348 1959 5403 uti-

377 5448 629 5505 rabiliter
655 5446 890 5511 redolet;
917 5457 972 5501 et
1000 5445 1257 5506 tuaximc,
1296 5442 1423 5497 dum
1464 5442 1593 5511 quis
1609 5458 1674 5497 eo
1702 5440 1958 5495 aromati-

380 5552 560 5596 zatnr.
618 5541 773 5598 Unde
830 5556 973 5596 nunc
1019 5538 1172 5594 odori
1219 5538 1506 5606 utriusque
1552 5532 1960 5605 arqmatizantis

378 5634 602 5688 odorem
646 5646 805 5686 suum
863 5631 1116 5686 Christus
1174 5627 1445 5684 similatur
1488 5643 1502 5681 :
1548 5625 1674 5695 quia
1729 5626 1857 5679 dum
1907 5624 1958 5678 in

381 5721 529 5780 omni
554 5729 715 5791 gente
740 5729 795 5777 et
841 5722 1059 5777 natione
1103 5721 1389 5777 credentes
1432 5718 1574 5773 dono
1597 5716 1679 5772 sui
1726 5714 1961 5785 Spiritus

2050 4532 2231 4587 calore
2251 4548 2350 4588 suo
2392 4542 2623 4605 vaporat
2671 4533 3046 4588 habitationem
3079 4550 3234 4590 suam
3263 4554 3276 4590 :
3320 4537 3443 4607 quia
3478 4551 3634 4591 men-

2052 4632 2158 4679 tem
2196 4640 2358 4693 quam
2384 4625 2672 4692 inhabitat,
2704 4625 2888 4679 calore
2909 4639 3020 4679 suae
3044 4626 3351 4682 dilectionis
3380 4638 3433 4682 et
3462 4629 3632 4682 odore

2051 4731 2162 4771 sua:
2189 4716 2497 4771 sanctitatis
2528 4714 2717 4785 replet.
2766 4713 2917 4769 Mens
2946 4714 3126 4778 enim,
3171 4731 3291 4784 qua:
3328 4732 3430 4770 non
3468 4719 3637 4771 sentit

2050 4811 2271 4864 odorem
2301 4808 2463 4863 istum
2487 4816 2542 4863 et
2568 4808 2831 4873 calorem,
2861 4807 3086 4863 necdum
3117 4808 3318 4864 Christi
3348 4818 3432 4864 est
3476 4810 3635 4863 habi-

2053 4896 2313 4953 taculum.
2355 4895 2665 4951 Balsamum
2715 4911 2868 4962 vero,
2896 4898 2982 4950 cui
3022 4898 3201 4965 liquor
3241 4897 3379 4952 alius
3418 4913 3522 4952 non
3553 4910 3638 4954 est

2053 4988 2347 5055 immistus,
2380 4988 2553 5057 magis
2576 4986 2784 5043 redolet
2813 5003 2828 5040 :
2859 4987 2984 5057 quia
3006 4987 3210 5042 Christi
3237 4988 3517 5049 sanctitas,
3545 4990 3636 5043 cui

2055 5078 2259 5132 nullum
2288 5090 2527 5147 unquam
2558 5084 2842 5147 peccatum
2866 5076 3159 5132 immisceri
3195 5078 3390 5147 potuit,
3421 5080 3637 5133 suavio-

2057 5182 2174 5225 rem
2201 5183 2367 5239 quam
2388 5169 2573 5225 caeteri
2604 5169 2780 5223 sancti
2804 5168 3005 5239 praebet
3028 5169 3278 5224 odorem.

2131 5259 2429 5330 Sequitur:
2465 5258 2582 5331 Ego
2638 5261 2792 5331 quasi
2843 5260 3164 5314 terebinthus
3214 5259 3426 5314 extendi
3463 5275 3641 5315 ramos

2056 5368 2217 5415 meas,
2249 5362 2297 5406 et
2324 5354 2458 5407 rami
2485 5353 2588 5410 mei
2611 5354 2829 5410 honoris
2858 5365 2907 5408 et
2932 5355 3139 5425 gratior.
3184 5352 3521 5411 Terebintltus
3555 5364 3642 5409 est

2060 5445 2223 5498 arbor
2248 5460 2462 5515 magna,
2491 5456 2548 5500 et
2577 5447 2823 5517 ingentes
2853 5445 3160 5516 multosque
3189 5459 3373 5499 ramos
3401 5444 3640 5513 undique

2061 5537 2417 5603 protendens,
2438 5551 2559 5605 quae
2586 5539 2817 5591 resinam
2844 5536 3020 5606 gignit
3052 5536 3406 5590 aromaticam
3432 5543 3488 5588 et
3528 5550 3643 5589 mc-

2062 5625 2377 5690 dicinalem,
2411 5627 2771 5696 omnibusque
2802 5626 2994 5681 resinis
3021 5626 3144 5681 aliis
3168 5626 3639 5696 praestantiorem:

2063 5726 2118 5771 ct
2151 5715 2406 5773 Christus
2442 5716 2587 5771 velut
2629 5718 2794 5772 arbor
2822 5718 3107 5783 immensa,
3157 5715 3449 5787 discipulos
3492 5730 3645 5779 suos,
