3940 6046
330 271 437 327 593

1413 268 1720 326 ΗΟΜΙΙΑΙᾸΞ
1751 269 1840 326 ET
1871 269 2476 327 EXIIORTATIONES.

3481 288 3550 338 59
3561 288 3590 340 δ

328 384 486 455 quasi
524 397 702 436 ramos
729 383 971 436 extendit
1007 382 1060 436 in
1105 396 1294 438 omnes
1325 386 1508 439 mundi
1544 394 1743 454 partes,
1775 385 1920 440 Tho—
1947 388 1990 446 A
2020 386 2306 457 consequi;
2359 402 2481 441 cum
2540 387 2653 458 ipse
2712 383 2959 447 Christus
3012 395 3084 448 sit
3137 399 3336 454 veritas
3385 412 3438 456 et
3491 407 3602 461 vita

329 493 474 529 mam
524 484 576 527 ct
610 474 1067 528 Bartholomzcum
1115 474 1167 528 in
1226 475 1456 542 Indiam,
1503 477 1815 534 Matthmum
1859 479 1912 532 in

329 565 692 632 ZEtltiopiatn,
721 562 986 618 Joannem
1021 567 1072 618 in
1119 564 1325 633 Asiam,
1376 567 1644 622 Andream
1683 579 1737 624 et
1789 569 1946 623 Phi-‘

329 655 531 720 lippum
565 652 616 705 in
651 652 953 723 Scythiam,
985 653 1204 707 Petrum
1243 656 1295 708 in
1341 657 1568 722 Italiam,
1601 658 1833 713 Paulum
1859 660 1911 713 in

329 741 680 812 Hispaniam,
711 751 766 796 et
800 751 1028 798 czcteros
1056 745 1108 797 in
1143 755 1370 800 exteras
1402 749 1548 803 orbis
1579 750 1784 819 plagas.
1820 752 1913 805 Vel

329 834 493 894 rami,
522 849 663 904 quos
696 835 960 898 extendit,
989 849 1154 903 opera
1182 847 1328 901 sunt,
1363 855 1484 908 qua:
1521 828 1571 894 in
1599 856 1764 895 carne
1796 857 1910 912 ges-

326 928 415 977 sit.
462 926 525 977 Et
560 939 627 978 ex
661 925 768 990 his,
814 933 870 978 et
896 927 1174 994 operibus,
1222 929 1307 984 vel
1349 929 1652 1000 discipulis,
1704 932 1916 1002 protert

328 1016 445 1083 ipse
479 1015 715 1069 resinam
748 1016 1012 1084 spiritalis
1043 1019 1255 1088 gratiae,
1288 1035 1411 1088 qua:
1436 1022 1717 1076 medeatur
1737 1025 1915 1078 omni-

327 1108 449 1172 bus,
480 1119 533 1161 et
565 1110 915 1177 praestantior
955 1109 1024 1163 sit
1064 1111 1333 1166 universis
1357 1113 1836 1181 praedicationibus
1861 1124 1914 1169 et

327 1203 494 1271 gustis
529 1201 862 1255 Testamenti
910 1200 1140 1257 Veteris.
1174 1203 1240 1256 Et
1284 1204 1416 1256 rami
1442 1202 1560 1271 ejus
1590 1214 1721 1259 sunt
1747 1205 1910 1260 hono-

329 1294 400 1345 ris
431 1303 476 1345 et
508 1294 733 1360 gratim:
763 1293 888 1362 quia
911 1302 966 1347 et
989 1293 1232 1362 discipuli
1265 1291 1401 1360 ejus,
1433 1302 1490 1347 et
1526 1301 1680 1348 actus
1708 1291 1902 1362 ipsius,

328 1385 484 1436 \‘ultlc
513 1394 638 1437 sunt
667 1384 1014 1439 honorabiles
1029 1393 1085 1438 et
1110 1384 1375 1453 gratiosi;
1404 1385 1736 1454 quoniamet
1755 1384 1912 1438 laude

329 1473 472 1542 digni
513 1482 658 1538 sunt,
693 1484 747 1528 et
776 1472 910 1528 Novi
952 1473 1286 1530 Testamenti
1333 1475 1564 1546 gratiam
1604 1475 1912 1532 hominibus

327 1565 582 1620 aderunt.

400 1659 696 1729 S:-quitttr:
735 1660 847 1730 Ego
896 1663 1048 1730 quasi
1090 1663 1206 1716 vitis
1253 1663 1565 1731 fructiﬁcavi
1603 1665 1911 1716 suavitatem

325 1751 548 1802 odoris:
582 1760 631 1805 ct
659 1751 816 1813 ﬂores
861 1751 961 1804 mei
1001 1750 1201 1820 fructus
1250 1753 1464 1806 honoris
1509 1765 1556 1806 et
1606 1754 1909 1807 honestatis.
1943 1724 1987 1783 Β

339 1843 472 1896 Vitis
503 1844 556 1897 in
590 1853 732 1898 terra
762 1845 1001 1914 plantata
1029 1845 1278 1914 producit
1306 1860 1372 1899 ex
1394 1861 1451 1900 se
1477 1846 1746 1914 palmites,
1769 1856 1824 1900 et
1845 1861 1908 1900 ex

333 1933 420 1987 his
451 1933 682 1987 fructum
712 1950 727 1989 :
766 1944 820 1988 et
843 1935 1093 1990 Christus
1129 1936 1458 2004 resurgendo
1485 1942 1537 1988 et
1578 1935 1912 1989 ascendendo

330 2026 601 2096 plantatus
625 2027 677 2079 in
704 2035 848 2082 terra
867 2027 1185 2093 viventium,
1210 2037 1430 2081 sanctos
1459 2027 1548 2095 qui
1583 2035 1709 2080 sunt
1738 2041 1911 2080 mem-

328 2119 424 2173 bra
453 2117 588 2187 ejus,
619 2118 769 2173 velut
795 2119 1043 2188 palmites
1070 2135 1134 2174 ex
1170 2134 1228 2174 se
1258 2118 1449 2190 gignit,
1479 2128 1533 2172 et
1557 2133 1624 2173 ex
1654 2119 1740 2173 his
1767 2120 1820 2172 in
1853 2134 1912 2173 se

330 2207 674 2262 manentibus
702 2207 933 2262 fructum
981 2208 1162 2278 operis
1209 2209 1332 2262 boni
1374 2208 1637 2277 producit.
1669 2207 1822 2263 Unde
1858 2217 1913 2262 et

327 2301 405 2354 ait
432 2299 573 2353 illis:
609 2300 757 2354 Sicut
809 2299 1008 2370 palmes
1048 2318 1149 2354 non
1197 2311 1358 2370 potest
1411 2301 1548 2369 ferre
1598 2299 1829 2369 fructum
1879 2316 1913 2351 a

329 2395 626 2462 semetipso,
662 2394 764 2448 nisi
806 2395 1055 2448 manserit
1102 2395 1155 2448 in
1188 2395 1327 2458 vite;
1359 2395 1434 2448 sic
1466 2410 1556 2447 nec
1581 2409 1687 2459 vos,
1721 2393 1822 2446 nisi
1855 2393 1911 2445 in

330 2503 414 2539 me
435 2487 734 2540 manseritis
763 2486 944 2557 (Joan.
979 2502 1070 2551 xv,
1100 2486 1176 2555 4).
1215 2485 1528 2540 Fructilicat
1551 2499 1680 2557 ergo
1711 2485 1762 2538 in
1791 2484 1907 2539 eis:

328 2575 454 2644 quia
493 2575 752 2645 quidquid
774 2575 848 2630 illi
877 2578 1014 2630 bene
1045 2585 1231 2646 agunt,
1259 2576 1371 2643 ipse
1413 2575 1563 2639 facit,
1603 2584 1657 2629 et
1693 2591 1759 2629 ex
1794 2573 1911 2643 ejus

330 2667 511 2720 radice
539 2668 710 2738 surgit
759 2667 967 2724 fructus
1011 2668 1190 2736 operis
1229 2667 1462 2722 illorum.
1510 2667 1577 2720 Et
1619 2665 1912 2721 fructificat

326 2757 636 2811 suavitatem
669 2756 844 2812 odoris
876 2773 894 2810 :
933 2758 1057 2826 quia
1089 2756 1295 2811 fructus
1327 2771 1548 2825 operum
1570 2798 1584 2819 ,
1616 2771 1736 2827 quae
1785 2755 1912 2811 facit

327 2850 381 2904 in
410 2850 510 2911 eis,
542 2850 722 2904 suavis
748 2849 882 2903 odor
911 2858 994 2903 est
1013 2849 1169 2903 bonae
1191 2847 1484 2918 opinionis,
1516 2848 1639 2901 dum
1669 2847 1910 2902 videntes

327 2940 445 2995 haec
471 2941 722 2995 homines
752 2939 1058 3011 gloriﬁcant
1086 2940 1206 2994 inde
1232 2939 1466 3004 Patrem,
1495 2939 1588 3009 qui
1619 2947 1704 2993 est
1725 2940 1774 2992 in
1804 2951 1911 2994 coa-

326 3029 412 3086 lis.
447 3031 513 3084 Et
532 3032 689 3099 flores
725 3029 841 3097 ejus
873 3039 998 3085 sunt
1026 3030 1229 3100 fructus
1251 3031 1464 3083 honoris
1500 3038 1548 3082 et
1574 3028 1859 3082 honestatis
1885 3040 1904 3078 :

325 3121 450 3189 quia
478 3135 662 3189 Opera,
693 3135 814 3189 qua:
844 3119 896 3174 in
930 3119 1016 3174 his
1066 3120 1412 3190 proponendo
1464 3119 1706 3182 inchoat,
1738 3119 1910 3173 bono-

327 3209 576 3264 rahiliter
627 3219 684 3265 et
727 3211 953 3266 honeste
997 3222 1363 3276 consummat;
1423 3211 1788 3278 honoremque
1814 3223 1911 3278 per

328 3302 445 3354 lucc
499 3311 553 3355 et
605 3300 946 3356 honestatem
1003 3301 1108 3355 illis
1147 3301 1402 3371 grandem
1450 3309 1687 3370 prastat.
1722 3298 1909 3354 Flores

324 3389 469 3443 cnim
499 3397 625 3444 sunt
658 3398 783 3444 vota
830 3398 884 3445 et
920 3390 1187 3460 promissa
1220 3408 1231 3443 :
1265 3390 1469 3458 fructus
1499 3399 1677 3445 autem
1724 3390 1911 3459 imple—

327 3481 501 3535 tiones
524 3482 917 3551 promissorum
949 3497 1044 3551 per
1080 3482 1467 3536 exhibitionem
1499 3495 1746 3550 operum.
1778 3479 1939 3548 Flo—,

325 3589 408 3628 res
459 3587 589 3644 ergo
634 3583 949 3628 sanctorum
1005 3581 1127 3628 sunt
1187 3572 1430 3641 fructus:
1483 3572 1610 3641 quia
1664 3571 1908 3626 membra

325 3666 529 3722 Chrisu
568 3667 710 3736 quod
743 3675 960 3732 vovent,
1006 3665 1262 3730 reddunt;
1291 3663 1433 3734 quod
1461 3663 1803 3734 promittunt,
1833 3662 1911 3716 fa-

323 3756 500 3813 ciunt.

398 3848 658 3917 Sequitur
684 3864 700 3902 :
738 3848 850 3920 Ego
873 3858 1043 3903 mater
1079 3847 1312 3916 pulchra:
1339 3847 1657 3913 dilectionis,
1685 3856 1733 3902 et
1755 3831 1912 3901 iimo-

327 3940 421 4004 ris,
453 3949 501 3992 et
532 3939 818 4010 agnitionis
858 3949 912 3994 et
937 3949 1132 3994 sancttc
1163 3938 1292 4008 spei.
1333 3937 1399 3991 In
1426 3953 1509 3991 me
1536 3937 1707 4007 gratia
1739 3938 1910 3991 omnis

326 4031 445 4083 vita:
483 4039 531 4082 et
562 4030 816 4094 veritatis,
851 4030 907 4084 in
951 4047 1030 4084 me
1058 4031 1226 4084 omnis
1255 4045 1369 4099 spes
1419 4027 1541 4100 [al.,
1570 4027 1675 4100 via]
1717 4027 1837 4082 vita:
1861 4038 1909 4082 et

325 4117 550 4170 virtutis.
583 4116 882 4186 Sapientia,
924 4133 1044 4187 qua:
1073 4129 1155 4173 est
1186 4118 1454 4184 Christus,
1494 4125 1578 4172 est
1610 4128 1777 4172 mater
1794 4117 1911 4186 pul-

327 4210 468 4264 chra:
496 4209 788 4265 dilectionis
811 4227 829 4264 :
861 4210 990 4280 quia
1017 4211 1359 4266 dilectionem
1408 4211 1597 4282 gignit,
1647 4227 1753 4264 non
1792 4221 1908 4265 tur-

324 4314 476 4370 pem,
499 4300 589 4354 sed
615 4301 893 4370 pulchram
917 4318 932 4368 ;
961 4317 1064 4356 non
1091 4302 1447 4363 indecentem,
1475 4302 1568 4356 sed
1597 4302 1906 4366 honestam;

328 4407 434 4444 non
460 4391 824 4458 libidinosam,
855 4391 951 4446 sed
979 4401 1206 4446 castam.
1258 4391 1323 4444 Et
1348 4401 1517 4443 mater
1545 4392 1766 4454 timoris,
1797 4391 1905 4445 sei-
1940 4421 1983 4476 Β

325 4481 455 4535 licet
485 4481 661 4537 lilialis
687 4481 770 4536 vel
799 4482 956 4548 casti,
1000 4482 1128 4552 quia
1176 4479 1489 4550 principium
1535 4481 1807 4549 sapientia:
1834 4483 1904 4535 ti-

326 4586 442 4624 mor
471 4569 679 4624 Domini
699 4569 872 4640 (Psal.
896 4587 986 4636 cx,
1019 4571 1138 4639 10);
1193 4579 1249 4625 et
1303 4579 1510 4624 castum
1543 4570 1632 4626 Dei
1658 4570 1905 4625 timorem

325 4659 500 4729 gignit
533 4660 757 4730 pulchra
792 4662 1029 4725 dilectio,
1061 4663 1214 4731 cujus
1243 4661 1472 4732 genitrix
1502 4672 1579 4715 est
1613 4663 1902 4730 sapientia.

325 4748 396 4800 Et
425 4750 733 4818 agnitionis,
785 4751 909 4819 quia
947 4749 1158 4804 Patrem
1209 4766 1356 4804 nemo
1397 4750 1534 4804 novit
1565 4751 1666 4803 nisi
1715 4750 1905 4816 Filius,

325 4850 373 4892 et
401 4839 489 4892 cui
541 4840 764 4894 voluerit
811 4839 988 4895 Filius
1029 4840 1256 4895 revelare
1292 4840 1506 4912 (Matth.
1541 4858 1616 4906 XI,
1644 4842 1756 4911 ‘27).
1806 4843 1906 4909 Qui

326 4931 457 4986 item
486 4932 622 4986 dixit
648 4951 664 4986 :
694 4931 885 4987 Palam
914 4933 978 4987 de
1002 4932 1164 4986 Patre
1190 4934 1515 4988 annuntiabo
1546 4935 1686 4988 vobis
1719 4933 1905 5005 (Joan.

324 5037 439 5090 xw,
481 5023 596 5093 25).
629 5021 721 5078 Sic
744 5023 887 5078 enim
931 5021 1231 5094 Sapientia,
1265 5038 1382 5091 qur
1413 5032 1497 5078 est
1524 5022 1708 5085 Filius,
1739 5034 1910 5076 mater

325 5124 410 5169 est
434 5116 737 5186 agnitionis.
767 5115 834 5171 Et
856 5127 1055 5172 sancta:
1093 5119 1200 5188 spei
1223 5133 1241 5170 :
1275 5119 1399 5187 quia
1431 5134 1580 5188 spem
1610 5118 1679 5172 de
1705 5117 1908 5173 sanctis

327 5207 492 5262 rebus
520 5208 735 5264 nonnisi
761 5209 1012 5264 Christus
1051 5211 1238 5280 gignit.
1277 5210 1476 5264 Sancta
1507 5211 1648 5264 enim
1678 5224 1801 5279 spes
1825 5217 1910 5263 est

328 5299 662 5369 adipiscendi
698 5315 919 5371 regnum
970 5302 1061 5355 Dei
1089 5311 1142 5357 et
1178 5302 1447 5372 justitiam
1488 5301 1604 5370 ejus
1637 5319 1650 5354 :
1686 5310 1742 5354 et
1771 5302 1911 5356 hanc

329 5402 455 5442 vera
486 5388 580 5442 dat
603 5387 891 5457 sapientia,
943 5391 995 5444 in
1035 5407 1138 5460 qua
1172 5400 1255 5447 est
1283 5392 1456 5462 gratia
1505 5391 1671 5444 omnis
1717 5392 1833 5444 vim
1863 5401 1912 5444 et

329 5479 582 5543 veritatis,
609 5479 734 5548 quia
781 5479 882 5533 nisi
916 5497 1010 5549 per
1036 5483 1284 5551 gratiam,
1317 5499 1437 5552 qua:
1461 5492 1547 5538 est
1596 5483 1648 5536 in
1696 5483 1798 5536 hac
1826 5498 1914 5536 sa-

330 5569 562 5639 pientia.
597 5570 646 5624 id
691 5579 774 5625 est
817 5571 868 5624 in
901 5570 1136 5634 Christo,
1173 5572 1348 5628 mullus
1384 5574 1546 5626 vitam
1599 5581 1910 5641 perpetuam

328 5670 422 5714 seu
457 5658 738 5716 veritatem
766 5661 1220 5718 incommutabilis
1248 5663 1366 5734 ejus
1399 5663 1748 5718 beatitudinis
1771 5664 1913 5718 valet

2018 476 2200 547 (Joan.
2245 493 2378 547 sui).
2411 479 2644 549 ideoque
2690 491 2746 536 et
2793 485 2961 538 omnis
2997 504 3110 556 spes
3156 491 3274 545 vita:
3299 503 3348 547 et
3395 497 3606 553 virtutis

2017 576 2102 619 est
2144 567 2197 620 in
2226 583 2324 633 eo;
2359 569 2484 637 quia
2533 571 2748 627 nonnisi
2779 588 2876 642 per
2921 590 3044 631 eum
3095 579 3216 647 quis
3243 593 3389 638 recte
3419 599 3600 656 sperat

2016 657 2182 711 vitam
2206 657 2442 724 beatam,
2478 669 2533 714 et
2563 661 2990 719 immortalitatis
3027 666 3145 736 ejus
3171 670 3426 726 virtutem
3453 675 3602 732 inve-

2016 747 2151 810 nire,
2182 757 2236 802 et
2276 748 2532 804 virtutem
2561 750 2798 820 aliquam
2846 755 3000 809 bona:
3044 761 3470 818 conversationis
3508 765 3600 819 ha-

2014 840 2143 895 bere
2167 850 2364 909 potest.

2086 948 2343 1019 Sequitur
2373 969 2386 1003 :
2431 949 2674 1005 Transite
2695 953 2765 1006 ad
2796 970 2874 1007 me
2905 971 3080 1010 omnes
3107 961 3196 1027 qui
3231 963 3600 1030 concupiscitis

2013 1057 2113 1105 me,
2138 1052 2184 1095 et
2226 1059 2258 1095 a
2280 1044 2706 1112 generationibus
2736 1046 2865 1100 meis
2891 1046 3197 1116 implemini.
3237 1051 3485 1108 Nonnulli
3514 1070 3597 1109 sa~

2013 1131 2296 1199 pientiam,
2321 1147 2440 1202 qua:
2481 1132 2730 1190 Christus
2755 1143 2858 1202 est,
2893 1139 3309 1207 concupiscunt;
3339 1144 3432 1198 sed
3479 1145 3594 1214 qui-

2024 1222 2247 1277 busdam
2280 1223 2620 1278 saecularium
2653 1240 2836 1280 rerum
2861 1226 3156 1286 obstaculis
3181 1232 3503 1299 retinentur,
3533 1251 3598 1291 ne

2014 1315 2082 1368 ad
2109 1330 2227 1370 eam
2252 1316 2491 1379 veniant,
2532 1331 2764 1386 eamque
2812 1334 2907 1387 per
2954 1319 3256 1389 religiosam
3304 1339 3592 1380 conversa-

2015 1405 2214 1460 tionem
2246 1407 2676 1476 apprehendant.
2705 1407 2856 1477 Saepe
2881 1411 3025 1464 enim
3052 1411 3112 1465 tit
3140 1422 3199 1466 ut
3224 1414 3349 1467 dum
3381 1416 3503 1485 quis
3529 1419 3594 1470 ad

2012 1497 2322 1568 religiosam
2349 1499 2516 1552 vitam
2539 1514 2598 1554 se
2623 1508 2947 1554 convertere
2973 1503 3208 1572 cogitat,
3238 1514 3292 1558 et
3321 1507 3596 1562 Christum

2013 1588 2188 1658 sequi,
2230 1589 2460 1645 obsistat
2486 1589 2534 1643 ei
2562 1598 2616 1644 et
2645 1603 2809 1658 prava
2837 1594 3171 1648 consuetudo
3197 1595 3450 1650 vitiorum
3477 1599 3594 1667 qui-

2013 1681 2114 1734 bus
2145 1679 2401 1735 dclectari
2432 1679 2587 1748 solet,
2613 1690 2668 1736 et
2696 1697 2849 1738 amor
2874 1692 3187 1754 parentum,
3208 1695 3300 1740 aut
3330 1687 3594 1759 conjugis,

2015 1787 2109 1827 seu
2167 1772 2420 1838 ﬁliorum,
2475 1782 2530 1829 et
2575 1777 3017 1844 possessionum,
3070 1777 3185 1833 sive
3232 1777 3596 1836 blandimenta

2015 1863 2312 1919 carnalium
2369 1865 2691 1933 amicorum,
2746 1876 2802 1923 et
2867 1867 3045 1938 aliqua
3095 1869 3425 1938 bujusmodi.
3475 1871 3599 1928 Ideo

2011 1971 2140 2011 vera
2163 1956 2424 2027 sapientia
2445 1955 2599 2026 jubet
2637 1966 2694 2012 ut
2720 1973 2930 2027 omnes,
2981 1959 3073 2029 qui
3101 1976 3222 2015 eam
3255 1971 3436 2016 mente
3470 1977 3596 2016 con-

2013 2047 2322 2117 cupiscunt,
2363 2056 2646 2103 transeant
2677 2059 2904 2105 cunctos
2949 2049 3256 2121 bujusmodi
3303 2053 3517 2118 obices;
3544 2061 3598 2108 et

2012 2139 2078 2193 ad
2104 2139 2297 2210 ipsam,
2333 2138 2458 2193 dum
2491 2139 2636 2206 licet,
2671 2141 2858 2196 venire
2898 2140 3190 2207 festinent;
3225 2151 3279 2197 et
3308 2153 3596 2214 postquam

2012 2231 2078 2286 ad
2110 2246 2229 2286 eam
2259 2231 2526 2298 venerint,
2553 2247 2660 2286 non
2686 2241 3004 2287 remaneant
3029 2232 3595 2304 vacui,sedimplean-

2013 2331 2102 2376 tur
2125 2321 2544 2391 generationibus
2564 2319 2702 2389 ejus,
2740 2321 2788 2375 id
2816 2330 2920 2389 est,
2953 2323 3200 2377 sensibus
3227 2323 3598 2394 intelligentia:

2012 2426 2068 2471 et
2114 2415 2439 2486 prudentiae,
2490 2429 2554 2470 ac
2586 2414 2879 2470 virtutibus
2909 2429 3044 2484 quas
3072 2430 3333 2485 generare
3362 2415 3499 2471 solet
3541 2416 3593 2470 in

2011 2507 2096 2561 his
2125 2505 2213 2575 qui
2242 2505 2308 2560 ad
2341 2520 2400 2560 se
2421 2513 2705 2559 venerunt.

2081 2612 2342 2683 Sequitur
2365 2629 2378 2666 :
2419 2610 2649 2681 Spiritus
2671 2611 2808 2665 enim
2838 2626 2982 2665 meus
3005 2626 3161 2679 super
3195 2609 3294 2664 mel
3321 2610 3512 2676 dulcis,
3540 2622 3588 2664 et

2010 2705 2290 2758 hwreditas
2323 2719 2440 2756 mea
2466 2718 2625 2770 super
2660 2701 2761 2756 mel
2798 2712 2846 2756 et
2877 2702 3075 2771 favum.
3113 2700 3369 2756 Memoria
3399 2719 3512 2756 mea
3541 2703 3594 2757 in

2009 2795 2365 2862 generationes
2397 2790 2733 2847 swculorum.
2758 2791 2879 2847 Ideo
2907 2792 3293 2862 transeundum
3316 2792 3485 2847 estad
3511 2793 3592 2847 di-

2011 2883 2188 2939 vinam
2231 2885 2576 2954 sapientiam,
2613 2881 2838 2939 calcatis
2869 2882 3239 2938 diﬂicultatum
3282 2883 3598 2950 obstaculis,

2010 2977 2136 3047 quia
2177 2978 2395 3046 spiritus
2440 2974 2577 3045 ejus,
2611 2991 2771 3046 quem
2819 2975 3050 3044 inspirat
3089 2977 3491 3030 transeuntibus
3529 2977 3592 3030 ad

1935 3075 1977 3133 C
2009 3084 2091 3136 se,
2121 3078 2204 3124 est
2229 3069 2387 3124 melle
2419 3068 2657 3134 dulcior;
2687 3078 2734 3120 et
2775 3068 3056 3120 Itazreditas
3101 3065 3443 3136 sempiterna-
3473 3067 3590 3120 bea-

2014 3162 2284 3228 titudinis,
2322 3176 2486 3231 quam
2531 3161 2611 3215 eis
2652 3159 2998 3230 praeparavit,
3049 3167 3272 3228 superat
3306 3158 3590 3213 dulcedine

2011 3253 2112 3309 mel
2134 3264 2181 3308 et
2210 3254 2408 3324 favum.
2450 3252 2556 3306 Mel
2606 3252 2764 3320 dicit,
2795 3260 3014 3320 pr0pter
3056 3251 3266 3305 animas
3297 3249 3590 3318 justorum.

2011 3360 2134 3414 quae
2191 3343 2515 3414 corporibus
2569 3342 2758 3398 soluta:
2801 3341 2914 3410 jam
2970 3340 3231 3395 assistunt
3285 3343 3592 3410 conspectui

2011 3436 2198 3507 gloriae
2223 3434 2558 3499 Conditoris,
2605 3441 2661 3488 et
2688 3433 2826 3487 datm
2875 3441 2996 3485 sunt
3025 3431 3131 3485 illis
3179 3430 3400 3501 singula:
3444 3431 3593 3485 stolw

2011 3527 2143 3581 albw
2163 3527 2348 3596 (Apoc.
2368 3541 2441 3590 vr,
2466 3524 2553 3593 11)
2579 3537 2596 3576 :
2625 3523 2803 3578 favum
2823 3538 2971 3587 vero,
2995 3531 3214 3592 propter
3229 3522 3452 3586 electos,
3477 3532 3594 3591 post

2012 3619 2468 3676 resurrectionem
2502 3617 2690 3671 tamin
2735 3615 3079 3687 corporibus,
3104 3630 3263 3685 quam
3294 3615 3348 3669 in
3384 3615 3593 3668 anima-

2012 3709 2115 3764 bus
2151 3710 2204 3762 in
2242 3723 2476 3778 superno
2521 3722 2688 3777 regno
2735 3709 2947 3772 beatos,
2994 3705 3211 3775 quando
3234 3703 3348 3773 jam
3375 3706 3429 3758 in
3454 3714 3592 3756 terra

2011 3819 2109 3856 sua
2149 3801 2383 3870 duplicia
2415 3799 2747 3870 possidebunt
2797 3798 2935 3867 (Isa.
2974 3814 3086 3862 ut,
3117 3797 3192 3865 7).
3242 3797 3420 3852 Favus
3448 3798 3592 3850 enim

2009 3900 2094 3946 est
2150 3889 2254 3945 mel
2307 3889 2361 3943 in
2410 3903 2567 3955 cera,
2604 3887 2917 3957 signiﬁcans
2967 3886 3206 3942 animam
3251 3887 3305 3940 in
3335 3902 3603 3956 corpore;

2011 3983 2152 4039 sicut
2181 3980 2291 4037 mel
2348 3980 2466 4036 siue
2517 3994 2643 4034 cera
2699 3979 2938 4042 animam
2967 3977 3084 4032 sine
3117 3992 3366 4047 corpore.
3401 3977 3507 4032 Sed
3538 3988 3592 4032 et

2010 4075 2261 4129 memoria
2291 4072 2570 4142 sapientia:
2595 4070 2754 4126 istius
2775 4069 2880 4124 erit
2904 4069 2959 4124 in
2984 4068 3346 4140 generationes
3371 4067 3592 4122 steculo-

2012 4181 2150 4232 rum,
2183 4165 2306 4235 quia
2338 4163 2456 4218 laus
2496 4161 2614 4231 ejus
2643 4161 2957 4233 perenniter
3001 4162 3070 4216 ab
3119 4159 3309 4215 electis
3338 4160 3592 4214 decanta-

2011 4257 2178 4324 bitur,
2215 4264 2269 4312 et
2295 4256 2641 4312 adhaerentes
2675 4253 2776 4310 sibi
2805 4253 2968 4310 faciet
2998 4253 3238 4325 ejusdem
3262 4252 3436 4308 laudis
3471 4267 3593 4308 esse

2010 4346 2325 4418 participes.

2082 4458 2378 4529 Sequitur:
2414 4456 2518 4523 Qui
2547 4456 2706 4511 edunt
2757 4471 2859 4522 me,
2915 4454 3089 4508 adhuc
3118 4455 3384 4518 esurient;
3421 4462 3466 4507 et
3506 4454 3596 4523 qui

2009 4550 2189 4604 bibunt
2217 4566 2319 4614 me,
2345 4546 2516 4602 adhuc
2545 4549 2740 4602 sitient.
2780 4547 2880 4614 Qui
2910 4547 3091 4603 cordis
3122 4560 3220 4601 ore
3249 4545 3587 4600 dulcedinem

2009 4655 2151 4695 vera:
2185 4639 2464 4710 sapientiae
2513 4646 2751 4708 gustant,
2783 4646 2987 4707 quanto
3035 4637 3151 4706 ejus
3180 4651 3428 4706 saporem
3455 4651 3579 4692 sen-

2011 4731 2172 4795 tiunt,
2210 4739 2356 4784 tanto
2387 4729 2639 4797 magisin
2685 4728 2958 4785 desiderio
3005 4730 3123 4802 ejus
3167 4732 3493 4797 ardescunt;
3541 4741 3601 4786 et

2012 4831 2217 4890 quanto
2249 4821 2371 4889 plus
2397 4820 2461 4873 de
2495 4819 2596 4873 hoc
2624 4829 2750 4888 potu
2797 4818 3008 4886 bibunt,
3039 4829 3192 4876 tanto
3231 4820 3442 4874 avidius
3467 4834 3590 4874 eum

2012 4913 2229 4968 sitiunt.
2274 4910 2410 4966 Nam
2443 4910 2755 4982 spirituales
2805 4911 3009 4966 deliciae
3056 4927 3178 4966 cum
3220 4911 3510 4976 habentur,
3542 4910 3594 4963 in

2013 5003 2281 5058 desiderio
2331 5009 2486 5067 sunt;
2529 5010 2790 5071 tantoque
2815 5019 2845 5054 ει
2874 5002 3192 5056 comedente
3218 4999 3450 5069 amplius
3471 5014 3598 5052 esu-

2015 5095 2254 5159 riuntur,
2300 5102 2508 5162 quanto
2561 5099 2617 5147 et
2669 5092 2737 5148 ab
2780 5091 3053 5147 esuriente
3116 5089 3348 5159 aittplius
3412 5103 3593 5143 come-

2012 5187 2229 5240 duntur.

2083 5297 2380 5367 Sequitur:
2413 5296 2517 5362 Qui
2551 5297 2700 5350 audit
2733 5313 2836 5363 me,
2870 5313 2972 5350 non
3008 5293 3384 5364 confundetur,
3430 5277 3594 5364 eloqui

2012 5400 2295 5460 operantur
2318 5389 2372 5442 in
2398 5407 2494 5452 me,
2536 5405 2640 5443 non
2669 5388 2978 5458 peccabunt.
3018 5385 3122 5452 Qui
3152 5385 3430 5442 Christum
3460 5386 3590 5441 obe-

2009 5481 2224 5534 dienter
2272 5477 2442 5543 audit,
2502 5495 2605 5532 non
2648 5477 3020 5545 confundetur,
3069 5475 3119 5529 id
3157 5482 3241 5530 est
3306 5488 3412 5528 non
3464 5490 3592 5529 eru-

2011 5568 2228 5627 bescet:
2264 5568 2387 5635 quia
2417 5584 2538 5621 cum
2583 5571 2791 5622 honore
2837 5581 3034 5634 magno
3081 5565 3185 5622 erit
3215 5567 3281 5620 ad
3311 5565 3591 5621 dexteram

2011 5662 2126 5731 ejus
2165 5663 2214 5716 in
2242 5661 2468 5730 judicio.
2508 5661 2570 5715 Et
2609 5661 2696 5729 qui
2745 5670 3030 5730 operantur
3061 5661 3114 5716 in
3147 5675 3236 5728 eo,
3269 5677 3372 5716 non
3410 5676 3592 5731 peccas
