  <div class='ocr_page' id='page_1' title='image "/cluster/home/n/w/nwhite01/storage/ocr_20150623/158/hvd.32044054760160/304.png"; bbox 0 0 3940 6046; ppageno 0'>
   <div class='ocr_carea' id='block_1_1' title="bbox 338 131 446 188">
    <p class='ocr_par' dir='ltr' id='par_1_1' title="bbox 338 131 446 188">
     <span class='ocr_line' id='line_1_1' title="bbox 338 131 446 188; baseline -0.019 -1"><span class='ocrx_word' id='word_1_1' title='bbox 338 131 446 188; x_wconf 67' lang='lat'><strong>359?</strong></span> 
     </span>
    </p>
   </div>
   <div class='ocr_carea' id='block_1_2' title="bbox 1431 127 2512 186">
    <p class='ocr_par' dir='ltr' id='par_1_2' title="bbox 1431 127 2512 186">
     <span class='ocr_line' id='line_1_2' title="bbox 1431 127 2512 186; baseline 0 -2"><span class='ocrx_word' id='word_1_2' title='bbox 1431 127 1738 186; x_wconf 65' lang='lat' dir='ltr'><strong>IlOMIleE</strong></span> <span class='ocrx_word' id='word_1_3' title='bbox 1779 127 1867 184; x_wconf 82' lang='grc' dir='ltr'><strong>ΕΤ</strong></span> <span class='ocrx_word' id='word_1_4' title='bbox 1907 127 2512 186; x_wconf 66' lang='grc' dir='ltr'><strong>ΕΧΙΙΟΠΤᾹΤΙΟΝΕΞ.</strong></span> 
     </span>
    </p>
   </div>
   <div class='ocr_carea' id='block_1_3' title="bbox 3513 139 3618 196">
    <p class='ocr_par' dir='ltr' id='par_1_3' title="bbox 3513 139 3618 196">
     <span class='ocr_line' id='line_1_3' title="bbox 3513 139 3618 196; baseline 0.019 -3"><span class='ocrx_word' id='word_1_5' title='bbox 3513 139 3618 196; x_wconf 68' lang='lat'><strong>598</strong></span> 
     </span>
    </p>
   </div>
   <div class='ocr_carea' id='block_1_4' title="bbox 413 244 3619 316">
    <p class='ocr_par' dir='ltr' id='par_1_4' title="bbox 413 244 3619 316">
     <span class='ocr_line' id='line_1_4' title="bbox 413 244 3619 316; baseline 0.001 -16"><span class='ocrx_word' id='word_1_6' title='bbox 413 247 618 312; x_wconf 74' lang='lat' dir='ltr'><strong>Quinto</strong></span> <span class='ocrx_word' id='word_1_7' title='bbox 668 247 784 300; x_wconf 85' lang='lat' dir='ltr'><strong>luco</strong></span> <span class='ocrx_word' id='word_1_8' title='bbox 831 246 1050 315; x_wconf 89' lang='lat' dir='ltr'><strong>ponitur</strong></span> <span class='ocrx_word' id='word_1_9' title='bbox 1075 259 1290 316; x_wconf 76' lang='lat' dir='ltr'><strong>spiritus</strong></span> <span class='ocrx_word' id='word_1_10' title='bbox 1325 247 1552 310; x_wconf 86' lang='lat' dir='ltr'><strong>consilii,</strong></span> <span class='ocrx_word' id='word_1_11' title='bbox 1578 247 1672 316; x_wconf 88' lang='lat' dir='ltr'><strong>qui</strong></span> <span class='ocrx_word' id='word_1_12' title='bbox 1720 244 1929 300; x_wconf 89' lang='lat' dir='ltr'><strong>miscri-</strong></span> <span class='ocrx_word' id='word_1_13' title='bbox 1961 251 2006 306; x_wconf 75' lang='grc' dir='ltr'>Α</span> <span class='ocrx_word' id='word_1_14' title='bbox 2035 247 2353 312; x_wconf 73' lang='lat' dir='ltr'><strong>proborum,</strong></span> <span class='ocrx_word' id='word_1_15' title='bbox 2389 263 2487 302; x_wconf 87' lang='lat' dir='ltr'><strong>nec</strong></span> <span class='ocrx_word' id='word_1_16' title='bbox 2537 247 2600 299; x_wconf 79' lang='lat' dir='ltr'><strong>ad</strong></span> <span class='ocrx_word' id='word_1_17' title='bbox 2651 248 3060 300; x_wconf 74' lang='lat' dir='ltr'><strong>conversionem</strong></span> <span class='ocrx_word' id='word_1_18' title='bbox 3090 263 3182 300; x_wconf 86' lang='lat' dir='ltr'><strong>eas</strong></span> <span class='ocrx_word' id='word_1_19' title='bbox 3231 248 3455 304; x_wconf 70' lang='lat' dir='ltr'><strong>ulterius</strong></span> <span class='ocrx_word' id='word_1_20' title='bbox 3507 269 3619 304; x_wconf 80' lang='grc' dir='ltr'>ιιιιι-</span> 
     </span>
    </p>
   </div>
   <div class='ocr_carea' id='block_1_5' title="bbox 337 337 1932 408">
    <p class='ocr_par' dir='ltr' id='par_1_5' title="bbox 337 337 1932 408">
     <span class='ocr_line' id='line_1_5' title="bbox 337 337 1932 408; baseline -0.001 -15"><span class='ocrx_word' id='word_1_21' title='bbox 337 338 600 393; x_wconf 70' lang='grc' dir='ltr'><strong>ι·οἰ·ι1ἱ1›ιιε</strong></span> <span class='ocrx_word' id='word_1_22' title='bbox 637 340 908 392; x_wconf 72' lang='lat' dir='ltr'><strong>convenit.</strong></span> <span class='ocrx_word' id='word_1_23' title='bbox 963 337 1130 394; x_wconf 82' lang='lat' dir='ltr'><strong>Nemo</strong></span> <span class='ocrx_word' id='word_1_24' title='bbox 1173 340 1318 394; x_wconf 89' lang='lat' dir='ltr'><strong>enim</strong></span> <span class='ocrx_word' id='word_1_25' title='bbox 1356 341 1642 396; x_wconf 76' lang='lat' dir='ltr'><strong>miseretur</strong></span> <span class='ocrx_word' id='word_1_26' title='bbox 1674 339 1774 393; x_wconf 84' lang='lat' dir='ltr'><strong>nisi</strong></span> <span class='ocrx_word' id='word_1_27' title='bbox 1821 337 1932 408; x_wconf 87' lang='lat' dir='ltr'><strong>spi-</strong></span> 
     </span>
    </p>
   </div>
   <div class='ocr_carea' id='block_1_6' title="bbox 339 425 1931 500">
    <p class='ocr_par' dir='ltr' id='par_1_6' title="bbox 339 425 1931 500">
     <span class='ocr_line' id='line_1_6' title="bbox 339 425 1931 500; baseline 0.002 -18"><span class='ocrx_word' id='word_1_28' title='bbox 339 429 450 482; x_wconf 86' lang='lat' dir='ltr'><strong>ritu</strong></span> <span class='ocrx_word' id='word_1_29' title='bbox 477 429 692 483; x_wconf 82' lang='lat' dir='ltr'><strong>consilii</strong></span> <span class='ocrx_word' id='word_1_30' title='bbox 739 439 976 500; x_wconf 75' lang='lat' dir='ltr'><strong>regatur.</strong></span> <span class='ocrx_word' id='word_1_31' title='bbox 1019 430 1170 486; x_wconf 87' lang='lat' dir='ltr'><strong>Unde</strong></span> <span class='ocrx_word' id='word_1_32' title='bbox 1218 446 1438 486; x_wconf 85' lang='lat' dir='ltr'><strong>oramus</strong></span> <span class='ocrx_word' id='word_1_33' title='bbox 1472 449 1483 484; x_wconf 89' lang='lat'><strong>:</strong></span> <span class='ocrx_word' id='word_1_34' title='bbox 1522 425 1644 484; x_wconf 84' lang='lat' dir='ltr'><strong>Fiat</strong></span> <span class='ocrx_word' id='word_1_35' title='bbox 1695 428 1931 486; x_wconf 74' lang='lat' dir='ltr'><strong>voluntas</strong></span> 
     </span>
    </p>
   </div>
   <div class='ocr_carea' id='block_1_7' title="bbox 341 520 1930 588">
    <p class='ocr_par' dir='ltr' id='par_1_7' title="bbox 341 520 1930 588">
     <span class='ocr_line' id='line_1_7' title="bbox 341 520 1930 588; baseline 0.004 -18"><span class='ocrx_word' id='word_1_36' title='bbox 341 533 456 584; x_wconf 79' lang='lat' dir='ltr'><strong>tua,</strong></span> <span class='ocrx_word' id='word_1_37' title='bbox 478 522 614 573; x_wconf 86' lang='lat' dir='ltr'><strong>sicut</strong></span> <span class='ocrx_word' id='word_1_38' title='bbox 645 521 698 573; x_wconf 86' lang='lat' dir='ltr'><strong>in</strong></span> <span class='ocrx_word' id='word_1_39' title='bbox 736 520 863 574; x_wconf 72' lang='lat' dir='ltr'><strong>cazto</strong></span> <span class='ocrx_word' id='word_1_40' title='bbox 891 531 938 574; x_wconf 92' lang='lat' dir='ltr'><strong>et</strong></span> <span class='ocrx_word' id='word_1_41' title='bbox 979 523 1034 574; x_wconf 87' lang='lat' dir='ltr'><strong>in</strong></span> <span class='ocrx_word' id='word_1_42' title='bbox 1080 531 1240 574; x_wconf 88' lang='lat' dir='ltr'><strong>terra.</strong></span> <span class='ocrx_word' id='word_1_43' title='bbox 1277 522 1556 588; x_wconf 74' lang='lat' dir='ltr'><strong>Quatenus</strong></span> <span class='ocrx_word' id='word_1_44' title='bbox 1599 522 1930 578; x_wconf 88' lang='lat' dir='ltr'><strong>voluntatem</strong></span> 
     </span>
    </p>
   </div>
   <div class='ocr_carea' id='block_1_8' title="bbox 343 609 1932 676">
    <p class='ocr_par' dir='ltr' id='par_1_8' title="bbox 343 609 1932 676">
     <span class='ocr_line' id='line_1_8' title="bbox 343 609 1932 676; baseline 0.004 -14"><span class='ocrx_word' id='word_1_45' title='bbox 343 609 438 662; x_wconf 83' lang='lat' dir='ltr'><strong>Dei</strong></span> <span class='ocrx_word' id='word_1_46' title='bbox 467 610 831 676; x_wconf 86' lang='lat' dir='ltr'><strong>consulentes,</strong></span> <span class='ocrx_word' id='word_1_47' title='bbox 881 610 1241 668; x_wconf 87' lang='lat' dir='ltr'><strong>misereamur</strong></span> <span class='ocrx_word' id='word_1_48' title='bbox 1267 613 1354 668; x_wconf 90' lang='lat' dir='ltr'><strong>cui</strong></span> <span class='ocrx_word' id='word_1_49' title='bbox 1395 613 1760 668; x_wconf 89' lang='lat' dir='ltr'><strong>miserendum</strong></span> <span class='ocrx_word' id='word_1_50' title='bbox 1811 629 1932 670; x_wconf 90' lang='lat' dir='ltr'><strong>esse</strong></span> 
     </span>
    </p>
   </div>
   <div class='ocr_carea' id='block_1_9' title="bbox 339 701 656 756">
    <p class='ocr_par' dir='ltr' id='par_1_9' title="bbox 339 701 656 756">
     <span class='ocr_line' id='line_1_9' title="bbox 339 701 656 756; baseline 0.013 -6"><span class='ocrx_word' id='word_1_51' title='bbox 339 701 656 756; x_wconf 71' lang='lat' dir='ltr'><strong>viderimus.</strong></span> 
     </span>
    </p>
   </div>
   <div class='ocr_carea' id='block_1_10' title="bbox 413 791 1932 866">
    <p class='ocr_par' dir='ltr' id='par_1_10' title="bbox 413 791 1932 866">
     <span class='ocr_line' id='line_1_10' title="bbox 413 791 1932 866; baseline 0.005 -19"><span class='ocrx_word' id='word_1_52' title='bbox 413 791 580 847; x_wconf 81' lang='lat' dir='ltr'><strong>Sexto</strong></span> <span class='ocrx_word' id='word_1_53' title='bbox 611 795 732 849; x_wconf 89' lang='lat' dir='ltr'><strong>loco</strong></span> <span class='ocrx_word' id='word_1_54' title='bbox 776 793 998 863; x_wconf 80' lang='lat' dir='ltr'><strong>ponitur</strong></span> <span class='ocrx_word' id='word_1_55' title='bbox 1025 795 1342 862; x_wconf 76' lang='lat' dir='ltr'><strong>intellectus,</strong></span> <span class='ocrx_word' id='word_1_56' title='bbox 1369 797 1460 866; x_wconf 85' lang='lat' dir='ltr'><strong>qui</strong></span> <span class='ocrx_word' id='word_1_57' title='bbox 1513 798 1730 854; x_wconf 82' lang='lat' dir='ltr'><strong>mundis</strong></span> <span class='ocrx_word' id='word_1_58' title='bbox 1764 799 1932 854; x_wconf 84' lang='lat' dir='ltr'><strong>corde</strong></span> 
     </span>
    </p>
   </div>
   <div class='ocr_carea' id='block_1_11' title="bbox 337 886 1930 960">
    <p class='ocr_par' dir='ltr' id='par_1_11' title="bbox 337 886 1930 960">
     <span class='ocr_line' id='line_1_11' title="bbox 337 886 1930 960; baseline 0.004 -20"><span class='ocrx_word' id='word_1_59' title='bbox 337 886 620 941; x_wconf 80' lang='lat' dir='ltr'><strong>convenit.</strong></span> <span class='ocrx_word' id='word_1_60' title='bbox 657 886 764 941; x_wconf 87' lang='lat' dir='ltr'><strong>Illis</strong></span> <span class='ocrx_word' id='word_1_61' title='bbox 797 887 1027 952; x_wconf 85' lang='lat' dir='ltr'><strong>scilicet,</strong></span> <span class='ocrx_word' id='word_1_62' title='bbox 1053 888 1146 958; x_wconf 87' lang='lat' dir='ltr'><strong>qui</strong></span> <span class='ocrx_word' id='word_1_63' title='bbox 1179 899 1414 960; x_wconf 82' lang='lat' dir='ltr'><strong>purgato</strong></span> <span class='ocrx_word' id='word_1_64' title='bbox 1445 889 1602 946; x_wconf 91' lang='lat' dir='ltr'><strong>oculo</strong></span> <span class='ocrx_word' id='word_1_65' title='bbox 1631 892 1810 946; x_wconf 85' lang='lat' dir='ltr'><strong>cordis</strong></span> <span class='ocrx_word' id='word_1_66' title='bbox 1851 893 1930 946; x_wconf 88' lang='lat' dir='ltr'><strong>vi-</strong></span> 
     </span>
    </p>
   </div>
   <div class='ocr_carea' id='block_1_12' title="bbox 339 977 1930 1052">
    <p class='ocr_par' dir='ltr' id='par_1_12' title="bbox 339 977 1930 1052">
     <span class='ocr_line' id='line_1_12' title="bbox 339 977 1930 1052; baseline 0.005 -20"><span class='ocrx_word' id='word_1_67' title='bbox 339 978 470 1032; x_wconf 90' lang='lat' dir='ltr'><strong>dent</strong></span> <span class='ocrx_word' id='word_1_68' title='bbox 497 977 642 1047; x_wconf 88' lang='lat' dir='ltr'><strong>quod</strong></span> <span class='ocrx_word' id='word_1_69' title='bbox 673 992 968 1048; x_wconf 85' lang='lat' dir='ltr'><strong>corporeus</strong></span> <span class='ocrx_word' id='word_1_70' title='bbox 993 980 1184 1036; x_wconf 89' lang='lat' dir='ltr'><strong>oculus</strong></span> <span class='ocrx_word' id='word_1_71' title='bbox 1233 997 1340 1036; x_wconf 89' lang='lat' dir='ltr'><strong>non</strong></span> <span class='ocrx_word' id='word_1_72' title='bbox 1382 982 1558 1052; x_wconf 88' lang='lat' dir='ltr'><strong>potuit</strong></span> <span class='ocrx_word' id='word_1_73' title='bbox 1603 985 1820 1048; x_wconf 85' lang='lat' dir='ltr'><strong>videre,</strong></span> <span class='ocrx_word' id='word_1_74' title='bbox 1845 985 1930 1040; x_wconf 91' lang='lat' dir='ltr'><strong>vel</strong></span> 
     </span>
    </p>
   </div>
   <div class='ocr_carea' id='block_1_13' title="bbox 337 1069 1926 1146">
    <p class='ocr_par' dir='ltr' id='par_1_13' title="bbox 337 1069 1926 1146">
     <span class='ocr_line' id='line_1_13' title="bbox 337 1069 1926 1146; baseline 0.004 -23"><span class='ocrx_word' id='word_1_75' title='bbox 337 1069 490 1124; x_wconf 89' lang='lat' dir='ltr'><strong>auris</strong></span> <span class='ocrx_word' id='word_1_76' title='bbox 519 1069 726 1125; x_wconf 89' lang='lat' dir='ltr'><strong>audire.</strong></span> <span class='ocrx_word' id='word_1_77' title='bbox 761 1071 875 1126; x_wconf 73' lang='lat' dir='ltr'><strong>Hoc</strong></span> <span class='ocrx_word' id='word_1_78' title='bbox 912 1079 1094 1126; x_wconf 88' lang='lat' dir='ltr'><strong>autem</strong></span> <span class='ocrx_word' id='word_1_79' title='bbox 1129 1073 1388 1128; x_wconf 89' lang='lat' dir='ltr'><strong>mundum</strong></span> <span class='ocrx_word' id='word_1_80' title='bbox 1441 1089 1538 1130; x_wconf 88' lang='lat' dir='ltr'><strong>cor</strong></span> <span class='ocrx_word' id='word_1_81' title='bbox 1565 1090 1787 1146; x_wconf 84' lang='lat' dir='ltr'><strong>regnum</strong></span> <span class='ocrx_word' id='word_1_82' title='bbox 1829 1076 1926 1134; x_wconf 82' lang='lat' dir='ltr'><strong>Dei</strong></span> 
     </span>
    </p>
   </div>
   <div class='ocr_carea' id='block_1_14' title="bbox 338 1161 1928 1238">
    <p class='ocr_par' dir='ltr' id='par_1_14' title="bbox 338 1161 1928 1238">
     <span class='ocr_line' id='line_1_14' title="bbox 338 1161 1928 1238; baseline 0.008 -24"><span class='ocrx_word' id='word_1_83' title='bbox 338 1161 540 1215; x_wconf 89' lang='lat' dir='ltr'><strong>dicitur</strong></span> <span class='ocrx_word' id='word_1_84' title='bbox 567 1162 750 1216; x_wconf 87' lang='lat' dir='ltr'><strong>videre</strong></span> <span class='ocrx_word' id='word_1_85' title='bbox 779 1179 794 1215; x_wconf 86' lang='lat'><strong>:</strong></span> <span class='ocrx_word' id='word_1_86' title='bbox 825 1179 934 1218; x_wconf 84' lang='lat' dir='ltr'><strong>non</strong></span> <span class='ocrx_word' id='word_1_87' title='bbox 965 1165 1094 1219; x_wconf 87' lang='lat' dir='ltr'><strong>illud</strong></span> <span class='ocrx_word' id='word_1_88' title='bbox 1121 1168 1262 1234; x_wconf 87' lang='lat' dir='ltr'><strong>quod</strong></span> <span class='ocrx_word' id='word_1_89' title='bbox 1299 1181 1398 1222; x_wconf 85' lang='lat' dir='ltr'><strong>nec</strong></span> <span class='ocrx_word' id='word_1_90' title='bbox 1422 1167 1630 1238; x_wconf 85' lang='lat' dir='ltr'><strong>incipit,</strong></span> <span class='ocrx_word' id='word_1_91' title='bbox 1661 1183 1758 1224; x_wconf 86' lang='lat' dir='ltr'><strong>nec</strong></span> <span class='ocrx_word' id='word_1_92' title='bbox 1784 1170 1928 1226; x_wconf 86' lang='lat' dir='ltr'><strong>desi-</strong></span> 
     </span>
    </p>
   </div>
   <div class='ocr_carea' id='block_1_15' title="bbox 339 1251 1926 1328">
    <p class='ocr_par' dir='ltr' id='par_1_15' title="bbox 339 1251 1926 1328">
     <span class='ocr_line' id='line_1_15' title="bbox 339 1251 1926 1328; baseline 0.008 -25"><span class='ocrx_word' id='word_1_93' title='bbox 339 1251 450 1316; x_wconf 89' lang='lat' dir='ltr'><strong>nit;</strong></span> <span class='ocrx_word' id='word_1_94' title='bbox 487 1255 582 1306; x_wconf 86' lang='lat' dir='ltr'><strong>sed</strong></span> <span class='ocrx_word' id='word_1_95' title='bbox 610 1253 754 1321; x_wconf 90' lang='lat' dir='ltr'><strong>quod</strong></span> <span class='ocrx_word' id='word_1_96' title='bbox 792 1253 846 1306; x_wconf 90' lang='lat' dir='ltr'><strong>in</strong></span> <span class='ocrx_word' id='word_1_97' title='bbox 881 1254 1038 1308; x_wconf 88' lang='lat' dir='ltr'><strong>nobis</strong></span> <span class='ocrx_word' id='word_1_98' title='bbox 1077 1264 1191 1321; x_wconf 88' lang='lat' dir='ltr'><strong>est,</strong></span> <span class='ocrx_word' id='word_1_99' title='bbox 1226 1256 1354 1310; x_wconf 89' lang='lat' dir='ltr'><strong>dum</strong></span> <span class='ocrx_word' id='word_1_100' title='bbox 1403 1258 1534 1312; x_wconf 88' lang='lat' dir='ltr'><strong>vitia</strong></span> <span class='ocrx_word' id='word_1_101' title='bbox 1583 1267 1636 1312; x_wconf 93' lang='lat' dir='ltr'><strong>et</strong></span> <span class='ocrx_word' id='word_1_102' title='bbox 1687 1269 1926 1328; x_wconf 80' lang='lat' dir='ltr'><strong>potestas</strong></span> 
     </span>
    </p>
   </div>
   <div class='ocr_carea' id='block_1_16' title="bbox 338 1343 1922 1423">
    <p class='ocr_par' dir='ltr' id='par_1_16' title="bbox 338 1343 1922 1423">
     <span class='ocr_line' id='line_1_16' title="bbox 338 1343 1922 1423; baseline 0.011 -31"><span class='ocrx_word' id='word_1_103' title='bbox 338 1343 536 1398; x_wconf 81' lang='lat' dir='ltr'><strong>diaboli</strong></span> <span class='ocrx_word' id='word_1_104' title='bbox 558 1344 936 1400; x_wconf 79' lang='lat' dir='ltr'><strong>excluduntur.</strong></span> <span class='ocrx_word' id='word_1_105' title='bbox 957 1345 1110 1402; x_wconf 89' lang='lat' dir='ltr'><strong>Unde</strong></span> <span class='ocrx_word' id='word_1_106' title='bbox 1138 1361 1357 1403; x_wconf 87' lang='lat' dir='ltr'><strong>oramus</strong></span> <span class='ocrx_word' id='word_1_107' title='bbox 1387 1367 1400 1402; x_wconf 93' lang='lat'>:</span> <span class='ocrx_word' id='word_1_108' title='bbox 1429 1350 1680 1406; x_wconf 81' lang='lat' dir='ltr'><strong>Adveniat</strong></span> <span class='ocrx_word' id='word_1_109' title='bbox 1711 1369 1922 1423; x_wconf 70' lang='lat' dir='ltr'><strong>regnum</strong></span> 
     </span>
    </p>
   </div>
   <div class='ocr_carea' id='block_1_17' title="bbox 333 1435 1924 1514">
    <p class='ocr_par' dir='ltr' id='par_1_17' title="bbox 333 1435 1924 1514">
     <span class='ocr_line' id='line_1_17' title="bbox 333 1435 1924 1514; baseline 0.011 -29"><span class='ocrx_word' id='word_1_110' title='bbox 333 1439 490 1486; x_wconf 78' lang='lat' dir='ltr'><strong>tuum</strong></span> <span class='ocrx_word' id='word_1_111' title='bbox 513 1451 532 1488; x_wconf 89' lang='lat'><strong><em>:</em></strong></span> <span class='ocrx_word' id='word_1_112' title='bbox 563 1435 616 1488; x_wconf 93' lang='lat' dir='ltr'><strong>id</strong></span> <span class='ocrx_word' id='word_1_113' title='bbox 638 1444 742 1504; x_wconf 72' lang='lat' dir='ltr'><strong>est,</strong></span> <span class='ocrx_word' id='word_1_114' title='bbox 772 1438 836 1492; x_wconf 88' lang='lat' dir='ltr'><strong>da</strong></span> <span class='ocrx_word' id='word_1_115' title='bbox 859 1447 918 1492; x_wconf 88' lang='lat' dir='ltr'><strong>ut</strong></span> <span class='ocrx_word' id='word_1_116' title='bbox 951 1453 1048 1508; x_wconf 90' lang='lat' dir='ltr'><strong>per</strong></span> <span class='ocrx_word' id='word_1_117' title='bbox 1083 1440 1331 1510; x_wconf 89' lang='lat' dir='ltr'><strong>spiritum</strong></span> <span class='ocrx_word' id='word_1_118' title='bbox 1361 1442 1728 1514; x_wconf 64' lang='lat' dir='ltr'><strong>intelligentiae</strong></span> <span class='ocrx_word' id='word_1_119' title='bbox 1767 1463 1924 1502; x_wconf 85' lang='lat' dir='ltr'><strong>mun-</strong></span> 
     </span>
    </p>
   </div>
   <div class='ocr_carea' id='block_1_18' title="bbox 337 1524 1924 1610">
    <p class='ocr_par' dir='ltr' id='par_1_18' title="bbox 337 1524 1924 1610">
     <span class='ocr_line' id='line_1_18' title="bbox 337 1524 1924 1610; baseline 0.013 -34"><span class='ocrx_word' id='word_1_120' title='bbox 337 1524 588 1580; x_wconf 86' lang='lat' dir='ltr'><strong>dicordes</strong></span> <span class='ocrx_word' id='word_1_121' title='bbox 614 1527 888 1596; x_wconf 81' lang='lat' dir='ltr'><strong>possimus</strong></span> <span class='ocrx_word' id='word_1_122' title='bbox 902 1543 1046 1597; x_wconf 87' lang='lat' dir='ltr'><strong>esse,</strong></span> <span class='ocrx_word' id='word_1_123' title='bbox 1069 1541 1124 1585; x_wconf 90' lang='lat' dir='ltr'><strong>et</strong></span> <span class='ocrx_word' id='word_1_124' title='bbox 1149 1532 1240 1586; x_wconf 89' lang='lat' dir='ltr'><strong>tibi</strong></span> <span class='ocrx_word' id='word_1_125' title='bbox 1272 1534 1322 1586; x_wconf 90' lang='lat' dir='ltr'><strong>in</strong></span> <span class='ocrx_word' id='word_1_126' title='bbox 1363 1535 1518 1590; x_wconf 85' lang='lat' dir='ltr'><strong>nobis</strong></span> <span class='ocrx_word' id='word_1_127' title='bbox 1539 1552 1762 1608; x_wconf 82' lang='lat' dir='ltr'><strong>regnum</strong></span> <span class='ocrx_word' id='word_1_128' title='bbox 1789 1555 1924 1610; x_wconf 67' lang='lat' dir='ltr'><strong>pra:-</strong></span> 
     </span>
    </p>
   </div>
   <div class='ocr_carea' id='block_1_19' title="bbox 335 1631 552 1685">
    <p class='ocr_par' dir='ltr' id='par_1_19' title="bbox 335 1631 552 1685">
     <span class='ocr_line' id='line_1_19' title="bbox 335 1631 552 1685; baseline 0.005 -17"><span class='ocrx_word' id='word_1_129' title='bbox 335 1631 552 1685; x_wconf 88' lang='lat' dir='ltr'><strong>parare.</strong></span> 
     </span>
    </p>
   </div>
   <div class='ocr_carea' id='block_1_20' title="bbox 409 1709 1922 1794">
    <p class='ocr_par' dir='ltr' id='par_1_20' title="bbox 409 1709 1922 1794">
     <span class='ocr_line' id='line_1_20' title="bbox 409 1709 1922 1794; baseline 0.014 -31"><span class='ocrx_word' id='word_1_130' title='bbox 409 1709 686 1779; x_wconf 78' lang='lat' dir='ltr'><strong>Septimus</strong></span> <span class='ocrx_word' id='word_1_131' title='bbox 725 1714 946 1784; x_wconf 85' lang='lat' dir='ltr'><strong>ponitur</strong></span> <span class='ocrx_word' id='word_1_132' title='bbox 973 1717 1192 1786; x_wconf 74' lang='lat' dir='ltr'><strong>spiritus</strong></span> <span class='ocrx_word' id='word_1_133' title='bbox 1240 1720 1526 1786; x_wconf 71' lang='lat' dir='ltr'><strong>patientiae,</strong></span> <span class='ocrx_word' id='word_1_134' title='bbox 1555 1725 1646 1792; x_wconf 89' lang='lat' dir='ltr'><strong>qui</strong></span> <span class='ocrx_word' id='word_1_135' title='bbox 1681 1727 1922 1794; x_wconf 88' lang='lat' dir='ltr'><strong>paciticis</strong></span> 
     </span>
    </p>
   </div>
   <div class='ocr_carea' id='block_1_21' title="bbox 333 1803 1920 1884">
    <p class='ocr_par' dir='ltr' id='par_1_21' title="bbox 333 1803 1920 1884">
     <span class='ocr_line' id='line_1_21' title="bbox 333 1803 1920 1884; baseline 0.014 -31"><span class='ocrx_word' id='word_1_136' title='bbox 333 1803 610 1872; x_wconf 81' lang='lat' dir='ltr'><strong>congruit,</strong></span> <span class='ocrx_word' id='word_1_137' title='bbox 637 1804 690 1859; x_wconf 91' lang='lat' dir='ltr'><strong>in</strong></span> <span class='ocrx_word' id='word_1_138' title='bbox 721 1807 918 1875; x_wconf 80' lang='lat' dir='ltr'><strong>quibus</strong></span> <span class='ocrx_word' id='word_1_139' title='bbox 941 1810 1122 1866; x_wconf 85' lang='lat' dir='ltr'><strong>nullus</strong></span> <span class='ocrx_word' id='word_1_140' title='bbox 1151 1820 1328 1867; x_wconf 91' lang='lat' dir='ltr'><strong>motus</strong></span> <span class='ocrx_word' id='word_1_141' title='bbox 1353 1825 1436 1868; x_wconf 87' lang='lat' dir='ltr'><strong>est</strong></span> <span class='ocrx_word' id='word_1_142' title='bbox 1463 1816 1702 1884; x_wconf 85' lang='lat' dir='ltr'><strong>rebellis,</strong></span> <span class='ocrx_word' id='word_1_143' title='bbox 1725 1829 1783 1874; x_wconf 90' lang='lat' dir='ltr'><strong>ut</strong></span> <span class='ocrx_word' id='word_1_144' title='bbox 1815 1835 1920 1875; x_wconf 89' lang='lat' dir='ltr'><strong>non</strong></span> 
     </span>
    </p>
   </div>
   <div class='ocr_carea' id='block_1_22' title="bbox 333 1893 1918 1977">
    <p class='ocr_par' dir='ltr' id='par_1_22' title="bbox 333 1893 1918 1977">
     <span class='ocr_line' id='line_1_22' title="bbox 333 1893 1918 1977; baseline 0.013 -33"><span class='ocrx_word' id='word_1_145' title='bbox 333 1893 644 1963; x_wconf 84' lang='lat' dir='ltr'><strong>discrepent</strong></span> <span class='ocrx_word' id='word_1_146' title='bbox 671 1895 724 1950; x_wconf 89' lang='lat' dir='ltr'><strong>in</strong></span> <span class='ocrx_word' id='word_1_147' title='bbox 748 1899 1232 1957; x_wconf 84' lang='lat' dir='ltr'><strong>sanetilicationem</strong></span> <span class='ocrx_word' id='word_1_148' title='bbox 1261 1904 1500 1960; x_wconf 86' lang='lat' dir='ltr'><strong>nominis</strong></span> <span class='ocrx_word' id='word_1_149' title='bbox 1529 1906 1757 1972; x_wconf 87' lang='lat' dir='ltr'><strong>Dei,sed</strong></span> <span class='ocrx_word' id='word_1_150' title='bbox 1787 1911 1918 1977; x_wconf 88' lang='lat' dir='ltr'><strong>vita,</strong></span> 
     </span>
    </p>
   </div>
   <div class='ocr_carea' id='block_1_23' title="bbox 335 1982 1920 2058">
    <p class='ocr_par' dir='ltr' id='par_1_23' title="bbox 335 1982 1920 2058">
     <span class='ocr_line' id='line_1_23' title="bbox 335 1982 1920 2058; baseline 0.014 -26"><span class='ocrx_word' id='word_1_151' title='bbox 335 1982 578 2037; x_wconf 86' lang='lat' dir='ltr'><strong>moribus</strong></span> <span class='ocrx_word' id='word_1_152' title='bbox 629 1999 824 2040; x_wconf 89' lang='lat' dir='ltr'><strong>nomen</strong></span> <span class='ocrx_word' id='word_1_153' title='bbox 866 1989 1038 2057; x_wconf 85' lang='lat' dir='ltr'><strong>patris</strong></span> <span class='ocrx_word' id='word_1_154' title='bbox 1084 1991 1136 2044; x_wconf 92' lang='lat' dir='ltr'><strong>in</strong></span> <span class='ocrx_word' id='word_1_155' title='bbox 1195 1991 1320 2048; x_wconf 84' lang='lat' dir='ltr'><strong>filiis</strong></span> <span class='ocrx_word' id='word_1_156' title='bbox 1370 1996 1716 2054; x_wconf 83' lang='lat' dir='ltr'><strong>ostendatur.</strong></span> <span class='ocrx_word' id='word_1_157' title='bbox 1766 1999 1920 2058; x_wconf 88' lang='lat' dir='ltr'><strong>Unde</strong></span> 
     </span>
    </p>
   </div>
   <div class='ocr_carea' id='block_1_24' title="bbox 329 2072 1470 2146">
    <p class='ocr_par' dir='ltr' id='par_1_24' title="bbox 329 2072 1470 2146">
     <span class='ocr_line' id='line_1_24' title="bbox 329 2072 1470 2146; baseline 0.016 -24"><span class='ocrx_word' id='word_1_158' title='bbox 329 2072 598 2126; x_wconf 86' lang='lat' dir='ltr'><strong>orandum</strong></span> <span class='ocrx_word' id='word_1_159' title='bbox 629 2092 644 2128; x_wconf 90' lang='lat'><strong>:</strong></span> <span class='ocrx_word' id='word_1_160' title='bbox 683 2074 1060 2146; x_wconf 78' lang='lat' dir='ltr'><strong>Sanctiﬁcetur</strong></span> <span class='ocrx_word' id='word_1_161' title='bbox 1081 2097 1269 2138; x_wconf 79' lang='lat' dir='ltr'><strong>nomen</strong></span> <span class='ocrx_word' id='word_1_162' title='bbox 1301 2093 1470 2140; x_wconf 84' lang='lat' dir='ltr'><strong>tuum.</strong></span> 
     </span>
    </p>
   </div>
   <div class='ocr_carea' id='block_1_25' title="bbox 407 2161 1920 2252">
    <p class='ocr_par' dir='ltr' id='par_1_25' title="bbox 407 2161 1920 2252">
     <span class='ocr_line' id='line_1_25' title="bbox 407 2161 1920 2252; baseline 0.015 -35"><span class='ocrx_word' id='word_1_163' title='bbox 407 2161 506 2219; x_wconf 79' lang='lat' dir='ltr'><strong>Vel</strong></span> <span class='ocrx_word' id='word_1_164' title='bbox 535 2165 608 2221; x_wconf 89' lang='lat' dir='ltr'><strong>ita</strong></span> <span class='ocrx_word' id='word_1_165' title='bbox 639 2176 762 2222; x_wconf 86' lang='lat' dir='ltr'><strong>nota</strong></span> <span class='ocrx_word' id='word_1_166' title='bbox 801 2173 1004 2241; x_wconf 77' lang='lat' dir='ltr'><strong>gradus</strong></span> <span class='ocrx_word' id='word_1_167' title='bbox 1027 2173 1222 2229; x_wconf 74' lang='lat' dir='ltr'><strong>Irarum</strong></span> <span class='ocrx_word' id='word_1_168' title='bbox 1253 2177 1546 2233; x_wconf 85' lang='lat' dir='ltr'><strong>virtutum.</strong></span> <span class='ocrx_word' id='word_1_169' title='bbox 1585 2180 1920 2252; x_wconf 82' lang='lat' dir='ltr'><strong>Pauperibus</strong></span> 
     </span>
    </p>
   </div>
   <div class='ocr_carea' id='block_1_26' title="bbox 329 2255 1922 2346">
    <p class='ocr_par' dir='ltr' id='par_1_26' title="bbox 329 2255 1922 2346">
     <span class='ocr_line' id='line_1_26' title="bbox 329 2255 1922 2346; baseline 0.018 -41"><span class='ocrx_word' id='word_1_170' title='bbox 329 2255 672 2322; x_wconf 82' lang='lat' dir='ltr'><strong>promittitur</strong></span> <span class='ocrx_word' id='word_1_171' title='bbox 709 2273 934 2330; x_wconf 81' lang='lat' dir='ltr'><strong>regnum</strong></span> <span class='ocrx_word' id='word_1_172' title='bbox 967 2264 1253 2332; x_wconf 67' lang='lat' dir='ltr'><strong>caelorum,</strong></span> <span class='ocrx_word' id='word_1_173' title='bbox 1286 2267 1394 2323; x_wconf 84' lang='lat' dir='ltr'><strong>illis</strong></span> <span class='ocrx_word' id='word_1_174' title='bbox 1434 2271 1660 2338; x_wconf 75' lang='lat' dir='ltr'><strong>scilicet,</strong></span> <span class='ocrx_word' id='word_1_175' title='bbox 1689 2275 1782 2343; x_wconf 92' lang='lat' dir='ltr'><strong>qui</strong></span> <span class='ocrx_word' id='word_1_176' title='bbox 1823 2292 1922 2346; x_wconf 89' lang='lat' dir='ltr'><strong>per</strong></span> 
     </span>
    </p>
   </div>
   <div class='ocr_carea' id='block_1_27' title="bbox 333 2344 1914 2436">
    <p class='ocr_par' dir='ltr' id='par_1_27' title="bbox 333 2344 1914 2436">
     <span class='ocr_line' id='line_1_27' title="bbox 333 2344 1914 2436; baseline 0.016 -40"><span class='ocrx_word' id='word_1_177' title='bbox 333 2344 586 2436; x_wconf 65' lang='lat' dir='ltr'><strong>spiritum</strong></span> <span class='ocrx_word' id='word_1_178' title='bbox 619 2347 830 2406; x_wconf 88' lang='lat' dir='ltr'><strong>timoris</strong></span> <span class='ocrx_word' id='word_1_179' title='bbox 851 2352 1064 2408; x_wconf 86' lang='lat' dir='ltr'><strong>Domini</strong></span> <span class='ocrx_word' id='word_1_180' title='bbox 1105 2359 1288 2412; x_wconf 86' lang='lat' dir='ltr'><strong>omnia</strong></span> <span class='ocrx_word' id='word_1_181' title='bbox 1329 2373 1426 2414; x_wconf 88' lang='lat' dir='ltr'><strong>sua</strong></span> <span class='ocrx_word' id='word_1_182' title='bbox 1453 2344 1914 2436; x_wconf 86' lang='lat' dir='ltr'><strong>contempserunt.</strong></span> 
     </span>
    </p>
   </div>
   <div class='ocr_carea' id='block_1_28' title="bbox 333 2431 1916 2523">
    <p class='ocr_par' dir='ltr' id='par_1_28' title="bbox 333 2431 1916 2523">
     <span class='ocr_line' id='line_1_28' title="bbox 333 2431 1916 2523; baseline 0.02 -40"><span class='ocrx_word' id='word_1_183' title='bbox 333 2431 554 2489; x_wconf 75' lang='lat' dir='ltr'><strong>Mitibus</strong></span> <span class='ocrx_word' id='word_1_184' title='bbox 593 2437 900 2506; x_wconf 71' lang='lat' dir='ltr'><strong>hmreditas,</strong></span> <span class='ocrx_word' id='word_1_185' title='bbox 946 2445 1100 2510; x_wconf 88' lang='lat' dir='ltr'><strong>quasi</strong></span> <span class='ocrx_word' id='word_1_186' title='bbox 1147 2451 1531 2506; x_wconf 82' lang='lat' dir='ltr'><strong>testamentum</strong></span> <span class='ocrx_word' id='word_1_187' title='bbox 1577 2431 1750 2523; x_wconf 79' lang='lat' dir='ltr'><strong>patris</strong></span> <span class='ocrx_word' id='word_1_188' title='bbox 1793 2473 1916 2513; x_wconf 88' lang='lat' dir='ltr'><strong>eum</strong></span> 
     </span>
    </p>
   </div>
   <div class='ocr_carea' id='block_1_29' title="bbox 329 2526 1916 2619">
    <p class='ocr_par' dir='ltr' id='par_1_29' title="bbox 329 2526 1916 2619">
     <span class='ocr_line' id='line_1_29' title="bbox 329 2526 1916 2619; baseline 0.02 -42"><span class='ocrx_word' id='word_1_189' title='bbox 329 2526 534 2619; x_wconf 77' lang='lat' dir='ltr'><strong>pietate</strong></span> <span class='ocrx_word' id='word_1_190' title='bbox 569 2533 958 2599; x_wconf 65' lang='lat' dir='ltr'><strong>quaerentibus.</strong></span> <span class='ocrx_word' id='word_1_191' title='bbox 995 2536 1102 2593; x_wconf 91' lang='lat' dir='ltr'><strong>Illis</strong></span> <span class='ocrx_word' id='word_1_192' title='bbox 1129 2540 1222 2610; x_wconf 86' lang='lat' dir='ltr'><strong>qui</strong></span> <span class='ocrx_word' id='word_1_193' title='bbox 1253 2540 1442 2613; x_wconf 82' lang='lat' dir='ltr'><strong>lugent</strong></span> <span class='ocrx_word' id='word_1_194' title='bbox 1465 2545 1702 2602; x_wconf 88' lang='lat' dir='ltr'><strong>scientes</strong></span> <span class='ocrx_word' id='word_1_195' title='bbox 1720 2550 1916 2619; x_wconf 84' lang='lat' dir='ltr'><strong>quibus</strong></span> 
     </span>
    </p>
   </div>
   <div class='ocr_carea' id='block_1_30' title="bbox 331 2617 1916 2701">
    <p class='ocr_par' dir='ltr' id='par_1_30' title="bbox 331 2617 1916 2701">
     <span class='ocr_line' id='line_1_30' title="bbox 331 2617 1916 2701; baseline 0.02 -32"><span class='ocrx_word' id='word_1_196' title='bbox 331 2617 490 2673; x_wconf 83' lang='lat' dir='ltr'><strong>malis</strong></span> <span class='ocrx_word' id='word_1_197' title='bbox 519 2622 624 2676; x_wconf 88' lang='lat' dir='ltr'><strong>sint</strong></span> <span class='ocrx_word' id='word_1_198' title='bbox 673 2625 920 2692; x_wconf 88' lang='lat' dir='ltr'><strong>involuti,</strong></span> <span class='ocrx_word' id='word_1_199' title='bbox 951 2631 1286 2698; x_wconf 85' lang='lat' dir='ltr'><strong>promittitur</strong></span> <span class='ocrx_word' id='word_1_200' title='bbox 1313 2638 1632 2696; x_wconf 82' lang='lat' dir='ltr'><strong>consolatio.</strong></span> <span class='ocrx_word' id='word_1_201' title='bbox 1661 2617 1916 2701; x_wconf 79' lang='lat' dir='ltr'><strong>Esurien-</strong></span> 
     </span>
    </p>
   </div>
   <div class='ocr_carea' id='block_1_31' title="bbox 333 2707 1920 2793">
    <p class='ocr_par' dir='ltr' id='par_1_31' title="bbox 333 2707 1920 2793">
     <span class='ocr_line' id='line_1_31' title="bbox 333 2707 1920 2793; baseline 0.023 -35"><span class='ocrx_word' id='word_1_202' title='bbox 333 2707 476 2764; x_wconf 88' lang='lat' dir='ltr'><strong>tibus</strong></span> <span class='ocrx_word' id='word_1_203' title='bbox 505 2721 562 2766; x_wconf 88' lang='lat' dir='ltr'><strong>et</strong></span> <span class='ocrx_word' id='word_1_204' title='bbox 588 2713 896 2773; x_wconf 78' lang='lat' dir='ltr'><strong>sitientibus</strong></span> <span class='ocrx_word' id='word_1_205' title='bbox 925 2723 1203 2780; x_wconf 82' lang='lat' dir='ltr'><strong>saturitas.</strong></span> <span class='ocrx_word' id='word_1_206' title='bbox 1239 2724 1677 2789; x_wconf 79' lang='lat' dir='ltr'><strong>Misericordibus</strong></span> <span class='ocrx_word' id='word_1_207' title='bbox 1704 2737 1920 2793; x_wconf 87' lang='lat' dir='ltr'><strong>miseri-</strong></span> 
     </span>
    </p>
   </div>
   <div class='ocr_carea' id='block_1_32' title="bbox 329 2799 1918 2882">
    <p class='ocr_par' dir='ltr' id='par_1_32' title="bbox 329 2799 1918 2882">
     <span class='ocr_line' id='line_1_32' title="bbox 329 2799 1918 2882; baseline 0.02 -32"><span class='ocrx_word' id='word_1_208' title='bbox 329 2799 518 2854; x_wconf 78' lang='lat' dir='ltr'><strong>cordia</strong></span> <span class='ocrx_word' id='word_1_209' title='bbox 551 2805 910 2872; x_wconf 86' lang='lat' dir='ltr'><strong>promittitur,</strong></span> <span class='ocrx_word' id='word_1_210' title='bbox 941 2811 1068 2879; x_wconf 88' lang='lat' dir='ltr'><strong>quia</strong></span> <span class='ocrx_word' id='word_1_211' title='bbox 1112 2811 1494 2882; x_wconf 81' lang='lat' dir='ltr'><strong>impenderunt</strong></span> <span class='ocrx_word' id='word_1_212' title='bbox 1519 2811 1640 2878; x_wconf 81' lang='lat' dir='ltr'><strong>aliis</strong></span> <span class='ocrx_word' id='word_1_213' title='bbox 1687 2825 1918 2881; x_wconf 85' lang='lat' dir='ltr'><strong>circum-</strong></span> 
     </span>
    </p>
   </div>
   <div class='ocr_carea' id='block_1_33' title="bbox 331 2888 1990 2987">
    <p class='ocr_par' dir='ltr' id='par_1_33' title="bbox 331 2888 1990 2987">
     <span class='ocr_line' id='line_1_33' title="bbox 331 2888 1990 2987; baseline 0.02 -48"><span class='ocrx_word' id='word_1_214' title='bbox 331 2888 664 2987; x_wconf 61' lang='lat' dir='ltr'><strong>spectionem</strong></span> <span class='ocrx_word' id='word_1_215' title='bbox 690 2895 928 2976; x_wconf 81' lang='lat' dir='ltr'><strong>consilii.</strong></span> <span class='ocrx_word' id='word_1_216' title='bbox 971 2898 1182 2956; x_wconf 74' lang='lat' dir='ltr'><strong>Mundis</strong></span> <span class='ocrx_word' id='word_1_217' title='bbox 1219 2905 1383 2960; x_wconf 86' lang='lat' dir='ltr'><strong>corde</strong></span> <span class='ocrx_word' id='word_1_218' title='bbox 1423 2907 1654 2966; x_wconf 81' lang='lat' dir='ltr'><strong>facultas</strong></span> <span class='ocrx_word' id='word_1_219' title='bbox 1699 2913 1918 2971; x_wconf 81' lang='lat' dir='ltr'><strong>videndi</strong></span> <span class='ocrx_word' id='word_1_220' title='bbox 1947 2926 1990 2987; x_wconf 59' lang='grc' dir='ltr'><strong>(Γ,</strong></span> 
     </span>
    </p>
   </div>
   <div class='ocr_carea' id='block_1_34' title="bbox 333 2977 1918 3070">
    <p class='ocr_par' dir='ltr' id='par_1_34' title="bbox 333 2977 1918 3070">
     <span class='ocr_line' id='line_1_34' title="bbox 333 2977 1918 3070; baseline 0.021 -40"><span class='ocrx_word' id='word_1_221' title='bbox 333 2977 520 3033; x_wconf 86' lang='lat' dir='ltr'><strong>Deum.</strong></span> <span class='ocrx_word' id='word_1_222' title='bbox 552 2981 798 3042; x_wconf 83' lang='lat' dir='ltr'><strong>Pacilicis</strong></span> <span class='ocrx_word' id='word_1_223' title='bbox 830 2989 992 3060; x_wconf 77' lang='lat'><strong>160</strong></span> <span class='ocrx_word' id='word_1_224' title='bbox 1035 2991 1336 3050; x_wconf 84' lang='lat' dir='ltr'><strong>similitudo</strong></span> <span class='ocrx_word' id='word_1_225' title='bbox 1381 2997 1496 3062; x_wconf 83' lang='lat' dir='ltr'><strong>Dei.</strong></span> <span class='ocrx_word' id='word_1_226' title='bbox 1528 3001 1658 3070; x_wconf 87' lang='lat' dir='ltr'><strong>quia</strong></span> <span class='ocrx_word' id='word_1_227' title='bbox 1704 3004 1800 3060; x_wconf 85' lang='lat' dir='ltr'><strong>lilii</strong></span> <span class='ocrx_word' id='word_1_228' title='bbox 1824 3007 1918 3063; x_wconf 88' lang='lat' dir='ltr'><strong>Dei</strong></span> 
     </span>
    </p>
   </div>
   <div class='ocr_carea' id='block_1_35' title="bbox 331 3070 1916 3165">
    <p class='ocr_par' dir='ltr' id='par_1_35' title="bbox 331 3070 1916 3165">
     <span class='ocr_line' id='line_1_35' title="bbox 331 3070 1916 3165; baseline 0.023 -48"><span class='ocrx_word' id='word_1_229' title='bbox 331 3070 692 3127; x_wconf 86' lang='lat' dir='ltr'><strong>vocabuntur.</strong></span> <span class='ocrx_word' id='word_1_230' title='bbox 723 3073 818 3131; x_wconf 88' lang='lat' dir='ltr'><strong>Ille</strong></span> <span class='ocrx_word' id='word_1_231' title='bbox 854 3093 1106 3136; x_wconf 82' lang='lat' dir='ltr'><strong>summus</strong></span> <span class='ocrx_word' id='word_1_232' title='bbox 1127 3092 1211 3138; x_wconf 86' lang='lat' dir='ltr'><strong>est</strong></span> <span class='ocrx_word' id='word_1_233' title='bbox 1243 3085 1338 3154; x_wconf 87' lang='lat' dir='ltr'><strong>qui</strong></span> <span class='ocrx_word' id='word_1_234' title='bbox 1379 3090 1562 3144; x_wconf 84' lang='lat' dir='ltr'><strong>vocari</strong></span> <span class='ocrx_word' id='word_1_235' title='bbox 1617 3091 1760 3150; x_wconf 86' lang='lat' dir='ltr'><strong>ﬁlius</strong></span> <span class='ocrx_word' id='word_1_236' title='bbox 1789 3110 1916 3165; x_wconf 84' lang='lat' dir='ltr'><strong>pro-</strong></span> 
     </span>
    </p>
   </div>
   <div class='ocr_carea' id='block_1_36' title="bbox 333 3163 1922 3260">
    <p class='ocr_par' dir='ltr' id='par_1_36' title="bbox 333 3163 1922 3260">
     <span class='ocr_line' id='line_1_36' title="bbox 333 3163 1922 3260; baseline 0.023 -52"><span class='ocrx_word' id='word_1_237' title='bbox 333 3169 596 3260; x_wconf 76' lang='lat' dir='ltr'><strong>meretur.</strong></span> <span class='ocrx_word' id='word_1_238' title='bbox 621 3163 774 3220; x_wconf 81' lang='lat' dir='ltr'><strong>Beati</strong></span> <span class='ocrx_word' id='word_1_239' title='bbox 807 3169 896 3238; x_wconf 85' lang='lat' dir='ltr'><strong>qui</strong></span> <span class='ocrx_word' id='word_1_240' title='bbox 927 3175 1340 3238; x_wconf 88' lang='lat' dir='ltr'><strong>persecutionem</strong></span> <span class='ocrx_word' id='word_1_241' title='bbox 1385 3182 1672 3249; x_wconf 78' lang='lat' dir='ltr'><strong>patiuntur</strong></span> <span class='ocrx_word' id='word_1_242' title='bbox 1708 3163 1922 3258; x_wconf 70' lang='lat' dir='ltr'><strong>propter</strong></span> 
     </span>
    </p>
   </div>
   <div class='ocr_carea' id='block_1_37' title="bbox 320 3253 1920 3343">
    <p class='ocr_par' dir='ltr' id='par_1_37' title="bbox 320 3253 1920 3343">
     <span class='ocr_line' id='line_1_37' title="bbox 320 3253 1920 3343; baseline 0.023 -43"><span class='ocrx_word' id='word_1_243' title='bbox 320 3253 590 3343; x_wconf 71' lang='lat' dir='ltr'><strong>justitiam</strong></span> <span class='ocrx_word' id='word_1_244' title='bbox 615 3296 631 3321; x_wconf 89' lang='lat'><strong>,</strong></span> <span class='ocrx_word' id='word_1_245' title='bbox 686 3261 935 3326; x_wconf 79' lang='lat' dir='ltr'><strong>quoniam</strong></span> <span class='ocrx_word' id='word_1_246' title='bbox 991 3265 1224 3332; x_wconf 81' lang='lat' dir='ltr'><strong>ipsorum</strong></span> <span class='ocrx_word' id='word_1_247' title='bbox 1275 3281 1352 3326; x_wconf 79' lang='lat' dir='ltr'><strong>est</strong></span> <span class='ocrx_word' id='word_1_248' title='bbox 1392 3290 1608 3343; x_wconf 78' lang='lat' dir='ltr'><strong>regnum</strong></span> <span class='ocrx_word' id='word_1_249' title='bbox 1671 3253 1920 3336; x_wconf 69' lang='lat' dir='ltr'><strong>ctzlorum</strong></span> 
     </span>
    </p>
   </div>
   <div class='ocr_carea' id='block_1_38' title="bbox 331 3339 1922 3438">
    <p class='ocr_par' dir='ltr' id='par_1_38' title="bbox 331 3339 1922 3438">
     <span class='ocr_line' id='line_1_38' title="bbox 331 3339 1922 3438; baseline 0.023 -46"><span class='ocrx_word' id='word_1_250' title='bbox 331 3339 553 3438; x_wconf 67' lang='lat' dir='ltr'><strong>(Matth.</strong></span> <span class='ocrx_word' id='word_1_251' title='bbox 579 3363 649 3438; x_wconf 62' lang='grc' dir='ltr'>γ,</span> <span class='ocrx_word' id='word_1_252' title='bbox 686 3349 797 3422; x_wconf 74' lang='grc'><strong>10).</strong></span> <span class='ocrx_word' id='word_1_253' title='bbox 845 3352 1048 3409; x_wconf 84' lang='lat' dir='ltr'><strong>Omnes</strong></span> <span class='ocrx_word' id='word_1_254' title='bbox 1095 3356 1234 3414; x_wconf 83' lang='lat' dir='ltr'><strong>beati</strong></span> <span class='ocrx_word' id='word_1_255' title='bbox 1277 3339 1534 3420; x_wconf 74' lang='lat' dir='ltr'><strong>dicuntur</strong></span> <span class='ocrx_word' id='word_1_256' title='bbox 1569 3369 1663 3438; x_wconf 83' lang='lat' dir='ltr'><strong>qui</strong></span> <span class='ocrx_word' id='word_1_257' title='bbox 1717 3369 1922 3428; x_wconf 84' lang='lat' dir='ltr'><strong>habent</strong></span> 
     </span>
    </p>
   </div>
   <div class='ocr_carea' id='block_1_39' title="bbox 331 3431 1920 3517">
    <p class='ocr_par' dir='ltr' id='par_1_39' title="bbox 331 3431 1920 3517">
     <span class='ocr_line' id='line_1_39' title="bbox 331 3431 1920 3517; baseline 0.024 -37"><span class='ocrx_word' id='word_1_258' title='bbox 331 3431 594 3502; x_wconf 86' lang='lat' dir='ltr'><strong>quidquid</strong></span> <span class='ocrx_word' id='word_1_259' title='bbox 620 3437 949 3498; x_wconf 87' lang='lat' dir='ltr'><strong>desiderant.</strong></span> <span class='ocrx_word' id='word_1_260' title='bbox 987 3445 1270 3506; x_wconf 83' lang='lat' dir='ltr'><strong>Beatitudo</strong></span> <span class='ocrx_word' id='word_1_261' title='bbox 1303 3453 1450 3508; x_wconf 86' lang='lat' dir='ltr'><strong>enim</strong></span> <span class='ocrx_word' id='word_1_262' title='bbox 1479 3463 1564 3510; x_wconf 84' lang='lat' dir='ltr'><strong>est</strong></span> <span class='ocrx_word' id='word_1_263' title='bbox 1588 3431 1766 3516; x_wconf 81' lang='lat' dir='ltr'><strong>status</strong></span> <span class='ocrx_word' id='word_1_264' title='bbox 1785 3477 1920 3517; x_wconf 89' lang='lat' dir='ltr'><strong>con.-</strong></span> 
     </span>
    </p>
   </div>
   <div class='ocr_carea' id='block_1_40' title="bbox 331 3525 1916 3623">
    <p class='ocr_par' dir='ltr' id='par_1_40' title="bbox 331 3525 1916 3623">
     <span class='ocr_line' id='line_1_40' title="bbox 331 3525 1916 3623; baseline 0.02 -49"><span class='ocrx_word' id='word_1_265' title='bbox 331 3525 648 3623; x_wconf 74' lang='lat' dir='ltr'><strong>gregatione</strong></span> <span class='ocrx_word' id='word_1_266' title='bbox 668 3532 908 3587; x_wconf 88' lang='lat' dir='ltr'><strong>omnium</strong></span> <span class='ocrx_word' id='word_1_267' title='bbox 936 3535 1202 3594; x_wconf 87' lang='lat' dir='ltr'><strong>bonorum</strong></span> <span class='ocrx_word' id='word_1_268' title='bbox 1228 3541 1677 3612; x_wconf 79' lang='lat' dir='ltr'><strong>perfectissimus.</strong></span> <span class='ocrx_word' id='word_1_269' title='bbox 1697 3547 1916 3620; x_wconf 86' lang='lat' dir='ltr'><strong>Septem</strong></span> 
     </span>
    </p>
   </div>
   <div class='ocr_carea' id='block_1_41' title="bbox 331 3623 1922 3712">
    <p class='ocr_par' dir='ltr' id='par_1_41' title="bbox 331 3623 1922 3712">
     <span class='ocr_line' id='line_1_41' title="bbox 331 3623 1922 3712; baseline 0.021 -49"><span class='ocrx_word' id='word_1_270' title='bbox 331 3623 500 3712; x_wconf 55' lang='lat' dir='ltr'><strong>igitur</strong></span> <span class='ocrx_word' id='word_1_271' title='bbox 523 3627 650 3672; x_wconf 89' lang='lat' dir='ltr'><strong>sunt</strong></span> <span class='ocrx_word' id='word_1_272' title='bbox 683 3635 804 3690; x_wconf 75' lang='lat' dir='ltr'><strong>qua:</strong></span> <span class='ocrx_word' id='word_1_273' title='bbox 835 3627 1154 3696; x_wconf 83' lang='lat' dir='ltr'><strong>perficiunt;</strong></span> <span class='ocrx_word' id='word_1_274' title='bbox 1192 3640 1444 3688; x_wconf 87' lang='lat' dir='ltr'><strong>octavum</strong></span> <span class='ocrx_word' id='word_1_275' title='bbox 1493 3645 1598 3700; x_wconf 88' lang='lat' dir='ltr'><strong>est,</strong></span> <span class='ocrx_word' id='word_1_276' title='bbox 1637 3641 1780 3708; x_wconf 90' lang='lat' dir='ltr'><strong>quod</strong></span> <span class='ocrx_word' id='word_1_277' title='bbox 1811 3642 1922 3712; x_wconf 83' lang='lat' dir='ltr'><strong>glo-</strong></span> 
     </span>
    </p>
   </div>
   <div class='ocr_carea' id='block_1_42' title="bbox 329 3705 1920 3802">
    <p class='ocr_par' dir='ltr' id='par_1_42' title="bbox 329 3705 1920 3802">
     <span class='ocr_line' id='line_1_42' title="bbox 329 3705 1920 3802; baseline 0.019 -44"><span class='ocrx_word' id='word_1_278' title='bbox 329 3705 543 3802; x_wconf 71' lang='lat' dir='ltr'><strong>rificat;</strong></span> <span class='ocrx_word' id='word_1_279' title='bbox 576 3713 840 3782; x_wconf 79' lang='lat' dir='ltr'><strong>perfectio</strong></span> <span class='ocrx_word' id='word_1_280' title='bbox 883 3713 1116 3791; x_wconf 85' lang='lat' dir='ltr'><strong>namque</strong></span> <span class='ocrx_word' id='word_1_281' title='bbox 1152 3724 1272 3780; x_wconf 88' lang='lat' dir='ltr'><strong>illos</strong></span> <span class='ocrx_word' id='word_1_282' title='bbox 1311 3726 1404 3796; x_wconf 91' lang='lat' dir='ltr'><strong>qui</strong></span> <span class='ocrx_word' id='word_1_283' title='bbox 1441 3726 1538 3782; x_wconf 88' lang='lat' dir='ltr'><strong>Dei</strong></span> <span class='ocrx_word' id='word_1_284' title='bbox 1575 3705 1701 3784; x_wconf 77' lang='lat' dir='ltr'><strong>sunt</strong></span> <span class='ocrx_word' id='word_1_285' title='bbox 1725 3705 1920 3802; x_wconf 73' lang='lat' dir='ltr'><strong>probat</strong></span> 
     </span>
    </p>
   </div>
   <div class='ocr_carea' id='block_1_43' title="bbox 335 3796 1920 3888">
    <p class='ocr_par' dir='ltr' id='par_1_43' title="bbox 335 3796 1920 3888">
     <span class='ocr_line' id='line_1_43' title="bbox 335 3796 1920 3888; baseline 0.018 -38"><span class='ocrx_word' id='word_1_286' title='bbox 335 3796 488 3853; x_wconf 84' lang='lat' dir='ltr'><strong>Unde</strong></span> <span class='ocrx_word' id='word_1_287' title='bbox 542 3801 777 3872; x_wconf 82' lang='lat' dir='ltr'><strong>legitur:</strong></span> <span class='ocrx_word' id='word_1_288' title='bbox 809 3808 1177 3868; x_wconf 82' lang='lat' dir='ltr'><strong>Succendatnr</strong></span> <span class='ocrx_word' id='word_1_289' title='bbox 1210 3816 1406 3885; x_wconf 65' lang='lat' dir='ltr'><strong>[ornas</strong></span> <span class='ocrx_word' id='word_1_290' title='bbox 1439 3829 1496 3872; x_wconf 86' lang='lat' dir='ltr'><strong>ut</strong></span> <span class='ocrx_word' id='word_1_291' title='bbox 1534 3796 1784 3888; x_wconf 70' lang='lat' dir='ltr'><strong>probetur</strong></span> <span class='ocrx_word' id='word_1_292' title='bbox 1821 3813 1920 3879; x_wconf 63' lang='grc' dir='ltr'><strong>αιςέ</strong></span> 
     </span>
    </p>
   </div>
   <div class='ocr_carea' id='block_1_44' title="bbox 331 3891 1296 4034">
    <p class='ocr_par' dir='ltr' id='par_1_44' title="bbox 331 3891 1296 4034">
     <span class='ocr_line' id='line_1_44' title="bbox 331 3891 1296 4034; baseline 0.009 -10"><span class='ocrx_word' id='word_1_293' title='bbox 331 3909 452 3946; x_wconf 58' lang='lat' dir='ltr'><strong>mm</strong></span> <span class='ocrx_word' id='word_1_294' title='bbox 475 3891 634 3963; x_wconf 37' lang='grc' dir='ltr'><strong>(δίῃ</strong></span> <span class='ocrx_word' id='word_1_295' title='bbox 665 3913 758 3966; x_wconf 71' lang='lat' dir='ltr'><strong>m’</strong></span> <span class='ocrx_word' id='word_1_296' title='bbox 787 3901 864 3972; x_wconf 57' lang='grc' dir='ltr'><strong>ω’</strong></span> <span class='ocrx_word' id='word_1_297' title='bbox 919 3971 1198 4032; x_wconf 83' lang='lat' dir='ltr'><strong>IIOMILIA</strong></span> <span class='ocrx_word' id='word_1_298' title='bbox 1233 3978 1296 4034; x_wconf 87' lang='grc' dir='ltr'><strong>ιιι</strong></span> 
     </span>
    </p>
   </div>
   <div class='ocr_carea' id='block_1_45' title="bbox 330 4055 1918 4134">
    <p class='ocr_par' dir='ltr' id='par_1_45' title="bbox 330 4055 1918 4134">
     <span class='ocr_line' id='line_1_45' title="bbox 330 4055 1918 4134; baseline 0.014 -22"><span class='ocrx_word' id='word_1_299' title='bbox 330 4055 388 4112; x_wconf 70' lang='lat' dir='ltr'><strong>lx</strong></span> <span class='ocrx_word' id='word_1_300' title='bbox 421 4073 760 4117; x_wconf 75' lang='lat' dir='ltr'><strong>EVANGELIUII</strong></span> <span class='ocrx_word' id='word_1_301' title='bbox 779 4077 1058 4122; x_wconf 74' lang='lat' dir='ltr'><strong>sscuuauu</strong></span> <span class='ocrx_word' id='word_1_302' title='bbox 1083 4068 1432 4129; x_wconf 54' lang='lat' dir='ltr'><strong>Muraena.</strong></span> <span class='ocrx_word' id='word_1_303' title='bbox 1459 4073 1630 4130; x_wconf 80' lang='lat' dir='ltr'><strong>Jussil</strong></span> <span class='ocrx_word' id='word_1_304' title='bbox 1655 4075 1814 4134; x_wconf 72' lang='lat' dir='ltr'><strong>Iesus</strong></span> <span class='ocrx_word' id='word_1_305' title='bbox 1835 4079 1918 4134; x_wconf 84' lang='lat' dir='ltr'><strong>di-</strong></span> 
     </span>
    </p>
   </div>
   <div class='ocr_carea' id='block_1_46' title="bbox 402 4149 1918 4238">
    <p class='ocr_par' dir='ltr' id='par_1_46' title="bbox 402 4149 1918 4238">
     <span class='ocr_line' id='line_1_46' title="bbox 402 4149 1918 4238; baseline 0.016 -34"><span class='ocrx_word' id='word_1_306' title='bbox 402 4149 628 4220; x_wconf 83' lang='lat' dir='ltr'><strong>scipulos</strong></span> <span class='ocrx_word' id='word_1_307' title='bbox 659 4170 782 4208; x_wconf 84' lang='lat' dir='ltr'><strong>suos</strong></span> <span class='ocrx_word' id='word_1_308' title='bbox 803 4159 1080 4220; x_wconf 81' lang='lat' dir='ltr'><strong>ascendere</strong></span> <span class='ocrx_word' id='word_1_309' title='bbox 1111 4161 1166 4216; x_wconf 87' lang='lat' dir='ltr'><strong>in</strong></span> <span class='ocrx_word' id='word_1_310' title='bbox 1197 4165 1518 4234; x_wconf 80' lang='lat' dir='ltr'><strong>naviculam,</strong></span> <span class='ocrx_word' id='word_1_311' title='bbox 1551 4177 1598 4224; x_wconf 85' lang='lat' dir='ltr'><strong>et</strong></span> <span class='ocrx_word' id='word_1_312' title='bbox 1625 4171 1918 4238; x_wconf 67' lang='lat' dir='ltr'><strong>praecedere</strong></span> 
     </span>
    </p>
   </div>
   <div class='ocr_carea' id='block_1_47' title="bbox 2035 339 3617 408">
    <p class='ocr_par' dir='ltr' id='par_1_47' title="bbox 2035 339 3617 408">
     <span class='ocr_line' id='line_1_47' title="bbox 2035 339 3617 408; baseline 0.003 -17"><span class='ocrx_word' id='word_1_313' title='bbox 2035 355 2190 402; x_wconf 87' lang='lat' dir='ltr'><strong>nens,</strong></span> <span class='ocrx_word' id='word_1_314' title='bbox 2225 341 2318 394; x_wconf 88' lang='lat' dir='ltr'><strong>sel</strong></span> <span class='ocrx_word' id='word_1_315' title='bbox 2348 339 2636 408; x_wconf 87' lang='lat' dir='ltr'><strong>perditioni</strong></span> <span class='ocrx_word' id='word_1_316' title='bbox 2679 340 2936 393; x_wconf 89' lang='lat' dir='ltr'><strong>deserens</strong></span> <span class='ocrx_word' id='word_1_317' title='bbox 2964 340 3213 407; x_wconf 79' lang='lat' dir='ltr'><strong>migrabit</strong></span> <span class='ocrx_word' id='word_1_318' title='bbox 3246 341 3387 405; x_wconf 76' lang='lat' dir='ltr'><strong>hinc,</strong></span> <span class='ocrx_word' id='word_1_319' title='bbox 3421 353 3475 396; x_wconf 92' lang='lat' dir='ltr'><strong>ut</strong></span> <span class='ocrx_word' id='word_1_320' title='bbox 3497 359 3617 396; x_wconf 86' lang='lat' dir='ltr'><strong>cum</strong></span> 
     </span>
    </p>
   </div>
   <div class='ocr_carea' id='block_1_48' title="bbox 2033 428 3616 502">
    <p class='ocr_par' dir='ltr' id='par_1_48' title="bbox 2033 428 3616 502">
     <span class='ocr_line' id='line_1_48' title="bbox 2033 428 3616 502; baseline 0.002 -16"><span class='ocrx_word' id='word_1_321' title='bbox 2033 430 2162 486; x_wconf 80' lang='lat' dir='ltr'><strong>solis</strong></span> <span class='ocrx_word' id='word_1_322' title='bbox 2201 430 2388 484; x_wconf 85' lang='lat' dir='ltr'><strong>electis</strong></span> <span class='ocrx_word' id='word_1_323' title='bbox 2441 431 2554 484; x_wconf 84' lang='lat' dir='ltr'><strong>suis</strong></span> <span class='ocrx_word' id='word_1_324' title='bbox 2599 429 2650 482; x_wconf 91' lang='lat' dir='ltr'><strong>in</strong></span> <span class='ocrx_word' id='word_1_325' title='bbox 2700 445 2866 500; x_wconf 81' lang='lat' dir='ltr'><strong>regno</strong></span> <span class='ocrx_word' id='word_1_326' title='bbox 2896 429 2988 484; x_wconf 86' lang='lat' dir='ltr'><strong>sit.</strong></span> <span class='ocrx_word' id='word_1_327' title='bbox 3021 428 3175 484; x_wconf 88' lang='lat' dir='ltr'><strong>Unde</strong></span> <span class='ocrx_word' id='word_1_328' title='bbox 3233 431 3616 502; x_wconf 79' lang='lat' dir='ltr'><strong>subjungitur:</strong></span> 
     </span>
    </p>
   </div>
   <div class='ocr_carea' id='block_1_49' title="bbox 2033 519 3618 580">
    <p class='ocr_par' dir='ltr' id='par_1_49' title="bbox 2033 519 3618 580">
     <span class='ocr_line' id='line_1_49' title="bbox 2033 519 3618 580; baseline 0.002 -5"><span class='ocrx_word' id='word_1_329' title='bbox 2033 522 2208 577; x_wconf 84' lang='lat' dir='ltr'><strong>Donec</strong></span> <span class='ocrx_word' id='word_1_330' title='bbox 2230 522 2508 576; x_wconf 83' lang='lat' dir='ltr'><strong>dimitteret</strong></span> <span class='ocrx_word' id='word_1_331' title='bbox 2551 522 2750 574; x_wconf 81' lang='lat' dir='ltr'><strong>turbas.</strong></span> <span class='ocrx_word' id='word_1_332' title='bbox 2787 522 2916 574; x_wconf 77' lang='lat' dir='ltr'><strong>Nam</strong></span> <span class='ocrx_word' id='word_1_333' title='bbox 2950 521 3001 574; x_wconf 94' lang='lat' dir='ltr'><strong>in</strong></span> <span class='ocrx_word' id='word_1_334' title='bbox 3055 519 3158 576; x_wconf 87' lang='lat' dir='ltr'><strong>ﬁne</strong></span> <span class='ocrx_word' id='word_1_335' title='bbox 3204 522 3388 576; x_wconf 60' lang='lat' dir='ltr'><strong>saeculi</strong></span> <span class='ocrx_word' id='word_1_336' title='bbox 3439 525 3618 580; x_wconf 83' lang='lat' dir='ltr'><strong>turbas</strong></span> 
     </span>
    </p>
   </div>
   <div class='ocr_carea' id='block_1_50' title="bbox 2033 613 3618 685">
    <p class='ocr_par' dir='ltr' id='par_1_50' title="bbox 2033 613 3618 685">
     <span class='ocr_line' id='line_1_50' title="bbox 2033 613 3618 685; baseline 0.001 -16"><span class='ocrx_word' id='word_1_337' title='bbox 2033 615 2377 670; x_wconf 86' lang='lat' dir='ltr'><strong>inimicorum</strong></span> <span class='ocrx_word' id='word_1_338' title='bbox 2403 613 2660 680; x_wconf 87' lang='lat' dir='ltr'><strong>dimittet,</strong></span> <span class='ocrx_word' id='word_1_339' title='bbox 2703 623 2760 667; x_wconf 91' lang='lat' dir='ltr'><strong>ut</strong></span> <span class='ocrx_word' id='word_1_340' title='bbox 2799 630 2828 666; x_wconf 90' lang='lat' dir='ltr'><strong>a</strong></span> <span class='ocrx_word' id='word_1_341' title='bbox 2859 613 3206 684; x_wconf 86' lang='lat' dir='ltr'><strong>diabolojam</strong></span> <span class='ocrx_word' id='word_1_342' title='bbox 3237 615 3287 668; x_wconf 93' lang='lat' dir='ltr'><strong>in</strong></span> <span class='ocrx_word' id='word_1_343' title='bbox 3335 617 3618 685; x_wconf 79' lang='lat' dir='ltr'><strong>sempiter-</strong></span> 
     </span>
    </p>
   </div>
   <div class='ocr_carea' id='block_1_51' title="bbox 2031 703 3618 776">
    <p class='ocr_par' dir='ltr' id='par_1_51' title="bbox 2031 703 3618 776">
     <span class='ocr_line' id='line_1_51' title="bbox 2031 703 3618 776; baseline 0.001 -16"><span class='ocrx_word' id='word_1_344' title='bbox 2031 706 2578 760; x_wconf 83' lang='lat' dir='ltr'><strong>namdamuationem</strong></span> <span class='ocrx_word' id='word_1_345' title='bbox 2603 706 2902 776; x_wconf 80' lang='lat' dir='ltr'><strong>rapiantur.</strong></span> <span class='ocrx_word' id='word_1_346' title='bbox 2919 703 2984 758; x_wconf 88' lang='lat' dir='ltr'><strong>Et</strong></span> <span class='ocrx_word' id='word_1_347' title='bbox 3009 705 3226 760; x_wconf 84' lang='lat' dir='ltr'><strong>dimissa</strong></span> <span class='ocrx_word' id='word_1_348' title='bbox 3262 707 3413 761; x_wconf 89' lang='lat' dir='ltr'><strong>turba</strong></span> <span class='ocrx_word' id='word_1_349' title='bbox 3440 726 3618 762; x_wconf 87' lang='lat' dir='ltr'><strong>ascen-</strong></span> 
     </span>
    </p>
   </div>
   <div class='ocr_carea' id='block_1_52' title="bbox 2030 789 3660 868">
    <p class='ocr_par' dir='ltr' id='par_1_52' title="bbox 2030 789 3660 868">
     <span class='ocr_line' id='line_1_52' title="bbox 2030 789 3660 868; baseline 0.001 -18"><span class='ocrx_word' id='word_1_350' title='bbox 2030 799 2104 851; x_wconf 84' lang='lat' dir='ltr'><strong>dit</strong></span> <span class='ocrx_word' id='word_1_351' title='bbox 2139 800 2191 851; x_wconf 86' lang='lat' dir='ltr'><strong>in</strong></span> <span class='ocrx_word' id='word_1_352' title='bbox 2219 809 2442 852; x_wconf 81' lang='lat' dir='ltr'><strong>montem</strong></span> <span class='ocrx_word' id='word_1_353' title='bbox 2470 797 2612 852; x_wconf 88' lang='lat' dir='ltr'><strong>solus</strong></span> <span class='ocrx_word' id='word_1_354' title='bbox 2643 815 2816 852; x_wconf 86' lang='lat' dir='ltr'><strong>orare.</strong></span> <span class='ocrx_word' id='word_1_355' title='bbox 2855 797 3067 854; x_wconf 89' lang='lat' dir='ltr'><strong>Turbas</strong></span> <span class='ocrx_word' id='word_1_356' title='bbox 3106 799 3326 868; x_wconf 91' lang='lat' dir='ltr'><strong>quidem</strong></span> <span class='ocrx_word' id='word_1_357' title='bbox 3379 800 3616 868; x_wconf 81' lang='lat' dir='ltr'><strong>gentium</strong></span> <span class='ocrx_word' id='word_1_358' title='bbox 3657 789 3660 794; x_wconf 68' lang='grc'><em>’</em></span> 
     </span>
    </p>
   </div>
   <div class='ocr_carea' id='block_1_53' title="bbox 2030 887 3616 958">
    <p class='ocr_par' dir='ltr' id='par_1_53' title="bbox 2030 887 3616 958">
     <span class='ocr_line' id='line_1_53' title="bbox 2030 887 3616 958; baseline 0.001 -16"><span class='ocrx_word' id='word_1_359' title='bbox 2030 904 2201 958; x_wconf 88' lang='lat' dir='ltr'><strong>usque</strong></span> <span class='ocrx_word' id='word_1_360' title='bbox 2230 887 2293 942; x_wconf 89' lang='lat' dir='ltr'><strong>ad</strong></span> <span class='ocrx_word' id='word_1_361' title='bbox 2327 887 2486 942; x_wconf 86' lang='lat' dir='ltr'><strong>linem</strong></span> <span class='ocrx_word' id='word_1_362' title='bbox 2515 888 2699 942; x_wconf 87' lang='lat' dir='ltr'><strong>mundi</strong></span> <span class='ocrx_word' id='word_1_363' title='bbox 2719 903 2822 942; x_wconf 91' lang='lat' dir='ltr'><strong>non</strong></span> <span class='ocrx_word' id='word_1_364' title='bbox 2850 887 3087 944; x_wconf 88' lang='lat' dir='ltr'><strong>dimittet</strong></span> <span class='ocrx_word' id='word_1_365' title='bbox 3119 906 3132 954; x_wconf 91' lang='lat'><strong>;</strong></span> <span class='ocrx_word' id='word_1_366' title='bbox 3164 889 3256 944; x_wconf 89' lang='lat' dir='ltr'><strong>sed</strong></span> <span class='ocrx_word' id='word_1_367' title='bbox 3291 890 3498 943; x_wconf 85' lang='lat' dir='ltr'><strong>turbam</strong></span> <span class='ocrx_word' id='word_1_368' title='bbox 3526 889 3616 944; x_wconf 86' lang='lat' dir='ltr'><strong>Ju-</strong></span> 
     </span>
    </p>
   </div>
   <div class='ocr_carea' id='block_1_54' title="bbox 2031 979 3616 1050">
    <p class='ocr_par' dir='ltr' id='par_1_54' title="bbox 2031 979 3616 1050">
     <span class='ocr_line' id='line_1_54' title="bbox 2031 979 3616 1050; baseline 0.001 -16"><span class='ocrx_word' id='word_1_369' title='bbox 2031 979 2197 1034; x_wconf 75' lang='lat' dir='ltr'><strong>daica:</strong></span> <span class='ocrx_word' id='word_1_370' title='bbox 2225 979 2396 1048; x_wconf 85' lang='lat' dir='ltr'><strong>plebis</strong></span> <span class='ocrx_word' id='word_1_371' title='bbox 2445 989 2572 1032; x_wconf 90' lang='lat' dir='ltr'><strong>tunc</strong></span> <span class='ocrx_word' id='word_1_372' title='bbox 2603 979 2828 1044; x_wconf 90' lang='lat' dir='ltr'><strong>dimisit,</strong></span> <span class='ocrx_word' id='word_1_373' title='bbox 2863 979 3078 1050; x_wconf 88' lang='lat' dir='ltr'><strong>quando</strong></span> <span class='ocrx_word' id='word_1_374' title='bbox 3102 981 3394 1035; x_wconf 85' lang='lat' dir='ltr'><strong>secundum</strong></span> <span class='ocrx_word' id='word_1_375' title='bbox 3421 981 3616 1037; x_wconf 90' lang='lat' dir='ltr'><strong>Isaiam</strong></span> 
     </span>
    </p>
   </div>
   <div class='ocr_carea' id='block_1_55' title="bbox 2031 1067 3616 1138">
    <p class='ocr_par' dir='ltr' id='par_1_55' title="bbox 2031 1067 3616 1138">
     <span class='ocr_line' id='line_1_55' title="bbox 2031 1067 3616 1138; baseline 0.003 -16"><span class='ocrx_word' id='word_1_376' title='bbox 2031 1068 2306 1122; x_wconf 86' lang='lat' dir='ltr'><strong>mandavit</strong></span> <span class='ocrx_word' id='word_1_377' title='bbox 2353 1068 2584 1122; x_wconf 89' lang='lat' dir='ltr'><strong>nubibus</strong></span> <span class='ocrx_word' id='word_1_378' title='bbox 2632 1067 2764 1132; x_wconf 90' lang='lat' dir='ltr'><strong>suis,</strong></span> <span class='ocrx_word' id='word_1_379' title='bbox 2801 1083 2868 1123; x_wconf 89' lang='lat' dir='ltr'><strong>ne</strong></span> <span class='ocrx_word' id='word_1_380' title='bbox 2924 1085 3088 1138; x_wconf 89' lang='lat' dir='ltr'><strong>super</strong></span> <span class='ocrx_word' id='word_1_381' title='bbox 3122 1069 3512 1126; x_wconf 80' lang='lat' dir='ltr'><strong>infructuosam</strong></span> <span class='ocrx_word' id='word_1_382' title='bbox 3546 1075 3616 1126; x_wconf 84' lang='lat' dir='ltr'><strong>vi-</strong></span> 
     </span>
    </p>
   </div>
   <div class='ocr_carea' id='block_1_56' title="bbox 2029 1159 3618 1234">
    <p class='ocr_par' dir='ltr' id='par_1_56' title="bbox 2029 1159 3618 1234">
     <span class='ocr_line' id='line_1_56' title="bbox 2029 1159 3618 1234; baseline 0.002 -19"><span class='ocrx_word' id='word_1_383' title='bbox 2029 1176 2186 1216; x_wconf 87' lang='lat' dir='ltr'><strong>neam</strong></span> <span class='ocrx_word' id='word_1_384' title='bbox 2237 1159 2648 1232; x_wconf 85' lang='lat' dir='ltr'><strong>plucrent(lsa.</strong></span> <span class='ocrx_word' id='word_1_385' title='bbox 2685 1176 2740 1224; x_wconf 89' lang='lat' dir='ltr'><strong>v,</strong></span> <span class='ocrx_word' id='word_1_386' title='bbox 2775 1160 2850 1231; x_wconf 83' lang='lat'><strong>6),</strong></span> <span class='ocrx_word' id='word_1_387' title='bbox 2885 1159 2936 1214; x_wconf 91' lang='lat' dir='ltr'><strong>id</strong></span> <span class='ocrx_word' id='word_1_388' title='bbox 2981 1171 3096 1226; x_wconf 91' lang='lat' dir='ltr'><strong>est,</strong></span> <span class='ocrx_word' id='word_1_389' title='bbox 3153 1163 3411 1231; x_wconf 87' lang='lat' dir='ltr'><strong>apostolis</strong></span> <span class='ocrx_word' id='word_1_390' title='bbox 3459 1164 3618 1234; x_wconf 80' lang='lat' dir='ltr'><strong>jussit</strong></span> 
     </span>
    </p>
   </div>
   <div class='ocr_carea' id='block_1_57' title="bbox 2029 1248 3616 1325">
    <p class='ocr_par' dir='ltr' id='par_1_57' title="bbox 2029 1248 3616 1325">
     <span class='ocr_line' id='line_1_57' title="bbox 2029 1248 3616 1325; baseline 0.002 -20"><span class='ocrx_word' id='word_1_391' title='bbox 2029 1264 2097 1305; x_wconf 89' lang='lat' dir='ltr'><strong>ne</strong></span> <span class='ocrx_word' id='word_1_392' title='bbox 2133 1248 2331 1304; x_wconf 69' lang='lat' dir='ltr'><strong>Iudaeis</strong></span> <span class='ocrx_word' id='word_1_393' title='bbox 2360 1249 2499 1304; x_wconf 88' lang='lat' dir='ltr'><strong>ultra</strong></span> <span class='ocrx_word' id='word_1_394' title='bbox 2547 1250 2922 1318; x_wconf 76' lang='lat' dir='ltr'><strong>pnedicarent,</strong></span> <span class='ocrx_word' id='word_1_395' title='bbox 2971 1251 3062 1304; x_wconf 90' lang='lat' dir='ltr'><strong>sed</strong></span> <span class='ocrx_word' id='word_1_396' title='bbox 3106 1251 3172 1304; x_wconf 88' lang='lat' dir='ltr'><strong>ad</strong></span> <span class='ocrx_word' id='word_1_397' title='bbox 3201 1261 3390 1322; x_wconf 83' lang='lat' dir='ltr'><strong>gentes</strong></span> <span class='ocrx_word' id='word_1_398' title='bbox 3423 1269 3616 1325; x_wconf 83' lang='lat' dir='ltr'><strong>perge-</strong></span> 
     </span>
    </p>
   </div>
   <div class='ocr_carea' id='block_1_58' title="bbox 2029 1339 3614 1412">
    <p class='ocr_par' dir='ltr' id='par_1_58' title="bbox 2029 1339 3614 1412">
     <span class='ocr_line' id='line_1_58' title="bbox 2029 1339 3614 1412; baseline 0.002 -16"><span class='ocrx_word' id='word_1_399' title='bbox 2029 1349 2166 1396; x_wconf 85' lang='lat' dir='ltr'><strong>rent.</strong></span> <span class='ocrx_word' id='word_1_400' title='bbox 2193 1339 2286 1396; x_wconf 90' lang='lat' dir='ltr'><strong>Sic</strong></span> <span class='ocrx_word' id='word_1_401' title='bbox 2313 1356 2440 1412; x_wconf 82' lang='lat' dir='ltr'><strong>ergo</strong></span> <span class='ocrx_word' id='word_1_402' title='bbox 2461 1341 2671 1395; x_wconf 87' lang='lat' dir='ltr'><strong>turbam</strong></span> <span class='ocrx_word' id='word_1_403' title='bbox 2705 1341 2848 1396; x_wconf 88' lang='lat' dir='ltr'><strong>illam</strong></span> <span class='ocrx_word' id='word_1_404' title='bbox 2877 1342 3100 1407; x_wconf 85' lang='lat' dir='ltr'><strong>dimisit,</strong></span> <span class='ocrx_word' id='word_1_405' title='bbox 3126 1351 3178 1396; x_wconf 90' lang='lat' dir='ltr'><strong>et</strong></span> <span class='ocrx_word' id='word_1_406' title='bbox 3213 1343 3265 1398; x_wconf 86' lang='lat' dir='ltr'><strong>in</strong></span> <span class='ocrx_word' id='word_1_407' title='bbox 3293 1355 3539 1408; x_wconf 86' lang='lat' dir='ltr'><strong>montem,</strong></span> <span class='ocrx_word' id='word_1_408' title='bbox 3563 1345 3614 1399; x_wconf 88' lang='lat' dir='ltr'><strong>id</strong></span> 
     </span>
    </p>
   </div>
   <div class='ocr_carea' id='block_1_59' title="bbox 2027 1431 3612 1503">
    <p class='ocr_par' dir='ltr' id='par_1_59' title="bbox 2027 1431 3612 1503">
     <span class='ocr_line' id='line_1_59' title="bbox 2027 1431 3612 1503; baseline 0 -17"><span class='ocrx_word' id='word_1_409' title='bbox 2027 1431 2178 1488; x_wconf 89' lang='lat' dir='ltr'><strong>estin</strong></span> <span class='ocrx_word' id='word_1_410' title='bbox 2198 1431 2404 1502; x_wconf 85' lang='lat' dir='ltr'><strong>apicem</strong></span> <span class='ocrx_word' id='word_1_411' title='bbox 2431 1431 2580 1503; x_wconf 90' lang='lat' dir='ltr'><strong>regni</strong></span> <span class='ocrx_word' id='word_1_412' title='bbox 2611 1431 2874 1495; x_wconf 70' lang='lat' dir='ltr'><strong>cmlestis,</strong></span> <span class='ocrx_word' id='word_1_413' title='bbox 2899 1431 3166 1496; x_wconf 88' lang='lat' dir='ltr'><strong>ascendit,</strong></span> <span class='ocrx_word' id='word_1_414' title='bbox 3187 1433 3253 1486; x_wconf 90' lang='lat' dir='ltr'><strong>de</strong></span> <span class='ocrx_word' id='word_1_415' title='bbox 3279 1447 3383 1502; x_wconf 89' lang='lat' dir='ltr'><strong>quo</strong></span> <span class='ocrx_word' id='word_1_416' title='bbox 3409 1433 3612 1487; x_wconf 88' lang='lat' dir='ltr'><strong>dictum</strong></span> 
     </span>
    </p>
   </div>
   <div class='ocr_carea' id='block_1_60' title="bbox 2027 1521 3613 1594">
    <p class='ocr_par' dir='ltr' id='par_1_60' title="bbox 2027 1521 3613 1594">
     <span class='ocr_line' id='line_1_60' title="bbox 2027 1521 3613 1594; baseline 0 -17"><span class='ocrx_word' id='word_1_417' title='bbox 2027 1522 2206 1580; x_wconf 85' lang='lat' dir='ltr'><strong>fuerat</strong></span> <span class='ocrx_word' id='word_1_418' title='bbox 2233 1540 2246 1576; x_wconf 94' lang='lat'><strong>:</strong></span> <span class='ocrx_word' id='word_1_419' title='bbox 2278 1521 2408 1588; x_wconf 84' lang='lat' dir='ltr'><strong>Quis</strong></span> <span class='ocrx_word' id='word_1_420' title='bbox 2461 1523 2700 1576; x_wconf 80' lang='lat' dir='ltr'><strong>ascendet</strong></span> <span class='ocrx_word' id='word_1_421' title='bbox 2735 1523 2788 1575; x_wconf 88' lang='lat' dir='ltr'><strong>in</strong></span> <span class='ocrx_word' id='word_1_422' title='bbox 2832 1533 3058 1576; x_wconf 83' lang='lat' dir='ltr'><strong>montem</strong></span> <span class='ocrx_word' id='word_1_423' title='bbox 3089 1521 3318 1585; x_wconf 87' lang='lat' dir='ltr'><strong>Domini,</strong></span> <span class='ocrx_word' id='word_1_424' title='bbox 3373 1533 3462 1575; x_wconf 85' lang='lat' dir='ltr'><strong>aut</strong></span> <span class='ocrx_word' id='word_1_425' title='bbox 3498 1525 3613 1594; x_wconf 86' lang='lat' dir='ltr'><strong>quis</strong></span> 
     </span>
    </p>
   </div>
   <div class='ocr_carea' id='block_1_61' title="bbox 2023 1609 3611 1684">
    <p class='ocr_par' dir='ltr' id='par_1_61' title="bbox 2023 1609 3611 1684">
     <span class='ocr_line' id='line_1_61' title="bbox 2023 1609 3611 1684; baseline -0.001 -16"><span class='ocrx_word' id='word_1_426' title='bbox 2023 1614 2178 1668; x_wconf 86' lang='lat' dir='ltr'><strong>stabit</strong></span> <span class='ocrx_word' id='word_1_427' title='bbox 2208 1614 2262 1668; x_wconf 88' lang='lat' dir='ltr'><strong>in</strong></span> <span class='ocrx_word' id='word_1_428' title='bbox 2287 1611 2401 1667; x_wconf 90' lang='lat' dir='ltr'><strong>loco</strong></span> <span class='ocrx_word' id='word_1_429' title='bbox 2429 1623 2610 1667; x_wconf 88' lang='lat' dir='ltr'><strong>sancto</strong></span> <span class='ocrx_word' id='word_1_430' title='bbox 2635 1611 2750 1681; x_wconf 86' lang='lat' dir='ltr'><strong>ejus</strong></span> <span class='ocrx_word' id='word_1_431' title='bbox 2774 1613 2800 1665; x_wconf 69' lang='grc' dir='ltr'><strong><em>Ρ</em></strong></span> <span class='ocrx_word' id='word_1_432' title='bbox 2825 1609 2996 1684; x_wconf 85' lang='lat' dir='ltr'><strong>(Psal.</strong></span> <span class='ocrx_word' id='word_1_433' title='bbox 3025 1611 3272 1683; x_wconf 82' lang='lat' dir='ltr'><strong>xxm,‘5.)</strong></span> <span class='ocrx_word' id='word_1_434' title='bbox 3299 1611 3449 1666; x_wconf 80' lang='lat' dir='ltr'><strong>Mons</strong></span> <span class='ocrx_word' id='word_1_435' title='bbox 3469 1613 3611 1667; x_wconf 90' lang='lat' dir='ltr'><strong>enim</strong></span> 
     </span>
    </p>
   </div>
   <div class='ocr_carea' id='block_1_62' title="bbox 2026 1703 3613 1775">
    <p class='ocr_par' dir='ltr' id='par_1_62' title="bbox 2026 1703 3613 1775">
     <span class='ocr_line' id='line_1_62' title="bbox 2026 1703 3613 1775; baseline -0.003 -13"><span class='ocrx_word' id='word_1_436' title='bbox 2026 1707 2253 1762; x_wconf 88' lang='lat' dir='ltr'><strong>altitudo</strong></span> <span class='ocrx_word' id='word_1_437' title='bbox 2276 1713 2382 1772; x_wconf 90' lang='lat' dir='ltr'><strong>est,</strong></span> <span class='ocrx_word' id='word_1_438' title='bbox 2420 1715 2474 1760; x_wconf 90' lang='lat' dir='ltr'><strong>et</strong></span> <span class='ocrx_word' id='word_1_439' title='bbox 2502 1705 2630 1775; x_wconf 89' lang='lat' dir='ltr'><strong>quid</strong></span> <span class='ocrx_word' id='word_1_440' title='bbox 2662 1705 2824 1760; x_wconf 88' lang='lat' dir='ltr'><strong>altius</strong></span> <span class='ocrx_word' id='word_1_441' title='bbox 2864 1704 3001 1760; x_wconf 78' lang='lat' dir='ltr'><strong>crelo</strong></span> <span class='ocrx_word' id='word_1_442' title='bbox 3034 1703 3213 1759; x_wconf 89' lang='lat' dir='ltr'><strong>?Illud</strong></span> <span class='ocrx_word' id='word_1_443' title='bbox 3240 1704 3484 1758; x_wconf 85' lang='lat' dir='ltr'><strong>ascendit</strong></span> <span class='ocrx_word' id='word_1_444' title='bbox 3509 1705 3613 1758; x_wconf 81' lang='lat' dir='ltr'><strong>Do-</strong></span> 
     </span>
    </p>
   </div>
   <div class='ocr_carea' id='block_1_63' title="bbox 2026 1781 3613 1865">
    <p class='ocr_par' dir='ltr' id='par_1_63' title="bbox 2026 1781 3613 1865">
     <span class='ocr_line' id='line_1_63' title="bbox 2026 1781 3613 1865; baseline -0.002 -13"><span class='ocrx_word' id='word_1_445' title='bbox 2026 1797 2224 1852; x_wconf 77' lang='lat' dir='ltr'><strong>niinus.</strong></span> <span class='ocrx_word' id='word_1_446' title='bbox 2255 1797 2320 1852; x_wconf 85' lang='lat' dir='ltr'><strong>Et</strong></span> <span class='ocrx_word' id='word_1_447' title='bbox 2351 1796 2597 1852; x_wconf 85' lang='lat' dir='ltr'><strong>ascendit</strong></span> <span class='ocrx_word' id='word_1_448' title='bbox 2622 1795 2788 1860; x_wconf 89' lang='lat' dir='ltr'><strong>solus,</strong></span> <span class='ocrx_word' id='word_1_449' title='bbox 2819 1781 3128 1865; x_wconf 46' lang='lat' dir='ltr'><strong>quiantemo</strong></span> <span class='ocrx_word' id='word_1_450' title='bbox 3154 1797 3384 1850; x_wconf 80' lang='lat' dir='ltr'><strong>ascendit</strong></span> <span class='ocrx_word' id='word_1_451' title='bbox 3422 1797 3476 1850; x_wconf 90' lang='lat' dir='ltr'><strong>in</strong></span> <span class='ocrx_word' id='word_1_452' title='bbox 3513 1813 3613 1850; x_wconf 74' lang='lat' dir='ltr'><strong>car-</strong></span> 
     </span>
    </p>
   </div>
   <div class='ocr_carea' id='block_1_64' title="bbox 2023 1885 3610 1958">
    <p class='ocr_par' dir='ltr' id='par_1_64' title="bbox 2023 1885 3610 1958">
     <span class='ocr_line' id='line_1_64' title="bbox 2023 1885 3610 1958; baseline -0.001 -16"><span class='ocrx_word' id='word_1_453' title='bbox 2023 1889 2155 1954; x_wconf 85' lang='lat' dir='ltr'><strong>lum,</strong></span> <span class='ocrx_word' id='word_1_454' title='bbox 2180 1889 2280 1944; x_wconf 87' lang='lat' dir='ltr'><strong>nisi</strong></span> <span class='ocrx_word' id='word_1_455' title='bbox 2301 1889 2391 1958; x_wconf 86' lang='lat' dir='ltr'><strong>qui</strong></span> <span class='ocrx_word' id='word_1_456' title='bbox 2421 1887 2682 1942; x_wconf 82' lang='lat' dir='ltr'><strong>descendit</strong></span> <span class='ocrx_word' id='word_1_457' title='bbox 2708 1888 2772 1940; x_wconf 89' lang='lat' dir='ltr'><strong>de</strong></span> <span class='ocrx_word' id='word_1_458' title='bbox 2793 1885 2940 1953; x_wconf 71' lang='lat' dir='ltr'><strong>crrlo,</strong></span> <span class='ocrx_word' id='word_1_459' title='bbox 2971 1885 3142 1942; x_wconf 79' lang='lat' dir='ltr'><strong>Filias</strong></span> <span class='ocrx_word' id='word_1_460' title='bbox 3172 1887 3395 1942; x_wconf 81' lang='lat' dir='ltr'><strong>hominis</strong></span> <span class='ocrx_word' id='word_1_461' title='bbox 3415 1888 3518 1956; x_wconf 83' lang='lat' dir='ltr'><strong>qui’</strong></span> <span class='ocrx_word' id='word_1_462' title='bbox 3535 1897 3610 1941; x_wconf 87' lang='lat' dir='ltr'><strong>est</strong></span> 
     </span>
    </p>
   </div>
   <div class='ocr_carea' id='block_1_65' title="bbox 2023 1976 3610 2051">
    <p class='ocr_par' dir='ltr' id='par_1_65' title="bbox 2023 1976 3610 2051">
     <span class='ocr_line' id='line_1_65' title="bbox 2023 1976 3610 2051; baseline -0.003 -17"><span class='ocrx_word' id='word_1_463' title='bbox 2023 1980 2077 2034; x_wconf 87' lang='lat' dir='ltr'><strong>in</strong></span> <span class='ocrx_word' id='word_1_464' title='bbox 2103 1979 2231 2035; x_wconf 69' lang='lat' dir='ltr'><strong>caelo</strong></span> <span class='ocrx_word' id='word_1_465' title='bbox 2257 1979 2440 2051; x_wconf 83' lang='lat' dir='ltr'><strong>(Joan.</strong></span> <span class='ocrx_word' id='word_1_466' title='bbox 2467 1979 2682 2049; x_wconf 73' lang='lat'><strong>“1.13).</strong></span> <span class='ocrx_word' id='word_1_467' title='bbox 2717 1976 2972 2048; x_wconf 83' lang='lat' dir='ltr'><strong>Quamvis</strong></span> <span class='ocrx_word' id='word_1_468' title='bbox 3002 1986 3055 2030; x_wconf 91' lang='lat' dir='ltr'><strong>et</strong></span> <span class='ocrx_word' id='word_1_469' title='bbox 3087 1977 3140 2030; x_wconf 92' lang='lat' dir='ltr'><strong>in</strong></span> <span class='ocrx_word' id='word_1_470' title='bbox 3175 1978 3280 2032; x_wconf 91' lang='lat' dir='ltr'><strong>line</strong></span> <span class='ocrx_word' id='word_1_471' title='bbox 3303 1995 3422 2032; x_wconf 87' lang='lat' dir='ltr'><strong>cum</strong></span> <span class='ocrx_word' id='word_1_472' title='bbox 3451 1992 3610 2032; x_wconf 88' lang='lat' dir='ltr'><strong>vene-</strong></span> 
     </span>
    </p>
   </div>
   <div class='ocr_carea' id='block_1_66' title="bbox 2022 2064 3613 2136">
    <p class='ocr_par' dir='ltr' id='par_1_66' title="bbox 2022 2064 3613 2136">
     <span class='ocr_line' id='line_1_66' title="bbox 2022 2064 3613 2136; baseline -0.001 -14"><span class='ocrx_word' id='word_1_473' title='bbox 2022 2068 2114 2132; x_wconf 90' lang='lat' dir='ltr'><strong>rit,</strong></span> <span class='ocrx_word' id='word_1_474' title='bbox 2145 2077 2198 2124; x_wconf 88' lang='lat' dir='ltr'><strong>et</strong></span> <span class='ocrx_word' id='word_1_475' title='bbox 2227 2082 2420 2122; x_wconf 90' lang='lat' dir='ltr'><strong>omnes</strong></span> <span class='ocrx_word' id='word_1_476' title='bbox 2450 2083 2549 2122; x_wconf 92' lang='lat' dir='ltr'><strong>nos</strong></span> <span class='ocrx_word' id='word_1_477' title='bbox 2593 2064 2833 2120; x_wconf 88' lang='lat' dir='ltr'><strong>membra</strong></span> <span class='ocrx_word' id='word_1_478' title='bbox 2866 2081 2960 2120; x_wconf 90' lang='lat' dir='ltr'><strong>sua</strong></span> <span class='ocrx_word' id='word_1_479' title='bbox 3008 2065 3286 2136; x_wconf 80' lang='lat' dir='ltr'><strong>collegerit</strong></span> <span class='ocrx_word' id='word_1_480' title='bbox 3309 2081 3371 2121; x_wconf 88' lang='lat' dir='ltr'><strong>ac</strong></span> <span class='ocrx_word' id='word_1_481' title='bbox 3397 2067 3613 2120; x_wconf 86' lang='lat' dir='ltr'><strong>levave-</strong></span> 
     </span>
    </p>
   </div>
   <div class='ocr_carea' id='block_1_67' title="bbox 2021 2153 3610 2225">
    <p class='ocr_par' dir='ltr' id='par_1_67' title="bbox 2021 2153 3610 2225">
     <span class='ocr_line' id='line_1_67' title="bbox 2021 2153 3610 2225; baseline 0 -15"><span class='ocrx_word' id='word_1_482' title='bbox 2021 2157 2093 2210; x_wconf 91' lang='lat' dir='ltr'><strong>rit</strong></span> <span class='ocrx_word' id='word_1_483' title='bbox 2119 2157 2170 2210; x_wconf 92' lang='lat' dir='ltr'><strong>in</strong></span> <span class='ocrx_word' id='word_1_484' title='bbox 2201 2155 2418 2219; x_wconf 61' lang='lat' dir='ltr'><strong>caelum,</strong></span> <span class='ocrx_word' id='word_1_485' title='bbox 2451 2157 2612 2210; x_wconf 87' lang='lat' dir='ltr'><strong>etiam</strong></span> <span class='ocrx_word' id='word_1_486' title='bbox 2643 2164 2768 2210; x_wconf 91' lang='lat' dir='ltr'><strong>tunc</strong></span> <span class='ocrx_word' id='word_1_487' title='bbox 2792 2153 2936 2209; x_wconf 89' lang='lat' dir='ltr'><strong>solus</strong></span> <span class='ocrx_word' id='word_1_488' title='bbox 2962 2156 3221 2210; x_wconf 86' lang='lat' dir='ltr'><strong>ascendet</strong></span> <span class='ocrx_word' id='word_1_489' title='bbox 3247 2172 3261 2221; x_wconf 94' lang='lat'><strong>;</strong></span> <span class='ocrx_word' id='word_1_490' title='bbox 3297 2156 3421 2225; x_wconf 77' lang='lat' dir='ltr'><strong>quia</strong></span> <span class='ocrx_word' id='word_1_491' title='bbox 3450 2166 3610 2224; x_wconf 86' lang='lat' dir='ltr'><strong>caput</strong></span> 
     </span>
    </p>
   </div>
   <div class='ocr_carea' id='block_1_68' title="bbox 2021 2245 3610 2318">
    <p class='ocr_par' dir='ltr' id='par_1_68' title="bbox 2021 2245 3610 2318">
     <span class='ocr_line' id='line_1_68' title="bbox 2021 2245 3610 2318; baseline -0.001 -14"><span class='ocrx_word' id='word_1_492' title='bbox 2021 2265 2143 2304; x_wconf 90' lang='lat' dir='ltr'><strong>cum</strong></span> <span class='ocrx_word' id='word_1_493' title='bbox 2175 2263 2403 2318; x_wconf 90' lang='lat' dir='ltr'><strong>corpore</strong></span> <span class='ocrx_word' id='word_1_494' title='bbox 2427 2263 2524 2304; x_wconf 92' lang='lat' dir='ltr'><strong>suo</strong></span> <span class='ocrx_word' id='word_1_495' title='bbox 2554 2263 2694 2302; x_wconf 89' lang='lat' dir='ltr'><strong>unus</strong></span> <span class='ocrx_word' id='word_1_496' title='bbox 2719 2257 2802 2304; x_wconf 89' lang='lat' dir='ltr'><strong>est</strong></span> <span class='ocrx_word' id='word_1_497' title='bbox 2821 2247 3090 2304; x_wconf 88' lang='lat' dir='ltr'><strong>Christus.</strong></span> <span class='ocrx_word' id='word_1_498' title='bbox 3126 2245 3279 2304; x_wconf 87' lang='lat' dir='ltr'><strong>Nunc</strong></span> <span class='ocrx_word' id='word_1_499' title='bbox 3316 2259 3496 2303; x_wconf 86' lang='lat' dir='ltr'><strong>autem</strong></span> <span class='ocrx_word' id='word_1_500' title='bbox 3525 2265 3610 2302; x_wconf 80' lang='lat' dir='ltr'><strong>so-</strong></span> 
     </span>
    </p>
   </div>
   <div class='ocr_carea' id='block_1_69' title="bbox 2021 2339 3609 2409">
    <p class='ocr_par' dir='ltr' id='par_1_69' title="bbox 2021 2339 3609 2409">
     <span class='ocr_line' id='line_1_69' title="bbox 2021 2339 3609 2409; baseline 0.001 -16"><span class='ocrx_word' id='word_1_501' title='bbox 2021 2340 2132 2394; x_wconf 91' lang='lat' dir='ltr'><strong>lum</strong></span> <span class='ocrx_word' id='word_1_502' title='bbox 2165 2347 2324 2409; x_wconf 88' lang='lat' dir='ltr'><strong>caput</strong></span> <span class='ocrx_word' id='word_1_503' title='bbox 2357 2341 2619 2406; x_wconf 86' lang='lat' dir='ltr'><strong>ascendit,</strong></span> <span class='ocrx_word' id='word_1_504' title='bbox 2641 2339 2905 2394; x_wconf 78' lang='lat' dir='ltr'><strong>Mediator</strong></span> <span class='ocrx_word' id='word_1_505' title='bbox 2935 2340 3032 2394; x_wconf 84' lang='lat' dir='ltr'><strong>Dei</strong></span> <span class='ocrx_word' id='word_1_506' title='bbox 3059 2351 3105 2394; x_wconf 88' lang='lat' dir='ltr'><strong>et</strong></span> <span class='ocrx_word' id='word_1_507' title='bbox 3137 2341 3428 2401; x_wconf 84' lang='lat' dir='ltr'><strong>hominum,</strong></span> <span class='ocrx_word' id='word_1_508' title='bbox 3453 2341 3609 2394; x_wconf 71' lang='lat' dir='ltr'><strong>tibine</strong></span> 
     </span>
    </p>
   </div>
   <div class='ocr_carea' id='block_1_70' title="bbox 2021 2431 3606 2502">
    <p class='ocr_par' dir='ltr' id='par_1_70' title="bbox 2021 2431 3606 2502">
     <span class='ocr_line' id='line_1_70' title="bbox 2021 2431 3606 2502; baseline -0.001 -14"><span class='ocrx_word' id='word_1_509' title='bbox 2021 2432 2258 2488; x_wconf 76' lang='lat' dir='ltr'><strong>Christus</strong></span> <span class='ocrx_word' id='word_1_510' title='bbox 2280 2431 2436 2486; x_wconf 87' lang='lat' dir='ltr'><strong>Jesus</strong></span> <span class='ocrx_word' id='word_1_511' title='bbox 2462 2431 2512 2502; x_wconf 89' lang='grc'><strong>(1</strong></span> <span class='ocrx_word' id='word_1_512' title='bbox 2537 2431 2674 2487; x_wconf 86' lang='lat' dir='ltr'><strong>Tim.</strong></span> <span class='ocrx_word' id='word_1_513' title='bbox 2705 2448 2766 2496; x_wconf 92' lang='grc' dir='ltr'>ιι,</span> <span class='ocrx_word' id='word_1_514' title='bbox 2796 2431 2872 2502; x_wconf 81' lang='lat'><strong>5).</strong></span> <span class='ocrx_word' id='word_1_515' title='bbox 2909 2431 2976 2485; x_wconf 86' lang='lat' dir='ltr'><strong>Et</strong></span> <span class='ocrx_word' id='word_1_516' title='bbox 2999 2431 3246 2487; x_wconf 86' lang='lat' dir='ltr'><strong>ascendit</strong></span> <span class='ocrx_word' id='word_1_517' title='bbox 3271 2448 3451 2499; x_wconf 89' lang='lat' dir='ltr'><strong>orare,</strong></span> <span class='ocrx_word' id='word_1_518' title='bbox 3485 2433 3606 2501; x_wconf 83' lang='lat' dir='ltr'><strong>quia</strong></span> 
     </span>
    </p>
   </div>
   <div class='ocr_carea' id='block_1_71' title="bbox 2021 2521 3606 2594">
    <p class='ocr_par' dir='ltr' id='par_1_71' title="bbox 2021 2521 3606 2594">
     <span class='ocr_line' id='line_1_71' title="bbox 2021 2521 3606 2594; baseline -0.001 -17"><span class='ocrx_word' id='word_1_519' title='bbox 2021 2521 2119 2577; x_wconf 86' lang='lat' dir='ltr'><strong>ivit</strong></span> <span class='ocrx_word' id='word_1_520' title='bbox 2147 2525 2214 2576; x_wconf 86' lang='lat' dir='ltr'><strong>ad</strong></span> <span class='ocrx_word' id='word_1_521' title='bbox 2244 2521 2462 2578; x_wconf 88' lang='lat' dir='ltr'><strong>Patrem</strong></span> <span class='ocrx_word' id='word_1_522' title='bbox 2494 2538 2592 2594; x_wconf 90' lang='lat' dir='ltr'><strong>pro</strong></span> <span class='ocrx_word' id='word_1_523' title='bbox 2628 2523 2784 2578; x_wconf 92' lang='lat' dir='ltr'><strong>nobis</strong></span> <span class='ocrx_word' id='word_1_524' title='bbox 2819 2522 3186 2593; x_wconf 85' lang='lat' dir='ltr'><strong>interpellare.</strong></span> <span class='ocrx_word' id='word_1_525' title='bbox 3214 2523 3336 2578; x_wconf 88' lang='lat' dir='ltr'><strong>Non</strong></span> <span class='ocrx_word' id='word_1_526' title='bbox 3370 2525 3505 2577; x_wconf 88' lang='lat' dir='ltr'><strong>enim</strong></span> <span class='ocrx_word' id='word_1_527' title='bbox 3552 2524 3606 2576; x_wconf 78' lang='lat' dir='ltr'><strong>in</strong></span> 
     </span>
    </p>
   </div>
   <div class='ocr_carea' id='block_1_72' title="bbox 2019 2615 3610 2686">
    <p class='ocr_par' dir='ltr' id='par_1_72' title="bbox 2019 2615 3610 2686">
     <span class='ocr_line' id='line_1_72' title="bbox 2019 2615 3610 2686; baseline 0 -18"><span class='ocrx_word' id='word_1_528' title='bbox 2019 2615 2324 2686; x_wconf 82' lang='lat' dir='ltr'><strong>manufacta</strong></span> <span class='ocrx_word' id='word_1_529' title='bbox 2353 2626 2537 2670; x_wconf 87' lang='lat' dir='ltr'><strong>sancta</strong></span> <span class='ocrx_word' id='word_1_530' title='bbox 2575 2615 2836 2681; x_wconf 83' lang='lat' dir='ltr'><strong>introivit,</strong></span> <span class='ocrx_word' id='word_1_531' title='bbox 2861 2615 3180 2685; x_wconf 75' lang='lat' dir='ltr'><strong>exemplaria</strong></span> <span class='ocrx_word' id='word_1_532' title='bbox 3217 2631 3450 2670; x_wconf 85' lang='lat' dir='ltr'><strong>verorum</strong></span> <span class='ocrx_word' id='word_1_533' title='bbox 3479 2631 3496 2669; x_wconf 91' lang='lat'><strong><em>:</em></strong></span> <span class='ocrx_word' id='word_1_534' title='bbox 3521 2616 3610 2668; x_wconf 79' lang='lat' dir='ltr'><strong>sed</strong></span> 
     </span>
    </p>
   </div>
   <div class='ocr_carea' id='block_1_73' title="bbox 2019 2705 3611 2777">
    <p class='ocr_par' dir='ltr' id='par_1_73' title="bbox 2019 2705 3611 2777">
     <span class='ocr_line' id='line_1_73' title="bbox 2019 2705 3611 2777; baseline -0.001 -18"><span class='ocrx_word' id='word_1_535' title='bbox 2019 2705 2072 2760; x_wconf 91' lang='lat' dir='ltr'><strong>in</strong></span> <span class='ocrx_word' id='word_1_536' title='bbox 2104 2706 2272 2776; x_wconf 87' lang='lat' dir='ltr'><strong>ipsum</strong></span> <span class='ocrx_word' id='word_1_537' title='bbox 2299 2705 2502 2772; x_wconf 70' lang='lat' dir='ltr'><strong>cretum,</strong></span> <span class='ocrx_word' id='word_1_538' title='bbox 2529 2716 2580 2759; x_wconf 88' lang='lat' dir='ltr'><strong>ut</strong></span> <span class='ocrx_word' id='word_1_539' title='bbox 2610 2717 2859 2777; x_wconf 84' lang='lat' dir='ltr'><strong>appareat</strong></span> <span class='ocrx_word' id='word_1_540' title='bbox 2881 2723 3016 2762; x_wconf 84' lang='lat' dir='ltr'><strong>nunc</strong></span> <span class='ocrx_word' id='word_1_541' title='bbox 3043 2705 3205 2762; x_wconf 84' lang='lat' dir='ltr'><strong>vultui</strong></span> <span class='ocrx_word' id='word_1_542' title='bbox 3230 2705 3326 2759; x_wconf 91' lang='lat' dir='ltr'><strong>Dei</strong></span> <span class='ocrx_word' id='word_1_543' title='bbox 3349 2723 3443 2773; x_wconf 88' lang='lat' dir='ltr'><strong>pro</strong></span> <span class='ocrx_word' id='word_1_544' title='bbox 3466 2705 3611 2759; x_wconf 83' lang='lat' dir='ltr'><strong>nobis</strong></span> 
     </span>
    </p>
   </div>
   <div class='ocr_carea' id='block_1_74' title="bbox 2021 2795 2440 2866">
    <p class='ocr_par' dir='ltr' id='par_1_74' title="bbox 2021 2795 2440 2866">
     <span class='ocr_line' id='line_1_74' title="bbox 2021 2795 2440 2866; baseline 0.005 -18"><span class='ocrx_word' id='word_1_545' title='bbox 2021 2795 2206 2864; x_wconf 80' lang='lat' dir='ltr'><strong>(Hebr.</strong></span> <span class='ocrx_word' id='word_1_546' title='bbox 2239 2795 2440 2866; x_wconf 61' lang='lat'><strong>“,24).</strong></span> 
     </span>
    </p>
   </div>
   <div class='ocr_carea' id='block_1_75' title="bbox 2094 2888 3608 2960">
    <p class='ocr_par' dir='ltr' id='par_1_75' title="bbox 2094 2888 3608 2960">
     <span class='ocr_line' id='line_1_75' title="bbox 2094 2888 3608 2960; baseline 0 -16"><span class='ocrx_word' id='word_1_547' title='bbox 2094 2888 2350 2960; x_wconf 89' lang='lat' dir='ltr'><strong>Sequitur</strong></span> <span class='ocrx_word' id='word_1_548' title='bbox 2378 2907 2393 2944; x_wconf 85' lang='lat'><strong>:</strong></span> <span class='ocrx_word' id='word_1_549' title='bbox 2437 2889 2659 2958; x_wconf 85' lang='lat' dir='ltr'><strong>Vespere</strong></span> <span class='ocrx_word' id='word_1_550' title='bbox 2671 2899 2844 2944; x_wconf 86' lang='lat' dir='ltr'><strong>autem</strong></span> <span class='ocrx_word' id='word_1_551' title='bbox 2870 2888 3008 2959; x_wconf 80' lang='lat' dir='ltr'><strong>facta</strong></span> <span class='ocrx_word' id='word_1_552' title='bbox 3027 2930 3042 2956; x_wconf 92' lang='lat'><strong>,</strong></span> <span class='ocrx_word' id='word_1_553' title='bbox 3071 2889 3212 2944; x_wconf 84' lang='lat' dir='ltr'><strong>solus</strong></span> <span class='ocrx_word' id='word_1_554' title='bbox 3244 2900 3356 2944; x_wconf 89' lang='lat' dir='ltr'><strong>erat</strong></span> <span class='ocrx_word' id='word_1_555' title='bbox 3383 2889 3473 2942; x_wconf 86' lang='lat' dir='ltr'><strong>ibi.</strong></span> <span class='ocrx_word' id='word_1_556' title='bbox 3503 2889 3608 2944; x_wconf 80' lang='lat' dir='ltr'><strong>Ve-</strong></span> 
     </span>
    </p>
   </div>
   <div class='ocr_carea' id='block_1_76' title="bbox 2027 2978 3608 3050">
    <p class='ocr_par' dir='ltr' id='par_1_76' title="bbox 2027 2978 3608 3050">
     <span class='ocr_line' id='line_1_76' title="bbox 2027 2978 3608 3050; baseline 0.001 -18"><span class='ocrx_word' id='word_1_557' title='bbox 2027 2994 2152 3048; x_wconf 73' lang='lat' dir='ltr'><strong>sper</strong></span> <span class='ocrx_word' id='word_1_558' title='bbox 2181 2979 2634 3050; x_wconf 85' lang='lat' dir='ltr'><strong>propinquitatem</strong></span> <span class='ocrx_word' id='word_1_559' title='bbox 2661 2978 2782 3035; x_wconf 86' lang='lat' dir='ltr'><strong>linis</strong></span> <span class='ocrx_word' id='word_1_560' title='bbox 2811 2979 2990 3035; x_wconf 77' lang='lat' dir='ltr'><strong>saeculi</strong></span> <span class='ocrx_word' id='word_1_561' title='bbox 3031 2980 3299 3050; x_wconf 84' lang='lat' dir='ltr'><strong>designat,</strong></span> <span class='ocrx_word' id='word_1_562' title='bbox 3327 2981 3392 3035; x_wconf 87' lang='lat' dir='ltr'><strong>de</strong></span> <span class='ocrx_word' id='word_1_563' title='bbox 3417 2997 3519 3050; x_wconf 90' lang='lat' dir='ltr'><strong>qua</strong></span> <span class='ocrx_word' id='word_1_564' title='bbox 3553 2989 3608 3035; x_wconf 90' lang='lat' dir='ltr'><strong>et</strong></span> 
     </span>
    </p>
   </div>
   <div class='ocr_carea' id='block_1_77' title="bbox 2023 3071 3608 3143">
    <p class='ocr_par' dir='ltr' id='par_1_77' title="bbox 2023 3071 3608 3143">
     <span class='ocr_line' id='line_1_77' title="bbox 2023 3071 3608 3143; baseline -0.003 -15"><span class='ocrx_word' id='word_1_565' title='bbox 2023 3072 2258 3130; x_wconf 74' lang='lat' dir='ltr'><strong>Joannes</strong></span> <span class='ocrx_word' id='word_1_566' title='bbox 2284 3074 2399 3126; x_wconf 90' lang='lat' dir='ltr'><strong>ait:</strong></span> <span class='ocrx_word' id='word_1_567' title='bbox 2443 3071 2646 3136; x_wconf 48' lang='lat' dir='ltr'><strong>(filioli,</strong></span> <span class='ocrx_word' id='word_1_568' title='bbox 2673 3073 2952 3126; x_wconf 84' lang='lat' dir='ltr'><strong>novissima</strong></span> <span class='ocrx_word' id='word_1_569' title='bbox 2992 3073 3122 3126; x_wconf 87' lang='lat' dir='ltr'><strong>hora</strong></span> <span class='ocrx_word' id='word_1_570' title='bbox 3162 3083 3236 3126; x_wconf 89' lang='lat' dir='ltr'><strong>est</strong></span> <span class='ocrx_word' id='word_1_571' title='bbox 3262 3072 3310 3143; x_wconf 80' lang='grc' dir='ltr'><strong>(Ἰ</strong></span> <span class='ocrx_word' id='word_1_572' title='bbox 3341 3072 3503 3126; x_wconf 80' lang='lat' dir='ltr'><strong>Joan.</strong></span> <span class='ocrx_word' id='word_1_573' title='bbox 3545 3088 3608 3135; x_wconf 88' lang='grc' dir='ltr'><strong>ιι,</strong></span> 
     </span>
    </p>
   </div>
   <div class='ocr_carea' id='block_1_78' title="bbox 2026 3163 3608 3236">
    <p class='ocr_par' dir='ltr' id='par_1_78' title="bbox 2026 3163 3608 3236">
     <span class='ocr_line' id='line_1_78' title="bbox 2026 3163 3608 3236; baseline -0.001 -16"><span class='ocrx_word' id='word_1_574' title='bbox 2026 3165 2136 3235; x_wconf 79' lang='grc'><strong>18).</strong></span> <span class='ocrx_word' id='word_1_575' title='bbox 2175 3163 2387 3234; x_wconf 84' lang='lat' dir='ltr'><strong>Vespere</strong></span> <span class='ocrx_word' id='word_1_576' title='bbox 2417 3165 2580 3236; x_wconf 84' lang='lat' dir='ltr'><strong>igitur</strong></span> <span class='ocrx_word' id='word_1_577' title='bbox 2597 3165 2758 3234; x_wconf 84' lang='lat' dir='ltr'><strong>facta,</strong></span> <span class='ocrx_word' id='word_1_578' title='bbox 2781 3163 2923 3218; x_wconf 81' lang='lat' dir='ltr'><strong>solus</strong></span> <span class='ocrx_word' id='word_1_579' title='bbox 2951 3174 3061 3220; x_wconf 89' lang='lat' dir='ltr'><strong>erat</strong></span> <span class='ocrx_word' id='word_1_580' title='bbox 3092 3165 3164 3218; x_wconf 86' lang='lat' dir='ltr'><strong>ibi</strong></span> <span class='ocrx_word' id='word_1_581' title='bbox 3190 3181 3207 3227; x_wconf 86' lang='grc'><strong><em>;</em></strong></span> <span class='ocrx_word' id='word_1_582' title='bbox 3237 3165 3382 3235; x_wconf 90' lang='lat' dir='ltr'><strong>quia,</strong></span> <span class='ocrx_word' id='word_1_583' title='bbox 3415 3179 3608 3234; x_wconf 81' lang='lat' dir='ltr'><strong>appro-</strong></span> 
     </span>
    </p>
   </div>
   <div class='ocr_carea' id='block_1_79' title="bbox 2025 3255 3606 3328">
    <p class='ocr_par' dir='ltr' id='par_1_79' title="bbox 2025 3255 3606 3328">
     <span class='ocr_line' id='line_1_79' title="bbox 2025 3255 3606 3328; baseline -0.001 -18"><span class='ocrx_word' id='word_1_584' title='bbox 2025 3257 2318 3328; x_wconf 86' lang='lat' dir='ltr'><strong>pinquante</strong></span> <span class='ocrx_word' id='word_1_585' title='bbox 2340 3257 2522 3310; x_wconf 92' lang='lat' dir='ltr'><strong>mundi</strong></span> <span class='ocrx_word' id='word_1_586' title='bbox 2549 3256 2802 3321; x_wconf 87' lang='lat' dir='ltr'><strong>termino,</strong></span> <span class='ocrx_word' id='word_1_587' title='bbox 2835 3257 2980 3311; x_wconf 90' lang='lat' dir='ltr'><strong>solus</strong></span> <span class='ocrx_word' id='word_1_588' title='bbox 3005 3255 3060 3311; x_wconf 89' lang='lat' dir='ltr'><strong>in</strong></span> <span class='ocrx_word' id='word_1_589' title='bbox 3087 3265 3266 3310; x_wconf 86' lang='lat' dir='ltr'><strong>sancta</strong></span> <span class='ocrx_word' id='word_1_590' title='bbox 3295 3263 3606 3310; x_wconf 89' lang='lat' dir='ltr'><strong>sanctorum</strong></span> 
     </span>
    </p>
   </div>
   <div class='ocr_carea' id='block_1_80' title="bbox 2024 3347 3608 3417">
    <p class='ocr_par' dir='ltr' id='par_1_80' title="bbox 2024 3347 3608 3417">
     <span class='ocr_line' id='line_1_80' title="bbox 2024 3347 3608 3417; baseline -0.001 -15"><span class='ocrx_word' id='word_1_591' title='bbox 2024 3357 2082 3404; x_wconf 87' lang='lat' dir='ltr'><strong>ut</strong></span> <span class='ocrx_word' id='word_1_592' title='bbox 2112 3363 2272 3402; x_wconf 89' lang='lat' dir='ltr'><strong>verus</strong></span> <span class='ocrx_word' id='word_1_593' title='bbox 2321 3347 2568 3404; x_wconf 82' lang='lat' dir='ltr'><strong>Pontifex</strong></span> <span class='ocrx_word' id='word_1_594' title='bbox 2621 3347 2865 3416; x_wconf 87' lang='lat' dir='ltr'><strong>intravit,</strong></span> <span class='ocrx_word' id='word_1_595' title='bbox 2891 3347 3072 3417; x_wconf 89' lang='lat' dir='ltr'><strong>ibique</strong></span> <span class='ocrx_word' id='word_1_596' title='bbox 3112 3357 3186 3402; x_wconf 87' lang='lat' dir='ltr'><strong>est</strong></span> <span class='ocrx_word' id='word_1_597' title='bbox 3230 3347 3300 3400; x_wconf 87' lang='lat' dir='ltr'><strong>ad</strong></span> <span class='ocrx_word' id='word_1_598' title='bbox 3341 3347 3608 3416; x_wconf 60' lang='lat' dir='ltr'><strong>dexteram</strong></span> 
     </span>
    </p>
   </div>
   <div class='ocr_carea' id='block_1_81' title="bbox 2023 3435 3605 3509">
    <p class='ocr_par' dir='ltr' id='par_1_81' title="bbox 2023 3435 3605 3509">
     <span class='ocr_line' id='line_1_81' title="bbox 2023 3435 3605 3509; baseline -0.003 -17"><span class='ocrx_word' id='word_1_599' title='bbox 2023 3439 2141 3503; x_wconf 87' lang='lat' dir='ltr'><strong>Dei,</strong></span> <span class='ocrx_word' id='word_1_600' title='bbox 2167 3448 2213 3492; x_wconf 88' lang='lat' dir='ltr'><strong>et</strong></span> <span class='ocrx_word' id='word_1_601' title='bbox 2245 3437 2538 3507; x_wconf 81' lang='lat' dir='ltr'><strong>interpellat</strong></span> <span class='ocrx_word' id='word_1_602' title='bbox 2569 3455 2663 3508; x_wconf 87' lang='lat' dir='ltr'><strong>pro</strong></span> <span class='ocrx_word' id='word_1_603' title='bbox 2701 3437 2848 3492; x_wconf 85' lang='lat' dir='ltr'><strong>nobis</strong></span> <span class='ocrx_word' id='word_1_604' title='bbox 2878 3436 3057 3509; x_wconf 76' lang='lat' dir='ltr'><strong>(Rom.</strong></span> <span class='ocrx_word' id='word_1_605' title='bbox 3097 3451 3215 3502; x_wconf 89' lang='lat' dir='ltr'><strong>vm,</strong></span> <span class='ocrx_word' id='word_1_606' title='bbox 3244 3435 3359 3504; x_wconf 73' lang='grc'><strong>54).</strong></span> <span class='ocrx_word' id='word_1_607' title='bbox 3382 3435 3605 3490; x_wconf 80' lang='lat' dir='ltr'><strong>Verum-</strong></span> 
     </span>
    </p>
   </div>
   <div class='ocr_carea' id='block_1_82' title="bbox 2025 3527 3608 3594">
    <p class='ocr_par' dir='ltr' id='par_1_82' title="bbox 2025 3527 3608 3594">
     <span class='ocr_line' id='line_1_82' title="bbox 2025 3527 3608 3594; baseline -0.004 -9"><span class='ocrx_word' id='word_1_608' title='bbox 2025 3539 2203 3586; x_wconf 86' lang='lat' dir='ltr'><strong>tamen</strong></span> <span class='ocrx_word' id='word_1_609' title='bbox 2238 3530 2362 3584; x_wconf 90' lang='lat' dir='ltr'><strong>dum</strong></span> <span class='ocrx_word' id='word_1_610' title='bbox 2412 3529 2500 3584; x_wconf 91' lang='lat' dir='ltr'><strong>ille</strong></span> <span class='ocrx_word' id='word_1_611' title='bbox 2539 3537 2660 3584; x_wconf 88' lang='lat' dir='ltr'><strong>orat</strong></span> <span class='ocrx_word' id='word_1_612' title='bbox 2691 3529 2743 3582; x_wconf 89' lang='lat' dir='ltr'><strong>in</strong></span> <span class='ocrx_word' id='word_1_613' title='bbox 2790 3528 3024 3594; x_wconf 81' lang='lat' dir='ltr'><strong>excelso,</strong></span> <span class='ocrx_word' id='word_1_614' title='bbox 3071 3527 3316 3582; x_wconf 85' lang='lat' dir='ltr'><strong>navicula</strong></span> <span class='ocrx_word' id='word_1_615' title='bbox 3362 3527 3608 3582; x_wconf 87' lang='lat' dir='ltr'><strong>turbatur</strong></span> 
     </span>
    </p>
   </div>
   <div class='ocr_carea' id='block_1_83' title="bbox 2022 3619 3604 3692">
    <p class='ocr_par' dir='ltr' id='par_1_83' title="bbox 2022 3619 3604 3692">
     <span class='ocr_line' id='line_1_83' title="bbox 2022 3619 3604 3692; baseline -0.003 -16"><span class='ocrx_word' id='word_1_616' title='bbox 2022 3621 2274 3677; x_wconf 83' lang='lat' dir='ltr'><strong>fluctibus</strong></span> <span class='ocrx_word' id='word_1_617' title='bbox 2303 3621 2353 3675; x_wconf 93' lang='lat' dir='ltr'><strong>in</strong></span> <span class='ocrx_word' id='word_1_618' title='bbox 2387 3619 2673 3692; x_wconf 89' lang='lat' dir='ltr'><strong>profundo.</strong></span> <span class='ocrx_word' id='word_1_619' title='bbox 2707 3619 2840 3674; x_wconf 85' lang='lat' dir='ltr'><strong>Nam</strong></span> <span class='ocrx_word' id='word_1_620' title='bbox 2881 3621 3006 3689; x_wconf 89' lang='lat' dir='ltr'><strong>quia</strong></span> <span class='ocrx_word' id='word_1_621' title='bbox 3054 3621 3341 3687; x_wconf 72' lang='lat' dir='ltr'><strong>insurgunt</strong></span> <span class='ocrx_word' id='word_1_622' title='bbox 3389 3619 3604 3682; x_wconf 82' lang='lat' dir='ltr'><strong>ﬂuctus,</strong></span> 
     </span>
    </p>
   </div>
   <div class='ocr_carea' id='block_1_84' title="bbox 2020 3711 3604 3784">
    <p class='ocr_par' dir='ltr' id='par_1_84' title="bbox 2020 3711 3604 3784">
     <span class='ocr_line' id='line_1_84' title="bbox 2020 3711 3604 3784; baseline -0.003 -16"><span class='ocrx_word' id='word_1_623' title='bbox 2020 3722 2198 3784; x_wconf 87' lang='lat' dir='ltr'><strong>potest</strong></span> <span class='ocrx_word' id='word_1_624' title='bbox 2233 3713 2334 3766; x_wconf 89' lang='lat' dir='ltr'><strong>ista</strong></span> <span class='ocrx_word' id='word_1_625' title='bbox 2363 3711 2610 3766; x_wconf 87' lang='lat' dir='ltr'><strong>navicula</strong></span> <span class='ocrx_word' id='word_1_626' title='bbox 2641 3713 2844 3767; x_wconf 89' lang='lat' dir='ltr'><strong>turbari</strong></span> <span class='ocrx_word' id='word_1_627' title='bbox 2872 3729 2886 3776; x_wconf 91' lang='lat'>;</span> <span class='ocrx_word' id='word_1_628' title='bbox 2918 3712 3012 3768; x_wconf 85' lang='lat' dir='ltr'><strong>sed</strong></span> <span class='ocrx_word' id='word_1_629' title='bbox 3045 3713 3170 3782; x_wconf 90' lang='lat' dir='ltr'><strong>quia</strong></span> <span class='ocrx_word' id='word_1_630' title='bbox 3193 3711 3442 3768; x_wconf 84' lang='lat' dir='ltr'><strong>Christus</strong></span> <span class='ocrx_word' id='word_1_631' title='bbox 3464 3721 3604 3775; x_wconf 87' lang='lat' dir='ltr'><strong>orat,</strong></span> 
     </span>
    </p>
   </div>
   <div class='ocr_carea' id='block_1_85' title="bbox 2022 3803 2573 3872">
    <p class='ocr_par' dir='ltr' id='par_1_85' title="bbox 2022 3803 2573 3872">
     <span class='ocr_line' id='line_1_85' title="bbox 2022 3803 2573 3872; baseline -0.007 -13"><span class='ocrx_word' id='word_1_632' title='bbox 2022 3821 2126 3859; x_wconf 87' lang='lat' dir='ltr'><strong>non</strong></span> <span class='ocrx_word' id='word_1_633' title='bbox 2165 3812 2344 3872; x_wconf 84' lang='lat' dir='ltr'><strong>potest</strong></span> <span class='ocrx_word' id='word_1_634' title='bbox 2382 3803 2573 3872; x_wconf 81' lang='lat' dir='ltr'><strong>mergi.</strong></span> 
     </span>
    </p>
   </div>
   <div class='ocr_carea' id='block_1_86' title="bbox 2095 3891 3607 3962">
    <p class='ocr_par' dir='ltr' id='par_1_86' title="bbox 2095 3891 3607 3962">
     <span class='ocr_line' id='line_1_86' title="bbox 2095 3891 3607 3962; baseline -0.001 -14"><span class='ocrx_word' id='word_1_635' title='bbox 2095 3893 2353 3962; x_wconf 91' lang='lat' dir='ltr'><strong>Sequitur</strong></span> <span class='ocrx_word' id='word_1_636' title='bbox 2385 3893 2527 3947; x_wconf 91' lang='lat' dir='ltr'><strong>enim</strong></span> <span class='ocrx_word' id='word_1_637' title='bbox 2569 3909 2582 3946; x_wconf 91' lang='lat'><strong>:</strong></span> <span class='ocrx_word' id='word_1_638' title='bbox 2621 3891 2883 3946; x_wconf 78' lang='lat' dir='ltr'><strong>Nauicula</strong></span> <span class='ocrx_word' id='word_1_639' title='bbox 2930 3903 3101 3948; x_wconf 82' lang='lat' dir='ltr'><strong>autent</strong></span> <span class='ocrx_word' id='word_1_640' title='bbox 3138 3895 3190 3947; x_wconf 90' lang='lat' dir='ltr'><strong>in</strong></span> <span class='ocrx_word' id='word_1_641' title='bbox 3220 3895 3418 3958; x_wconf 66' lang='lat' dir='ltr'><strong>medio,</strong></span> <span class='ocrx_word' id='word_1_642' title='bbox 3443 3895 3607 3947; x_wconf 88' lang='lat' dir='ltr'><strong>maris</strong></span> 
     </span>
    </p>
   </div>
   <div class='ocr_carea' id='block_1_87' title="bbox 2012 3981 3603 4056">
    <p class='ocr_par' dir='ltr' id='par_1_87' title="bbox 2012 3981 3603 4056">
     <span class='ocr_line' id='line_1_87' title="bbox 2012 3981 3603 4056; baseline 0.001 -14"><span class='ocrx_word' id='word_1_643' title='bbox 2012 3987 2316 4056; x_wconf 87' lang='lat' dir='ltr'><strong>jactabatur</strong></span> <span class='ocrx_word' id='word_1_644' title='bbox 2335 3985 2599 4055; x_wconf 77' lang='lat' dir='ltr'><strong>ﬂuctibus.</strong></span> <span class='ocrx_word' id='word_1_645' title='bbox 2631 3981 2759 4040; x_wconf 82' lang='lat' dir='ltr'><strong>Erat</strong></span> <span class='ocrx_word' id='word_1_646' title='bbox 2793 3987 2930 4040; x_wconf 87' lang='lat' dir='ltr'><strong>enim</strong></span> <span class='ocrx_word' id='word_1_647' title='bbox 2967 3987 3041 4039; x_wconf 87' lang='lat' dir='ltr'><strong>eis</strong></span> <span class='ocrx_word' id='word_1_648' title='bbox 3077 3987 3372 4040; x_wconf 86' lang='lat' dir='ltr'><strong>contrarius</strong></span> <span class='ocrx_word' id='word_1_649' title='bbox 3405 3997 3603 4044; x_wconf 81' lang='lat' dir='ltr'><strong>ventus.</strong></span> 
     </span>
    </p>
   </div>
   <div class='ocr_carea' id='block_1_88' title="bbox 2025 4075 3606 4150">
    <p class='ocr_par' dir='ltr' id='par_1_88' title="bbox 2025 4075 3606 4150">
     <span class='ocr_line' id='line_1_88' title="bbox 2025 4075 3606 4150; baseline -0.001 -16"><span class='ocrx_word' id='word_1_650' title='bbox 2025 4077 2290 4134; x_wconf 78' lang='lat' dir='ltr'><strong>Naricula</strong></span> <span class='ocrx_word' id='word_1_651' title='bbox 2319 4077 2518 4148; x_wconf 89' lang='lat' dir='ltr'><strong>quippe</strong></span> <span class='ocrx_word' id='word_1_652' title='bbox 2545 4086 2627 4134; x_wconf 84' lang='lat' dir='ltr'><strong>est</strong></span> <span class='ocrx_word' id='word_1_653' title='bbox 2655 4075 2915 4150; x_wconf 80' lang='lat' dir='ltr'><strong>Ecclesia.</strong></span> <span class='ocrx_word' id='word_1_654' title='bbox 2935 4095 3079 4132; x_wconf 89' lang='lat' dir='ltr'><strong>mare</strong></span> <span class='ocrx_word' id='word_1_655' title='bbox 3108 4077 3382 4141; x_wconf 73' lang='lat' dir='ltr'><strong>s-‘cculum,</strong></span> <span class='ocrx_word' id='word_1_656' title='bbox 3413 4081 3606 4148; x_wconf 83' lang='lat' dir='ltr'><strong>[luctus</strong></span> 
     </span>
    </p>
   </div>
   <div class='ocr_carea' id='block_1_89' title="bbox 2023 4167 3604 4234">
    <p class='ocr_par' dir='ltr' id='par_1_89' title="bbox 2023 4167 3604 4234">
     <span class='ocr_line' id='line_1_89' title="bbox 2023 4167 3604 4234; baseline 0.001 -11"><span class='ocrx_word' id='word_1_657' title='bbox 2023 4169 2184 4224; x_wconf 88' lang='lat' dir='ltr'><strong>maris</strong></span> <span class='ocrx_word' id='word_1_658' title='bbox 2229 4178 2466 4224; x_wconf 90' lang='lat' dir='ltr'><strong>tumores</strong></span> <span class='ocrx_word' id='word_1_659' title='bbox 2507 4169 2686 4226; x_wconf 65' lang='lat' dir='ltr'><strong>saeculi</strong></span> <span class='ocrx_word' id='word_1_660' title='bbox 2737 4179 2791 4224; x_wconf 90' lang='lat' dir='ltr'><strong>et</strong></span> <span class='ocrx_word' id='word_1_661' title='bbox 2839 4167 3216 4224; x_wconf 86' lang='lat' dir='ltr'><strong>trilmlationes</strong></span> <span class='ocrx_word' id='word_1_662' title='bbox 3270 4170 3604 4234; x_wconf 89' lang='lat' dir='ltr'><strong>mundi,seu</strong></span> 
     </span>
    </p>
   </div>
   <div class='ocr_carea' id='block_1_90' title="bbox 395 4246 3606 4330">
    <p class='ocr_par' dir='ltr' id='par_1_90' title="bbox 395 4246 3606 4330">
     <span class='ocr_line' id='line_1_90' title="bbox 395 4246 3606 4330; baseline 0.006 -36"><span class='ocrx_word' id='word_1_663' title='bbox 395 4257 514 4294; x_wconf 85' lang='lat' dir='ltr'><strong>eum</strong></span> <span class='ocrx_word' id='word_1_664' title='bbox 539 4252 688 4300; x_wconf 85' lang='lat' dir='ltr'><strong>trans</strong></span> <span class='ocrx_word' id='word_1_665' title='bbox 724 4246 937 4315; x_wconf 81' lang='lat' dir='ltr'><strong>fretum,</strong></span> <span class='ocrx_word' id='word_1_666' title='bbox 953 4250 1116 4306; x_wconf 82' lang='lat' dir='ltr'><strong>donec</strong></span> <span class='ocrx_word' id='word_1_667' title='bbox 1149 4253 1432 4311; x_wconf 75' lang='lat' dir='ltr'><strong>dimitteret</strong></span> <span class='ocrx_word' id='word_1_668' title='bbox 1467 4258 1670 4314; x_wconf 78' lang='lat' dir='ltr'><strong>turbas.</strong></span> <span class='ocrx_word' id='word_1_669' title='bbox 1697 4261 1914 4330; x_wconf 70' lang='lat' dir='ltr'><strong>(Matth.</strong></span> <span class='ocrx_word' id='word_1_670' title='bbox 1949 4275 1994 4330; x_wconf 76' lang='grc' dir='ltr'><strong>ί)</strong></span> <span class='ocrx_word' id='word_1_671' title='bbox 2023 4259 2380 4318; x_wconf 86' lang='lat' dir='ltr'><strong>tentatiouum</strong></span> <span class='ocrx_word' id='word_1_672' title='bbox 2409 4259 2638 4330; x_wconf 86' lang='lat' dir='ltr'><strong>impetus</strong></span> <span class='ocrx_word' id='word_1_673' title='bbox 2656 4259 2804 4315; x_wconf 89' lang='lat' dir='ltr'><strong>elati.</strong></span> <span class='ocrx_word' id='word_1_674' title='bbox 2823 4258 3017 4314; x_wconf 83' lang='lat' dir='ltr'><strong>Ventus</strong></span> <span class='ocrx_word' id='word_1_675' title='bbox 3046 4259 3363 4328; x_wconf 87' lang='lat' dir='ltr'><strong>contrarius,</strong></span> <span class='ocrx_word' id='word_1_676' title='bbox 3387 4261 3606 4328; x_wconf 85' lang='lat' dir='ltr'><strong>spiritus</strong></span> 
     </span>
    </p>
   </div>
   <div class='ocr_carea' id='block_1_91' title="bbox 403 4335 656 4406">
    <p class='ocr_par' dir='ltr' id='par_1_91' title="bbox 403 4335 656 4406">
     <span class='ocr_line' id='line_1_91' title="bbox 403 4335 656 4406; baseline 0.016 -20"><span class='ocrx_word' id='word_1_677' title='bbox 403 4349 516 4400; x_wconf 78' lang='lat' dir='ltr'><strong>xrv,</strong></span> <span class='ocrx_word' id='word_1_678' title='bbox 541 4335 656 4406; x_wconf 72' lang='grc'><strong>22).</strong></span> 
     </span>
    </p>
   </div>
   <div class='ocr_carea' id='block_1_92' title="bbox 403 4425 1916 4512">
    <p class='ocr_par' dir='ltr' id='par_1_92' title="bbox 403 4425 1916 4512">
     <span class='ocr_line' id='line_1_92' title="bbox 403 4425 1916 4512; baseline 0.015 -35"><span class='ocrx_word' id='word_1_679' title='bbox 403 4425 458 4480; x_wconf 92' lang='lat' dir='ltr'><strong>In</strong></span> <span class='ocrx_word' id='word_1_680' title='bbox 509 4427 614 4484; x_wconf 82' lang='lat' dir='ltr'><strong>hac</strong></span> <span class='ocrx_word' id='word_1_681' title='bbox 665 4429 898 4488; x_wconf 88' lang='lat' dir='ltr'><strong>lectione</strong></span> <span class='ocrx_word' id='word_1_682' title='bbox 943 4431 1099 4502; x_wconf 73' lang='lat' dir='ltr'><strong>juxta</strong></span> <span class='ocrx_word' id='word_1_683' title='bbox 1152 4437 1440 4506; x_wconf 86' lang='lat' dir='ltr'><strong>mysticam</strong></span> <span class='ocrx_word' id='word_1_684' title='bbox 1501 4439 1916 4512; x_wconf 81' lang='lat' dir='ltr'><strong>intelligentiam</strong></span> 
     </span>
    </p>
   </div>
   <div class='ocr_carea' id='block_1_93' title="bbox 331 4521 1916 4594">
    <p class='ocr_par' dir='ltr' id='par_1_93' title="bbox 331 4521 1916 4594">
     <span class='ocr_line' id='line_1_93' title="bbox 331 4521 1916 4594; baseline 0.016 -26"><span class='ocrx_word' id='word_1_685' title='bbox 331 4521 644 4574; x_wconf 78' lang='lat' dir='ltr'><strong>stitnmatim</strong></span> <span class='ocrx_word' id='word_1_686' title='bbox 695 4523 1021 4580; x_wconf 87' lang='lat' dir='ltr'><strong>describitur</strong></span> <span class='ocrx_word' id='word_1_687' title='bbox 1059 4526 1316 4584; x_wconf 73' lang='lat' dir='ltr'><strong>Ecclesiae</strong></span> <span class='ocrx_word' id='word_1_688' title='bbox 1362 4539 1536 4587; x_wconf 87' lang='lat' dir='ltr'><strong>status</strong></span> <span class='ocrx_word' id='word_1_689' title='bbox 1570 4533 1638 4590; x_wconf 86' lang='lat' dir='ltr'><strong>ab</strong></span> <span class='ocrx_word' id='word_1_690' title='bbox 1679 4535 1916 4594; x_wconf 88' lang='lat' dir='ltr'><strong>adventu</strong></span> 
     </span>
    </p>
   </div>
   <div class='ocr_carea' id='block_1_94' title="bbox 331 4609 1918 4686">
    <p class='ocr_par' dir='ltr' id='par_1_94' title="bbox 331 4609 1918 4686">
     <span class='ocr_line' id='line_1_94' title="bbox 331 4609 1918 4686; baseline 0.014 -24"><span class='ocrx_word' id='word_1_691' title='bbox 331 4609 634 4670; x_wconf 82' lang='lat' dir='ltr'><strong>Salvatoris</strong></span> <span class='ocrx_word' id='word_1_692' title='bbox 656 4630 824 4686; x_wconf 87' lang='lat' dir='ltr'><strong>usque</strong></span> <span class='ocrx_word' id='word_1_693' title='bbox 857 4618 910 4674; x_wconf 90' lang='lat' dir='ltr'><strong>in</strong></span> <span class='ocrx_word' id='word_1_694' title='bbox 943 4618 1100 4674; x_wconf 82' lang='lat' dir='ltr'><strong>finem</strong></span> <span class='ocrx_word' id='word_1_695' title='bbox 1129 4621 1334 4678; x_wconf 66' lang='lat' dir='ltr'><strong>saeculi.</strong></span> <span class='ocrx_word' id='word_1_696' title='bbox 1358 4621 1526 4678; x_wconf 73' lang='lat' dir='ltr'><strong>Iussit</strong></span> <span class='ocrx_word' id='word_1_697' title='bbox 1553 4626 1696 4682; x_wconf 90' lang='lat' dir='ltr'><strong>enim</strong></span> <span class='ocrx_word' id='word_1_698' title='bbox 1735 4627 1918 4684; x_wconf 56' lang='lat' dir='ltr'><strong>Domi.</strong></span> 
     </span>
    </p>
   </div>
   <div class='ocr_carea' id='block_1_95' title="bbox 329 4705 1916 4788">
    <p class='ocr_par' dir='ltr' id='par_1_95' title="bbox 329 4705 1916 4788">
     <span class='ocr_line' id='line_1_95' title="bbox 329 4705 1916 4788; baseline 0.016 -34"><span class='ocrx_word' id='word_1_699' title='bbox 329 4719 436 4756; x_wconf 70' lang='lat' dir='ltr'><strong>nus</strong></span> <span class='ocrx_word' id='word_1_700' title='bbox 459 4705 743 4776; x_wconf 78' lang='lat' dir='ltr'><strong>discipulos</strong></span> <span class='ocrx_word' id='word_1_701' title='bbox 782 4726 904 4764; x_wconf 89' lang='lat' dir='ltr'><strong>suos</strong></span> <span class='ocrx_word' id='word_1_702' title='bbox 945 4713 1226 4768; x_wconf 80' lang='lat' dir='ltr'><strong>ascendere</strong></span> <span class='ocrx_word' id='word_1_703' title='bbox 1263 4715 1320 4768; x_wconf 79' lang='lat' dir='ltr'><strong>in</strong></span> <span class='ocrx_word' id='word_1_704' title='bbox 1345 4715 1666 4782; x_wconf 76' lang='lat' dir='ltr'><strong>naviculam,</strong></span> <span class='ocrx_word' id='word_1_705' title='bbox 1701 4723 1916 4788; x_wconf 88' lang='lat' dir='ltr'><strong>quando</strong></span> 
     </span>
    </p>
   </div>
   <div class='ocr_carea' id='block_1_96' title="bbox 331 4796 1912 4876">
    <p class='ocr_par' dir='ltr' id='par_1_96' title="bbox 331 4796 1912 4876">
     <span class='ocr_line' id='line_1_96' title="bbox 331 4796 1912 4876; baseline 0.015 -31"><span class='ocrx_word' id='word_1_706' title='bbox 331 4796 598 4862; x_wconf 78' lang='lat' dir='ltr'><strong>apostolis</strong></span> <span class='ocrx_word' id='word_1_707' title='bbox 625 4815 922 4872; x_wconf 83' lang='lat' dir='ltr'><strong>eorumque</strong></span> <span class='ocrx_word' id='word_1_708' title='bbox 957 4805 1284 4874; x_wconf 83' lang='lat' dir='ltr'><strong>sequacibus</strong></span> <span class='ocrx_word' id='word_1_709' title='bbox 1319 4809 1726 4876; x_wconf 72' lang='lat' dir='ltr'><strong>gubernandum</strong></span> <span class='ocrx_word' id='word_1_710' title='bbox 1768 4826 1912 4868; x_wconf 90' lang='lat' dir='ltr'><strong>com-</strong></span> 
     </span>
    </p>
   </div>
   <div class='ocr_carea' id='block_1_97' title="bbox 331 4886 1914 4970">
    <p class='ocr_par' dir='ltr' id='par_1_97' title="bbox 331 4886 1914 4970">
     <span class='ocr_line' id='line_1_97' title="bbox 331 4886 1914 4970; baseline 0.013 -33"><span class='ocrx_word' id='word_1_711' title='bbox 331 4886 480 4940; x_wconf 85' lang='lat' dir='ltr'><strong>misit</strong></span> <span class='ocrx_word' id='word_1_712' title='bbox 523 4888 843 4948; x_wconf 83' lang='lat' dir='ltr'><strong>Ecclcsiam.</strong></span> <span class='ocrx_word' id='word_1_713' title='bbox 871 4893 938 4948; x_wconf 79' lang='lat' dir='ltr'><strong>Et</strong></span> <span class='ocrx_word' id='word_1_714' title='bbox 985 4895 1064 4950; x_wconf 83' lang='lat' dir='ltr'><strong>ita</strong></span> <span class='ocrx_word' id='word_1_715' title='bbox 1097 4899 1385 4966; x_wconf 61' lang='lat' dir='ltr'><strong>procedere</strong></span> <span class='ocrx_word' id='word_1_716' title='bbox 1431 4909 1580 4954; x_wconf 86' lang='lat' dir='ltr'><strong>trans</strong></span> <span class='ocrx_word' id='word_1_717' title='bbox 1615 4901 1831 4970; x_wconf 80' lang='lat' dir='ltr'><strong>fretum,</strong></span> <span class='ocrx_word' id='word_1_718' title='bbox 1861 4904 1914 4958; x_wconf 91' lang='lat' dir='ltr'><strong>id</strong></span> 
     </span>
    </p>
   </div>
   <div class='ocr_carea' id='block_1_98' title="bbox 329 4973 1912 5062">
    <p class='ocr_par' dir='ltr' id='par_1_98' title="bbox 329 4973 1912 5062">
     <span class='ocr_line' id='line_1_98' title="bbox 329 4973 1912 5062; baseline 0.011 -34"><span class='ocrx_word' id='word_1_719' title='bbox 329 4980 414 5028; x_wconf 88' lang='lat' dir='ltr'><strong>est</strong></span> <span class='ocrx_word' id='word_1_720' title='bbox 440 4977 660 5033; x_wconf 86' lang='lat' dir='ltr'><strong>tendere</strong></span> <span class='ocrx_word' id='word_1_721' title='bbox 699 4981 766 5036; x_wconf 89' lang='lat' dir='ltr'><strong>ad</strong></span> <span class='ocrx_word' id='word_1_722' title='bbox 813 4991 1028 5052; x_wconf 86' lang='lat' dir='ltr'><strong>portum</strong></span> <span class='ocrx_word' id='word_1_723' title='bbox 1073 4983 1316 5044; x_wconf 83' lang='lat' dir='ltr'><strong>caelestis</strong></span> <span class='ocrx_word' id='word_1_724' title='bbox 1361 4989 1570 5056; x_wconf 80' lang='lat' dir='ltr'><strong>patriae,</strong></span> <span class='ocrx_word' id='word_1_725' title='bbox 1599 4973 1912 5062; x_wconf 76' lang='lat' dir='ltr'><strong>priiisquam</strong></span> 
     </span>
    </p>
   </div>
   <div class='ocr_carea' id='block_1_99' title="bbox 331 5063 1916 5144">
    <p class='ocr_par' dir='ltr' id='par_1_99' title="bbox 331 5063 1916 5144">
     <span class='ocr_line' id='line_1_99' title="bbox 331 5063 1916 5144; baseline 0.013 -24"><span class='ocrx_word' id='word_1_726' title='bbox 331 5064 454 5134; x_wconf 80' lang='lat' dir='ltr'><strong>ipse</strong></span> <span class='ocrx_word' id='word_1_727' title='bbox 469 5083 536 5124; x_wconf 84' lang='lat' dir='ltr'><strong>ex</strong></span> <span class='ocrx_word' id='word_1_728' title='bbox 567 5079 678 5126; x_wconf 86' lang='lat' dir='ltr'><strong>toto</strong></span> <span class='ocrx_word' id='word_1_729' title='bbox 713 5073 909 5144; x_wconf 80' lang='lat' dir='ltr'><strong>migret</strong></span> <span class='ocrx_word' id='word_1_730' title='bbox 957 5074 1026 5132; x_wconf 86' lang='lat' dir='ltr'><strong>ab</strong></span> <span class='ocrx_word' id='word_1_731' title='bbox 1069 5063 1188 5132; x_wconf 84' lang='lat' dir='ltr'><strong>hoc</strong></span> <span class='ocrx_word' id='word_1_732' title='bbox 1221 5081 1440 5134; x_wconf 84' lang='lat' dir='ltr'><strong>mundo.</strong></span> <span class='ocrx_word' id='word_1_733' title='bbox 1479 5079 1614 5135; x_wconf 84' lang='lat' dir='ltr'><strong>Nam</strong></span> <span class='ocrx_word' id='word_1_734' title='bbox 1649 5099 1772 5137; x_wconf 91' lang='lat' dir='ltr'><strong>cum</strong></span> <span class='ocrx_word' id='word_1_735' title='bbox 1803 5086 1916 5140; x_wconf 91' lang='lat' dir='ltr'><strong>suis</strong></span> 
     </span>
    </p>
   </div>
   <div class='ocr_carea' id='block_1_100' title="bbox 330 5155 1914 5244">
    <p class='ocr_par' dir='ltr' id='par_1_100' title="bbox 330 5155 1914 5244">
     <span class='ocr_line' id='line_1_100' title="bbox 330 5155 1914 5244; baseline 0.013 -33"><span class='ocrx_word' id='word_1_736' title='bbox 330 5155 520 5216; x_wconf 70' lang='lat' dir='ltr'><strong>electis</strong></span> <span class='ocrx_word' id='word_1_737' title='bbox 547 5171 602 5217; x_wconf 85' lang='lat' dir='ltr'><strong>et</strong></span> <span class='ocrx_word' id='word_1_738' title='bbox 629 5174 850 5234; x_wconf 84' lang='lat' dir='ltr'><strong>propter</strong></span> <span class='ocrx_word' id='word_1_739' title='bbox 903 5181 1033 5222; x_wconf 84' lang='lat' dir='ltr'><strong>suos</strong></span> <span class='ocrx_word' id='word_1_740' title='bbox 1071 5167 1276 5225; x_wconf 84' lang='lat' dir='ltr'><strong>electos</strong></span> <span class='ocrx_word' id='word_1_741' title='bbox 1305 5180 1390 5226; x_wconf 90' lang='lat' dir='ltr'><strong>est</strong></span> <span class='ocrx_word' id='word_1_742' title='bbox 1441 5172 1553 5243; x_wconf 86' lang='lat' dir='ltr'><strong>ipse</strong></span> <span class='ocrx_word' id='word_1_743' title='bbox 1581 5189 1796 5244; x_wconf 86' lang='lat' dir='ltr'><strong>semper</strong></span> <span class='ocrx_word' id='word_1_744' title='bbox 1826 5177 1914 5234; x_wconf 85' lang='lat' dir='ltr'><strong>hic</strong></span> 
     </span>
    </p>
   </div>
   <div class='ocr_carea' id='block_1_101' title="bbox 333 5255 1915 5334">
    <p class='ocr_par' dir='ltr' id='par_1_101' title="bbox 333 5255 1915 5334">
     <span class='ocr_line' id='line_1_101' title="bbox 333 5255 1915 5334; baseline 0.015 -35"><span class='ocrx_word' id='word_1_745' title='bbox 333 5261 514 5318; x_wconf 68' lang='lat' dir='ltr'><strong>usque</strong></span> <span class='ocrx_word' id='word_1_746' title='bbox 555 5255 622 5308; x_wconf 88' lang='lat' dir='ltr'><strong>ad</strong></span> <span class='ocrx_word' id='word_1_747' title='bbox 667 5259 1196 5316; x_wconf 81' lang='lat' dir='ltr'><strong>consummationem</strong></span> <span class='ocrx_word' id='word_1_748' title='bbox 1235 5263 1418 5318; x_wconf 65' lang='lat' dir='ltr'><strong>smculi</strong></span> <span class='ocrx_word' id='word_1_749' title='bbox 1457 5274 1556 5318; x_wconf 88' lang='lat' dir='ltr'><strong>:ct</strong></span> <span class='ocrx_word' id='word_1_750' title='bbox 1605 5265 1915 5334; x_wconf 54' lang='lat' dir='ltr'><strong>praecedunt</strong></span> 
     </span>
    </p>
   </div>
   <div class='ocr_carea' id='block_1_102' title="bbox 332 5339 1913 5424">
    <p class='ocr_par' dir='ltr' id='par_1_102' title="bbox 332 5339 1913 5424">
     <span class='ocr_line' id='line_1_102' title="bbox 332 5339 1913 5424; baseline 0.014 -34"><span class='ocrx_word' id='word_1_751' title='bbox 332 5339 482 5396; x_wconf 76' lang='lat' dir='ltr'><strong>illum</strong></span> <span class='ocrx_word' id='word_1_752' title='bbox 529 5351 682 5401; x_wconf 85' lang='lat' dir='ltr'><strong>trans</strong></span> <span class='ocrx_word' id='word_1_753' title='bbox 729 5349 1062 5404; x_wconf 87' lang='lat' dir='ltr'><strong>mundanum</strong></span> <span class='ocrx_word' id='word_1_754' title='bbox 1083 5349 1326 5422; x_wconf 84' lang='lat' dir='ltr'><strong>pelagus,</strong></span> <span class='ocrx_word' id='word_1_755' title='bbox 1382 5354 1472 5424; x_wconf 89' lang='lat' dir='ltr'><strong>qui</strong></span> <span class='ocrx_word' id='word_1_756' title='bbox 1510 5355 1754 5424; x_wconf 88' lang='lat' dir='ltr'><strong>quotidie</strong></span> <span class='ocrx_word' id='word_1_757' title='bbox 1785 5357 1913 5412; x_wconf 88' lang='lat' dir='ltr'><strong>hinc</strong></span> 
     </span>
    </p>
   </div>
   <div class='ocr_carea' id='block_1_103' title="bbox 333 5439 1913 5503">
    <p class='ocr_par' dir='ltr' id='par_1_103' title="bbox 333 5439 1913 5503">
     <span class='ocr_line' id='line_1_103' title="bbox 333 5439 1913 5503; baseline 0.012 -19"><span class='ocrx_word' id='word_1_758' title='bbox 333 5443 618 5492; x_wconf 68' lang='lat' dir='ltr'><strong>transeunt</strong></span> <span class='ocrx_word' id='word_1_759' title='bbox 639 5439 704 5494; x_wconf 87' lang='lat' dir='ltr'><strong>ad</strong></span> <span class='ocrx_word' id='word_1_760' title='bbox 735 5450 934 5496; x_wconf 66' lang='lat' dir='ltr'><strong>ter-ram</strong></span> <span class='ocrx_word' id='word_1_761' title='bbox 967 5443 1434 5498; x_wconf 85' lang='lat' dir='ltr'><strong>viventium.Cum</strong></span> <span class='ocrx_word' id='word_1_762' title='bbox 1463 5445 1606 5498; x_wconf 90' lang='lat' dir='ltr'><strong>cnim</strong></span> <span class='ocrx_word' id='word_1_763' title='bbox 1633 5461 1761 5502; x_wconf 91' lang='lat' dir='ltr'><strong>suos</strong></span> <span class='ocrx_word' id='word_1_764' title='bbox 1787 5447 1913 5503; x_wconf 90' lang='lat' dir='ltr'><strong>illnc</strong></span> 
     </span>
    </p>
   </div>
   <div class='ocr_carea' id='block_1_104' title="bbox 331 5531 1913 5606">
    <p class='ocr_par' dir='ltr' id='par_1_104' title="bbox 331 5531 1913 5606">
     <span class='ocr_line' id='line_1_104' title="bbox 331 5531 1913 5606; baseline 0.009 -26"><span class='ocrx_word' id='word_1_765' title='bbox 331 5541 523 5584; x_wconf 72' lang='lat' dir='ltr'><strong>&quot;ullle</strong></span> <span class='ocrx_word' id='word_1_766' title='bbox 545 5531 884 5604; x_wconf 72' lang='lat' dir='ltr'><strong>prmmiscrit,</strong></span> <span class='ocrx_word' id='word_1_767' title='bbox 917 5543 1044 5590; x_wconf 85' lang='lat' dir='ltr'><strong>tunc</strong></span> <span class='ocrx_word' id='word_1_768' title='bbox 1076 5535 1383 5606; x_wconf 79' lang='lat' dir='ltr'><strong>relinquens</strong></span> <span class='ocrx_word' id='word_1_769' title='bbox 1425 5536 1796 5594; x_wconf 88' lang='lat' dir='ltr'><strong>multitudines</strong></span> <span class='ocrx_word' id='word_1_770' title='bbox 1826 5555 1913 5596; x_wconf 85' lang='lat' dir='ltr'><strong>rc-</strong></span> 
     </span>
    </p>
   </div>
   <div class='ocr_carea' id='block_1_105' title="bbox 2023 4350 3603 4422">
    <p class='ocr_par' dir='ltr' id='par_1_105' title="bbox 2023 4350 3603 4422">
     <span class='ocr_line' id='line_1_105' title="bbox 2023 4350 3603 4422; baseline 0.001 -17"><span class='ocrx_word' id='word_1_771' title='bbox 2023 4350 2433 4416; x_wconf 81' lang='lat' dir='ltr'><strong>daemoniorum,</strong></span> <span class='ocrx_word' id='word_1_772' title='bbox 2457 4366 2563 4420; x_wconf 89' lang='lat' dir='ltr'><strong>quo</strong></span> <span class='ocrx_word' id='word_1_773' title='bbox 2583 4351 2764 4406; x_wconf 62' lang='lat' dir='ltr'><strong>saeculi</strong></span> <span class='ocrx_word' id='word_1_774' title='bbox 2795 4361 3087 4422; x_wconf 88' lang='lat' dir='ltr'><strong>potestates</strong></span> <span class='ocrx_word' id='word_1_775' title='bbox 3124 4352 3382 4406; x_wconf 85' lang='lat' dir='ltr'><strong>adversus</strong></span> <span class='ocrx_word' id='word_1_776' title='bbox 3419 4353 3603 4407; x_wconf 80' lang='lat' dir='ltr'><strong>Eccle-</strong></span> 
     </span>
    </p>
   </div>
   <div class='ocr_carea' id='block_1_106' title="bbox 2021 4441 3603 4505">
    <p class='ocr_par' dir='ltr' id='par_1_106' title="bbox 2021 4441 3603 4505">
     <span class='ocr_line' id='line_1_106' title="bbox 2021 4441 3603 4505; baseline 0.003 -9"><span class='ocrx_word' id='word_1_777' title='bbox 2021 4442 2154 4496; x_wconf 89' lang='lat' dir='ltr'><strong>siam</strong></span> <span class='ocrx_word' id='word_1_778' title='bbox 2183 4450 2310 4494; x_wconf 90' lang='lat' dir='ltr'><strong>sunt</strong></span> <span class='ocrx_word' id='word_1_779' title='bbox 2343 4442 2645 4505; x_wconf 62' lang='lat' dir='ltr'><strong>concitatae,</strong></span> <span class='ocrx_word' id='word_1_780' title='bbox 2677 4449 2732 4496; x_wconf 90' lang='lat' dir='ltr'><strong>et</strong></span> <span class='ocrx_word' id='word_1_781' title='bbox 2761 4441 2991 4495; x_wconf 91' lang='lat' dir='ltr'><strong>mundus</strong></span> <span class='ocrx_word' id='word_1_782' title='bbox 3020 4451 3210 4498; x_wconf 87' lang='lat' dir='ltr'><strong>contra</strong></span> <span class='ocrx_word' id='word_1_783' title='bbox 3249 4451 3466 4497; x_wconf 86' lang='lat' dir='ltr'><strong>sanctos</strong></span> <span class='ocrx_word' id='word_1_784' title='bbox 3500 4443 3603 4500; x_wconf 84' lang='lat' dir='ltr'><strong>frc—</strong></span> 
     </span>
    </p>
   </div>
   <div class='ocr_carea' id='block_1_107' title="bbox 2019 4533 3606 4608">
    <p class='ocr_par' dir='ltr' id='par_1_107' title="bbox 2019 4533 3606 4608">
     <span class='ocr_line' id='line_1_107' title="bbox 2019 4533 3606 4608; baseline 0.003 -20"><span class='ocrx_word' id='word_1_785' title='bbox 2019 4540 2248 4602; x_wconf 87' lang='lat' dir='ltr'><strong>quentcr</strong></span> <span class='ocrx_word' id='word_1_786' title='bbox 2267 4539 2592 4595; x_wconf 88' lang='lat' dir='ltr'><strong>commotus,</strong></span> <span class='ocrx_word' id='word_1_787' title='bbox 2607 4541 2658 4585; x_wconf 90' lang='lat' dir='ltr'><strong>et</strong></span> <span class='ocrx_word' id='word_1_788' title='bbox 2686 4547 2791 4601; x_wconf 90' lang='lat' dir='ltr'><strong>quo</strong></span> <span class='ocrx_word' id='word_1_789' title='bbox 2807 4533 2937 4587; x_wconf 88' lang='lat' dir='ltr'><strong>vitia</strong></span> <span class='ocrx_word' id='word_1_790' title='bbox 2966 4535 3047 4588; x_wconf 87' lang='lat' dir='ltr'><strong>vel</strong></span> <span class='ocrx_word' id='word_1_791' title='bbox 3063 4536 3374 4608; x_wconf 87' lang='lat' dir='ltr'><strong>iniquitates</strong></span> <span class='ocrx_word' id='word_1_792' title='bbox 3394 4553 3606 4608; x_wconf 86' lang='lat' dir='ltr'><strong>semper</strong></span> 
     </span>
    </p>
   </div>
   <div class='ocr_carea' id='block_1_108' title="bbox 2020 4619 3606 4692">
    <p class='ocr_par' dir='ltr' id='par_1_108' title="bbox 2020 4619 3606 4692">
     <span class='ocr_line' id='line_1_108' title="bbox 2020 4619 3606 4692; baseline 0.003 -17"><span class='ocrx_word' id='word_1_793' title='bbox 2020 4631 2401 4692; x_wconf 86' lang='lat' dir='ltr'><strong>suggeruntur.</strong></span> <span class='ocrx_word' id='word_1_794' title='bbox 2449 4619 2609 4676; x_wconf 80' lang='lat' dir='ltr'><strong>Navis</strong></span> <span class='ocrx_word' id='word_1_795' title='bbox 2653 4621 2816 4692; x_wconf 87' lang='lat' dir='ltr'><strong>igitur</strong></span> <span class='ocrx_word' id='word_1_796' title='bbox 2845 4623 2898 4676; x_wconf 90' lang='lat' dir='ltr'><strong>in</strong></span> <span class='ocrx_word' id='word_1_797' title='bbox 2922 4625 3090 4679; x_wconf 84' lang='lat' dir='ltr'><strong>medio</strong></span> <span class='ocrx_word' id='word_1_798' title='bbox 3123 4628 3284 4680; x_wconf 87' lang='lat' dir='ltr'><strong>maris</strong></span> <span class='ocrx_word' id='word_1_799' title='bbox 3309 4626 3606 4690; x_wconf 86' lang='lat' dir='ltr'><strong>iactabatur</strong></span> 
     </span>
    </p>
   </div>
   <div class='ocr_carea' id='block_1_109' title="bbox 2019 4711 3598 4786">
    <p class='ocr_par' dir='ltr' id='par_1_109' title="bbox 2019 4711 3598 4786">
     <span class='ocr_line' id='line_1_109' title="bbox 2019 4711 3598 4786; baseline 0.004 -18"><span class='ocrx_word' id='word_1_800' title='bbox 2019 4714 2284 4784; x_wconf 80' lang='lat' dir='ltr'><strong>ﬂuctibus,</strong></span> <span class='ocrx_word' id='word_1_801' title='bbox 2321 4713 2445 4768; x_wconf 90' lang='lat' dir='ltr'><strong>dum</strong></span> <span class='ocrx_word' id='word_1_802' title='bbox 2473 4711 2630 4768; x_wconf 85' lang='lat' dir='ltr'><strong>Jesus</strong></span> <span class='ocrx_word' id='word_1_803' title='bbox 2659 4715 2710 4768; x_wconf 90' lang='lat' dir='ltr'><strong>in</strong></span> <span class='ocrx_word' id='word_1_804' title='bbox 2739 4716 2938 4772; x_wconf 89' lang='lat' dir='ltr'><strong>montis</strong></span> <span class='ocrx_word' id='word_1_805' title='bbox 2959 4719 3242 4774; x_wconf 90' lang='lat' dir='ltr'><strong>cacumine</strong></span> <span class='ocrx_word' id='word_1_806' title='bbox 3265 4732 3598 4786; x_wconf 88' lang='lat' dir='ltr'><strong>moraretur;</strong></span> 
     </span>
    </p>
   </div>
   <div class='ocr_carea' id='block_1_110' title="bbox 2017 4803 3604 4877">
    <p class='ocr_par' dir='ltr' id='par_1_110' title="bbox 2017 4803 3604 4877">
     <span class='ocr_line' id='line_1_110' title="bbox 2017 4803 3604 4877; baseline 0.006 -19"><span class='ocrx_word' id='word_1_807' title='bbox 2017 4805 2141 4873; x_wconf 89' lang='lat' dir='ltr'><strong>quia</strong></span> <span class='ocrx_word' id='word_1_808' title='bbox 2167 4821 2230 4859; x_wconf 82' lang='lat' dir='ltr'><strong>ex</strong></span> <span class='ocrx_word' id='word_1_809' title='bbox 2260 4820 2366 4873; x_wconf 84' lang='lat' dir='ltr'><strong>quo</strong></span> <span class='ocrx_word' id='word_1_810' title='bbox 2398 4803 2647 4860; x_wconf 87' lang='lat' dir='ltr'><strong>Salvator</strong></span> <span class='ocrx_word' id='word_1_811' title='bbox 2673 4806 2724 4860; x_wconf 92' lang='lat' dir='ltr'><strong>in</strong></span> <span class='ocrx_word' id='word_1_812' title='bbox 2765 4807 2960 4863; x_wconf 72' lang='lat' dir='ltr'><strong>etclam</strong></span> <span class='ocrx_word' id='word_1_813' title='bbox 2993 4811 3258 4877; x_wconf 88' lang='lat' dir='ltr'><strong>ascendit,</strong></span> <span class='ocrx_word' id='word_1_814' title='bbox 3293 4821 3479 4868; x_wconf 86' lang='lat' dir='ltr'><strong>sancta</strong></span> <span class='ocrx_word' id='word_1_815' title='bbox 3512 4813 3604 4868; x_wconf 88' lang='lat' dir='ltr'><strong>Ec-</strong></span> 
     </span>
    </p>
   </div>
   <div class='ocr_carea' id='block_1_111' title="bbox 2019 4895 3600 4973">
    <p class='ocr_par' dir='ltr' id='par_1_111' title="bbox 2019 4895 3600 4973">
     <span class='ocr_line' id='line_1_111' title="bbox 2019 4895 3600 4973; baseline 0.004 -22"><span class='ocrx_word' id='word_1_816' title='bbox 2019 4897 2182 4952; x_wconf 87' lang='lat' dir='ltr'><strong>clesia</strong></span> <span class='ocrx_word' id='word_1_817' title='bbox 2233 4895 2442 4968; x_wconf 87' lang='lat' dir='ltr'><strong>magnis</strong></span> <span class='ocrx_word' id='word_1_818' title='bbox 2471 4897 2906 4956; x_wconf 87' lang='lat' dir='ltr'><strong>tribulationibus</strong></span> <span class='ocrx_word' id='word_1_819' title='bbox 2931 4901 2982 4955; x_wconf 91' lang='lat' dir='ltr'><strong>in</strong></span> <span class='ocrx_word' id='word_1_820' title='bbox 3013 4901 3115 4958; x_wconf 90' lang='lat' dir='ltr'><strong>hoc</strong></span> <span class='ocrx_word' id='word_1_821' title='bbox 3161 4903 3360 4958; x_wconf 91' lang='lat' dir='ltr'><strong>mundo</strong></span> <span class='ocrx_word' id='word_1_822' title='bbox 3401 4903 3600 4973; x_wconf 85' lang='lat' dir='ltr'><strong>agitata</strong></span> 
     </span>
    </p>
   </div>
   <div class='ocr_carea' id='block_1_112' title="bbox 2017 4987 3601 5063">
    <p class='ocr_par' dir='ltr' id='par_1_112' title="bbox 2017 4987 3601 5063">
     <span class='ocr_line' id='line_1_112' title="bbox 2017 4987 3601 5063; baseline 0.004 -21"><span class='ocrx_word' id='word_1_823' title='bbox 2017 4997 2122 5050; x_wconf 88' lang='lat' dir='ltr'><strong>est,</strong></span> <span class='ocrx_word' id='word_1_824' title='bbox 2150 4996 2204 5042; x_wconf 91' lang='lat' dir='ltr'><strong>et</strong></span> <span class='ocrx_word' id='word_1_825' title='bbox 2231 4987 2398 5042; x_wconf 83' lang='lat' dir='ltr'><strong>variis</strong></span> <span class='ocrx_word' id='word_1_826' title='bbox 2445 4991 2883 5058; x_wconf 89' lang='lat' dir='ltr'><strong>persecutionum</strong></span> <span class='ocrx_word' id='word_1_827' title='bbox 2930 4993 3234 5048; x_wconf 89' lang='lat' dir='ltr'><strong>turbinibus</strong></span> <span class='ocrx_word' id='word_1_828' title='bbox 3261 4993 3490 5063; x_wconf 83' lang='lat' dir='ltr'><strong>pulsata,</strong></span> <span class='ocrx_word' id='word_1_829' title='bbox 3537 5009 3601 5048; x_wconf 85' lang='lat' dir='ltr'><strong>ac</strong></span> 
     </span>
    </p>
   </div>
   <div class='ocr_carea' id='block_1_113' title="bbox 2019 5079 3600 5154">
    <p class='ocr_par' dir='ltr' id='par_1_113' title="bbox 2019 5079 3600 5154">
     <span class='ocr_line' id='line_1_113' title="bbox 2019 5079 3600 5154; baseline 0.003 -20"><span class='ocrx_word' id='word_1_830' title='bbox 2019 5079 2250 5134; x_wconf 86' lang='lat' dir='ltr'><strong>diversis</strong></span> <span class='ocrx_word' id='word_1_831' title='bbox 2275 5079 2538 5133; x_wconf 90' lang='lat' dir='ltr'><strong>malorum</strong></span> <span class='ocrx_word' id='word_1_832' title='bbox 2569 5081 2848 5137; x_wconf 84' lang='lat' dir='ltr'><strong>hominum</strong></span> <span class='ocrx_word' id='word_1_833' title='bbox 2885 5085 3244 5154; x_wconf 85' lang='lat' dir='ltr'><strong>pravitatibus</strong></span> <span class='ocrx_word' id='word_1_834' title='bbox 3273 5095 3486 5148; x_wconf 79' lang='lat' dir='ltr'><strong>vexata,</strong></span> <span class='ocrx_word' id='word_1_835' title='bbox 3519 5085 3600 5139; x_wconf 90' lang='lat' dir='ltr'><strong>vi-</strong></span> 
     </span>
    </p>
   </div>
   <div class='ocr_carea' id='block_1_114' title="bbox 2021 5169 3609 5239">
    <p class='ocr_par' dir='ltr' id='par_1_114' title="bbox 2021 5169 3609 5239">
     <span class='ocr_line' id='line_1_114' title="bbox 2021 5169 3609 5239; baseline 0.004 -16"><span class='ocrx_word' id='word_1_836' title='bbox 2021 5169 2214 5239; x_wconf 90' lang='lat' dir='ltr'><strong>tiisque</strong></span> <span class='ocrx_word' id='word_1_837' title='bbox 2254 5171 2569 5227; x_wconf 82' lang='lat' dir='ltr'><strong>multimodo</strong></span> <span class='ocrx_word' id='word_1_838' title='bbox 2614 5181 2838 5228; x_wconf 88' lang='lat' dir='ltr'><strong>tentata.</strong></span> <span class='ocrx_word' id='word_1_839' title='bbox 2884 5172 3016 5227; x_wconf 86' lang='lat' dir='ltr'><strong>Erat</strong></span> <span class='ocrx_word' id='word_1_840' title='bbox 3048 5175 3184 5228; x_wconf 86' lang='lat' dir='ltr'><strong>enim</strong></span> <span class='ocrx_word' id='word_1_841' title='bbox 3217 5176 3264 5228; x_wconf 87' lang='lat' dir='ltr'><strong>ei</strong></span> <span class='ocrx_word' id='word_1_842' title='bbox 3303 5176 3609 5230; x_wconf 23' lang='lat' dir='ltr'><strong>contrarius,</strong></span> 
     </span>
    </p>
   </div>
   <div class='ocr_carea' id='block_1_115' title="bbox 2017 5263 3600 5338">
    <p class='ocr_par' dir='ltr' id='par_1_115' title="bbox 2017 5263 3600 5338">
     <span class='ocr_line' id='line_1_115' title="bbox 2017 5263 3600 5338; baseline 0.003 -20"><span class='ocrx_word' id='word_1_843' title='bbox 2017 5276 2215 5330; x_wconf 74' lang='grc' dir='ltr'>υμιιιιιε,</span> <span class='ocrx_word' id='word_1_844' title='bbox 2248 5265 2372 5332; x_wconf 89' lang='lat' dir='ltr'><strong>quia</strong></span> <span class='ocrx_word' id='word_1_845' title='bbox 2406 5263 2566 5320; x_wconf 85' lang='lat' dir='ltr'><strong>ﬂatus</strong></span> <span class='ocrx_word' id='word_1_846' title='bbox 2603 5266 2960 5338; x_wconf 90' lang='lat' dir='ltr'><strong>malignorum</strong></span> <span class='ocrx_word' id='word_1_847' title='bbox 2987 5267 3273 5338; x_wconf 89' lang='lat' dir='ltr'><strong>spirituum</strong></span> <span class='ocrx_word' id='word_1_848' title='bbox 3303 5267 3351 5322; x_wconf 89' lang='lat' dir='ltr'><strong>ei</strong></span> <span class='ocrx_word' id='word_1_849' title='bbox 3384 5281 3600 5338; x_wconf 89' lang='lat' dir='ltr'><strong>semper</strong></span> 
     </span>
    </p>
   </div>
   <div class='ocr_carea' id='block_1_116' title="bbox 2016 5355 3600 5427">
    <p class='ocr_par' dir='ltr' id='par_1_116' title="bbox 2016 5355 3600 5427">
     <span class='ocr_line' id='line_1_116' title="bbox 2016 5355 3600 5427; baseline 0.004 -21"><span class='ocrx_word' id='word_1_850' title='bbox 2016 5355 2356 5419; x_wconf 80' lang='lat' dir='ltr'><strong>advchatur,</strong></span> <span class='ocrx_word' id='word_1_851' title='bbox 2390 5372 2453 5409; x_wconf 89' lang='lat' dir='ltr'><strong>ne</strong></span> <span class='ocrx_word' id='word_1_852' title='bbox 2479 5355 2544 5410; x_wconf 85' lang='lat' dir='ltr'><strong>ad</strong></span> <span class='ocrx_word' id='word_1_853' title='bbox 2579 5367 2788 5427; x_wconf 87' lang='lat' dir='ltr'><strong>portum</strong></span> <span class='ocrx_word' id='word_1_854' title='bbox 2817 5357 3006 5412; x_wconf 89' lang='lat' dir='ltr'><strong>salutis</strong></span> <span class='ocrx_word' id='word_1_855' title='bbox 3031 5358 3338 5426; x_wconf 85' lang='lat' dir='ltr'><strong>perveniat;</strong></span> <span class='ocrx_word' id='word_1_856' title='bbox 3366 5357 3600 5412; x_wconf 87' lang='lat' dir='ltr'><strong>obruere</strong></span> 
     </span>
    </p>
   </div>
   <div class='ocr_carea' id='block_1_117' title="bbox 2016 5447 3610 5520">
    <p class='ocr_par' dir='ltr' id='par_1_117' title="bbox 2016 5447 3610 5520">
     <span class='ocr_line' id='line_1_117' title="bbox 2016 5447 3610 5520; baseline 0.003 -20"><span class='ocrx_word' id='word_1_857' title='bbox 2016 5462 2132 5500; x_wconf 81' lang='lat' dir='ltr'><strong>eam</strong></span> <span class='ocrx_word' id='word_1_858' title='bbox 2181 5448 2372 5500; x_wconf 87' lang='lat' dir='ltr'><strong>nititur</strong></span> <span class='ocrx_word' id='word_1_859' title='bbox 2412 5447 2661 5504; x_wconf 85' lang='lat' dir='ltr'><strong>fluctibus</strong></span> <span class='ocrx_word' id='word_1_860' title='bbox 2715 5451 3102 5504; x_wconf 86' lang='lat' dir='ltr'><strong>adversitatum</strong></span> <span class='ocrx_word' id='word_1_861' title='bbox 3154 5451 3366 5520; x_wconf 71' lang='lat' dir='ltr'><strong>saeculi,</strong></span> <span class='ocrx_word' id='word_1_862' title='bbox 3409 5464 3610 5507; x_wconf 79' lang='lat' dir='ltr'><strong>omnes</strong></span> 
     </span>
    </p>
   </div>
   <div class='ocr_carea' id='block_1_118' title="bbox 2017 5525 3360 5606">
    <p class='ocr_par' dir='ltr' id='par_1_118' title="bbox 2017 5525 3360 5606">
     <span class='ocr_line' id='line_1_118' title="bbox 2017 5525 3360 5606; baseline 0.004 -14"><span class='ocrx_word' id='word_1_863' title='bbox 2017 5554 2148 5606; x_wconf 77' lang='lat' dir='ltr'><strong>quas</strong></span> <span class='ocrx_word' id='word_1_864' title='bbox 2179 5537 2317 5592; x_wconf 83' lang='lat' dir='ltr'><strong>valet</strong></span> <span class='ocrx_word' id='word_1_865' title='bbox 2338 5540 2748 5596; x_wconf 85' lang='lat' dir='ltr'><strong>contrarietates</strong></span> <span class='ocrx_word' id='word_1_866' title='bbox 2771 5541 2817 5594; x_wconf 90' lang='lat' dir='ltr'><strong>ei</strong></span> <span class='ocrx_word' id='word_1_867' title='bbox 2839 5557 3202 5598; x_wconf 85' lang='lat' dir='ltr'><strong>commovens.</strong></span> <span class='ocrx_word' id='word_1_868' title='bbox 3357 5525 3360 5530; x_wconf 28' lang='lat' dir='ltr'><strong>I</strong></span> 
     </span>
    </p>
   </div>
  </div>
