3936 6048
351 193 457 251 599

705 193 764 250 S.
794 193 1094 251 ANSELMI
1137 194 1485 251 CANTUAR.
1517 191 1834 248 ARCIIIEP.
1879 189 2010 246 OZ’P
2072 190 2249 245 PARS
2281 192 2341 247 li.
2374 223 2445 233 —
2473 188 2844 249 P.\R.4£L\ET.
2889 188 2977 248 ΕΤ
3003 188 3247 250 ASCET.

3506 195 3621 250 600

418 310 678 381 Sequitur
708 327 722 363 :
753 308 955 376 Quarta
982 319 1153 365 autem
1178 310 1355 380 vigilia
1386 310 1550 362 noctis
1575 308 1707 362 venit
1728 307 1801 360 ad
1825 321 1935 370 eos,
1967 311 2011 366 Α
2041 317 2114 359 est
2145 306 2237 363 eis.
2279 307 2456 360 dicens
2482 323 2500 361 :
2533 307 2728 361 Habete
2750 307 3037 375 ﬁduciam;
3083 306 3191 376 Ego
3218 323 3352 371 sum,
3382 308 3542 363 nolite
3566 312 3633 364 ti-

350 399 627 454 ambulans
651 416 809 468 supra
838 416 1001 463 mare.
1025 398 1158 456 Cum
1189 415 1293 454 nox
1325 399 1605 455 duodecim
1643 399 1806 454 horas
1832 398 1930 452 ha-

351 490 493 555 heat,
518 499 573 546 et
613 499 845 560 quatuor
867 489 1130 546 militares
1157 488 1390 560 vigilias.
1426 488 1596 543 tribus
1633 487 1784 542 horis
1806 485 1931 541 uni-

348 579 541 651 cuique
580 580 773 651 vigilize
804 579 1094 650 deputatis,
1110 590 1305 653 quarta
1332 578 1510 651 vigilia
1542 578 1718 633 noctis
1746 585 1929 632 extre-

348 676 510 729 mitas
535 683 618 728 est
649 673 844 727 noctis.
878 671 997 728 Nox
1044 688 1172 727 vero
1213 672 1466 727 tenebras
1520 669 1927 725 tribulationum

344 776 399 822 et
422 780 670 822 errorum
697 781 761 820 ac
786 765 1041 819 vitiorum
1072 773 1128 822 et
1152 764 1393 836 pericula
1441 764 1798 820 tentationum
1832 762 1926 816 de-

341 858 535 929 signat.
573 856 627 909 ln
662 865 849 926 quarta
881 871 1011 927 ergo
1048 856 1223 928 uigilia
1261 857 1461 920 noctis,
1501 857 1603 911 hoc
1628 857 1792 910 estin
1831 869 1927 910 ex-

342 946 613 1001 trcmitate
638 947 1054 1020 persecutionis,
1078 963 1198 1018 quze
1221 946 1311 1002 diu
1337 947 1436 1002 sub
1463 947 1688 1018 paganis
1709 945 1926 1016 regibus

324 1036 693 1104 ’ell'erbuerat,
711 1039 791 1094 vel
813 1040 957 1095 circa
998 1039 1160 1095 linem
1193 1038 1479 1108 cujuslibet
1528 1037 1794 1109 gravioris
1830 1037 1925 1092 ad-

339 1129 640 1197 versitatis,
678 1132 813 1186 venit
854 1128 1011 1187 Jesus
1051 1132 1117 1185 ad
1177 1145 1322 1185 suos.
1356 1128 1424 1184 Et
1476 1132 1611 1184 venit
1647 1128 1924 1183 ambulans

337 1239 495 1291 supra
530 1239 696 1290 mare,
729 1223 781 1277 id
811 1223 1139 1279 est‘calcans
1166 1237 1354 1277 omnes
1393 1222 1798 1276 tribulationum
1826 1219 1926 1275 llu-

336 1320 478 1377 ctus,
508 1321 564 1366 et
585 1326 777 1366 omnes
809 1321 1049 1367 tumores
1083 1313 1264 1366 mundi
1307 1311 1407 1367 sub
1440 1312 1665 1383 pedibus
1694 1312 1922 1374 habens,

334 1415 632 1469 unnesque
672 1400 1017 1458 celsitudines
1060 1402 1239 1457 εφαιιί
1287 1416 1558 1473 premens.
1599 1402 1737 1469 Quid
1778 1401 1923 1456 enim

336 1491 502 1555 maris
520 1493 760 1559 nomine,
783 1493 885 1549 nisi
926 1495 979 1549 in
1010 1494 1273 1550 bonorum
1312 1507 1443 1548 nece
1474 1493 1705 1549 saeviens
1740 1495 1921 1549 Inundi

337 1582 498 1650 hujus
552 1585 861 1643 amaritudo
910 1583 1285 1655 designatur?
1327 1582 1501 1654 Super
1549 1581 1743 1638 ﬂuctus
1793 1599 1923 1654 ergo

2040 411 2195 449 mere.
2228 395 2332 449 Aut
2358 397 2502 450 enim
2530 411 2627 465 per
2667 396 2937 450 internum
2960 396 3372 465 aspirationem,
3418 406 3510 451 aut
3535 412 3634 464 per

2037 488 2370 558 Scripturas,
2402 499 2494 544 aut
2524 506 2623 561 per
2652 471 3037 559 prtedicatores
3062 490 3300 560 loquitur
3330 493 3453 546 suis
3477 492 3630 548 talia.

2038 578 2236 643 Nolite,
2272 581 2465 650 inquit,
2517 581 2783 645 dili‘nlcre,
2815 583 2908 636 sed
2938 582 3194 647 ﬁduciam
3228 583 3433 649 habete,
3473 584 3635 638 nolite

2031 686 2415 740 expavescere,
2446 673 2538 727 sed
2559 672 2811 743 impavidi
2838 682 3015 727 estote
3040 690 3054 726 :
3081 673 3207 742 quia
3231 671 3345 742 Ego
3372 690 3511 736 sum,
3534 674 3633 741 qui

2034 759 2134 814 ista
2164 761 2409 829 praedixi,
2428 771 2482 817 et
2504 778 2646 818 nunc
2674 778 2734 817 ea
2760 763 2901 818 facio
2929 777 3027 833 pro
3046 763 3244 818 vestris
3266 763 3589 827 utilitatibus
3606 782 3635 828 τ

2031 858 2085 905 et
2121 850 2242 907 ideo
2270 866 2492 907 necesse
2516 862 2601 908 est
2631 860 2689 908 ut
2716 852 2869 907 llant.
2908 851 3022 924 Ego
3066 869 3209 917 sum,
3238 852 3343 923 'qui
3370 869 3477 909 non
3508 869 3630 908 mu-

2033 952 2133 1006 tor,
2174 953 2230 997 et
2271 943 2428 1013 cujus
2456 944 2622 999 verba
2652 960 2759 1000 non
2796 954 3105 1010 transeunt,
3140 945 3236 1000 sed
3262 955 3622 1015 permanent,

2028 1041 2081 1087 et
2112 1033 2274 1089 rebus
2302 1033 2617 1103 explentur;
2659 1035 2751 1103 qui
2805 1034 2872 1089 ad
2912 1033 3133 1105 Moysen
3164 1034 3274 1090 dixi
3308 1053 3323 1089 :
3352 1034 3466 1105 Ego
3506 1051 3625 1089 sum

2026 1124 2115 1193 qui
2136 1140 2254 1178 sum
2285 1122 2483 1194 (Exod.
2515 1124 2701 1196 1",”)
2723 1165 2738 1190 ,
2767 1140 2832 1179 ac
2851 1126 3083 1195 pmcepi
3103 1126 3152 1179 ei
3185 1143 3198 1179 :
3228 1123 3318 1180 Sic
3337 1125 3478 1179 dices
3497 1125 3625 1194 ﬁliis

2028 1216 2198 1271 Israel
2222 1230 2240 1268 .·
2269 1215 2371 1282 Qui
2394 1227 2492 1282 est,
2531 1217 2672 1270 misit
2720 1232 2800 1271 me
2829 1216 2899 1270 ad
2949 1232 3037 1271 vos
3085 1215 3301 1288 (Ibid.).
3332 1217 3440 1272 Res
3477 1217 3620 1271 enim

2026 1306 2301 1376 quaelibet,
2336 1308 2380 1362 si
2425 1306 2705 1362 mutabilis
2732 1315 2838 1372 est,
2886 1322 2992 1362 non
3042 1322 3175 1363 vere
3218 1317 3320 1361 est.
3368 1293 3485 1360 Non
3536 1317 3621 1361 est

2023 1398 2169 1454 enim
2196 1398 2267 1454 ibi
2282 1412 2464 1453 verum
2476 1412 2615 1463 esse,
2638 1399 2727 1453 ubi
2748 1407 2833 1453 est
2844 1408 2901 1455 et
2913 1413 3018 1454 non
3040 1413 3179 1453 esse.
3199 1397 3329 1452 Nam
3349 1399 3613 1468 quidquid

2024 1490 2221 1545 mutari
2260 1499 2459 1560 potest,
2499 1499 2789 1554 mutatum,
2841 1507 2946 1546 non
2970 1500 3052 1545 est
3082 1491 3224 1559 quod
3265 1500 3404 1547 erat.
3450 1491 3529 1545 Ac
3562 1491 3620 1545 in

2024 1583 2274 1647 veritate,
2301 1597 2422 1651 qum
2449 1591 2652 1649 manet,
2698 1582 2927 1638 mutatio
2956 1598 3060 1636 non
3097 1593 3201 1647 est,
3255 1597 3355 1636 nec
3390 1592 3614 1653 praeter-

335 1675 501 1729 maris
552 1675 811 1740 Dominus
868 1675 1109 1733 ambulat
1145 1694 1160 1733 :
1190 1676 1351 1748 quia,
1392 1692 1512 1732 cum
1567 1691 1625 1733 se
1678 1678 1925 1747 procella:
1960 1693 2002 1750 Β
2031 1673 2164 1728 itum
2195 1682 2288 1727 aut
2340 1673 2600 1739 futurum,
2642 1673 2736 1729 sed
2767 1673 2940 1728 solum
2975 1688 3237 1744 praesens,
3284 1683 3340 1728 et
3391 1674 3495 1729 hoc
3534 1674 3620 1727 iu-

334 1767 732 1834 persecutionis
779 1767 1024 1841 erigunt,
1058 1768 1439 1832 miraculorum
1464 1766 1581 1837 ejus
1611 1768 1922 1850 obstupefa:

332 1859 513 1915 ctione
540 1857 882 1928 franguntur.
915 1858 1016 1927 Qui
1047 1860 1192 1915 enim
1215 1868 1459 1919 tumores
1492 1860 1742 1915 humanae
1769 1873 1923 1914 vesa-

335 1944 442 2000 nia:
488 1946 723 2019 mitigat,
750 1949 904 2017 quasi
929 1958 1142 2005 erectas
1163 1949 1219 2004 in
1255 1949 1469 2004 cumulo
1519 1951 1689 2005 undas
1726 1949 1919 2006 calcat.

334 2034 466 2099 Nam
493 2050 612 2090 cum
647 2052 850 2092 morem
877 2053 1034 2093 suum
1063 2038 1338 2111 gentilitas
1364 2039 1570 2095 destrui
1613 2054 1764 2095 novre
1793 2055 1922 2095 cou-

331 2127 656 2189 versationis
705 2129 1091 2198 praedicatione
1133 2130 1515 2203 conspiceret;
1562 2145 1687 2185 cum
1735 2130 1919 2185 mundi

330 2218 487 2288 hujus
514 2220 707 2277 divites
727 2220 1074 2278 elationisua:
1103 2224 1380 2285 contraire
1411 2222 1551 2278 facta
1584 2237 1915 2294 pauperum;

328 2311 777 2383 cumsapientes
843 2312 1025 2372 saeculi
1069 2315 1346 2370 adversari
1395 2314 1497 2371 sibi
1544 2313 1917 2384 imperitorum

327 2404 493 2463 verba
522 2414 839 2475 pensarent,
865 2407 919 2461 in
971 2407 1363 2477 persecutionis
1415 2414 1791 2476 tempestatem
1835 2415 1919 2461 tu-

328 2508 603 2555 muerunt.
634 2498 741 2555 Sed
769 2500 861 2568 qui
889 2498 1175 2561 verborum
1199 2499 1526 2555 adversitate
1549 2499 1822 2560 commoti,
1849 2498 1918 2553 ad

326 2590 725 2660 persecutionis
767 2588 1035 2658 procellas
1069 2589 1337 2654 insiliunt,
1372 2590 1670 2661 signorum,
1697 2597 1753 2644 ut
1781 2589 1918 2645 dixi-

327 2695 471 2745 mus,
497 2679 855 2735 admiratione
883 2687 1275 2750 temperantur.
1306 2680 1409 2735 Tot
1442 2696 1572 2752 ergo
1608 2680 1663 2735 in
1696 2681 1780 2737 his
1814 2679 1915 2736 llu-

324 2769 504 2824 ctibus
540 2769 800 2824 Dominus
824 2784 1044 2841 gressus
1078 2771 1257 2841 posuit
1278 2781 1409 2843 quot
1450 2772 1698 2842 superbis
1736 2787 1917 2842 perse-

324 2859 607 2922 cutoribus
648 2860 908 2916 miracula
946 2862 1204 2918 ostendit.

393 2950 684 3022 Sequitur:
711 2952 779 3007 Et
800 2953 1027 3013 uidentes
1049 2970 1166 3009 eum
1188 2971 1348 3024 supra
1372 2969 1516 3011 mare
1538 2957 1912 3025 ambulantem,

2028 1764 2456 1835 corruptibiliter
2485 1778 2501 1817 :
2534 1765 2679 1834 quod
2726 1765 2778 1818 iu
2811 1774 3065 1819 creatura
3107 1780 3211 1822 non
3262 1774 3367 1820 est.
3400 1767 3616 1821 Discute

2026 1855 2170 1910 enim
2213 1870 2396 1911 rerum
2430 1857 2785 1924 mutationes,
2817 1866 2871 1913 et
2917 1857 3200 1912 invenies:
3240 1856 3341 1910 fuit
3385 1865 3440 1912 et
3485 1858 3614 1911 erit.

2024 1944 2211 2018 Cogita
2257 1946 2448 2010 Deum,
2487 1956 2544 2002 et
2584 1948 2824 2004 invenies
2855 1960 2967 2003 :est
3005 1948 3094 2002 ubi
3139 1947 3239 2017 fuit
3279 1957 3325 2002 et
3366 1951 3462 2003 erit
3493 1964 3619 2003 esse

2025 2053 2130 2093 non
2182 2039 2373 2109 possit.
2424 2039 2593 2095 Recte
2641 2056 2772 2111 ergo
2814 2041 3105 2105 Christus,
3138 2041 3230 2110 qui
3272 2050 3357 2096 est
3406 2051 3613 2097 aitet-ua

2025 2139 2081 2185 et
2112 2130 2575 2188 incommutabilis
2613 2133 2819 2189 veritas
2840 2174 2856 2198 ,
2903 2132 3035 2188 dicit
3061 2133 3177 2188 suis
3216 2132 3353 2187 inter
3382 2134 3610 2188 munda-

2024 2237 2120 2280 nas
2161 2223 2537 2280 tribulationes
2591 2224 2977 2282 ﬂuctuantibus
3019 2243 3032 2279 :
3076 2223 3190 2295 Ego
3239 2241 3388 2289 sum,
3454 2224 3613 2280 nolim

2021 2314 2221 2369 timere.

2092 2404 2387 2476 Sequitur:
2422 2406 2759 2478 Respondeas
2783 2416 2960 2462 autem
2990 2405 3179 2463 Petrus
3201 2450 3216 2474 ,
3263 2408 3396 2463 dixit
3438 2424 3457 2463 :
3501 2407 3609 2461 Do-

2019 2497 2180 2566 mine,
2205 2498 2253 2552 si
2277 2506 2334 2551 tu
2356 2514 2430 2563 es,
2447 2498 2580 2569 jube
2614 2514 2697 2552 me
2724 2499 2897 2553 uenire
2934 2498 3004 2552 ad
3044 2509 3094 2554 te
3111 2513 3276 2568 super
3316 2515 3502 2560 aquas.
3530 2498 3610 2553 Ac

2018 2590 2127 2659 ipse
2163 2589 2280 2643 ait:
2327 2587 2471 2644 Veni.
2515 2588 2710 2645 Petrus
2737 2589 2985 2646 ordinem
3023 2591 3441 2661 prmdicatorum
3467 2591 3611 2646 desi-

2018 2689 2180 2751 gnat;
2213 2695 2368 2749 aquae
2395 2695 2527 2736 vero
2577 2696 2683 2736 non
2724 2681 2899 2736 solum
2953 2682 3332 2739 tribulationes
3357 2722 3374 2746 ,
3423 2683 3519 2739 sed
3548 2693 3607 2738 et

2019 2769 2245 2842 populos
2288 2770 2621 2840 signiﬁcant.
2666 2772 2750 2841 Si,
2793 2773 2987 2843 inquit,
3018 2784 3077 2828 tu
3103 2775 3258 2836 ει.δί
3303 2783 3358 2830 ιιι
3392 2775 3604 2830 incom-

2018 2861 2294 2919 mutabilis
2328 2877 2643 2933 permanes;
2665 2865 2818 2934 jube,
2849 2865 2975 2934 quia
2999 2863 3175 2933 jussio
3213 2875 3303 2920 tua
3332 2874 3419 2922 est
3438 2865 3611 2921 virtus

2022 2951 2292 3020 efﬁciens;
2317 2955 2450 3025 jubc
2482 2972 2564 3010 me
2597 2972 2758 3027 super
2800 2971 2988 3027 aquas,
3029 2956 3082 3012 id
3108 2966 3194 3013 est
3224 2972 3386 3028 super
3413 2957 3609 3015 ﬂuctus

318 3044 519 3104 turbati
536 3055 682 3113 sunt,
700 3045 927 3101 dicentes
951 3047 1076 3118 quia
1096 3046 1409 3118 phantasma
1423 3056 1588 3113 est;et
1603 3065 1712 3119 prae
1731 3050 1916 3105 timore
1943 3033 1990 3096 Ο
2021 3045 2416 3101 mundanarum
2450 3045 2858 3103 tribulationum
2888 3055 2945 3102 et
2967 3062 3129 3116 super
3157 3047 3406 3119 populos,
3432 3050 3610 3103 venire

317 3134 693 3195 clamauerunt.
715 3134 874 3195 Jesus
907 3137 1104 3193 transit
1138 3136 1355 3195 calcans
1384 3137 1604 3203 ﬂuctus;
1635 3150 1689 3195 et
1734 3152 1910 3196 tamen

318 3238 482 3293 tanta:
509 3240 634 3287 sunt
668 3231 1065 3301 tribulationes,
1105 3240 1164 3285 ut
1203 3232 1368 3288 etiam
1402 3233 1503 3303 ipsi
1541 3234 1632 3304 qui
1662 3235 1908 3291 credide-

319 3329 451 3381 runt
477 3320 532 3375 in
580 3318 796 3393 Jesum,
820 3331 875 3376 et
924 3328 1194 3378 conantur
1237 3336 1591 3393 perseverare
1633 3339 1803 3394 usque
1854 3325 1909 3379 in

319 3410 860 3484 linem,‘plerumque
904 3414 1191 3469 turbentur
1215 3422 1271 3468 et
1307 3424 1672 3483 expavescunt
1719 3430 1788 3470 ne
1817 3416 1910 3471 de-

318 3499 532 3556 ﬁciant:
557 3498 803 3570 Christo,
828 3499 1071 3570 inquam,
1095 3499 1289 3571 ﬂuctus
1311 3503 1580 3567 calcante,
1614 3503 1668 3558 id
1696 3512 1780 3559 est
1810 3519 1911 3560 sa:—

317 3591 427 3648 culi
464 3592 790 3657 ambitiones
833 3602 891 3648 et
927 3593 1243 3658 altitudines
1268 3595 1627 3665 deprimente,
1676 3610 1910 3667 expave-

316 3692 478 3736 scunt
522 3681 839 3739 Christiani.
884 3683 1078 3741 Merito
1113 3685 1278 3757 igitur
1307 3685 1539 3743 Domino
1564 3687 1616 3740 in
1654 3685 1910 3744 ﬂuctibus

318 3773 635 3829 ambulante
700 3776 997 3832 timuerunt
1051 3777 1298 3849 discipuli
1338 3796 1351 3832 :
1387 3780 1514 3849 quia
1568 3774 1906 3846 Christiani,

317 3867 566 3940 quamvis
619 3866 883 3933 habentes
912 3884 1066 3940 spem
1097 3870 1151 3925 in
1202 3870 1387 3926 futuro
1434 3871 1661 3937 smculo,
1690 3872 1908 3943 quando

315 3955 501 4012 vident
548 3957 779 4028 deprimi
822 3958 1164 4015 altitudinem
1214 3959 1375 4030 hujus
1413 3962 1619 4028 saeculi,
1659 3977 1908 4029 nonnun-

315 4061 478 4125 quam
516 4048 806 4116 turbantur
835 4049 901 4104 de
928 4050 1259 4118 coiitritione
1300 4064 1480 4106 rerum
1520 4052 1903 4119 humanarum,

314 4150 416 4203 nec
450 4152 480 4191 a
533 4137 645 4193 Deo
697 4136 814 4193 ﬂeri
865 4137 1008 4195 hanc
1057 4140 1427 4209 arbitrantur,
1465 4144 1561 4198 sed
1609 4143 1679 4200 ab
1727 4143 1904 4201 hoste.

315 4218 536 4281 Turbati
552 4235 675 4281 sunt
711 4242 856 4297 ergo,
879 4227 1107 4286 dicentes
1135 4230 1261 4309 quia
1293 4231 1605 4300 phantasma
1630 4242 1707 4291 est
1723 4252 1743 4294 .'
1772 4250 1910 4309 quo-

312 4316 460 4383 niam
491 4315 617 4371 dum
648 4317 999 4376 considerant
1025 4320 1209 4379 mundi
1237 4325 1465 4397 gloriam
1488 4328 1682 4393 sterni,
1720 4338 1775 4385 et
1807 4344 1906 4386 saa-

313 4402 576 4459 cularium
608 4405 901 4464 elationuzu
929 4391 1264 4478 altitudines.
1281 4413 1463 4493 dejici,
1494 4391 1904 4491 mundanosque
1942 4391 1982 4446 θ

312 4493 508 4562 ﬂuctus
537 4497 760 4568 calcari,
794 4501 1116 4578 plerumque
1151 4505 1443 4563 turbantur
1471 4506 1539 4563 de
1567 4508 1751 4565 mundi
1778 4525 1902 4581 per-

309 4586 698 4653 cnssionibus:
741 4592 869 4671 quia
923 4593 1165 4649 nondum
1216 4596 1527 4669 intelligunt
1576 4597 1742 4654 Deum
1797 4599 1905 4657 ista

310 4681 512 4747 lacere,
546 4681 641 4737 sed
668 4692 860 4760 putant
897 4685 1150 4759 spiritum
1181 4687 1343 4757 hujus
1375 4690 1561 4745 mundi
1601 4691 1902 4760 phantasti-

308 4787 454 4840 cum,
490 4771 542 4828 id
587 4781 671 4828 est
710 4773 991 4829 subdolum
1011 4774 1293 4845 Satanam,
1318 4778 1442 4834 talia
1483 4779 1537 4834 in
1566 4782 1766 4837 mundo
1806 4796 1900 4853 ge-

309 4883 450 4935 rere,
491 4868 660 4942 ]61.
680 4877 729 4923 et
756 4886 867 4940 pra:
897 4871 1084 4926 timore
1111 4869 1353 4929 clamant
1373 4874 1574 4930 turbati
1601 4875 1668 4929 ad
1715 4875 1896 4931 Domi«

308 4977 460 5025 num.
495 4948 600 5017 Sed
639 4961 987 5041 postmodum
1034 4962 1347 5036 diligentius
1385 4966 1726 5023 attendentes
1769 4983 1897 5038 ape-

307 5053 453 5107 riunt
494 5052 878 5124 Evangelium,
922 5054 1172 5129 aperiunt
1218 5055 1530 5127 Scripturas
1573 5058 1806 5126 divinas,
1841 5067 1898 5125 et

306 5149 591 5214 inveniunt
617 5149 689 5215 ibi
718 5150 819 5217 ista
848 5151 1032 5206 omnia
1068 5151 1341 5222 praedicta.
1377 5160 1432 5211 et
1463 5151 1898 5211 animadvertunt

300 5241 432 5313 quia
462 5256 567 5309 non
600 5242 782 5310 inanis
800 5251 858 5299 et
879 5244 1184 5301 umbratilis
1208 5243 1301 5300 ille
1319 5245 1564 5325 spiritus,
1595 5246 1686 5321 qui
1708 5261 1899 5311 verum,

301 5342 426 5384 esse
457 5330 711 5399 perdidit,
741 5332 836 5388 sed
864 5347 1027 5388 verus
1067 5332 1328 5389 Dominus
1377 5333 1506 5389 facit
1548 5334 1681 5399 haec,
1713 5342 1767 5390 et
1798 5335 1895 5389 dc—

302 5416 496 5495 primit
535 5420 884 5479 celsitudines
933 5423 1136 5494 saeculi,
1164 5433 1222 5478 ut
1264 5423 1333 5479 ab
1369 5423 1664 5479 humilibus
1691 5424 1894 5498 gloriﬁ-

302 5517 480 5570 cetur.

380 5598 536 5661 Uttdc
581 5613 635 5658 et
666 5615 790 5673 apte
829 5606 1075 5664 subditur
1107 5625 1119 5663 :
1149 5586 1440 5678 Statimque
1480 5592 1637 5664 ‘Jesus
1692 5609 1892 5664 locutus

2014 3136 2084 3189 ad
2120 3146 2204 3205 te;
2235 3144 2294 3192 ut
2323 3144 2379 3191 et
2406 3151 2506 3208 ego
2536 3138 2631 3194 tibi
2663 3138 3088 3194 incommutabili
3118 3137 3425 3203 adhaerens,
3478 3139 3603 3193 liam

2013 3228 2501 3295 incommutabilis,
2536 3229 2955 3300 participatione
2989 3229 3258 3285 ﬁrmitatis
3286 3238 3411 3285 tum.
3435 3230 3600 3286 Vadit

2011 3319 2156 3374 enim
2177 3334 2342 3389 super
2364 3319 2756 3387 tribulationes,
2779 3321 2873 3391 qui
2900 3336 3005 3375 non
3036 3331 3321 3392 superatur
3343 3332 3435 3375 aut
3463 3337 3607 3376 mer-

2012 3408 2157 3480 gitur
2181 3409 2250 3465 ab
2275 3409 2389 3475 eis,
2421 3410 2517 3465 sed
2546 3409 2720 3465 calcat
2747 3420 2802 3465 et
2847 3414 3069 3481 superat
3116 3426 3210 3466 cas
3249 3428 3263 3466 :
3299 3412 3438 3465 sicut
3475 3411 3607 3481 legi-

2013 3516 2132 3557 mus
2163 3502 2289 3571 quia
2333 3501 2435 3556 sub
2465 3501 2744 3572 Stephano
2783 3501 2922 3557 l‘acta
2962 3512 3049 3557 est
3076 3502 3163 3557 illa
3208 3487 3516 3568 tribulatio,
3550 3505 3604 3557 iu

2011 3608 2116 3664 qua
2149 3594 2263 3664 ipse
2300 3608 2399 3665 pro
2436 3592 2656 3649 Christo
2694 3595 2905 3665 primus
2946 3595 3187 3649 animam
3223 3611 3379 3650 suam
3424 3598 3605 3665 posuit

2012 3684 2149 3756 (Aet.
2181 3685 2300 3754 vn).
2338 3684 2445 3740 Sed
2478 3694 2537 3739 et
2572 3700 2735 3755 super
2764 3685 2991 3756 populos
3018 3687 3169 3741 vadit
3192 3687 3260 3745 ad
3300 3687 3602 3750 Christum,

2011 3776 2100 3846 qui
2130 3776 2364 3848 regendo
2404 3775 2774 3831 multitudines
2804 3776 3039 3831 ﬁdelium
3083 3778 3254 3833 tendit
3284 3779 3352 3833 ad
3375 3793 3605 3849 regnum

2011 3864 2290 3921 cmlorum.

2082 3959 2339 4031 Sequitur
2368 3978 2380 4013 :
2417 3959 2485 4014 Et
2516 3961 2833 4016 descendens
2868 3959 3055 4015 Petrus
3079 3961 3144 4015 de
3188 3962 3454 4027 rmvicula,
3483 3979 3604 4016 aut-

2010 4050 2222 4106 bulabat
2251 4068 2409 4122 super
2432 4068 2621 4122 aquas,
2662 4063 2719 4106 ut
2745 4053 2941 4107 veniret
2968 4053 3038 4107 att
3081 4053 3286 4107 Jesum.
3320 4052 3433 4109 Hoc
3456 4071 3602 4109 com-

2009 4140 2213 4211 pletum
2235 4150 2319 4196 est
2341 4151 2395 4196 et
2422 4141 2740 4211 completur,
2774 4143 2899 4197 dum
2926 4142 3098 4198 sancti
3132 4142 3514 4213 praedicatores
3534 4144 3604 4199 ad

2009 4240 2224 4289 exteras
2265 4241 2454 4303 gentes
2496 4234 2805 4289 mittuntur.
2849 4233 3040 4289 Petrus
3086 4235 3234 4290 enim
3265 4236 3330 4289 de
3358 4236 3603 4291 nauicula

2010 4326 2314 4393 descendit,
2348 4324 2562 4396 quoties
2591 4324 2817 4394 quilibet
2839 4336 3060 4380 sanctus
3085 4324 3280 4381 doctor
3303 4326 3369 4380 de
3391 4326 3603 4393 gremio

2009 4416 2201 4472 matris
2228 4415 2507 4481 Ecclesiae,
2528 4417 2616 4471 ubi
2651 4413 2830 4472 fuerat
2857 4415 3241 4487 educatus,pia
3270 4418 3601 4473 condescen-

2009 4509 2158 4564 sione
2178 4512 2412 4581 perrexit
2457 4509 2524 4563 ad
2553 4508 2703 4574 illos,
2734 4508 2825 4577 qui
2860 4506 2993 4563 loris
3018 4517 3210 4575 erant,
3243 4516 3303 4563 ut
3343 4509 3424 4564 eis
3454 4509 3598 4564 viam

2007 4599 2200 4656 salutis
2228 4600 2557 4656 ostenderet.
2586 4598 2653 4653 Et
2672 4598 2968 4655 ambulavit
2990 4615 3147 4667 super
3175 4616 3364 4670 aquas,
3391 4599 3520 4654 dum
3541 4613 3596 4655 et

2009 4690 2388 4745 tribulationes
2439 4689 2748 4759 superando
2797 4689 3071 4757 calcaret,
3118 4700 3174 4744 et
3226 4690 3599 4747 multitudines

2008 4781 2283 4838 hominum
2308 4780 2524 4836 Christo
2547 4781 2770 4836 credere
2794 4779 3000 4837 faciens
3027 4780 3130 4836 sibi
3153 4782 3432 4838 subderet.
3460 4784 3596 4837 Am-

2006 4872 2230 4938 bulavit,
2281 4872 2526 4942 inquam,
2560 4887 2668 4927 non
2714 4872 2866 4927 stetit
2896 4890 2912 4927 :
2948 4873 3074 4943 quia
3129 4886 3347 4942 semper
3369 4889 3432 4928 ea
3470 4888 3599 4945 quae

2005 4972 2153 5020 retro
2187 4973 2314 5032 sum
2340 4963 2552 5034 longius
2580 4962 2812 5034 fugiens,
2838 4964 2905 5019 ad
2934 4979 2999 5020 ea
3024 4979 3146 5035 quia
3177 4975 3303 5020 ante
3332 4980 3393 5020 se
3420 4969 3596 5038 magis

2005 5070 2069 5111 ac
2099 5056 2270 5127 magis
2305 5071 2363 5112 se
2409 5056 2699 5126 promovit,
2726 5064 2781 5112 et
2833 5056 3169 5127 quotidianis
3197 5058 3458 5113 virtutum
3505 5059 3593 5113 iu-

2006 5148 2302 5205 crementis
2342 5147 2594 5218 profecit.
2628 5148 2693 5203 Et
2735 5150 2849 5205 haec
2876 5150 3058 5205 omnia
3106 5151 3253 5221 egit,
3304 5160 3361 5204 ut
3398 5152 3594 5208 veniret

2004 5240 2074 5293 ad
2103 5239 2284 5295 Iesum
2307 5280 2322 5306 ,
2368 5241 2459 5310 qui
2500 5248 2583 5295 est
2619 5238 2874 5295 Salvator
2901 5250 2957 5296 et
2987 5241 3188 5297 veritas
3234 5242 3597 5301 incommuta-

2002 5331 2163 5397 bilis;
2205 5340 2475 5403 quatenus
2515 5346 2639 5387 eum
2671 5332 3085 5403 apprehendens
3115 5341 3171 5389 et
3206 5332 3257 5389 ei
3296 5328 3593 5401 inh'mrens,

2007 5439 2185 5479 veram
2215 5433 2423 5479 teneret
2453 5423 2507 5477 in
2531 5438 2597 5479 eo
2628 5425 2859 5481 salutem
2885 5435 2939 5481 et
2967 5425 3587 5489 incommutabiiitatem.

2078 5516 2335 5585 Sequitur
2378 5533 2390 5569 :
2434 5513 2628 5570 Videas
2678 5533 2794 5573 vero
2838 5528 3043 5572 ventum
3083 5519 3335 5585 ualidum,
3378 5519 3590 5582 timuit;

2003 5620 2048 5665 et
2092 5627 2205 5671 cum
2258 5608 2486 5679 coepisset
2530 5610 2722 5680 mergi,
2766 5609 3008 5665 clamavit
3056 5612 3281 5667 dicens:
3324 5612 3548 5666 Domine
3574 5653 3588 5669 .
