3940 6046
304 224 398 282 001

1404 224 1710 282 ΗΟΜΙΗᾹΞ
1750 226 1836 282 ΕΤ
1878 227 2479 285 EXHORTATIONES.

3467 239 3574 294 602

306 339 507 395 salvum
552 355 631 392 me
662 337 768 407 fac.
809 336 1028 392 Validus
1056 347 1251 392 ventus
1275 382 1288 405 ,
1338 340 1629 395 vehemens
1668 351 1893 396 conatus
1922 347 1966 403 Α
1996 343 2328 414 singulorum
2359 345 2542 399 evenit
2590 347 2797 415 privata
2849 347 3154 415 calamitas,
3191 361 3316 405 tunc
3361 364 3576 421 putatur

304 433 608 486 dannonum
650 439 734 484 est
761 430 827 482 ad
878 428 1162 484 excitanda
1200 431 1362 484 corda
1401 431 1704 497 hominum,
1750 432 1894 487 velut

304 539 477 593 aquas
533 522 698 577 maris
735 522 787 575 in
843 521 1270 592 inquietudinem
1317 524 1710 593 persecutionis
1760 526 1891 581 fide-

304 612 473 673 lium;
516 610 599 664 vel
629 611 694 664 ad
726 610 1063 666 suadendum
1109 609 1327 665 fortiter
1370 610 1594 667 malum.
1619 613 1719 680 Qui
1749 613 1914 670 scili-'

302 713 389 757 cet
421 709 616 754 ventus
647 699 801 753 ﬂabit
851 709 977 754 tunc
1025 699 1255 766 validus,
1302 701 1518 771 quando
1551 700 1783 758 Satanas
1839 703 1891 757 in

302 785 418 847 suis
444 791 650 845 viribus
680 800 926 844 extremo
977 799 1218 860 tempore
1257 799 1448 845 contra
1476 791 1654 862 jnstos
1682 793 1895 846 relaxa-

302 886 470 939 bitur.
501 882 653 950 Quod
679 883 732 937 in
760 883 862 937 hac
892 883 1156 936 sententia
1188 897 1333 937 nunc
1358 882 1630 954 designari
1661 884 1890 948 videtur,

302 974 430 1044 quia
456 973 670 1040 Petrus,
707 973 800 1042 qui
828 981 911 1030 est
940 973 1072 1029 ordo
1098 974 1536 1045 praedicantium,
1579 976 1754 1030 videns
1776 992 1895 1030 ven-

302 1076 414 1120 tum
458 1065 687 1118 validum
717 1065 962 1121 timuisse
1004 1065 1262 1121 refertur.
1294 1066 1428 1133 Quis
1476 1067 1623 1122 enim
1655 1065 1739 1122 vel
1775 1083 1895 1138 pcr-

301 1155 578 1215 lectorum
615 1175 722 1212 non
762 1158 994 1225 timebit,
1020 1160 1237 1228 quando
1266 1160 1368 1214 sub
1410 1159 1747 1214 Antichristo
1791 1159 1894 1214 im-

304 1251 482 1304 manis
513 1249 600 1320 illa
627 1249 934 1320 persecutio
965 1250 1164 1320 ubique
1192 1248 1439 1306 fervebit.
1468 1250 1689 1306 Timens
1714 1259 1895 1304 autem

304 1319 962 1409 incipiet'aliquantulum
1016 1319 1187 1411 mergi
1224 1359 1236 1396 :
1288 1342 1412 1413 quia
1448 1351 1668 1412 propter
1704 1342 1896 1397 horro-

305 1450 420 1488 rem
449 1433 751 1488 atrocitatis
799 1432 1212 1503 suppliciorum,
1243 1448 1362 1502 quze
1411 1434 1614 1488 sanctis
1656 1433 1895 1489 inferen-

306 1536 425 1592 tur,
460 1535 514 1581 et
543 1535 766 1597 propter
802 1525 1218 1581 admirationem
1252 1525 1525 1580 fallaciqu
1579 1527 1852 1596 signorum
1879 1568 1893 1591 ,

304 1633 426 1685 qua:
455 1632 552 1686 per
579 1631 845 1686 sequaces
870 1617 1190 1672 Antichristi
1223 1617 1381 1683 flent,
1414 1617 1804 1688 aliquantulum
1841 1619 1894 1674 in

305 1710 469 1763 corde
501 1723 599 1763 suo
623 1707 915 1772 fluctuans,
935 1711 1002 1765 ab
1029 1709 1266 1765 inferiori
1302 1720 1458 1780 parte
1483 1711 1676 1765 anima:
1701 1713 1895 1768 sentiet

305 1801 532 1870 aliquid,
581 1816 690 1870 quo
735 1800 838 1855 nisi
878 1801 1082 1856 Christi
1114 1803 1337 1857 dextera
1393 1801 1690 1866 levaverit,
1742 1801 1895 1859 facile

308 1908 453 1952 tonis
501 1897 744 1968 demergi
789 1897 984 1966 possit.
1038 1895 1145 1952 Sed
1212 1899 1336 1966 quia
1395 1895 1602 1951 electus
1633 1897 1779 1961 erit,
1829 1897 1894 1951 ad

305 1989 582 2043 Christum
612 1988 871 2042 clamabit
899 2005 913 2041 ε
954 1987 1199 2053 Domine,
1233 1987 1439 2041 salvum
1481 2005 1561 2042 me
1585 1987 1690 2056 fac,
1729 1997 1783 2043 et
1817 1988 1895 2044 sie

304 2095 371 2134 eo
401 2078 754 2134 subveniente
803 2078 1064 2149 erigetur.
1112 2076 1231 2131 Erit
1283 2079 1419 2131 enim
1461 2087 1582 2131 tunc
1627 2077 1894 2132 tribulatio

306 2190 498 2244 magna
528 2174 700 2244 qualis
739 2190 841 2228 non
862 2173 960 2243 fuit
985 2177 1048 2226 ab
1088 2173 1239 2226 initio
1260 2182 1516 2228 creaturtv
1544 2190 1703 2242 usque
1720 2174 1892 2240 modo,

303 2281 468 2334 neque
492 2266 601 2336 ﬁet.
623 2263 691 2318 Et
721 2265 822 2319 nisi
854 2265 1069 2319 breviati
1097 2264 1316 2334 fuissent
1345 2264 1454 2318 dies
1485 2265 1582 2329 illi,
1618 2281 1720 2318 non
1749 2264 1893 2333 ﬁeret

303 2355 449 2410 salva
488 2357 656 2410 omnis
687 2373 808 2410 caro
838 2370 857 2408 :
889 2356 979 2410 sed
1007 2366 1218 2426 propter
1263 2355 1478 2422 electos,
1523 2356 1896 2410 breviabnntur

304 2445 414 2499 dies
452 2444 531 2499 illi
553 2444 766 2517 (Matth.
796 2462 944 2510 XXIV,
967 2446 1057 2512 2i,
1095 2445 1208 2516 22).

380 2536 532 2593 Unde
570 2547 624 2592 et
668 2537 756 2592 hic
809 2547 935 2608 apte
984 2537 1233 2606 sequitur
1274 2555 1287 2590 :
1350 2535 1416 2590 Et
1456 2537 1702 2589 continuo
1738 2535 1894 2591 Jesns

302 2629 586 2686 extendens
615 2645 828 2684 manum
852 2628 1188 2700 apprehendit
1215 2644 1356 2694 eum,
1371 2637 1417 2681 et
1443 2628 1516 2681 ait
1535 2627 1616 2681 illi
1634 2644 1652 2681 :
1669 2627 1894 2683 Modica:

304 2721 453 2788 fidei,
482 2737 646 2790 quare
665 2719 966 2774 dubitasti?
993 2720 1114 2776 Cito
1140 2720 1289 2773 enim
1324 2718 1577 2773 Salvator
1603 2720 1894 2790 unicuique

305 2821 529 2861 suorum
565 2807 820 2862 extendet
842 2822 1060 2861 manum
1089 2806 1346 2861 salutaris
1382 2807 1592 2871 auxilii,
1625 2808 1751 2877 quia
1787 2826 1890 2863 non

304 2895 542 2963 patietur
595 2910 690 2950 eos
738 2895 936 2950 tentari
978 2911 1145 2965 supra
1185 2896 1237 2951 id
1272 2897 1415 2966 quod
1446 2895 1590 2950 ferre
1642 2907 1895 2966 poterunt

1995 445 2190 489 ventus
2228 435 2487 490 adversus
2511 477 2525 502 ,
2555 447 2608 490 et
2644 439 2714 491 ibi
2763 450 2984 507 putatur
3035 443 3361 499 invocamlus
3399 446 3572 500 Deus:

1995 526 2209 593 quando
2240 534 2419 582 autem
2463 527 2743 596 temporali
2778 529 3036 586 felicitate
3071 533 3326 587 saeculum
3351 536 3574 601 arridet,

1997 615 2150 684 quasi
2180 631 2284 670 non
2329 625 2413 671 est
2440 627 2632 673 ventus
2670 623 2997 676 contrarius.
3029 621 3145 677 Noli
3191 623 3316 679 hinc
3343 625 3575 680 interro-

1995 723 2124 776 gare
2167 709 2426 778 temporis
2469 710 2916 779 tranquillitatem
2961 715 3098 769 :scd
3125 714 3396 787 interroga
3431 727 3575 773 tuam

1996 799 2365 869 cupiditatem.
2393 798 2531 856 Vide
2561 801 2604 855 si
2641 804 3004 874 tranquillitas
3034 815 3118 860 est
3148 806 3200 860 in
3258 816 3308 861 te
3340 825 3352 860 :
3387 809 3504 863 vide
3534 811 3575 863 si

1997 905 2102 946 non
2125 898 2176 945 te
2204 890 2484 947 subvertat
2507 902 2698 948 ventus
2724 895 2970 950 interior.
2998 896 3204 967 Magum
3233 899 3378 952 enim
3411 901 3583 954 virtu--

1999 981 2068 1037 tis
2094 992 2176 1037 est
2206 999 2328 1036 cum
2353 981 2611 1039 felicitate
2652 984 2867 1051 luctari,
2898 1001 2964 1041 ne
2991 986 3214 1054 illiceat,
3241 1007 3308 1046 ne
3332 1005 3578 1044 corrum-

1996 1080 2112 1141 pat,
2128 1086 2194 1126 ne
2214 1072 2496 1128 subvertat
2517 1073 2606 1128 illa
2621 1073 2870 1130 felicitas.
2892 1074 3047 1132 Disce
3063 1077 3274 1132 calcare
3286 1079 3576 1146 sazculum;

1998 1176 2268 1222 memento
2295 1167 2461 1222 ﬁdere
2488 1167 2542 1222 in
2572 1168 2810 1224 Christo.
2833 1168 2900 1223 Et
2931 1169 2976 1224 si
3009 1181 3189 1226 motus
3209 1182 3292 1226 est
3311 1187 3406 1241 pes
3435 1182 3578 1234 tuus,

1998 1257 2042 1311 si
2078 1243 2293 1319 titubas,
2333 1257 2377 1312 si
2410 1257 2587 1328 aliqua
2636 1275 2740 1314 non
2774 1276 3019 1331 superas,
3050 1263 3095 1316 si
3126 1262 3294 1332 mergi
3345 1263 3536 1331 incipis
3563 1306 3577 1328 ,

1997 1348 2239 1404 exclama
2269 1349 2334 1403 ad
2360 1348 2542 1405 Jesum
2569 1370 2585 1408 :
2619 1350 2859 1418 Domine,
2890 1353 3092 1407 salvum
3135 1372 3216 1409 me
3257 1355 3360 1424 fac.
3401 1355 3454 1408 lu
3481 1354 3578 1408 Ρο-

2002 1449 2084 1492 tro
2144 1439 2324 1508 itaque
2380 1442 2682 1514 communis
2742 1443 2984 1496 omnium
3040 1453 3285 1498 nostrum
3337 1445 3579 1499 conside-

2000 1529 2166 1582 randa
2202 1528 2447 1583 conditio
2471 1540 2572 1594 est,
2616 1538 2675 1583 ιιι
2708 1531 2752 1584 si
2804 1546 2902 1584 nos
2931 1531 2982 1585 in
3014 1531 3194 1602 aliquo
3227 1534 3578 1586 tentationum

1999 1627 2189 1670 ventus
2216 1625 2444 1671 conatur
2471 1618 2897 1681 subvertere,vel
2923 1621 3062 1673 unda
3087 1620 3453 1690 submergere,
3473 1623 3581 1674 cla-

1929 1684 1970 1741 Β
2002 1723 2210 1761 memus
2238 1708 2303 1761 ad
2339 1707 2632 1763 Christum.
2666 1707 2911 1779 Porriget
2943 1711 3032 1764 ille
3057 1726 3297 1777 manum,
3339 1721 3394 1764 et
3428 1722 3584 1765 eruet

1997 1799 2062 1854 de
2087 1799 2376 1869 profundo.

2069 1891 2360 1960 Sequitur:
2386 1889 2452 1944 Et
2493 1908 2610 1945 cum
2641 1894 2956 1947 ascendisset
3007 1896 3064 1947 in
3111 1893 3440 1961 naviculam,
3471 1913 3582 1949 ces-

1994 1984 2127 2036 savit
2168 1993 2369 2038 ventus.
2403 1985 2458 2038 In
2491 1985 2579 2040 die
2630 1986 2926 2041 novissimo
2973 1988 3234 2042 ascendet
3289 1990 3340 2043 in
3389 2005 3580 2043 navem

1998 2074 2281 2140 Ecclesiaz;
2321 2075 2444 2146 quia
2477 2084 2603 2132 tunc
2632 2077 2841 2133 sedebit
2886 2093 3049 2149 super
3077 2079 3259 2135 sedem
3285 2081 3580 2151 Majestatis

1995 2182 2107 2222 sua:
2132 2165 2347 2234 (Matth.
2377 2167 2503 2236 xxv)
2532 2184 2685 2239 :qua:
2706 2171 2861 2224 sedes
2894 2187 2996 2226 non
3022 2171 3460 2227 inconvenienter
3493 2175 3580 2228 in-

1998 2258 2254 2329 telligitur
2284 2258 2544 2314 Ecclesia.
2579 2259 2713 2314 Nam
2749 2263 2906 2333 162
2933 2264 3026 2332 qui
3075 2280 3168 2334 per
3214 2266 3369 2318 fidem
3397 2277 3451 2320 et
3485 2271 3576 2320 bo-

1994 2365 2119 2404 nam
2149 2350 2520 2418 0perationem
2555 2365 2697 2405 nunc
2725 2367 2942 2423 semper
2964 2354 3230 2408 inhabitat
3256 2355 3576 2428 Egelesiam,

1995 2445 2110 2514 ipse
2137 2454 2265 2500 tunc.
2304 2461 2398 2516 per
2433 2460 2544 2499 sua:
2566 2445 2753 2516 gloria:
2785 2445 3277 2502 manifestationetn
3313 2450 3578 2520 ingredie-

1998 2545 2084 2589 tur
2131 2535 2451 2590 Ecclesiam.
2485 2536 2550 2589 Et
2584 2545 2708 2590 tunc
2753 2537 2988 2591 cessabit
3032 2547 3264 2593 ventus:
3295 2540 3420 2607 quia
3473 2544 3580 2595 dae-

1995 2642 2182 2680 mones
2227 2626 2448 2680 ulterius
2490 2643 2596 2681 non
2649 2626 2924 2682 habebunt
2957 2636 3282 2698 potestatem
3337 2629 3581 2686 flammas

1997 2722 2353 2777 tentationum
2404 2721 2488 2777 vel
2533 2722 2926 2778 commotiones
2967 2720 3372 2776 tribulationum
3425 2723 3579 2775 emit-

1995 2823 2109 2868 tere
2138 2825 2326 2869 contra
2361 2828 2501 2869 cam.
2534 2814 2685 2870 Tunc
2712 2814 2855 2869 enim
2887 2823 3078 2884 pacata
3105 2814 3154 2868 ei
3190 2825 3347 2869 erunt
3373 2817 3576 2879 oinn‘a,

1995 2916 2049 2962 et
2076 2907 2278 2975 quieta.

305 2983 359 3052 (l
385 2983 509 3038 Cor.
542 2981 619 3054 ι).
653 2983 719 3037 Et
742 2983 1039 3053 quemlibet
1071 2999 1262 3039 eorum
1290 2984 1554 3040 velociter
1587 2987 1889 3056 apprehen-

2069 2999 2327 3068 Sequitur
2355 3016 2366 3051 :
2403 2996 2507 3063 Qui
2533 3007 2701 3052 autem
2737 2998 2788 3051 in
2840 2996 3080 3051 navicula
3107 3009 3276 3064 erant,
3306 3010 3574 3062 venerunt,

305 3087 418 3154 det,
452 3087 508 3142 id
558 3095 660 3152 est,
702 3085 938 3156 quadam
981 3086 1033 3141 vi
1083 3085 1252 3141 divini
1309 3085 1565 3157 adjutorii
1610 3102 1893 3143 assumens

307 3178 514 3234 tenebit
555 3187 610 3234 et
638 3178 850 3247 eripiet.
884 3175 1132 3244 Modicw,
1164 3178 1358 3247 inquit,
1387 3179 1535 3248 ﬁdei,
1559 3195 1721 3250 quare
1745 3179 1895 3233 dubi~

306 3269 470 3323 tasti.’
494 3265 660 3336 Cujus
689 3267 825 3324 ﬁdes
864 3267 919 3322 in
957 3267 1046 3322 illa
1077 3267 1426 3324 tribulatione
1457 3284 1564 3324 non
1599 3269 1852 3325 titubabit
1878 3286 1893 3335 ;

307 3358 527 3432 quando
573 3367 802 3429 martyr,
832 3358 924 3429 qui
979 3374 1077 3429 pro
1109 3359 1328 3415 Christo
1376 3360 1695 3432 sanguinem
1737 3377 1894 3417 suum

307 3449 521 3513 fundet,
567 3448 703 3503 nihil
731 3448 1011 3521 signorum
1035 3448 1217 3504 facere
1243 3451 1477 3520 poterit,
1501 3460 1557 3506 et
1582 3461 1708 3507 ante
1729 3452 1896 3521 ips'us

306 3539 494 3595 oculos
521 3547 694 3595 tortor
717 3540 885 3610 ipsius
900 3540 1050 3612 signa
1077 3540 1280 3596 faciet?
1305 3541 1598 3601 Pensemus
1621 3561 1751 3616 ergo
1775 3561 1896 3616 quae

305 3631 412 3687 erit
437 3631 691 3686 humanae
722 3631 921 3687 mentis
950 3630 1040 3686 illa
1076 3632 1338 3689 .tentatio.
1372 3632 1540 3702 Cujus
1589 3635 1734 3690 enim
1770 3644 1894 3691 tunc

306 3722 482 3777 virtus
509 3737 616 3776 non
661 3721 730 3777 ab
778 3721 896 3792 ipso
934 3721 1322 3792 cogitationum
1365 3721 1531 3778 fundo
1575 3724 1892 3794 quatiatur;

306 3815 526 3884 quando
574 3813 667 3884 qui
727 3811 910 3883 ﬂagris
965 3813 1212 3881 cruciat,
1281 3814 1554 3871 miraculis
1611 3819 1894 3872 coruscat?

309 3906 482 3970 Tanta
536 3907 734 3978 quippe
787 3915 916 3961 tunc
962 3916 1152 3962 contra
1194 3904 1371 3975 justos
1415 3905 1789 3962 Antichristus
1841 3916 1897 3962 et

309 3997 544 4054 ministri
575 3996 691 4067 ejus
713 3997 996 4069 iniquitate
1020 4007 1076 4053 et
1107 3998 1230 4053 dolo
1255 3996 1612 4062 ell‘renantur,
1643 4008 1699 4051 ut
1729 3997 1895 4054 etiam

308 4089 608 4145 electorum
640 4088 804 4144 corda
835 4103 939 4144 non
967 4088 1179 4143 modico
1202 4103 1400 4158 pavore
1425 4085 1709 4142 feriantur.
1744 4086 1896 4144 Unde

309 4177 576 4247 scriptum
614 4187 697 4232 est
726 4195 738 4231 :
769 4175 856 4230 Ita
888 4186 940 4230 ut
984 4179 1039 4230 in
1066 4192 1295 4231 errorem
1325 4177 1666 4242 inducantur,
1697 4176 1745 4230 si
1777 4176 1896 4245 ﬁeri

309 4277 494 4337 potest,
522 4268 680 4322 etiam
716 4268 864 4322 electi
889 4265 1104 4336 (Matth.
1133 4283 1280 4334 xxrv,
1302 4265 1414 4337 24).
1457 4267 1610 4332 Quod
1648 4267 1895 4321 videlicet

1998 3100 2044 3142 et
2083 3090 2432 3142 atloravernnt
2462 3105 2579 3142 enm
2605 3129 2620 3153 ,
2657 3087 2884 3141 dicentes
2912 3102 2931 3140 :
2968 3087 3099 3142 Vere
3149 3087 3322 3142 Filius
3361 3089 3456 3144 Dei
3501 3107 3574 3147 es.

1999 3179 2100 3246 Qui
2135 3180 2186 3233 in
2218 3180 2459 3234 Ecclesia
2491 3180 2721 3234 fideliter
2753 3179 2897 3234 inter
2924 3179 3190 3250 procellas
3223 3182 3578 3238 tentationum

1999 3269 2259 3324 accedent
2307 3269 2604 3339 gaudentes
2654 3270 2721 3323 ad
2755 3284 2901 3336 eum,
2929 3278 2984 3324 et
3030 3285 3152 3324 cum
3195 3271 3310 3340 ipso
3355 3287 3579 3342 regnum

1998 3357 2114 3426 ejus
2150 3357 2412 3411 intrantes
2439 3358 2742 3412 adorabunt
2769 3373 2918 3424 eum,
2950 3373 3015 3414 ac
3053 3360 3440 3430 perprtualiter
3467 3360 3575 3416 lau-

1998 3450 2210 3513 dantes,
2253 3449 2449 3504 Filium
2477 3449 2568 3504 Dei
2605 3450 2874 3505 veraciter
2908 3451 3055 3506 hunc
3096 3466 3216 3506 esse
3248 3451 3577 3508 clatnabnnt.

1997 3542 2149 3596 Tunc
2179 3543 2322 3597 enim
2356 3541 2448 3595 fiet
2478 3541 2621 3612 quod
2650 3540 2717 3595 de
2747 3539 2935 3597 electis
2977 3557 3006 3596 a
3049 3552 3222 3597 morte
3248 3544 3583 3598 resuseitatis

1997 3633 2244 3689 dicitur:
2289 3631 2463 3687 Veniet
2499 3633 2666 3688 omnis
2706 3650 2853 3699 caro,
2901 3643 2957 3687 ut
3001 3633 3183 3689 adoret
3228 3651 3404 3688 coram
3449 3621 3583 3703 [ttcie

1996 3740 2131 3786 mea,
2162 3724 2284 3778 dicit
2338 3721 2590 3777 Dominus
2621 3721 2756 3793 (lsa.
2784 3739 2931 3790 LXVI,
2962 3722 3073 3794 25).
3130 3723 3195 3777 Et
3223 3725 3347 3778 item
3385 3742 3398 3778 ε
3433 3725 3581 3778 Beati

1995 3812 2084 3880 qui
2134 3813 2371 3864 habitant
2419 3812 2471 3864 in
2519 3803 2674 3865 domo.
2719 3822 2808 3865 tua
2854 3825 2872 3863 :
2927 3812 2978 3865 in
3032 3813 3228 3866 saecula
3268 3813 3582 3868 sa'culorum

1997 3899 2288 3953 laudabunt
2328 3910 2376 3953 te
2406 3897 2577 3970 (Psal.
2629 3916 2862 3967 Lxxxm,
2906 3900 2992 3971 5).
3048 3901 3181 3956 Nam
3216 3919 3374 3972 quem
3427 3904 3583 3957 corde

1997 3989 2348 4045 crediderunt
2384 3989 2454 4042 ad
2496 3980 2786 4062 justhiam,
2822 4008 2910 4045 ore
2950 4003 3121 4045 autem
3162 3992 3397 4046 confessi
3453 4003 3581 4047 sunt

1997 4079 2067 4131 ad
2113 4076 2333 4132 salutem
2364 4075 2539 4150 (Rom.
2576 4093 2631 4141 χ,
2661 4078 2794 4149 l0),
2819 4079 2962 4134 hunc
3012 4081 3174 4134 corde
3207 4081 3466 4134 videbunt
3513 4080 3580 4134 ad

1997 4168 2188 4234 vitam,
2211 4179 2266 4222 et
2295 4184 2391 4223 ore
2423 4167 2716 4224 laudabunt
2748 4171 2814 4225 ad
2858 4172 3084 4242 gloriam
3105 4215 3118 4237 ,
3147 4154 3580 4242 contemplantes

1997 4259 2228 4329 qualiter
2274 4275 2304 4313 a
2335 4259 2495 4315 Patre
2534 4260 2606 4315 sit
2648 4261 2993 4317 inell‘abiliter
3039 4264 3274 4334 genitus,
3307 4279 3428 4318 cum
3473 4280 3581 4333 quo

311 4360 529 4424 dicitur,
575 4374 680 4413 non
705 4358 830 4428 quia
856 4356 1011 4412 electi
1038 4358 1215 4413 casuri
1243 4357 1372 4419 sint,
1408 4358 1500 4411 sed
1530 4357 1654 4428 quia
1684 4359 1895 4427 magnis
1931 4367 1974 4425 ι)
2000 4349 2135 4402 vivit
2167 4359 2354 4421 regnat
2405 4351 2458 4403 in
2515 4352 2720 4406 unitate
2765 4352 3000 4420 Spiritus
3037 4355 3206 4406 sancti
3256 4354 3394 4408 Deus
3415 4395 3430 4420 ,
3485 4370 3581 4424 per

314 4450 616 4511 terroribus
649 4451 800 4508 velut
843 4451 1047 4517 casuri,
1076 4452 1186 4506 sint
1220 4449 1562 4521 trepidaturi.
1592 4450 1896 4504 Notandum

311 4541 476 4595 etiam
508 4539 634 4609 quia
664 4539 780 4594 haec
807 4536 1064 4594 ﬂuctuum
1104 4537 1415 4605 commotio,
1444 4545 1498 4592 et
1521 4536 1664 4592 Petri
1703 4537 1898 4592 tituba-

313 4633 411 4699 tio,
443 4631 527 4686 vel
559 4630 847 4686 mersionis
884 4630 1187 4697 inchoatio,
1233 4629 1395 4684 etiam
1427 4637 1611 4683 nostro
1659 4639 1898 4698 tempore

307 4725 462 4793 juxta
491 4722 828 4793 spiritualem
860 4737 1076 4778 sensum
1099 4721 1340 4792 quotidie
1368 4721 1567 4791 agitur.
1595 4719 1898 4789 Unicuique

312 4819 458 4873 enim
514 4833 611 4873 sua
663 4818 949 4891 cupiditas,
989 4827 1072 4872 est
1122 4824 1431 4886 tempestas.
1480 4814 1644 4869 Amas
1704 4815 1896 4878 Deum,

313 4909 560 4966 ambulas
589 4924 753 4982 super
775 4924 946 4976 mare,
971 4910 1070 4964 sub
1095 4909 1319 4978 pedibus
1352 4909 1455 4962 tuis
1481 4905 1662 4962 smculi
1692 4914 1894 4960 tumor.

312 5001 478 5056 Amas
507 5000 764 5056 saeculum
790 5040 805 5066 ,
855 4999 1108 5055 absorbet
1136 5009 1186 5054 te
1221 5016 1233 5052 :
1270 5007 1541 5053 amatores
1586 4997 1728 5052 enim
1772 5011 1898 5051 suos

312 5107 508 5150 vorare
538 5093 708 5158 novit,
738 5108 845 5148 non
869 5101 1106 5163 portare.
1141 5089 1247 5146 Sed
1275 5106 1397 5143 cum
1428 5089 1649 5143 fluctuat
1693 5087 1898 5157 cupidi-

315 5193 429 5238 tate
474 5198 568 5238 ωι-
598 5191 772 5248 tuum,
809 5193 866 5236 ut
895 5183 1078 5237 vincas
1112 5193 1257 5237 tuam
1295 5179 1664 5252 cupiditatem,
1707 5177 1896 5231 invoca

314 5275 519 5338 Christi
552 5275 924 5330 Divinitatem.
973 5275 1136 5330 Putas
1173 5274 1319 5328 enim
1355 5283 1481 5326 tunc
1508 5279 1727 5324 ventum
1779 5283 1900 5324 esse

315 5365 671 5431 contrarium,
701 5369 918 5435 quando
948 5363 1103 5434 hujus
1154 5363 1334 5419 saeculi
1377 5361 1548 5432 surgit
1578 5360 1896 5424 adversitas,

315 5463 372 5508 et
418 5468 525 5509 non
577 5456 738 5509 etiam
787 5457 1002 5526 quando
1051 5455 1321 5510 blanditur
1372 5452 1720 5523 prosperitas.
1765 5451 1899 5515 Nam

317 5544 536 5624 quando
582 5545 720 5600 bella
751 5585 764 5611 ,
817 5547 1033 5616 quando
1090 5545 1368 5609 tutnttltus,
1417 5543 1634 5612 quando
1686 5541 1896 5609 fames,

322 5635 539 5717 quando
580 5637 909 5712 pestilentia,
942 5639 1157 5708 quando
1185 5639 1379 5708 cuique
1427 5635 1702 5694 hominum
1736 5634 1896 5690 etiam

1999 4441 2178 4494 omnia
2207 4440 2399 4495 saecula
2428 4441 2766 4494 seculorum.
2795 4442 2987 4494 Amen.

2590 4529 2868 4585 IIOMILIA
2916 4530 3004 4584 IV.

1999 4619 2052 4674 In
2091 4633 2425 4674 ενΔΝοιῑιιωι
2457 4633 2729 4673 SECUNDUM
2771 4618 3095 4674 ΜΑτΤιιιεωι
3127 4636 3141 4674 :
3180 4618 3303 4674 Post
3333 4621 3442 4674 dies
3468 4637 3578 4683 sex.

2069 4712 2350 4779 assumpsit
2389 4709 2544 4763 Jcsus
2594 4709 2830 4776 Petrum,
2871 4721 2918 4764 et
2950 4710 3208 4766 Iacobum
3239 4723 3286 4765 et
3319 4711 3578 4768 Joannem

2069 4804 2286 4873 fratrem
2336 4802 2448 4873 ejus
2481 4817 2499 4855 :
2547 4813 2594 4858 et
2632 4805 2780 4858 duxit
2814 4804 2930 4858 illos
2963 4806 3015 4859 itt
3054 4817 3274 4859 montem
3319 4807 3579 4859 exceisnm

2069 4912 2334 4961 seorsum;
2361 4906 2406 4948 et
2433 4897 2838 4966 transﬁguratus
2859 4907 2932 4952 est
2963 4908 3081 4952 ante
3131 4915 3236 4952 eos.
3265 4897 3329 4952 Et
3359 4897 3578 4966 reliqua.

2070 4988 2286 5060 (Matth.
2326 4990 2481 5058 xvu.)

2071 5078 2206 5144 Quia
2237 5077 2487 5133 Salvator
2524 5085 2710 5133 noster
2740 5078 2949 5134 electos
2979 5093 3106 5134 suos
3136 5093 3233 5148 per
3267 5077 3428 5145 hujus
3459 5078 3582 5130 vine

2000 5171 2216 5226 labores
2245 5171 2311 5225 ad
2339 5168 2482 5224 illam
2501 5210 2517 5235 ,
2546 5185 2665 5240 qua:
2695 5167 2935 5224 laborem
2968 5169 3157 5230 nescit,
3191 5169 3356 5221 vitam
3384 5165 3581 5219 futura:

2001 5263 2346 5320 beatitudinis
2381 5264 2724 5319 introducere
2759 5261 3056 5332 disposuit;
3085 5261 3244 5314 modo
3280 5274 3378 5328 per
3407 5257 3581 5311 Evan-

2001 5359 2198 5429 gelium
2251 5371 2408 5411 suum
2461 5356 2689 5411 sudores
2738 5354 3098 5410 certaminum
3160 5348 3582 5420 temporalium,

2003 5448 2161 5504 modo
2185 5447 2418 5517 palmam
2445 5445 2788 5516 prtemiorum
2811 5442 3069 5498 describit
3112 5449 3435 5494 aeternorum
3459 5478 3472 5501 ,
3501 5445 3577 5499 ut,

2003 5540 2230 5603 scilicet,
2263 5537 2462 5592 auditis
2489 5553 2718 5608 agonum
2750 5534 3196 5598 necessitatibus,
3235 5529 3584 5586 meminerint

2003 5631 2102 5686 sibi
2125 5630 2365 5705 requiem
2389 5628 2443 5684 in
2474 5628 2576 5683 hac
2609 5627 2717 5683 vita
2749 5641 2854 5683 non
2893 5638 3014 5680 esse
3043 5623 3362 5697 petendam;
3400 5620 3582 5678 audita
