3936 6048
347 172 452 229 603

664 167 723 224 S.
765 166 1064 224 ANSELMI
1098 164 1448 224 CANTUAR.
1488 161 1808 218 ARCllIEP.
1846 159 1932 216 ΟΡ

2039 159 2216 214 PARS
2257 159 2294 213 ll
2347 189 2412 197 —
2451 154 2820 212 ΡᾹΒᾸΞΝΕΤ.
2853 155 2940 210 ΕΤ
2967 153 3209 212 ASCET.

3496 159 3602 216 60$

347 297 563 338 rursum
590 279 871 336 dulcedine
911 279 1101 332 futurae
1131 276 1511 338 beatitudinis,
1546 275 1718 329 levius
1755 273 1930 328 ferant
1957 274 2001 330 Α
2032 283 2104 326 cst
2134 283 2304 325 autem
2338 282 2449 339 post
2474 272 2584 323 [nec
2610 271 2758 324 verba
2784 269 2892 340 fere
2930 270 3038 325 dies
3066 280 3205 336 octo,
3235 281 3281 324 et
3328 279 3608 343 assutnpsit

350 377 488 431 mala
527 373 858 430 trauseuntia
880 412 895 437 ,
927 387 1046 440 quae
1078 371 1233 423 bonis
1281 377 1637 438 speraverant
1671 381 1928 421 remune-

346 469 517 526 randa
546 465 838 537 perpetuis.
862 462 996 517 Cum
1036 460 1179 514 enim
1221 475 1346 514 suas
1367 472 1698 535 suorumque
1727 457 1928 527 passio-

351 578 448 617 nes
474 558 631 629 paulo
680 556 926 625 superius
956 551 1390 622 prtenuuliassel,
1432 550 1508 604 ait
1541 567 1555 604 :
1594 547 1764 602 Filius
1793 549 1927 601 enim

346 652 572 706 hominis
601 658 846 702 venturus
873 655 946 699 est
976 644 1029 696 in
1057 642 1226 713 gloria
1255 642 1429 695 Patris
1464 640 1548 694 sui
1585 657 1702 693 cum
1733 637 1930 707 angelis

349 743 460 795 suis
486 753 505 791 :
535 751 581 793 et
615 748 737 791 tunc
766 736 943 790 reddet
991 733 1272 804 unicuique
1301 732 1586 787 secundum
1625 747 1780 799 opera
1815 729 1931 798 ejus

348 829 567 899 (Matth.
608 845 680 892 vt,
711 826 826 895 2'7).
859 823 961 879 Ubi
1002 832 1247 894 poterant
1281 821 1526 896 discipuli
1560 821 1612 873 in
1644 819 1757 874 suis
1786 817 1932 888 cogi-

351 920 645 975 tationibus
668 919 888 973 dicere:
921 915 1262 970 Occisionem
1287 922 1334 970 et
1370 921 1596 969 mortem
1631 927 1771 966 nunc
1797 910 1933 965 dicis

347 1027 468 1065 esse
490 1020 803 1069 venturam;
846 1007 986 1077 quod
1023 1015 1206 1061 autem
1226 1005 1496 1075 promittis
1527 1002 1835 1058 adfuturum
1882 1009 1933 1055 te

349 1102 402 1154 in
446 1100 616 1170 gloria
661 1096 840 1151 Patris
887 1115 1008 1152 cum
1041 1096 1355 1166 angelorum
1390 1093 1707 1154 ministeriis
1734 1103 1789 1147 et
1835 1108 1929 1162 po-

349 1200 550 1245 testate
602 1189 828 1260 judicis,
881 1187 984 1242 hoc
1041 1189 1092 1242 in
1151 1197 1388 1258 tempora
1436 1172 1592 1254 longa
1633 1183 1930 1239 diﬂ'eretur.

349 1281 659 1336 Prtevidens
690 1281 854 1350 igitur
882 1280 1220 1336 occultorum
1265 1277 1512 1349 cognitor
1559 1277 1687 1346 quid
1719 1284 1936 1344 possent

347 1372 606 1441 objicerc,
638 1384 961 1442 prtesentem
999 1371 1246 1424 timorem
1289 1368 1539 1438 praesenti
1567 1367 1935 1436 compensavit

350 1464 590 1534 prmmio.
635 1464 926 1538 Subiunxit
974 1462 1118 1516 enim
1176 1480 1190 1515 :
1236 1461 1401 1514 Amen
1448 1460 1565 1515 dico
1600 1457 1773 1522 vobis,
1814 1469 1934 1512 sunt

342 1555 560 1624 quidam
588 1555 652 1609 de
692 1555 774 1609 1ιέ
803 1554 1080 1618 stantibus,
1107 1554 1195 1624 qui
1236 1571 1338 1607 non
1366 1553 1646 1624 gustabunt
1691 1561 1930 1613 mortem,

2033 358 2268 427 Petrum,
2295 371 2339 414 et
2370 360 2629 413 Joannem
2658 369 2702 412 et
2729 358 3011 423 Jocobum,
3040 370 3087 414 et
3116 361 3347 415 ascendit
3382 362 3435 415 in
3466 379 3610 416 mon-

2032 461 2132 505 tem
2163 463 2215 504 ut
2246 461 2416 502 oraret
2444 449 2596 519 (Luc.
2627 465 2702 513 Ix,
2729 450 2842 518 28).
2871 447 3177 504 Secundum
3207 435 3367 520 quem
3409 447 3613 506 Lucam

2030 550 2220 596 octava
2257 541 2341 595 die
2388 541 2644 594 Dominus
2674 542 2992 610 promissam
3025 541 3218 621 futura:
3266 543 3618 598 beatitudinis

2032 634 2256 704 gloriam
2290 633 2569 702 discipulis
2594 633 2716 687 ideo
2749 631 3136 698 manifestavit,
3172 644 3230 687 ut
3260 643 3476 689 ostensa
3508 651 3617 690 cte-

2034 725 2185 780 lestis
2232 725 2361 779 vitae
2415 724 2699 780 dulcedine
2751 733 3068 780 cunelormn
3113 725 3201 793 qui
3255 726 3396 781 hanc
3429 727 3618 782 audire

2034 827 2293 888 possent,
2321 818 2485 874 corda
2537 817 2831 883 refoveret,
2860 827 2915 872 et
2957 817 3243 872 octouario
3269 817 3476 873 dierum
3511 837 3614 873 nu-

2034 925 2185 965 mero
2215 925 2398 966 verum
2423 909 2674 980 gaudium
2702 918 2941 980 tempore
2967 911 3378 966 resurrectionis
3400 914 3620 969 doceret

2033 1019 2154 1061 esse
2181 1014 2486 1060 venturum.
2509 1003 2640 1058 Nam
2665 1014 2713 1060 et
2760 1005 2873 1074 ipse
2898 1014 3088 1060 octava
3111 1004 3221 1071 die,
3251 1006 3356 1060 hoc
3386 1015 3469 1060 est
3493 1015 3618 1075 post

2035 1105 2241 1150 sextam
2274 1094 2527 1160 Sabbati,
2560 1111 2663 1167 qua
2685 1110 2902 1150 crucem
2931 1097 3208 1160 ascendit;
3243 1112 3307 1150 ac
3331 1097 3616 1166 septimam

2037 1188 2282 1252 Sabbati,
2313 1204 2416 1258 qua
2454 1189 2504 1242 in
2556 1189 2803 1258 sepulcro
2848 1189 3075 1259 quievit,
3114 1205 3143 1243 a
3178 1189 3406 1245 mortuis
3438 1205 3618 1244 resur-

2038 1280 2176 1334 rexit
2206 1298 2219 1333 :
2248 1291 2303 1335 et
2330 1296 2429 1335 nos
2462 1289 2584 1350 post
2618 1296 2710 1335 sex
2748 1280 2908 1349 hujus
2937 1281 3118 1336 smeuli
3165 1290 3376 1346 anates,
3413 1282 3465 1335 in
3497 1281 3618 1351 qui-

2037 1373 2137 1427 bus
2186 1388 2284 1442 pro
2319 1373 2549 1427 Domino
2597 1372 2807 1428 labores
2869 1373 3182 1440 toleramus,
3214 1388 3278 1428 ac
3328 1373 3616 1443 septimam

2037 1463 2351 1519 sabbatismi
2383 1464 2706 1529 animarmu,
2732 1480 2852 1534 qua:
2902 1465 3119 1518 interim
3164 1466 3216 1518 in
3256 1465 3360 1518 alia
3391 1465 3494 1518 vita
3526 1481 3620 1534 ge-

2037 1555 2194 1618 ritur,
2221 1566 2411 1609 octava
2436 1554 2680 1624 proiecto
2702 1563 2866 1610 {etate
2907 1570 3271 1624 resurgemus.
3299 1554 3432 1608 Nam
3474 1557 3618 1625 quod

348 1645 513 1698 donec
549 1646 750 1698 videant
793 1644 962 1711 ﬁlium
993 1643 1218 1696 hominis
1251 1642 1529 1696 venientem
1577 1642 1628 1694 in
1661 1656 1815 1709 regno
1839 1655 1932 1693 suo
1968 1613 2010 1671 Β
2040 1647 2339 1710 Matthmus,
2373 1647 2455 1702 vel
2488 1648 2654 1702 etiam
2685 1646 2918 1709 Marcus,
2942 1646 3227 1702 Dominum
3253 1657 3366 1717 post
3387 1664 3480 1700 sea:
3505 1649 3618 1700 dies

348 1733 565 1802 (Matth.
584 1735 824 1802 “1,98).
848 1733 925 1788 Ac
951 1735 994 1788 si
1020 1733 1222 1788 diceret
1243 1733 1458 1800 :Qualis
1489 1741 1745 1786 venturus
1775 1739 1855 1785 est
1881 1730 1933 1784 in

347 1826 473 1889 (ille,
506 1829 629 1882 talis
656 1828 724 1880 ob
769 1826 1202 1883 incredulitatem
1237 1835 1471 1880 vestram
1513 1823 1762 1893 prtcsenti
1800 1833 1935 1877 tctu-

351 1937 481 1990 pore
505 1921 985 1984 demonstrabitur,
1005 1921 1307 1975 videntibus
1331 1915 1800 1991 [al.,viventibus]
1831 1917 1932 1982 his,

346 1998 438 2082 qui
489 2014 577 2069 hic
618 2015 901 2068 assistunt.
933 2012 1067 2066 Nam
1113 2012 1239 2080 quia
1272 2012 1538 2066 incertum
1567 2020 1650 2065 est
1685 2009 1935 2063 omnibus

351 2114 566 2171 tempus
592 2103 1151 2172 universalis.judicii,
1197 2102 1512 2170 incertaque
1544 2097 1771 2169 singulis
1802 2099 1932 2152 hora

349 2192 432 2245 sui
463 2192 666 2255 exitus,
707 2202 760 2247 et
795 2202 1007 2263 poterat
1036 2193 1198 2261 longa
1231 2191 1400 2246 videri
1433 2206 1672 2261 praesens
1717 2188 1935 2244 alllictio

350 2283 720 2339 nescientibus
756 2285 974 2354 quando
1002 2284 1214 2354 requies
1254 2288 1518 2354 promissa
1565 2282 1794 2336 veniret.
1821 2280 1930 2334 νο.

351 2377 450 2432 luit
495 2379 617 2448 pius
665 2377 922 2448 Magister
968 2377 1235 2448 aliquibus
1268 2376 1653 2446 diseipulormu
1708 2389 1928 2428 suorum

349 2468 530 2521 adhuc
562 2466 613 2520 in
641 2476 782 2521 terra
813 2468 1132 2538 degentibus
1163 2477 1378 2521 aeterna:
1402 2466 1774 2542 promissionis
1805 2480 1937 2536 gau-

349 2556 438 2609 dia
486 2565 940 2625 prxemonstrare;
974 2567 1244 2626 quatenus
1274 2565 1330 2613 et
1373 2556 1497 2626 ipsi,
1531 2557 1620 2625 qui
1649 2556 1931 2620 vidissent,

342 2656 404 2698 et
429 2662 620 2701 omnes
641 2647 731 2716 qui
762 2648 948 2702 audire
980 2647 1412 2718 possent,levius
1439 2649 1663 2702 adversa
1697 2662 1933 2716 praesen-

355 2735 426 2788 tia
475 2735 797 2802 tolerarent,
835 2737 1058 2791 reducto
1096 2740 1292 2805 smpius
1334 2739 1402 2792 ad
1455 2747 1690 2791 mentem
1741 2736 1933 2791 futura:

354 2823 726 2879 retributionis
767 2842 1010 2893 numere,
1054 2828 1198 2896 quod
1234 2836 1633 2897 exspectarent.
1669 2828 1827 2892 Sunt,
1855 2827 1933 2882 in-

2040 1741 2481 1810 transfiguratum
2534 1740 2686 1805 dicit,
2717 1755 2815 1796 ncc
2853 1741 3042 1796 ordine
3074 1740 3353 1810 temporis,
3403 1755 3501 1795 nec
3533 1758 3618 1794 ra-

2040 1831 2182 1886 tione
2216 1830 2456 1900 mysterii
2491 1830 2761 1900 discrepat
2783 1845 2813 1884 a
2841 1829 2984 1886 Luca
3017 1831 3106 1900 qui
3135 1842 3250 1883 octo
3299 1831 3410 1885 dies
3443 1833 3613 1900 ponit.

2037 1922 2173 1990 Quia
2207 1921 2492 1976 Matthzcus
2531 1931 2719 1976 narrat
2749 1922 2956 1977 medios
2991 1931 3195 1976 tantum
3229 1922 3363 1990 dies,
3395 1923 3536 1978 unde
3563 1935 3619 1978 et

2036 2014 2282 2069 absolute
2329 2025 2442 2084 post
2479 2030 2571 2068 sea:
2614 2014 2722 2068 dies
2777 2013 2977 2068 factum
3034 2025 3464 2076 commemorat;
3529 2016 3619 2070 hic

2037 2116 2214 2160 autem
2247 2105 2500 2175 primum,
2534 2120 2641 2175 quo
2677 2105 2789 2162 lucc
2820 2105 3076 2161 Dominus
3103 2105 3381 2174 promisit;
3413 2116 3468 2160 et
3494 2105 3619 2160 triti-

2037 2211 2327 2264 nuun,quo
2348 2211 2440 2249 sua
2461 2195 2722 2263 promissa
2751 2195 3063 2265 complevit,
3099 2195 3359 2266 adjungit,
3387 2196 3616 2266 ideoque

2039 2289 2393 2357 temperatius
2435 2288 2662 2357 loquens
2703 2289 2811 2357 fere
2838 2290 2950 2344 dies
2979 2299 3092 2344 octo
3115 2288 3286 2360 ponit.
3319 2290 3385 2343 Et
3433 2289 3483 2343 in
3525 2307 3616 2344 ra-

2038 2379 2183 2434 tione
2215 2380 2463 2451 mystica,
2497 2380 2582 2436 ille
2609 2391 2723 2450 post
2753 2398 2846 2436 sex
2876 2382 3058 2436 mundi
3082 2391 3268 2438 aetates
3302 2383 3505 2439 sanctis
3549 2384 3618 2436 ab

2035 2473 2182 2527 omni
2217 2472 2400 2528 labore
2440 2473 2847 2544 quiescendum,
2896 2473 2984 2529 hic
3021 2483 3202 2529 autem
3241 2483 3434 2530 octavo
3479 2483 3618 2529 lem-

2037 2579 2168 2633 pore
2188 2564 2435 2634 designat
2465 2579 2586 2620 esse
2623 2565 3032 2635 resurgendum.
3075 2563 3209 2619 Tres
3237 2575 3416 2618 autem
3456 2566 3618 2620 disci-

2036 2656 2191 2726 pulos
2239 2655 2498 2710 Dominus
2549 2655 2874 2726 assumpsit,
2928 2656 3124 2725 quibus
3167 2655 3620 2733 gloriﬁcationem

2037 2763 2187 2802 suam
2218 2747 2553 2812 ostenderet,
2586 2747 2667 2802 vel
2702 2747 2828 2817 quia
2870 2747 2961 2817 qui
3001 2763 3144 2802 nunc
3205 2746 3364 2800 ﬁdem
3411 2757 3622 2800 sanctae

2037 2838 2324 2894 Trinitatis
2347 2838 2398 2892 in
2437 2838 2703 2893 charitate
2729 2847 3045 2908 operantem
3081 2848 3304 2893 servant
3326 2838 3618 2907 integrann,

352 2916 486 2981 quit,
517 2917 681 2987 aliqui
714 2919 797 2972 bic
841 2929 1070 2990 stantes,
1103 2921 1190 2992 qui
1230 2938 1332 2975 non
1362 2921 1643 2991 gustabunt
1689 2930 1928 2987 mortem,

2041 2939 2168 2986 tunc
2217 2930 2283 2983 de
2313 2928 2432 2998 ejus
2484 2928 2720 2982 revelata
2762 2927 2973 2984 visione
3018 2928 3332 2998 perenniter
3363 2928 3615 2994 laetatur;

346 3011 514 3062 donec
536 3011 740 3065 videant
761 3012 930 3081 ﬁlium
967 3014 1192 3067 hominis
1222 3015 1500 3068 venientem
1531 3013 1585 3066 in
1617 3028 1772 3082 regno
1815 3027 1931 3066 suo.

369 3102 658 3158 Venientem
689 3104 883 3175 quippe
922 3106 975 3160 ir:
1021 3123 1177 3176 regno
1204 3123 1299 3160 suo
1338 3105 1587 3160 viderunt
1615 3121 1736 3158 eum
1773 3105 1935 3158 disci-

354 3191 460 3263 puli
497 3195 600 3256 sui,
639 3195 730 3264 qui
783 3196 835 3250 in
875 3211 937 3251 ea
989 3196 1237 3251 claritate
1269 3196 1521 3250 viderunt
1557 3195 1845 3266 fulgentem
1879 3194 1931 3248 in

351 3292 554 3349 monte,
585 3284 637 3338 in
665 3301 769 3354 qua
802 3296 1022 3356 peracto
1038 3286 1244 3355 judicio
1273 3287 1339 3341 ab
1367 3286 1619 3342 omnibus
1647 3285 1851 3341 sanctis
1881 3285 1935 3339 in

356 3389 512 3442 regno
547 3392 643 3428 suo
672 3375 966 3430 videbitur.

425 3461 684 3531 Sequitur
715 3467 859 3519 enim
883 3467 934 3520 in
965 3467 1275 3536 evangeliea
1301 3467 1612 3523 narratione
1651 3469 1702 3521 id
1733 3469 1799 3522 de
1829 3484 1934 3538 quo

353 3551 498 3621 loqui
535 3553 782 3610 volumus
807 3573 820 3607 :
850 3555 915 3610 Et
945 3567 1060 3626 post
1083 3557 1192 3611 dies
1214 3575 1324 3624 sea“,
1353 3559 1631 3626 assumpsit
1653 3557 1811 3614 Iesus
1836 3559 1936 3613 Pe-

357 3655 518 3711 trum,
547 3654 595 3698 et
620 3644 880 3700 Jacobum
899 3688 914 3713 ,
941 3658 988 3701 et
1015 3647 1272 3702 Joannem
1303 3649 1522 3720 fratrem
1550 3648 1689 3718 ejus,
1709 3659 1755 3702 et
1786 3650 1937 3704 duxit

353 3731 473 3788 illos
505 3734 559 3788 iu
585 3746 809 3790 montem
835 3736 1091 3791 excelsum
1115 3753 1370 3792 seorsum.
1386 3737 1536 3806 Quod
1562 3747 1675 3808 post
1691 3737 1801 3792 dies
1823 3754 1932 3802 sex,

351 3835 424 3876 ex
457 3839 566 3893 quo
611 3827 860 3895 promisit
889 3826 1167 3896 discipulis
1214 3829 1520 3884 claritatem
1573 3845 1683 3884 sua:
1711 3829 1938 3887 visionis

352 3912 618 3971 Dominus
645 3917 906 3986 ostendit,
950 3918 1218 3990 significat
1265 3929 1485 3977 sanctos
1524 3919 1576 3975 in
1620 3921 1707 3977 die
1745 3920 1934 3990 judicji

368 4022 593 4076 regnum
639 4020 1010 4080 pereepturos,
1065 4012 1208 4084 quod
1259 4013 1340 4070 eis
1387 4015 1648 4083 promisit,
1696 4016 1786 4085 qui
1833 4033 1938 4070 non

352 4101 624 4168 mentitur,
675 4101 836 4169 Deus,
867 4115 986 4158 ante
1024 4115 1257 4172 tempora
1298 4104 1577 4159 stccularia
1626 4105 1754 4178 (Tit.
1785 4122 1824 4172 ι,
1855 4107 1934 4178 2).

357 4187 614 4258 Tempora
643 4193 840 4263 quippe
891 4191 1168 4247 swcularia
1189 4233 1206 4258 ,
1241 4209 1334 4249 sex
1377 4195 1630 4251 tetatibus
1660 4206 1933 4254 constant.

2040 3022 2120 3079 vel
2168 3023 2292 3092 quia
2339 3030 2448 3078 tres
2485 3029 2609 3077 sunt
2663 3021 2879 3076 ordines
2935 3018 3173 3074 ﬁdelium
3225 3019 3278 3073 in
3333 3018 3618 3082 Ecclesia,

2037 3114 2128 3183 qui
2163 3114 2260 3171 soli
2305 3114 2371 3168 ad
2399 3113 2537 3168 hanc
2563 3112 2826 3167 visionem
2857 3111 3144 3182 pervenire
3172 3120 3510 3174 mereantur,
3540 3111 3619 3163 vi-

2038 3205 2253 3271 delicet,
2285 3203 2579 3274 praepositi,
2615 3212 2670 3258 et
2722 3202 3084 3268 continentes,
3125 3211 3288 3272 atque
3321 3201 3615 3271 coniugati.

2037 3295 2292 3365 Quisquis
2339 3295 2481 3348 enim
2531 3295 2581 3348 in
2637 3294 2818 3364 aliquo
2865 3293 3026 3348 trium
3073 3294 3298 3348 istormn
3352 3293 3618 3359 graduum

2041 3390 2290 3442 inventus
2315 3403 2418 3440 non
2451 3385 2643 3448 fuerit,
2678 3386 2744 3439 ad
2783 3386 3039 3458 gaudium
3068 3385 3295 3442 visionis
3328 3385 3484 3452 hujus
3513 3398 3619 3437 non

2039 3480 2348 3550 pertinebit.
2380 3477 2572 3532 Petrus
2597 3494 2850 3547 namque,
2877 3488 3099 3548 propter
3126 3478 3414 3548 primatum
3438 3493 3618 3541 suum,

2041 3569 2294 3638 przelatos
2350 3566 2607 3623 Ecclesiae
2657 3568 2902 3639 designat
2939 3567 3218 3624 :Joannes
3256 3580 3439 3622 autem
3466 3610 3481 3632 ,
3527 3570 3619 3638 qui

2040 3660 2401 3730 permansisse
2450 3661 2602 3732 virgo
2651 3660 3004 3732 perhibetur,
3055 3661 3279 3716 caelibes
3322 3676 3385 3714 ac.
3435 3661 3621 3714 mundi

2041 3762 2445 3823 contemptores
2472 3762 2854 3825 prtemonstrat
2881 3771 2895 3809 :
2919 3751 3153 3809 Jacobus
3187 3769 3338 3817 vero,
3367 3755 3456 3821 qui
3489 3770 3620 3824 sup-

2040 3842 2312 3912 plantator
2332 3841 2550 3908 dicitur,
2577 3843 2889 3914 conjugatos
2922 3853 2977 3898 et
3008 3844 3207 3899 mundo
3235 3843 3378 3899 licite
3408 3852 3625 3897 utentes

2041 3933 2328 4002 signiﬁcat.
2349 3933 2442 3987 llic
2458 3950 2588 4004 ergo
2613 3933 2784 3988 tribus
2803 3933 3099 4003 discipulis,
3125 3949 3367 4006 perquos
3383 3935 3626 3991 universi

2041 4025 2388 4096 designantur
2414 4025 2592 4092 electi,
2624 4025 2883 4080 Dominus
2912 4026 3138 4098 gloriam
3177 4043 3330 4082 suam
3371 4037 3623 4083 ostensu-

2042 4133 2133 4172 rus
2157 4119 2209 4171 in
2238 4130 2462 4172 montem
2493 4133 2587 4173 eos
2615 4119 2758 4172 ducit
2785 4118 3064 4183 excelsum,
3109 4128 3168 4174 ut
3198 4120 3387 4174 doceat
3429 4137 3623 4176 omnes

2040 4208 2130 4279 qui
2175 4209 2312 4262 hanc
2343 4208 2525 4263 videre
2564 4207 2894 4275 desiderant,
2937 4226 3044 4265 non
3101 4209 3151 4264 in
3186 4209 3390 4266 inlimis
3433 4211 3622 4282 jacere

347 4279 563 4346 Quibus
605 4281 895 4352 completis
919 4322 936 4348 ,
968 4279 1202 4337 aitdient'
1224 4299 1253 4338 a
1285 4285 1513 4340 Domino
1545 4305 1558 4340 :
1602 4285 1810 4354 Venite,
1852 4287 1933 4343 be-

2042 4297 2425 4368 voluptatibns.
2461 4314 2565 4354 non
2615 4298 2886 4354 illecebris
2911 4301 3118 4356 servire
3143 4301 3449 4358 carnalibus
3469 4343 3486 4368 ,
3515 4321 3622 4360 non

355 4373 550 4427 nedicti
575 4372 751 4430 Patris
775 4375 905 4442 mei;
927 4377 1185 4446 possidete
1203 4388 1448 4448 paratum
1476 4380 1616 4434 vobis
1658 4396 1872 4451 regnum
1902 4400 1935 4438 α

349 4467 720 4522 constitutione
748 4468 931 4522 mundi
952 4467 1169 4540 (Matth.
1196 4486 1323 4535 xxv,
1350 4470 1462 4542 54).
1505 4471 1739 4528 Possunt
1766 4474 1932 4529 etiam

349 4574 445 4612 sex
475 4558 584 4612 dies
625 4560 905 4628 promissa:
929 4561 1224 4618 Dominicae
1248 4563 1470 4620 visionis
1494 4575 1544 4619 et
1577 4565 1783 4636 glorite,
1814 4584 1938 4638 per-

351 4645 645 4703 fectionem
692 4653 957 4706 bonorum
1003 4669 1228 4723 operum
1255 4654 1563 4728 designare,
1591 4659 1710 4714 sine
1738 4661 1936 4730 quibus

355 4739 421 4792 ad
452 4741 925 4811 contemplandam
948 4744 1257 4802 Conditoris
1297 4747 1380 4802 sui
1413 4748 1751 4820 maiestatem
1784 4753 1935 4822 quis»

349 4846 458 4900 que
487 4848 594 4887 non
642 4833 789 4890 valet
831 4837 1135 4904 pervenire.
1186 4838 1323 4907 Quia
1365 4841 1512 4897 enim
1541 4843 1803 4900 Dominus
1838 4860 1934 4901 sex

349 4924 545 4982 diebus
578 4941 757 4982 rerum
800 4937 1106 4984 creaturam
1149 4929 1441 5000 formavit,
1472 4944 1528 4990 et
1573 4938 1803 5005 septima
1855 4953 1936 4993 re-

349 5017 559 5086 quievit
581 5019 650 5074 ab
679 5021 934 5089 operibus
980 5023 1093 5080 suis
1124 5021 1277 5093 (Gen.
1316 5042 1356 5092 ι,
1405 5029 1499 5097 ιι);
1549 5037 1696 5084 recte
1723 5045 1821 5102 per
1844 5047 1937 5086 sea:

284 5128 296 5139 '
347 5112 463 5170 dies
491 5128 656 5183 opera
689 5114 851 5182 bona,
885 5116 1081 5187 quibus
1107 5118 1173 5174 ad
1220 5119 1466 5190 requiem
1505 5123 1789 5192 pervenire
1841 5124 1935 5178 de-

350 5201 567 5270 bemus,
609 5205 1010 5276 exprimuntur.
1039 5207 1105 5263 Et
1129 5208 1256 5279 quia
1293 5210 1386 5280 qui
1432 5209 1601 5265 Deum
1637 5212 1850 5280 videre,
1878 5223 1934 5268 et

349 5294 418 5350 ad
457 5295 682 5365 gloriam
728 5297 904 5355 beata:
936 5300 1351 5360 resurrectionis
1396 5304 1704 5374 pertingere
1734 5321 1934 5364 concu-

349 5385 536 5452 piscit,
572 5388 730 5444 debet
751 5405 914 5460 agere
940 5391 1082 5448 bona
1122 5407 1243 5466 quae
1286 5393 1472 5460 novit;
1502 5406 1646 5452 recte
1681 5408 1795 5465 post
1822 5399 1932 5454 dies

351 5489 468 5540 sex,
513 5477 738 5548 gloriam
772 5483 852 5536 sui
904 5484 1054 5554 regni
1103 5500 1266 5554 quam
1310 5486 1594 5556 spopondit
1633 5488 1931 5560 discipulis,

354 5561 604 5623 Salvator
627 5573 878 5628 ostendit.
912 5573 1083 5631 Lucas
1116 5585 1294 5633 tamen
1324 5578 1402 5634 sic
1428 5579 1676 5648 scripsit:
1705 5579 1926 5638 Factum

2044 4388 2276 4443 terrenis
2331 4389 2610 4444 adluerere
2660 4391 3078 4460 cupiditatibus;
3134 4392 3228 4447 sed
3288 4403 3620 4448 :eternortnn

2038 4496 2224 4538 amore
2250 4483 2314 4536 ad
2345 4473 2579 4552 superna
2622 4499 2838 4554 semper
2885 4484 3043 4556 erigi,
3073 4494 3129 4541 et
3171 4485 3432 4555 angelicae
3465 4487 3623 4556 163

2039 4573 2336 4639 munditiae,
2369 4574 2604 4643 pietatis,
2637 4586 2692 4630 et
2721 4577 2871 4644 pacis
2905 4586 2962 4632 et
2983 4577 3312 4643 dilectionis,
3334 4586 3387 4631 et
3408 4577 3618 4632 bonita-

2038 4664 2132 4729 tis,
2159 4676 2211 4719 et
2233 4665 2458 4736 justitize
2490 4667 2681 4733 vitam,
2709 4676 2969 4737 quantum
3017 4669 3333 4725 mortalibus
3365 4670 3624 4739 possibile

2037 4765 2140 4824 est,
2177 4773 2392 4828 semper
2428 4757 2628 4812 imitari
2677 4759 2907 4824 debere,
2953 4760 3108 4831 juxta
3162 4759 3288 4814 illud
3324 4760 3567 4830 Apostnli
3602 4775 3620 4812 :

2040 4845 2241 4901 Nostra
2285 4856 2458 4902 autem
2506 4849 2830 4903 conuersatio
2865 4846 3101 4904 iu'cwlis
3131 4861 3227 4905 est.
3273 4849 3421 4903 Unde
3460 4851 3624 4902 etiam

2035 4939 2349 4994 salvatorem
2395 4951 2749 5011 exspectamus
2808 4940 3088 4996 Dominum
3150 4954 3384 4996 nostrum
3433 4942 3620 4996 .lesmn

2037 5029 2325 5098 Christum,
2354 5031 2444 5102 qui
2489 5028 2790 5099 reformabit
2821 5048 3007 5100 corpus
3052 5031 3362 5086 Itumilitatis
3404 5041 3619 5091 nostrtt’,

2036 5121 2416 5192 conﬁguratum
2433 5123 2637 5192 corpori
2651 5121 2906 5176 claritatis
2919 5140 3029 5177 sua!
3041 5121 3286 5195 (Philipp.
3305 5140 3389 5186 ιιι,
3401 5121 3614 5192 20,!2).

2036 5210 2364 5267 Ostensurus
2389 5211 2616 5282 gloriam
2645 5228 2755 5266 sua:
2787 5211 3102 5282 Majestatis,
3127 5215 3182 5266 in
3205 5224 3430 5285 utentem
3457 5211 3617 5266 disci-

2037 5303 2190 5375 pulos
2215 5304 2379 5368 ducit,
2405 5313 2461 5357 ut
2486 5303 2697 5360 discant
2739 5304 2860 5375 ipsi,
2888 5305 3098 5360 discant
3123 5319 3310 5360 ontnes
3337 5303 3431 5374 qui
3475 5303 3620 5358 hanc

2034 5397 2232 5466 ,v'idere
2261 5395 2469 5462 sitiunt,
2504 5413 2608 5452 non
2657 5413 2774 5451 eam
2813 5397 2914 5452 sibi
2954 5398 3005 5451 in
3054 5397 3210 5466 hujus
3255 5397 3434 5451 seaculi
3487 5411 3615 5466 pro-

2040 5486 2225 5553 fundo,
2259 5488 2352 5543 sed
2389 5486 2438 5540 in
2473 5503 2637 5558 regno
2667 5502 2915 5557 superate
2951 5488 3302 5543 beatitudinis
3323 5503 3441 5543 esse
3463 5504 3618 5556 qua:—

2042 5581 2284 5648 rcndam,
2310 5590 2362 5636 et
2391 5582 2643 5635 studeant
2677 5580 2821 5651 digni
2853 5580 2966 5635 ﬁeri
3001 5581 3287 5639 ascendere
3309 5584 3361 5635 in
3393 5593 3619 5636 montem
