3940 6046
240 238 348 296 605

1331 225 1635 284 IIOMILIA.
1680 227 1763 281 ET
1806 224 2406 281 EXIlOItTATlONES.

3410 220 3516 277 606

244 349 488 415 Domini,
531 354 585 401 et
623 351 770 406 stare
801 343 852 394 in
879 341 993 394 loco
1021 349 1202 394 sancto
1239 341 1373 409 ejus.
1400 339 1464 393 Et
1495 339 1634 392 bene
1675 351 1836 391 evau-
1867 343 1911 398 Α
1942 339 2234 403 «Ι‹ιι›;ιιιιυι’;
2285 340 2377 393 sed
2425 355 2490 393 eo
2548 347 2780 391 montem
2826 346 3061 408 petente,
3105 351 3245 392 novo
3281 341 3516 392 candore

243 442 464 512 gelista,
497 451 621 492 cum
670 433 898 488 dixisset
947 431 1076 501 quia
1132 431 1284 484 duxit
1338 430 1458 483 illos
1504 431 1560 483 in
1610 440 1833 482 montem

244 532 530 592 excelsum,
575 526 782 581 addidit
819 539 1051 579 seorsum
1083 537 1098 574 :
1131 522 1257 591 quia
1297 519 1428 591 justi
1456 531 1510 576 et
1557 533 1684 574 tunc
1713 534 1836 576 cum

245 635 540 693 pravorqu
576 618 770 672 vicinia
808 623 1149 686 premuntur,
1197 614 1378 668 animo
1422 623 1600 667 tamen
1634 622 1744 666 toto
1774 626 1838 666 ac

247 713 451 768 mentis
483 709 806 771 intentione,
848 716 906 761 ct
941 722 1162 780 operum
1213 704 1560 761 exsecutione
1602 702 1838 774 separati

250 814 384 862 sunt
412 802 636 869 abillis,
675 809 731 854 et
761 800 813 854 in
845 797 1026 854 futuro
1069 811 1294 868 prorsus
1340 796 1502 850 etiam
1533 809 1756 865 corpore
1785 802 1843 849 et

251 896 374 950 loco
426 891 858 963 segregahuntur
895 888 964 942 ab
1005 887 1121 951 eis,
1162 885 1378 956 quando
1418 884 1700 938 abscundet
1753 899 1841 938 eos

1941 433 2198 505 refulscre
2217 433 2393 501 :quia,
2421 431 2558 490 sicut
2584 429 2820 484 Joannes
2872 429 3125 499 loquitur,
3146 446 3281 483 nunc
3306 431 3516 500 quidem
3570 465 3573 469 -

1936 507 2033 592 ﬁlii
2071 523 2162 576 Dei
2195 539 2404 584 sumus,
2453 521 2542 576 sed
2578 521 2810 574 nondum
2851 520 3093 590 apparuit
3127 520 3252 589 quid
3279 520 3515 573 erimus:

1938 617 2132 669 scimus
2157 625 2330 667 autem
2361 613 2636 684 quia,cum
2659 612 2984 682 apparuerit,
3018 611 3216 664 similes
3231 611 3277 664 ei
3297 610 3516 674 erimus,

1939 705 2186 776 quoniam
2238 704 2523 764 uidebimus
2571 719 2689 756 cum
2727 702 2882 757 sicuti
2926 714 3000 756 est
3032 701 3082 773 (Ι
3136 700 3297 755 Joan.
3331 716 3416 764 Ill,
3441 701 3522 770 ἓ).

1944 796 2098 852 Unde
2127 796 2266 851 bene
2306 794 2520 851 Marcus
2562 795 2626 849 de
2664 794 2868 850 eisdem
2909 793 3249 848 vestimentis
3288 792 3364 846 ait
3397 789 3523 861 quia

1941 888 2084 958 facta
2109 896 2230 942 sunt
2261 886 2616 953 splendentia,
2651 885 2982 955 candidaque
3027 884 3204 947 nimis,
3237 881 3371 936 velut
3404 883 3517 943 nim,

255 985 514 1040 Dominus
540 984 595 1037 in
636 981 816 1035 abdito
847 978 1020 1034 vultus
1065 979 1148 1033 sui
1180 996 1212 1031 a
1251 976 1644 1031 conturbatione
1675 974 1844 1027 Itomi-
1941 977 2121 1050 qualia
2157 977 2288 1047 fullo
2309 994 2464 1046 super
2497 987 2689 1030 terram
2746 993 2846 1030 non
2885 984 3048 1042 potest
3087 975 3314 1028 candida
3357 973 3528 1042 facere

256 1094 404 1141 num,
431 1085 478 1130 et
501 1082 728 1144 proteget
772 1072 825 1126 in
859 1068 1196 1125 tabernaculo
1226 1085 1343 1123 suo.
1387 1066 1514 1134 Qui,
1539 1065 1691 1136 juxta
1738 1064 1844 1118 Lu-

255 1185 402 1234 cam,
430 1165 679 1222 ascendit
711 1164 764 1218 in
813 1172 1055 1216 montem
1086 1169 1369 1222 oraturus,
1393 1169 1448 1214 et
1480 1158 1558 1213 sic
1583 1155 1844 1211 transfor-

259 1258 493 1316 mandus
521 1275 533 1311 :
564 1255 688 1325 quia
717 1255 768 1307 iu
810 1253 932 1309 caeli
964 1261 1232 1308 secretam
1265 1249 1634 1312 altitudinem,
1661 1257 1720 1302 ut
1755 1262 1842 1302 ve-

263 1367 356 1405 rus
395 1347 641 1404 Pontifex
673 1388 688 1412 ,
747 1345 993 1402 ascendit
1053 1359 1148 1414 pro
1201 1341 1315 1397 suis
1364 1340 1846 1410 interpellaturus.

261 1457 527 1511 suamque
579 1440 804 1510 gloriam
861 1437 941 1492 eis
998 1435 1070 1490 ibi
1138 1433 1624 1498 manifestaturus;
1676 1441 1731 1487 et
1789 1440 1849 1485 ut

262 1534 575 1588 ostenderet
599 1531 724 1601 quia
769 1529 859 1600 qui
906 1530 1121 1586 beatam
1168 1524 1621 1581 resurrectionem
1653 1537 1848 1591 exspe-

265 1631 440 1685 ctant,
488 1631 542 1676 et
572 1635 753 1690 regem
803 1619 854 1672 in
906 1619 1098 1673 decore
1132 1632 1232 1671 suo
1271 1615 1455 1670 videre
1495 1613 1846 1677 desiderant,

1946 1070 2143 1142 (Marc.
2191 1086 2343 1130 xvm,
2375 1069 2454 1137 2).
2501 1067 2636 1134 Quia
2677 1069 2819 1136 quod
2853 1068 3106 1122 omnibus
3159 1073 3330 1135 patet,
3372 1080 3530 1118 nemo

1944 1171 2029 1218 est
2056 1163 2145 1232 qui
2169 1160 2289 1216 sine
2313 1161 2667 1228 corruptione
2689 1169 2745 1214 et
2767 1159 2957 1214 dolore
2985 1158 3168 1212 vivere
3188 1156 3357 1224 possit
3377 1172 3532 1224 super

1946 1264 2162 1318 terram,
2189 1268 2349 1307 nemo
2375 1262 2460 1307 est
2505 1252 2598 1321 qui
2632 1253 2750 1306 sine
2805 1259 3011 1306 attactu
3051 1248 3278 1318 alicujus
3323 1248 3531 1317 peccati

1947 1347 2320 1413 viverequcat
2374 1361 2532 1413 super
2574 1353 2789 1397 terram.
2835 1337 3128 1412 Sed‘quod
3174 1339 3329 1410 fullo,
3374 1339 3426 1393 id
3453 1347 3536 1391 est

1949 1436 2139 1492 doctor
2161 1435 2494 1498 animarum,
2517 1434 2632 1489 sive
2653 1434 2940 1489 mundator
2953 1432 3148 1502 aliquis
3172 1431 3254 1486 sui
3290 1429 3536 1498 corporis

1949 1528 2205 1592 eximius,
2225 1543 2383 1596 super
2405 1535 2622 1589 terram,
2647 1541 2750 1579 non
2780 1534 2968 1593 potest,
3007 1523 3268 1578 Dominus
3291 1521 3451 1575 faciet
3482 1520 3534 1573 in

1954 1617 2112 1684 coelo,
2144 1617 2438 1671 emundans
2479 1614 2792 1678 Ecclesium,
2831 1623 3036 1669 vestem
3084 1611 3332 1666 videlicet
3359 1625 3536 1668 suam.

266 1731 449 1774 mente
501 1719 560 1798 in
588 1716 822 1771 excelsis
877 1714 1146 1780 habitare,
1176 1729 1239 1767 ac
1287 1709 1562 1766 continuis
1600 1708 1852 1778 precibus
1884 1696 1928 1754 Β
1954 1711 2018 1763 ab
2047 1709 2189 1764 omni
2229 1709 2623 1778 inquinamento
2657 1705 2831 1760 carnis
2867 1716 2913 1760 et
2957 1705 3194 1775 spiritus,
3239 1703 3459 1771 insuper
3485 1710 3541 1756 ct

269 1811 521 1864 insistere
548 1807 796 1862 debeant.

344 1899 605 1968 Sequitur
641 1920 652 1954 :
687 1897 756 1950 Et
803 1894 1211 1964 transﬁguratus
1257 1901 1330 1948 cst
1371 1900 1494 1946 ante
1515 1907 1624 1946 eos.
1667 1888 1736 1942 Et
1775 1903 1855 1942 re-

272 1989 536 2060 splenduit
570 1987 732 2057 facies
766 1985 880 2056 ejus
903 1985 1032 2039 sicut
1059 1983 1168 2050 sol;
1206 1984 1506 2038 vestimenta
1536 1993 1710 2036 autem
1741 1979 1856 2050 ejus

268 2083 416 2151 facta
439 2091 558 2135 sunt
589 2080 736 2142 alba,
768 2079 900 2132 sicut
935 2077 1044 2131 nix.
1080 2077 1250 2131 Lucas
1277 2090 1405 2129 vero
1432 2073 1562 2128 dicit
1587 2071 1684 2127 :Et
1715 2071 1858 2140 facta

275 2181 375 2237 est,
404 2171 530 2222 dum
556 2178 752 2233 oraret,
775 2167 967 2236 species
1003 2165 1173 2220 uultus
1201 2164 1316 2234 ejus
1347 2164 1542 2229 altera,
1566 2173 1612 2216 et
1644 2163 1858 2216 vestitus

276 2264 392 2332 ejus
449 2262 599 2315 albus
645 2261 906 2330 refulgens
950 2258 1102 2329 (Luc.
1155 2273 1228 2318 Is,
1282 2257 1397 2326 29).
1431 2254 1860 2324 Transﬁguratus

281 2365 462 2412 autem
494 2355 752 2410 Dominus
779 2362 907 2410 ante
957 2351 1271 2422 discipulos,
1304 2359 1358 2405 et
1387 2349 1440 2403 in
1482 2348 1652 2403 altera
1683 2347 1863 2418 specie

286 2448 468 2502 vultus
499 2460 788 2516 apparens,
821 2458 924 2497 non
956 2441 1183 2496 formam
1219 2439 1438 2496 humani
1459 2437 1705 2508 corporis
1731 2435 1866 2490 ami-

283 2541 379 2604 sit,
428 2539 521 2594 scd
563 2553 717 2596 suam
748 2550 1078 2604 suorumque
1108 2534 1556 2606 gloriﬁcationem
1595 2544 1865 2599 praemon-

283 2631 499 2686 stravit.
531 2627 698 2682 Facta
740 2637 812 2681 est
840 2626 984 2682 eui'm
1013 2626 1205 2696 species
1236 2623 1408 2682 vultus
1448 2622 1567 2692 ejus
1595 2621 1787 2698 altera,
1816 2621 1868 2674 id

285 2734 390 2789 est,
434 2722 660 2776 alterius
698 2718 918 2790 gloriae,
957 2718 1172 2788 quando
1217 2715 1532 2786 resplenduit
1592 2715 1725 2768 sicut
1766 2709 1866 2766 sol.

283 2813 476 2882 (Zujus,
504 2811 736 2880 scilicet,
767 2807 1068 2879 Splendoris
1093 2815 1148 2861 et
1176 2805 1360 2876 gloria:
1386 2805 1606 2863 claritas
1633 2803 1699 2857 ad
1719 2810 1872 2859 uatu-

289 2924 405 2960 ram
453 2914 720 2973 susceptae
771 2899 1122 2956 humanitatis
1178 2897 1488 2967 specialiter
1541 2893 1869 2965 pertinebat.

289 2997 424 3051 Nam
453 2995 599 3050 illam
629 2994 796 3062 ipsius
823 2990 1127 3046 Divinitatis
1149 2987 1474 3043 ineﬂ'abilem
1500 2994 1554 3041 et
1581 2984 1872 3043 inacct-ssi-
1900 3030 1944 3092 C

288 3085 458 3144 bilem.
473 3084 761 3146 visionem,
778 3097 896 3150 qum
918 3081 971 3134 in
991 3089 1248 3134 a'ternam
1273 3077 1438 3131 vitam
1466 3075 1638 3132 beatis
1669 3074 1868 3128 mundo

291 3177 456 3232 corde
490 3183 762 3239 servatur,
794 3171 940 3227 nullo
967 3162 1128 3226 modo
1174 3166 1424 3238 discipuli
1455 3163 1666 3220 mortali
1695 3163 1870 3220 adhuc

296 3282 463 3323 carne
509 3264 833 3321 circumdati
905 3267 1156 3332 poterant
1207 3259 1426 3314 intueri.
1491 3256 1547 3310 in
1593 3256 1694 3310 hac
1743 3269 1874 3323 ergo

299 3357 779 3430 transfiguratione
826 3356 1090 3410 Dominus
1135 3361 1192 3408 et
1235 3351 1319 3406 sui
1363 3349 1605 3418 corporis
1649 3346 1873 3416 gloriam

300 3468 407 3522 qua
439 3466 537 3520 per
565 3448 1024 3505 resurrectionem
1056 3452 1177 3499 erat
1200 3441 1574 3497 illustrandum
1604 3454 1874 3510 praemon-

297 3541 518 3606 stravit,
545 3549 600 3595 et
623 3538 920 3594 electorum
953 3535 1194 3591 omnium
1221 3541 1439 3602 quantm
1464 3529 1730 3586 claritatis
1759 3537 1881 3596 post

299 3631 752 3688 resurrectionem
779 3627 962 3681 futura
981 3627 1088 3680 sint
1119 3636 1347 3693 corpora
1371 3620 1717 3691 praemonuit.
1742 3617 1878 3672 Nam

298 3735 351 3781 ct
382 3724 449 3779 de
475 3722 582 3780 illis
607 3722 743 3777 alios
771 3721 847 3774 ait
880 3738 893 3774 :
930 3718 1075 3774 Tunc
1109 3715 1244 3785 justi
1285 3712 1557 3783 fulgebunt
1590 3712 1726 3766 sicut
1768 3709 1881 3775 sol,

302 3816 359 3870 in
383 3829 541 3884 regno
570 3810 750 3866 Patris
784 3825 964 3865 eorum
1001 3806 1220 3879 (Matth.
1261 3819 1384 3868 stu,
1423 3801 1542 3872 43).
1587 3801 1654 3856 Et
1700 3801 1790 3884 hic
1829 3801 1888 3855 in

302 3883 611 3974 exemplum
635 3901 830 3958 futura:
873 3895 1284 3956 elariflcationis
1333 3893 1526 3965 ipsius,
1569 3883 1885 3962 resplc'nduit

305 3996 467 4065 facies
492 3994 608 4065 ejus
633 3993 765 4048 sicut
794 3991 894 4046 sol.
922 3989 1041 4052 Non
1069 3989 1195 4060 quia
1228 3985 1443 4050 Domni,
1485 3994 1542 4039 et
1576 3989 1886 4040 sanctorum

307 4101 452 4157 ejus,
477 4084 705 4156 aequalis
730 4083 903 4154 possit
925 4097 1044 4139 esse
1075 4079 1297 4136 claritas
1321 4087 1378 4134 et
1405 4075 1610 4149 gloria;
1642 4074 1735 4130 sed
1761 4073 1888 4145 quia

307 4177 445 4233 nihil
473 4177 588 4232 sole
625 4175 830 4231 clarius
868 4173 1054 4228 videre
1097 4171 1352 4226 novimus
1383 4183 1398 4223 :
1433 4182 1542 4224 non
1577 4166 1751 4223 solum
1781 4164 1891 4220 Do-

310 4269 475 4334 mini,
502 4267 598 4323 sed
634 4275 690 4321 et
718 4273 1028 4320 sanctorum
1062 4263 1116 4317 in
1141 4259 1538 4317 resurrectione
1562 4257 1743 4329 gloria.
1764 4255 1896 4314 solis

313 4359 553 4431 aspectui
581 4366 948 4428 comparatur,
981 4355 1110 4425 quia
1141 4352 1344 4408 clarius
1363 4351 1479 4407 sole
1503 4349 1728 4420 aliquid,
1751 4347 1894 4404 unde
1922 4379 1972 4438 ι)

1955 1809 2159 1856 aeterna
2188 1815 2248 1855 ea
2257 1801 2372 1854 suis
2392 1808 2446 1853 et
2467 1798 2695 1868 spiritus
2719 1792 3050 1853 beatitudine
3063 1809 3126 1848 ac
3139 1793 3257 1850 luce
3270 1793 3540 1848 reficiens.

2027 1891 2283 1962 Sequitur
2308 1904 2325 1944 :
2349 1889 2417 1944 Et
2437 1905 2552 1944 ecce
2577 1898 2931 1957 apparuerunt
2953 1885 3058 1940 illis
3085 1885 3294 1954 Moyses
3314 1894 3359 1937 et
3394 1881 3544 1936 Elias

1958 1996 2076 2035 cum
2111 1996 2172 2035 eo
2206 1980 2494 2050 loquentes.
2543 1976 2724 2032 Lucas
2751 1975 2867 2030 inec
2900 1972 3116 2043 plenius
3149 1970 3442 2041 exposuit:
3475 1968 3542 2022 Et

1959 2087 2076 2125 ecce
2110 2071 2215 2124 duo
2245 2071 2340 2124 viri
2369 2067 2718 2138 loquebantur
2745 2081 2863 2120 cum
2887 2063 3000 2118 illo.
3037 2062 3204 2117 Erant
3257 2061 3463 2130 Moyses
3494 2069 3544 2113 et

1963 2160 2116 2215 Elias
2146 2162 2242 2215 uisi
2291 2161 2346 2213 in
2388 2159 2684 2227 majestate,
2711 2166 2760 2209 et
2803 2156 3046 2210 dicebant
3086 2169 3364 2209 excessum
3409 2149 3544 2220 ejus,

1961 2269 2118 2322 quem
2139 2250 2490 2318 completurus
2513 2258 2624 2303 erat
2649 2249 2702 2302 in
2731 2245 3192 2314 Jerusalem(Luc.
3220 2261 3299 2308 Ix,
3325 2241 3543 2309 30,.5l).

1965 2342 2178 2414 Moyses
2201 2351 2257 2396 et
2288 2341 2453 2404 Elias,
2484 2340 2576 2409 qui
2623 2339 2788 2394 locuti
2827 2349 2954 2392 sunt
2985 2338 3037 2390 in
3072 2345 3255 2392 monte
3287 2349 3408 2389 cum
3443 2333 3548 2386 Do-

1967 2431 2136 2497 mino,
2160 2442 2206 2485 et
2236 2429 2476 2484 dicebant
2505 2443 2772 2484 excessum
2819 2426 2956 2496 ejus,
3000 2441 3156 2494 quem
3199 2421 3550 2491 completurus

1967 2532 2077 2576 erat
2110 2522 2162 2573 in
2191 2517 2506 2578 Jerusalem.
2541 2517 2591 2571 id
2627 2525 2738 2582 est,
2762 2515 3072 2586 passionem
3095 2527 3159 2567 ac
3189 2509 3545 2566 resurrectio-

1970 2626 2091 2666 nem
2121 2609 2258 2677 cjus,
2281 2608 2499 2665 oracula
2542 2607 2673 2679 legis
2707 2621 2772 2662 ac
2824 2605 3212 2676 prophetarum
3241 2601 3549 2670 designant,

1970 2717 2090 2770 qua:
2117 2701 2170 2754 in
2201 2701 2430 2755 Domino
2451 2700 2738 2768 completa,
2767 2707 2823 2754 et
2870 2712 3014 2752 nunc
3051 2695 3224 2749 doctis
3251 2693 3554 2762 quibusque

1971 2801 2180 2860 patent,
2228 2799 2284 2845 et
2335 2791 2388 2843 in
2441 2790 2622 2844 futuro
2664 2787 3005 2843 manifestius
3058 2786 3323 2856 patebunt
3365 2781 3556 2836 electis

1974 2884 2253 2938 ontuibus.
2276 2882 2376 2949 Qui
2419 2881 2556 2939 bene
2586 2881 2682 2934 visi
2716 2881 2770 2934 in
2819 2878 3093 2948 majestate
3127 2876 3399 2936 dicuntur,
3431 2871 3556 2942 quia

1978 2981 2105 3027 tunc
2151 2971 2390 3041 apertius
2440 2968 2709 3024 videbitur
2744 2976 2959 3039 quanta-
2995 2963 3244 3020 veritatis
3295 2961 3560 3030 dignitate

1977 3062 2159 3117 otnnis
2204 3061 2512 3116 divinorum
2552 3057 2890 3129 eloquiorum
2933 3070 3041 3112 non
3097 3053 3271 3109 solum
3328 3064 3559 3111 sensus,

1975 3154 2068 3209 sed
2095 3163 2150 3208 et
2175 3168 2355 3208 sermo
2379 3151 2539 3206 fuerit
2565 3149 2832 3220 prolatus.
2849 3147 3142 3206 Possumus
3153 3157 3418 3198 excessum
3447 3139 3562 3208 ejus

1979 3242 2280 3314 intelligere
2308 3238 2615 3310 specialiter
2636 3237 3020 3292 exultationem
3047 3229 3402 3289 humanitatis
3421 3229 3561 3298 ejus,

1977 3349 2084 3403 qua
2111 3332 2350 3388 excessit
2380 3330 2586 3396 omnia,
2615 3329 2757 3386 sicut
2783 3327 2939 3392 docet
2969 3322 3261 3396 Apostolus
3283 3320 3470 3376 dicens
3498 3319 3563 3370 de

1980 3427 2182 3481 Patre:
2223 3422 2289 3478 Ut
2333 3423 2513 3480 sciatis
2555 3437 2672 3492 quat
2708 3421 2782 3480 sit.
2827 3414 3213 3489 supereminens
3257 3410 3565 3491 magnitudo

1981 3515 2189 3571 uirtutis
2234 3514 2370 3585 ejus,
2417 3528 2576 3583 quam
2622 3519 2872 3582 cperatur
2918 3507 2974 3562 in
3015 3504 3260 3568 Christo,
3306 3502 3565 3558 suscitans

1982 3607 2134 3660 illum
2157 3622 2190 3659 a
2216 3605 2464 3669 mortuis,
2488 3611 2537 3658 et
2565 3602 2889 3658 constituens
2937 3598 3006 3656 ad
3045 3598 3314 3652 dexteram
3341 3608 3492 3648 suam
3513 3591 3566 3644 in

1983 3698 2298 3763 cmlestibus,
2325 3713 2488 3768 supra
2517 3710 2719 3751 omnem
2751 3693 3130 3764 principatum,
3152 3699 3201 3744 et
3221 3695 3568 3760 potestatem,

1984 3797 2032 3842 et
2064 3789 2332 3851 virtutem,
2370 3794 2417 3840 et
2445 3784 2882 3848 dominationem,
2905 3791 2954 3837 et
2995 3796 3148 3836 omne
3195 3793 3384 3834 nomen
3426 3774 3566 3846 quod

1987 3879 2307 3943 nominatur,
2333 3892 2436 3930 non
2464 3872 2634 3928 solum
2660 3873 2714 3927 iu
2735 3875 2831 3928 hoc
2846 3871 3066 3937 swculo,
3088 3869 3178 3926 sed
3206 3877 3254 3922 et
3283 3869 3338 3922 in
3367 3867 3574 3935 futuro;

1987 3978 2034 4024 et
2071 3967 2248 4024 omnia
2276 3963 2492 4035 subjecit
2517 3961 2612 4018 sub
2650 3961 2866 4032 pedibus
2905 3958 3266 4032 ejus\(Eplies.
3293 3971 3332 4020 ι,
3359 3953 3570 4020 18-21).

1993 4062 2092 4118 Hic
2113 4070 2201 4118 est
2221 4073 2480 4116 excessus
2507 4053 2818 4114 Mediatoris
2840 4051 2936 4108 Dei
2956 4060 3012 4107 et
3033 4049 3312 4108 hominum
3339 4045 3578 4102 hominis

1991 4153 2116 4208 lesu
2149 4150 2376 4206 Christi.
2405 4146 2583 4227 «Quem
2633 4159 2916 4202 excessum
2961 4142 3090 4198 licet
3119 4139 3280 4198 Pater
3320 4143 3582 4207 operatus

1995 4245 2094 4309 sit,
2128 4244 2244 4314 ipse
2267 4250 2447 4299 tamen
2499 4237 2798 4296 secundum
2838 4229 3462 4303 divinitatispotentiam
3495 4226 3578 4280 ni-

1999 4337 2291 4394 hilominus
2312 4341 2568 4403 operatus
2590 4339 2694 4397 est,
2717 4339 2881 4398 atque
2905 4326 3214 4397 complevit.
3243 4321 3580 4390 Quazcunque

311 4411 865 4521 exemplumvdarretur
898 4411 1233 4512 horninibus,
1266 4442 1490 4499 minime
1533 4411 1723 4511 potuit
1744 4438 1894 4494 invo-
1922 4411 1972 4440 υ
1996 4430 2139 4486 enim
2167 4428 2325 4482 Pater
2338 4425 2719 4496 fecerit,lia'cet
2733 4420 2908 4475 Filius
2934 4417 3174 4474 similiter
3184 4415 3312 4485 facit
3325 4411 3576 4485 (Joau.v,

312 4544 440 4600 uiri.
485 4542 792 4602 Possumus.
823 4539 990 4612 etiam
1024 4552 1120 4608 per
1176 4534 1370 4590 faciem
1431 4530 1548 4600 eius
1594 4528 1895 4598 intelligere

316 4643 640 4706 praesentem
671 4640 727 4688 et
764 4629 1108 4686 manifestam
1136 4625 1503 4698 cognitionem
1545 4619 1902 4678 humanitatis

318 4729 508 4798 ipsius.
539 4725 877 4796 liesplenduit
900 4738 1030 4791 ergo
1053 4724 1188 4776 sicut
1211 4720 1292 4774 sol
1313 4718 1474 4789 {acies
1503 4717 1620 4786 eius
1641 4729 1660 4768 :
1688 4714 1812 4784 quia
1845 4713 1898 4767 in

319 4816 412 4871 illo
445 4829 700 4885 superna:
721 4809 1074 4868 beatitudinis
1097 4823 1266 4878 regno
1294 4805 1499 4862 sanctis
1545 4803 1806 4860 omnibus
1827 4801 1900 4854 ita

317 4908 688 4980 resplendebit
711 4906 871 4962 unico
895 4919 960 4960 ac
1002 4902 1262 4974 singulari
1291 4900 1580 4970 splendore
1599 4895 1901 4956 clarissima

318 5002 484 5062 etiam
513 4999 874 5058 humanitatis
901 4997 1028 5067 ejus
1047 4992 1452 5064 comelttplatio,
1477 4990 1620 5052 sicut.
1638 4987 1718 5050 sol
1746 4985 1903 5042 unica

319 5103 376 5151 ct
413 5090 680 5164 singulari
718 5088 970 5150 claritate
998 5093 1219 5156 superat
1250 5083 1430 5140 omnia
1485 5095 1608 5150 quae
1627 5077 1904 5147 corporeis

323 5185 493 5240 oculis
517 5183 699 5239 lucida
725 5181 998 5240 videntur.
1034 5176 1368 5236 Vestimenta,
1392 5182 1568 5232 autem
1600 5171 1741 5241 ejus,
1787 5184 1907 5238 quae

325 5277 457 5330 sicut
486 5277 580 5332 nia:
619 5272 873 5330 albedine
911 5269 1196 5333 refulscre,
1250 5282 1355 5326 non
1395 5267 1695 5336 incongrue
1729 5261 1916 5318 sancti.

327 5367 446 5436 ejus
467 5365 767 5438 ﬁguraliter
786 5357 1448 5432 intelliguntur,Apostolo
1463 5357 1681 5414 dicente
1703 5371 1716 5408 :
1745 5353 1910 5420 Quat-

327 5468 450 5530 quot
477 5458 726 5528 baptizati
751 5459 904 5522 estis,
919 5455 1186 5510 Christum
1203 5447 1673 5519 induistislGalat.
1697 5446 1906 5513 ιιιιῖῑ).

329 5549 482 5616 Quae,
533 5547 761 5615 scilicet,
814 5547 1144 5609 vestimenta,
1197 5543 1314 5612 ipso
1375 5541 1514 5595 inter
1567 5538 1816 5594 homines
1858 5537 1911 5592 in

336 5641 496 5708 terris
526 5647 903 5704 conversantc,
937 5638 1192 5705 despecta
1221 5633 1557 5701 aliorumque
1610 5623 1803 5686 similia
1833 5629 1910 5680 vi-

1998 4523 2109 4592 19).
2130 4519 2194 4574 Ει
2211 4515 2655 4589 complevitillum
2671 4514 2723 4568 in
2746 4526 2980 4582 superna
2995 4506 3314 4570 Jerusalem,
3329 4503 3418 4558 ubi
3436 4517 3577 4558 sem-

2000 4593 2283 4685 per'videtu
2292 4625 2317 4663 r
2331 4625 2436 4680 pax
2453 4607 2565 4672 Dei,
2578 4622 2696 4677 qua:
2706 4611 2981 4674 exsuperat
2993 4616 3196 4656 omnem
3207 4613 3414 4655 sensum
3429 4594 3555 4668 (Phi
3560 4624 3586 4644 -.

1999 4707 2128 4776 lipp.
2143 4704 2276 4775 tv,7)
2293 4703 2396 4760 Sed
2411 4710 2466 4756 et
2483 4700 2535 4753 in
2551 4699 2753 4756 sanctis
2768 4696 2880 4751 suis
2891 4707 3147 4761 magnum
3161 4703 3431 4748 excessum
3440 4700 3582 4743 com-

2004 4798 2413 4874 plebit,quando
2429 4793 2937 4867 poetjndiciumzvos,
2945 4803 3117 4860 usque
3127 4787 3198 4844 ad
3207 4782 3587 4843 celsitudinem

2005 4904 2246 4965 paterna:
2270 4887 2502 4946 visionis
2524 4883 2780 4941 elevabit.
2812 4881 2969 4936 Hunc
2999 4879 3183 4948 itaque
3205 4887 3467 4930 excessum
3489 4883 3582 4924 ca-

2007 4963 2137 5054 pitis
2165 4991 2224 5036 et
2259 4979 2633 5038 membrorum
2676 4973 2732 5032 in
2765 4971 2987 5032 civitate
3017 4966 3198 5039 magni
3251 4963 3394 5033 regis
3431 4975 3582 5015 com-

2009 5050 2272 5145 plendum.
2307 5068 2519 5142 Moyses
2567 5074 2622 5124 et
2677 5063 2826 5120 Elias
2881 5061 3159 5115 dicebant:
3191 5056 3316 5126 quia
3361 5050 3588 5145 gloriam

2010 5137 2365 5224 exaltationis
2387 5137 2590 5216 Christi
2619 5165 2675 5214 et
2706 5152 2960 5212 Ecclesia:
2993 5147 3360 5220 prtediserunt
3387 5137 3589 5212 iugiter

2010 5258 2104 5314 les
2139 5265 2202 5314 et.
2233 5252 2532 5324 prophetat.
2561 5245 3059 5321 Subjungitautcm
3092 5240 3196 5295 hoc
3248 5235 3368 5291 loco
3417 5231 3590 5284 Lucas

2011 5349 2181 5412 solus,
2201 5339 2634 5410 dicens:.Petrus
2653 5346 2854 5400 vero,“
2889 5333 2985 5403 qui.
3002 5345 3117 5386 cum
3150 5327 3240 5382 illo
3267 5331 3438 5386 erant,
3469 5334 3590 5390 gra-

2016 5440 2119 5496 vati
2151 5444 2302 5491 erant
2325 5448 2530 5490 somno.
2559 5429 2623 5484 Et
2653 5425 2958 5497 euigilantes
2996 5421 3233 5476 viderunt
3264 5413 3593 5484 majestatem

2015 5533 2150 5602 ejus,
2173 5538 2224 5584 et
2248 5529 2381 5582 duos
2411 5527 2546 5582 viros
2573 5523 2660 5594 qui
2690 5520 3053 5582 stabautcum.
3073 5513 3162 5566 illo
3193 5509 3344 5580 (Luc.
3366 5522 3442 5569 Ix,

2018 5596 2274 5680 hlamistc
2305 5618 2475 5683 solus,
2495 5616 2592 5688 qui
2623 5612 2794 5668 octavi
2820 5609 2923 5664 dici
2953 5606 3283 5663 mentionem
3310 5596 3598 5677 praemisit,
