3940 6046
368 173 472 226 68Ἱ

724 175 781 227 S.
823 173 1119 229 ANSELMI
1155 172 1506 229 CANTUAR.
1542 172 1858 230 AllClllEP.
1902 168 2054 224 Ol’l’.
2101 171 2280 226 PARS
2313 170 2467 227 IL—
2493 173 2864 231 ΡΑΒΔΕΝΕΤ.
2908 175 2997 232 ΕΤ
3029 176 3275 237 ASCET.

3530 187 3634 243 608

370 305 511 345 tuine
542 290 778 359 speciem
804 289 1215 344 resurrectionis
1241 290 1516 345 describit.
1550 291 1683 345 Nam
1709 292 1760 344 in
1789 292 1949 345 Petro
1981 287 2022 345 Α
2055 285 2245 342 beatus
2263 287 2477 355 Petrus,
2516 289 2569 344 in
2590 304 2657 345 eo
2692 291 2836 362 quod
2859 293 3069 351 caelesti
3111 301 3515 357 conversationi
3550 313 3632 357 ta-

368 390 424 434 ct
454 381 620 436 sociis
650 380 788 448 ejus,
815 390 869 434 ut
902 395 1062 448 supra
1088 380 1291 435 dictum
1316 390 1419 445 est,
1450 398 1639 438 omnes
1661 384 1947 454 designan-

369 481 458 525 tur
506 470 687 535 elccﬁ,
734 470 826 539 qui
868 482 1168 540 gravantur
1234 488 1467 538 somno,
1519 474 1648 529 dum
1712 460 1944 543 corpora

366 579 555 619 eorum
581 564 633 617 in
664 563 886 617 tumulis
918 580 1095 633 usque
1123 565 1189 619 ad
1223 567 1381 622 linem
1408 567 1586 622 Stcculi
1618 569 1895 622 dormiunt
1928 583 1943 622 :

365 654 459 708 sed
492 653 543 706 in
569 653 656 708 die
687 654 1107 711 resurrectionis
1127 656 1545 727 evigilabunt,et
1573 659 1637 711 ad
1660 659 1943 713 videndam

365 754 624 813 perpetuo
671 744 897 815 gloriam
940 744 1244 814 maiestatis
1301 750 1416 819 ejus
1480 750 1941 805 snhlimabnntur.

361 834 468 892 Sed
496 845 549 889 et
583 835 719 890 duos
749 836 896 892 viros
924 846 1139 894 stantes
1192 854 1316 895 cum
1369 855 1435 895 eo
1464 840 1743 905 videbunt,
1779 842 1829 895 id
1859 851 1944 897 est

364 928 647 982 veritatem
684 944 875 984 sensus
913 929 1049 1001 legis
1076 940 1131 986 et
1167 932 1575 1001 prophetarum.
1620 948 1739 1002 qn:e
1785 933 1941 987 istam

361 1018 800 1074 rlariiicationem
848 1023 1372 1091 prtenuntiaverunt.
1426 1022 1517 1077 Vel
1563 1038 1746 1078 somno
1794 1036 1943 1080 erant

359 1113 558 1177 gravati
579 1127 600 1164 :
622 1113 748 1182 quia
771 1113 1026 1183 splendor
1050 1115 1611 1184 incomprehensibilis
1637 1116 1943 1173 divinitatis

361 1204 558 1271 premit
592 1205 826 1271 quodam
859 1205 1007 1260 velut
1035 1208 1183 1278 gravi
1211 1208 1449 1276 pondere
1472 1224 1665 1263 sensus
1698 1211 1942 1279 corporis

363 1295 552 1348 nostri.
580 1294 649 1350 Et
680 1280 978 1366 evigilantes
1005 1299 1244 1352 viderunt
1271 1300 1596 1369 majestatem
1634 1301 1748 1371 ejus
1774 1316 1795 1357 :
1817 1305 1942 1371 quia

360 1386 450 1453 qui
504 1401 753 1441 somnum
797 1391 1043 1459 corporis
1088 1406 1118 1443 a
1162 1406 1261 1446 suo
1312 1392 1477 1446 corde
1529 1394 1846 1461 excutiunt,
1889 1405 1945 1451 et

362 1489 541 1532 mente
567 1479 756 1549 vigiles
786 1480 943 1549 llunt,
966 1484 1034 1538 ad
1076 1483 1253 1538 lucem
1284 1498 1532 1556 superna:
1578 1487 1806 1543 visionis
1833 1490 1942 1545 ele-

360 1579 572 1624 vantur.

2051 376 2337 433 hernacula
2372 379 2615 436 iacienda
2647 383 2873 452 putavit,
2912 386 3193 443 nesciebat
3237 391 3368 459 quid
3413 394 3628 448 diceret.

2052 467 2104 521 In
2137 468 2222 523 illa
2248 485 2480 541 namque
2505 472 2745 529 caelestis
2769 476 2892 531 vitae
2914 477 3087 547 gloria
3112 476 3305 537 dolnus
3326 486 3632 542 necessaria

2051 578 2155 614 non
2183 565 2308 628 erit,
2347 564 2436 618 ubi
2466 606 2480 629 ,
2520 566 2717 622 divina:
2764 570 3239 640 contemplationis
3290 575 3412 631 luce
3449 579 3628 634 omnia

2050 653 2389 720 pacificante,
2420 670 2553 710 aura
2584 657 2931 715 adversitatis
2961 660 3188 731 alicujus
3214 664 3451 721 timenda
3485 667 3628 723 nulla

2050 745 2369 809 remanebit,
2420 755 2654 804 testante
2682 750 2943 820 Apostolo
2983 750 3213 821 Joanne,
3246 756 3337 826 qui
3387 757 3630 829 ejusdem

2048 849 2297 904 supernae
2344 838 2586 895 civitatis
2631 840 2937 898 claritatem
2990 846 3304 902 describens
3361 849 3438 904 ait
3484 850 3631 907 inter

2047 925 2152 978 alia
2193 945 2206 978 :
2244 924 2313 979 Et
2358 929 2606 995 templum
2658 947 2761 985 non
2795 933 2900 986 vidi
2944 935 3004 998 in
3047 952 3141 999 ea;
3197 935 3455 993 Dominus
3488 942 3630 995 enim

2048 1015 2369 1085 omnipotens
2382 1017 2629 1087 templum
2642 1019 2784 1073 illius
2798 1031 2898 1086 est,
2914 1031 2962 1076 et
2977 1022 3158 1094 Agnus
3183 1025 3366 1095 (Apoc.
3383 1042 3495 1093 nt,
3510 1028 3624 1099 εἳ).
3714 1090 3725 1099 ,

2048 1105 2331 1162 Nesciebat
2358 1123 2491 1179 ergo
2522 1110 2651 1180 quid
2682 1113 2896 1177 diceret,
2938 1116 3029 1184 qui
3080 1128 3258 1172 mente
3283 1131 3624 1187 excesserat;

2045 1198 2170 1267 quia
2200 1197 2253 1252 in
2284 1199 2445 1253 domo
2473 1198 2669 1267 Patris,
2693 1217 2813 1271 quin
2838 1203 2891 1257 in
2924 1205 3079 1260 caelis
3109 1217 3214 1272 est,
3248 1209 3439 1264 domus
3462 1226 3626 1267 manu

2049 1286 2188 1343 laeta
2230 1292 2536 1346 necessaria
2584 1309 2689 1348 non
2749 1293 2840 1349 sit.
2880 1294 3172 1352 Nesciebat
3224 1300 3352 1368 quid
3409 1301 3627 1365 diceret,

2046 1381 2136 1449 qui
2178 1380 2456 1437 Christum
2489 1384 2542 1438 in
2595 1384 2681 1439 illa
2724 1386 2972 1443 claritate
3022 1404 3238 1458 semper
3285 1392 3357 1447 ibi
3392 1395 3633 1451 retinere

2045 1474 2252 1539 volens,
2320 1492 2427 1531 non
2479 1479 2752 1548 cogitabat
2806 1483 2933 1552 quia
2988 1483 3186 1539 salvari
3246 1489 3475 1544 mundus
3519 1491 3627 1546 nisi

2048 1575 2223 1622 morte
2241 1566 2441 1624 Christi
2459 1586 2563 1624 non
2580 1581 2814 1642 poterat.
2844 1573 3129 1631 Nesciebat
3154 1579 3285 1648 quid
3302 1580 3513 1645 diceret,
3530 1584 3623 1653 qui

433 1661 721 1730 Sequitur:
736 1662 1066 1732 Respondeas
1083 1677 1256 1722 autem
1274 1667 1483 1736 Petrus,
1499 1670 1629 1725 dixit
1642 1673 1713 1725 ad
1724 1671 1933 1727 Iesum:

2046 1657 2246 1713 oblitus
2297 1668 2381 1715 est
2429 1631 2652 1731 regnum
2696 1664 2954 1719 sanctisa
2986 1631 3213 1722 Domitio
3266 1683 3377 1725 non
3428 1631 3635 1727 alicdli

362 1750 600 1812 Domine.
626 1753 815 1808 bonum
843 1766 918 1808 est
950 1772 1043 1810 nos
1064 1758 1149 1811 hic
1169 1773 1300 1813 esse.
1339 1758 1399 1815 Si
1428 1762 1520 1826 vis,
1572 1762 1833 1831 faciamus
1856 1764 1941 1819 hic

358 1843 460 1895 tria
492 1842 851 1911 tabernacula,
897 1848 991 1901 tibi
1021 1864 1205 1913 unum,
1249 1850 1423 1922 Moysi
1471 1869 1653 1920 unum,
1707 1863 1756 1909 et
1802 1854 1939 1910 Elia:

363 1951 524 1988 unum
555 1949 574 1988 :
604 1936 670 1991 Et
716 1937 828 1993 ha‘c
869 1940 1033 1994 etiam
1072 1939 1263 2007 Lucas,
1308 1957 1428 2002 cum
1484 1944 1548 2000 de
1578 1946 1785 2002 duobus
1809 1947 1940 2002 viris

361 2026 694 2096 loqueretur,
724 2030 804 2083 sic
828 2030 905 2084 ait
936 2049 949 2084 :
982 2030 1048 2084 Et
1084 2031 1284 2101 factum
1312 2043 1416 2098 est,
1455 2050 1574 2089 cum
1617 2035 1938 2093 discederent

356 2116 423 2170 ob
449 2116 560 2180 illo,
590 2119 664 2172 ait
698 2118 883 2175 Petrus
904 2122 973 2175 ad
1007 2121 1189 2177 Jesum
1221 2137 1240 2175 :
1275 2123 1603 2195 Praeceptor,
1638 2126 1831 2181 bonum
1863 2136 1937 2182 est

358 2224 449 2260 nos
472 2209 556 2262 hic
596 2226 739 2276 esse;
780 2211 1040 2280 faciamus
1078 2215 1180 2267 tria
1206 2215 1564 2279 tabernacula,
1607 2234 1768 2272 unum
1811 2219 1935 2288 tibi,

356 2318 520 2354 unum
574 2302 764 2371 Moysi,
812 2314 860 2358 et
913 2320 1076 2359 unum
1128 2305 1304 2363 Elite:
1332 2310 1562 2363 nesciens
1586 2310 1711 2378 quid
1745 2309 1936 2365 diceret

357 2390 506 2459 (Luc.
525 2407 602 2460 ιχ,
620 2393 731 2464 55).
748 2394 1014 2450 Discessio
1028 2395 1225 2467 Moysis
1237 2408 1291 2452 et
1307 2397 1434 2453 Elius
1447 2415 1475 2453 a
1489 2398 1723 2464 Christo,
1738 2417 1936 2457 secun-

358 2482 486 2535 dum
514 2483 643 2537 illud
671 2484 1019 2555 intelligenda
1049 2496 1152 2552 est,
1181 2488 1341 2561 165,
1360 2491 1503 2559 quod
1535 2491 1609 2545 ait
1628 2491 1932 2560 Apostolus,

354 2575 479 2642 quia
504 2593 620 2630 cum
644 2578 833 2631 venerit
854 2579 995 2648 quod
1013 2580 1297 2649 perfectum
1322 2592 1418 2645 est,
1445 2584 1778 2637 evacuabitur
1796 2585 1937 2656 quod

352 2681 418 2718 ex
441 2677 588 2734 parte
612 2677 686 2720 est
706 2666 757 2735 (1
780 2665 903 2723 Cor.
929 2684 1028 2723 xm
1049 2711 1062 2734 ,
1090 2669 1198 2739 10).
1232 2670 1473 2727 Recedet
1510 2674 1655 2727 enim
1690 2676 1931 2730 doctrina

353 2755 490 2824 legis
540 2765 594 2811 et
642 2759 1053 2829 prophetarum,
1091 2761 1182 2817 ubi
1230 2761 1597 2818 manifestatio
1627 2765 1821 2820 divinas
1852 2765 1930 2820 vi-

353 2848 522 2902 sionis
565 2850 773 2905 sanctis
821 2854 1155 2921 apparuerit.
1201 2850 1393 2909 Petrus
1422 2870 1551 2909 vero
1598 2856 1665 2911 ad
1698 2873 1783 2922 ea,
1817 2873 1935 2928 quae

352 2942 626 3007 cernebat,
655 2945 935 3013 respondit"
953 2963 967 2999 :
983 2943 1189 3001 Bonum
1206 2956 1279 3001 est
1311 2964 1402 3001 nos
1429 2947 1513 3001 hic
1533 2965 1665 3013 esse,
1685 2950 1934 3022 virosque

344 3030 459 3099 jam
490 3030 830 3091 discedentes
852 3035 1106 3106 cupiebat
1135 3037 1208 3093 ibi
1247 3030 1484 3094 retinere
1506 3055 1644 3095 nova
1679 3038 1933 3097 taberna-

349 3121 596 3178 culorum
631 3128 1056 3184 constructione.
1088 3128 1224 3184 Nam
1252 3129 1375 3200 quia
1402 3145 1510 3201 quo
1533 3130 1764 3202 amplius
1784 3132 1936 3202 quis-

349 3214 603 3280 que'vita‘:
633 3215 871 3272 scelestis
915 3217 1253 3275 dulcedinem
1295 3221 1565 3289 degustat,
1607 3223 1933 3294 eoamplius

352 3304 558 3360 fastidit
580 3308 758 3361 omnia
786 3323 905 3377 quae
924 3307 1214 3380 placebant
1244 3312 1296 3367 in
1323 3312 1522 3368 inbutis
1546 3331 1559 3367 :
1586 3316 1781 3369 merito
1814 3316 1934 3384 ipse

351 3410 495 3450 nunc
520 3396 630 3451 visa
663 3397 875 3453 Domini
902 3408 958 3454 et
996 3410 1307 3457 sanctorum
1342 3401 1458 3471 eius
1506 3403 1810 3474 majestatel
1851 3420 1932 3459 re-

350 3491 510 3549 pente
544 3493 739 3538 cuncta
779 3499 900 3555 qum
939 3496 1168 3543 noverat
1202 3497 1420 3545 terrena
1465 3490 1821 3553 obliviscitur,
1879 3501 1934 3547 et

349 3569 481 3625 solis
509 3571 594 3626 his
635 3586 757 3642 qua:
799 3574 1015 3630 videbat
1061 3576 1362 3633 delectatur
1409 3579 1716 3648 adhaerere;
1750 3583 1931 3652 ibique

349 3676 470 3716 cum
500 3662 627 3718 Jesu
655 3672 804 3736 optat
829 3664 1096 3732 habitare,
1121 3669 1211 3724 ubi
1242 3670 1584 3727 manifestata
1609 3674 1727 3744 ejus
1755 3674 1927 3745 gloria

349 3752 580 3825 betatur,
609 3755 795 3813 dicens
830 3770 849 3812 ‘:
888 3757 1132 3825 Domine,
1176 3759 1366 3815 bonum
1411 3771 1487 3818 est
1534 3778 1628 3819 nos
1677 3765 1762 3819 hic
1798 3782 1927 3821 esse.

348 3837 484 3912 Quia
512 3858 699 3902 revera
739 3849 915 3904 solum
966 3849 1201 3907 hominis
1251 3851 1452 3908 bonum
1493 3865 1579 3910 est
1626 3855 1828 3911 intrare
1874 3856 1930 3912 in

346 3935 598 4005 gaudium
625 3937 835 3994 Domini
868 3938 1059 4017 silibet
1093 3940 1220 3997 huic
1247 3943 1661 4014 contemplando
1688 3945 1740 3998 in
1770 3952 1932 4000 aeter-

347 4026 474 4082 num
499 4030 777 4085 assistere.
812 4028 965 4086 Unde
995 4030 1188 4086 merito
1218 4032 1353 4087 nihil
1385 4049 1621 4103 unquam
1652 4035 1765 4090 veri
1801 4036 1929 4092 boni

348 4116 603 4172 habuisse.
627 4112 903 4187 putandus
929 4128 1033 4186 est,
1057 4120 1163 4186 cui,
1193 4128 1345 4175 reatu
1374 4135 1474 4177 suo
1502 4124 1773 4194 exigente,
1801 4120 1929 4180 con-

2040 1756 2328 1815 terrarum,
2358 1753 2450 1806 sed
2473 1752 2525 1806 in
2555 1753 2707 1809 ctelis
2735 1769 2854 1808 esse
2881 1757 3206 1825 promissum
3235 1774 3250 1812 :
3284 1776 3385 1816 nec
3418 1777 3613 1817 recor-

2039 1838 2198 1893 datus
2246 1853 2331 1896 est
2366 1855 2425 1897 se
2470 1857 2706 1914 suosque
2761 1846 3102 1915 coapostolos
3159 1849 3374 1905 mortali
3423 1854 3602 1909 adhuc

2039 1945 2204 1985 carne
2242 1931 2636 2005 circumseptus
2680 1935 3002 1993 immortalis
3048 1938 3175 1995 vita;
3214 1950 3412 1997 statum
3439 1944 3625 1999 subire

2041 2034 2146 2073 non
2187 2034 2369 2089 posse.

2111 2108 2366 2180 Sequittfr
2390 2128 2404 2165 :
2430 2112 2617 2168 Adhuc
2658 2131 2719 2169 eo
2769 2115 3031 2194 loquente,
3079 2135 3197 2175 ecce
3240 2122 3402 2177 nubes
3442 2123 3624 2182 lucida

2038 2199 2361 2256 obumbravit
2382 2217 2490 2257 eos.
2518 2202 2586 2257 Et
2617 2220 2733 2259 ecce
2763 2223 2860 2261 eos:
2879 2208 2945 2262 de
2971 2208 3127 2274 nube,
3156 2210 3335 2265 dicens
3366 2225 3388 2263 :
3416 2211 3521 2268 Hic
3544 2226 3629 2269 ese

2038 2288 2213 2346 Filius
2244 2309 2391 2348 meus
2415 2294 2659 2362 dilectus,
2716 2298 2769 2351 in
2810 2315 2912 2370 quo
2953 2300 3080 2354 mihi
3123 2300 3248 2356 bene
3281 2306 3572 2374 complacui
3596 2324 3619 2371 ,-

2038 2382 2207 2453 ipsum
2231 2385 2428 2440 audite.
2458 2386 2634 2443 Lucas
2667 2389 2829 2443 etiam
2861 2390 2932 2445 ita
2959 2409 2975 2444 :
3005 2390 3135 2447 Htec
3173 2397 3369 2449 autem
3406 2396 3498 2450 illo
3536 2397 3621 2451 lo-

2035 2486 2242 2545 quente,
2266 2476 2410 2546 facta
2435 2487 2513 2533 est
2540 2480 2720 2544 nubes,
2748 2490 2796 2534 et
2821 2482 3143 2537 obumbravit
3173 2501 3294 2548 eos;
3345 2496 3392 2540 et
3439 2487 3618 2544 timue-

2039 2574 2159 2618 runt
2200 2566 2517 2635 intrpntibus
2547 2567 2655 2623 illis
2695 2569 2750 2623 in
2785 2570 2992 2625 nubem.
3157 2588 3256 2627 eoa:
3279 2573 3421 2643 facta
3449 2577 3617 2631 estde

2038 2657 2191 2724 nube,
2221 2658 2399 2713 dicens
2432 2676 2452 2713 :
2490 2659 2593 2714 Hic
2622 2672 2696 2715 est
2742 2661 2913 2716 Filius
2957 2680 3101 2719 meus
3150 2664 3393 2732 dilectus,
3442 2668 3616 2737 ipsum

2038 2748 2217 2801 audite
2241 2747 2393 2819 (Luc.
2428 2763 2505 2813 Ix,
2529 2749 2640 2818 54).
2667 2750 2803 2818 Quia
2834 2751 3029 2808 Petrus
3062 2754 3409 2811 tabernacula
3434 2756 3615 2813 facere

2036 2839 2331 2908 quaerebat,
2373 2840 2590 2896 obtecta
2644 2842 2841 2898 lueidzc
2873 2844 3030 2900 nubis
3066 2854 3150 2900 est
3204 2847 3511 2902 admonitus
3561 2850 3619 2904 in

2041 2929 2129 2985 illa
2160 2932 2283 2987 vitae
2319 2931 2556 2988 etelestis
2607 2933 2942 2990 habitatione
2996 2937 3186 2993 domos
3234 2953 3340 2994 non
3380 2937 3497 2994 fore
3525 2954 3616 2994 ne-

2040 3025 2327 3091 cessarias,
2369 3024 2462 3080 ubi
2510 3026 2693 3081 omnia
2750 3027 3016 3084 Dominus
3054 3037 3255 3084 aeterna
3304 3038 3418 3086 suae
3477 3031 3614 3088 lucis

2037 3116 2452 3173 obumbratione
2480 3119 2745 3188 protegit;
2786 3121 2877 3189 qui
2906 3118 3074 3176 lucent
3102 3122 3301 3175 habitat
3329 3124 3613 3179 inaccessi-

2037 3207 2191 3262 bilem
2234 3207 2303 3278 (fl
2346 3207 2481 3262 Tim.
2509 3224 2559 3264 vr
2593 3251 2608 3275 ,
2658 3208 2778 3279 16).
2820 3209 2946 3266 Hzec
3001 3211 3147 3265 enim
3202 3212 3363 3267 nubes
3408 3214 3610 3280 lucida,

2034 3314 2155 3369 qua?
2186 3315 2330 3355 nunc
2361 3314 2527 3371 super
2552 3301 2843 3372 discipulos
2868 3303 3014 3372 facta
3038 3312 3137 3368 est,
3189 3312 3239 3357 et
3287 3305 3621 3361 obumbravit

2032 3409 2141 3457 eos,
2166 3402 2252 3448 est
2276 3393 2365 3447 illa
2397 3393 2487 3447 lux
2514 3394 2925 3459 inaecessibilis,
2967 3395 3021 3450 in
3057 3410 3163 3465 qua
3196 3395 3338 3451 Dens
3375 3396 3607 3451 habitat.

2033 3481 2162 3548 Quae
2195 3483 2590 3539 inaccessibilis
2614 3493 2698 3539 est
2726 3483 2934 3540 viribus
2957 3485 3180 3551 nostris,
3212 3486 3305 3541 sed
3334 3486 3627 3541 acceditur,

2033 3574 2101 3628 ad
2153 3587 2273 3628 eam
2306 3573 2624 3628 muneribus
2662 3574 2874 3630 divinis.
2945 3573 3152 3644 Moyses
3195 3575 3342 3629 enim
3393 3575 3611 3629 accessit

2031 3664 2102 3717 ad
2149 3662 2422 3734 caliginem
2474 3664 2530 3717 in
2571 3678 2676 3734 qua
2727 3674 2840 3718 erat
2889 3663 3025 3719 Deus
3071 3662 3287 3743 (Exod.
3334 3679 3443 3729 xx,
3488 3664 3604 3733 2i).

2031 3750 2165 3807 Nam
2195 3750 2285 3807 illa
2306 3752 2500 3822 caligo,
2527 3762 2583 3808 et
2612 3752 2711 3809 ista
2740 3752 2941 3821 nubes,
2989 3760 3152 3824 atque
3196 3753 3285 3837 illa
3323 3754 3436 3820 lux,
3464 3754 3609 3808 idem

2030 3852 2174 3900 sunt.
2197 3843 2332 3912 Quia
2362 3853 2419 3899 et
2444 3844 2623 3899 omnis
2665 3845 2830 3899 etiam
2877 3860 3140 3916 corporea
3195 3845 3309 3910 lux,
3341 3860 3463 3916 quae
3492 3860 3617 3916 ιιι-εει

2030 3934 2310 3989 nimietate
2357 3933 2620 3989 claritatis
2675 3948 2782 3990 non
2844 3943 3023 4005 potest
3070 3936 3265 4006 aspici,
3304 3944 3450 3989 recte
3503 3950 3602 3989 ca-

2029 4025 2136 4096 ligo
2164 4036 2219 4080 et
2246 4026 2634 4082 inaecessihilis
2665 4026 2772 4082 dici
2808 4012 3007 4097 potest,
3058 4027 3200 4082 sicut
3244 4036 3299 4081 et
3326 4026 3617 4081 oculorum

2030 4125 2335 4172 nostrorum
2367 4119 2737 4174 reverberatio
2789 4120 2981 4191 prohat
3018 4120 3071 4174 in
3110 4128 3328 4189 aspectu
3361 4119 3512 4174 solis.
3535 4119 3610 4172 De

348 4206 504 4278 tingit
547 4222 820 4278 nunquam
867 4208 950 4264 sui
982 4207 1191 4265 faciem
1229 4211 1417 4266 videre
1445 4212 1738 4270 Creatoris.
1773 4215 1927 4282 Quod
2030 4209 2134 4265 hac
2170 4211 2314 4265 nube
2366 4220 2421 4265 el
2462 4210 2583 4266 luce
2616 4211 2820 4267 dictum
2876 4222 2960 4268 est
3001 4213 3053 4267 in
3093 4212 3280 4267 Exodo
3332 4212 3604 4281 mystice:

346 4298 391 4353 si
420 4298 609 4354 beatus
641 4297 833 4356 Petrus
881 4299 1237 4373 glorificatam
1285 4301 1490 4359 Christi
1532 4304 1924 4363 humanitatem
1956 4344 2004 4403 υ
2026 4298 2246 4372 Operuit
2274 4300 2434 4403 nubes
2458 4301 2852 4403 tabernaculum
2883 4303 3271 4403 testimonia-et
3300 4301 3469 4403 gloria
3496 4300 3605 4355 Do~

345 4392 742 4463 contemplatus
779 4403 929 4451 tanto
965 4392 1196 4450 adicitur
1244 4397 1462 4468 gaudio,
1520 4405 1579 4452 ut
1618 4398 1925 4455 nullatenus

2038 4393 2156 4447 mini
2182 4393 2413 4463 implevit
2438 4393 2591 4460 illud,
2622 4410 2713 4449 nec
2739 4404 2940 4465 poterat
2958 4392 3165 4464 Moyses
3189 4393 3393 4461 ingredi
3415 4402 3609 4446 tectum

346 4479 415 4532 ab
437 4480 553 4548 ejus
593 4482 789 4537 intuitu
831 4484 959 4540 velit
982 4487 1193 4541 secerni
1253 4504 1266 4541 :
1318 4488 1447 4557 quid
1503 4498 1757 4556 putamus
1799 4504 1919 4547 esse
2025 4483 2412 4553 {aderismube
2435 4486 2694 4555 aperiente
2730 4487 3012 4555 omniaset
3064 4486 3339 4554 mjestate
3382 4483 3599 4539 Domini

346 4570 700 4628 beatitudinis
735 4574 802 4630 iis
834 4576 924 4644 qui
976 4576 1283 4633 Divinitatis
1316 4577 1435 4648 ejus
1462 4579 1802 4636 altitudinem
1840 4583 1924 4637 vi-

346 4661 473 4715 dere
498 4664 830 4718 meruerint?
868 4664 1008 4722 Etsi
1049 4683 1170 4724 cum
1203 4669 1413 4726 duobus
1459 4681 1666 4727 tantum
1692 4674 1918 4743 sanctis,

346 4752 539 4825 Moyse
577 4754 785 4812 scilicet
824 4764 893 4813 et'
927 4758 1075 4829 Elia,
1132 4761 1569 4833 transfiguratam
1621 4764 1674 4819 in
1732 4775 1915 4824 monte

345 4845 578 4902 heminis
618 4847 819 4905 Christi
869 4851 1108 4922 speciem
1155 4854 1343 4911 videre
1387 4854 1587 4912 bonum
1627 4857 1922 4915 maximum

343 4936 517 5003 duxit,
557 4938 677 5010 quis
742 4952 923 4998 sermo
958 4944 1246 5017 explicare
1294 4954 1351 5004 et
1391 4948 1513 5018 quis
1560 4961 1754 5006 sensus
1781 4950 1925 5007 valet

342 5030 802 5100 comprehendere
831 5043 1034 5105 quanta
1084 5036 1195 5092 sint
1230 5038 1427 5110 gaudia
1451 5036 1747 5108 iustorum,
1797 5057 1923 5098 eum

342 5119 634 5175 accesserit
660 5120 733 5176 ad
761 5119 889 5178 Sion
915 5135 1166 5193 montem,
1201 5137 1257 5182 et
1304 5128 1372 5183 ad
1408 5128 1669 5185 civitatem
1709 5131 1810 5186 Dei
1850 5133 1925 5186 vi-

343 5193 528 5276 ventis,
546 5209 842 5268 Jerusalem
867 5213 1142 5282 caelestem,
1168 5226 1216 5271 et
1241 5217 1527 5274 multorum
1559 5220 1781 5275 millium
1810 5222 1921 5276 An-

342 5297 577 5366 gelorunt
604 5300 951 5373 frequentiam
981 5302 1171 5375 (Hebr.
1196 5318 1298 5371 xu,
1327 5304 1456 5376 22);
1490 5308 1924 5379 ipsumquecivi-

345 5387 476 5444 tatis
513 5386 759 5457 ejusdem
811 5392 1079 5449 artiﬁcem
1125 5402 1182 5449 et
1211 5395 1548 5453 conditorem
1587 5396 1777 5467 Deum,
1815 5413 1922 5455 non

344 5490 444 5547 per
472 5480 754 5548 speculum
785 5491 840 5539 et
875 5483 929 5538 in
966 5483 1254 5556 enigmata
1281 5485 1424 5543 sicut
1461 5502 1628 5556 nunc,
1661 5489 1756 5544 sed
1787 5488 1925 5545 faeie

344 5566 409 5623 ad
462 5566 661 5624 faciem
690 5573 1110 5645 eonspeserint?
1147 5575 1201 5648 (1
1243 5574 1368 5634 Cor.
1410 5593 1531 5645 xnt,
1576 5577 1689 5648 ιε.)
1719 5578 1922 5634 Tamen

2024 4584 2333 4629 coruscante
2356 4573 2556 4647 (Exod.
2592 4591 2679 4630 xc.
2710 4575 2805 4644 32,
2832 4576 2945 4647 33).
2972 4576 3049 4631 De
3078 4576 3180 4631 hac
3202 4575 3454 4630 similiter
3473 4584 3526 4629 et
3551 4576 3603 4628 in

2027 4667 2187 4722 tertio
2240 4666 2443 4737 Regum
2491 4666 2630 4722 libro
2671 4668 2933 4738 scriptum
2982 4676 3065 4723 est
3097 4684 3111 4721 :
3147 4666 3354 4721 Nebala
3379 4667 3610 4736 implevit

2023 4758 2237 4812 domum
2269 4757 2478 4811 Domini
2529 4767 2576 4812 et
2622 4773 2723 4811 non
2766 4767 3012 4828 poterant
3049 4757 3345 4811 sacerdotes
3377 4766 3518 4810 stare
3558 4767 3619 4809 et.

2025 4847 2330 4902 ministrare
2356 4854 2569 4916 propter
2598 4845 2844 4899 nebulam
2874 4864 2893 4903 :
2926 4846 3228 4916 impleverat
3267 4846 3405 4898 enim
3437 4844 3622 4914 gloriae

2024 4937 2239 4993 Domini
2270 4936 2483 4991 domum
2505 4935 2737 4991 Domini.
2761 4934 2906 4991 Tunc
2930 4937 3006 4990 ait
3027 4932 3280 4990 Salomon
3298 4950 3320 4989 :
3346 4933 3603 4988 Dominus

2024 5030 2158 5084 dixit
2184 5037 2241 5084 ut
2271 5028 2529 5083 habitaret
2554 5029 2616 5083 ine
2637 5026 2824 5083 nebula
2845 5027 2964 5099 (111
2982 5027 3113 5099 Reg.
3134 5042 3253 5091 vm,
3274 5026 3492 5096 ΝΛΞ).
3526 5024 3608 5081 De

2026 5118 2130 5174 hac
2152 5126 2208 5174 et
2234 5118 2575 5174 venerandus
2591 5117 2753 5173 Pater
2778 5118 3069 5190 Dionysius
3097 5118 3195 5183 ait,
3219 5117 3361 5172 sicut
3389 5125 3445 5171 et
3474 5114 3605 5170 alibi

2029 5211 2412 5269 meminimus:
2449 5210 2640 5266 Divina
2679 5211 2858 5282 caligo
2897 5218 2983 5266 est
3015 5209 3393 5266 inaccessibile
3422 5208 3603 5263 lumen

2027 5305 2083 5359 in
2103 5317 2215 5373 quo
2237 5303 2484 5360 habitare
2512 5302 2655 5358 Deus
2677 5302 3227 5369 dicitur,etiuvisihili
3253 5315 3320 5356 eo
3336 5300 3615 5357 existente

2028 5402 2251 5467 propter
2279 5393 2774 5465 supereminentem
2805 5392 3140 5457 claritatem,
3165 5401 3223 5447 et
3246 5387 3604 5446 inaccessibili

2026 5487 2217 5543 eodem
2245 5500 2345 5557 per
2374 5484 2912 5556 superescellentiam
2934 5482 3404 5554 superessentialis
3452 5482 3617 5535 lnmi-.

2029 5596 2157 5636 num
2191 5577 2557 5633 manationis.-
2580 5573 2637 5630 in
2666 5576 2768 5630 hoc
2804 5575 2875 5629 sit
2910 5575 3087 5631 omnis
3142 5573 3310 5630 Deum
3361 5572 3507 5629 scire
3546 5580 3617 5626 ob
