  <div class='ocr_page' id='page_1' title='image "/cluster/home/n/w/nwhite01/storage/ocr_20150623/158/hvd.32044054760160/310.png"; bbox 0 0 3940 6046; ppageno 0'>
   <div class='ocr_carea' id='block_1_1' title="bbox 312 192 423 259">
    <p class='ocr_par' dir='ltr' id='par_1_1' title="bbox 312 192 423 259">
     <span class='ocr_line' id='line_1_1' title="bbox 312 192 423 259; baseline 0 -2"><span class='ocrx_word' id='word_1_1' title='bbox 312 192 423 259; x_wconf 70' lang='lat'><strong>609</strong></span> 
     </span>
    </p>
   </div>
   <div class='ocr_carea' id='block_1_2' title="bbox 1409 187 2486 252">
    <p class='ocr_par' dir='ltr' id='par_1_2' title="bbox 1409 187 2486 252">
     <span class='ocr_line' id='line_1_2' title="bbox 1409 187 2486 252; baseline -0.005 -1"><span class='ocrx_word' id='word_1_2' title='bbox 1409 187 1714 252; x_wconf 70' lang='grc' dir='ltr'><strong>ΠΟΜΙΙΛΑΞ</strong></span> <span class='ocrx_word' id='word_1_3' title='bbox 1756 194 1841 248; x_wconf 83' lang='grc' dir='ltr'><strong>ΕΤ</strong></span> <span class='ocrx_word' id='word_1_4' title='bbox 1882 190 2486 248; x_wconf 75' lang='lat' dir='ltr'><strong>EXHORTATIONES.</strong></span> 
     </span>
    </p>
   </div>
   <div class='ocr_carea' id='block_1_3' title="bbox 3475 188 3580 248">
    <p class='ocr_par' dir='ltr' id='par_1_3' title="bbox 3475 188 3580 248">
     <span class='ocr_line' id='line_1_3' title="bbox 3475 188 3580 248; baseline -0.019 0"><span class='ocrx_word' id='word_1_5' title='bbox 3475 188 3580 248; x_wconf 66' lang='lat' dir='ltr'><strong>9M</strong></span> 
     </span>
    </p>
   </div>
   <div class='ocr_carea' id='block_1_4' title="bbox 315 296 3585 380">
    <p class='ocr_par' dir='ltr' id='par_1_4' title="bbox 315 296 3585 380">
     <span class='ocr_line' id='line_1_4' title="bbox 315 296 3585 380; baseline -0.002 -15"><span class='ocrx_word' id='word_1_6' title='bbox 315 312 509 369; x_wconf 85' lang='lat' dir='ltr'><strong>videre</strong></span> <span class='ocrx_word' id='word_1_7' title='bbox 530 309 748 380; x_wconf 82' lang='lat' dir='ltr'><strong>dignus,</strong></span> <span class='ocrx_word' id='word_1_8' title='bbox 794 323 916 363; x_wconf 89' lang='lat' dir='ltr'><strong>eum</strong></span> <span class='ocrx_word' id='word_1_9' title='bbox 975 323 1079 363; x_wconf 90' lang='lat' dir='ltr'><strong>non</strong></span> <span class='ocrx_word' id='word_1_10' title='bbox 1119 308 1350 364; x_wconf 87' lang='lat' dir='ltr'><strong>videndo</strong></span> <span class='ocrx_word' id='word_1_11' title='bbox 1379 324 1554 378; x_wconf 86' lang='lat' dir='ltr'><strong>neque</strong></span> <span class='ocrx_word' id='word_1_12' title='bbox 1605 323 1892 377; x_wconf 79' lang='lat' dir='ltr'><strong>cognosco,</strong></span> <span class='ocrx_word' id='word_1_13' title='bbox 1929 312 1973 370; x_wconf 77' lang='grc' dir='ltr'><strong>Α</strong></span> <span class='ocrx_word' id='word_1_14' title='bbox 2005 305 2238 360; x_wconf 72' lang='lat' dir='ltr'><strong>minibus</strong></span> <span class='ocrx_word' id='word_1_15' title='bbox 2265 304 2401 358; x_wconf 80' lang='lat' dir='ltr'><strong>dixit</strong></span> <span class='ocrx_word' id='word_1_16' title='bbox 2445 321 2457 358; x_wconf 91' lang='lat'>:</span> <span class='ocrx_word' id='word_1_17' title='bbox 2501 302 2727 357; x_wconf 76' lang='lat' dir='ltr'><strong>Pomitet</strong></span> <span class='ocrx_word' id='word_1_18' title='bbox 2760 316 2840 356; x_wconf 83' lang='lat' dir='ltr'><strong>me</strong></span> <span class='ocrx_word' id='word_1_19' title='bbox 2863 302 3046 371; x_wconf 79' lang='lat' dir='ltr'><strong>fecisse</strong></span> <span class='ocrx_word' id='word_1_20' title='bbox 3072 296 3333 367; x_wconf 72' lang='lat' dir='ltr'><strong>(Gemvn,</strong></span> <span class='ocrx_word' id='word_1_21' title='bbox 3367 303 3424 373; x_wconf 86' lang='lat'><strong>7)</strong></span> <span class='ocrx_word' id='word_1_22' title='bbox 3466 319 3585 370; x_wconf 76' lang='lat' dir='ltr'><strong>eos.</strong></span> 
     </span>
    </p>
   </div>
   <div class='ocr_carea' id='block_1_5' title="bbox 312 399 1898 469">
    <p class='ocr_par' dir='ltr' id='par_1_5' title="bbox 312 399 1898 469">
     <span class='ocr_line' id='line_1_5' title="bbox 312 399 1898 469; baseline -0.003 -15"><span class='ocrx_word' id='word_1_23' title='bbox 312 402 448 456; x_wconf 78' lang='lat' dir='ltr'><strong>vere</strong></span> <span class='ocrx_word' id='word_1_24' title='bbox 469 415 632 464; x_wconf 85' lang='lat' dir='ltr'><strong>super</strong></span> <span class='ocrx_word' id='word_1_25' title='bbox 655 400 917 454; x_wconf 82' lang='lat' dir='ltr'><strong>visionem</strong></span> <span class='ocrx_word' id='word_1_26' title='bbox 941 406 996 453; x_wconf 88' lang='lat' dir='ltr'><strong>et</strong></span> <span class='ocrx_word' id='word_1_27' title='bbox 1018 400 1381 469; x_wconf 74' lang='lat' dir='ltr'><strong>cognitionem</strong></span> <span class='ocrx_word' id='word_1_28' title='bbox 1406 399 1578 453; x_wconf 88' lang='lat' dir='ltr'><strong>factus</strong></span> <span class='ocrx_word' id='word_1_29' title='bbox 1599 400 1700 454; x_wconf 86' lang='lat' dir='ltr'><strong>hoc</strong></span> <span class='ocrx_word' id='word_1_30' title='bbox 1725 399 1898 467; x_wconf 86' lang='lat' dir='ltr'><strong>ipsum</strong></span> 
     </span>
    </p>
   </div>
   <div class='ocr_carea' id='block_1_6' title="bbox 310 486 1901 561">
    <p class='ocr_par' dir='ltr' id='par_1_6' title="bbox 310 486 1901 561">
     <span class='ocr_line' id='line_1_6' title="bbox 310 486 1901 561; baseline -0.004 -16"><span class='ocrx_word' id='word_1_31' title='bbox 310 505 672 561; x_wconf 85' lang='lat' dir='ltr'><strong>cognoscens,</strong></span> <span class='ocrx_word' id='word_1_32' title='bbox 702 490 827 559; x_wconf 88' lang='lat' dir='ltr'><strong>quia</strong></span> <span class='ocrx_word' id='word_1_33' title='bbox 855 499 979 559; x_wconf 90' lang='lat' dir='ltr'><strong>post</strong></span> <span class='ocrx_word' id='word_1_34' title='bbox 1001 490 1181 545; x_wconf 85' lang='lat' dir='ltr'><strong>omnia</strong></span> <span class='ocrx_word' id='word_1_35' title='bbox 1207 499 1292 544; x_wconf 89' lang='lat' dir='ltr'><strong>est</strong></span> <span class='ocrx_word' id='word_1_36' title='bbox 1321 489 1596 544; x_wconf 89' lang='lat' dir='ltr'><strong>seusibilia</strong></span> <span class='ocrx_word' id='word_1_37' title='bbox 1623 497 1678 543; x_wconf 93' lang='lat' dir='ltr'><strong>et</strong></span> <span class='ocrx_word' id='word_1_38' title='bbox 1706 486 1901 542; x_wconf 90' lang='lat' dir='ltr'><strong>intelli-</strong></span> 
     </span>
    </p>
   </div>
   <div class='ocr_carea' id='block_1_7' title="bbox 312 578 1898 652">
    <p class='ocr_par' dir='ltr' id='par_1_7' title="bbox 312 578 1898 652">
     <span class='ocr_line' id='line_1_7' title="bbox 312 578 1898 652; baseline -0.003 -18"><span class='ocrx_word' id='word_1_39' title='bbox 312 581 530 652; x_wconf 80' lang='lat' dir='ltr'><strong>gibiiia,</strong></span> <span class='ocrx_word' id='word_1_40' title='bbox 561 589 612 635; x_wconf 90' lang='lat' dir='ltr'><strong>et</strong></span> <span class='ocrx_word' id='word_1_41' title='bbox 635 581 930 650; x_wconf 79' lang='lat' dir='ltr'><strong>prophetiae</strong></span> <span class='ocrx_word' id='word_1_42' title='bbox 965 578 1448 644; x_wconf 78' lang='lat' dir='ltr'><strong>videns,Mirabilis</strong></span> <span class='ocrx_word' id='word_1_43' title='bbox 1469 580 1611 649; x_wconf 89' lang='lat' dir='ltr'><strong>facta</strong></span> <span class='ocrx_word' id='word_1_44' title='bbox 1632 588 1706 632; x_wconf 89' lang='lat' dir='ltr'><strong>est</strong></span> <span class='ocrx_word' id='word_1_45' title='bbox 1727 578 1898 632; x_wconf 83' lang='lat' dir='ltr'><strong>scien-</strong></span> 
     </span>
    </p>
   </div>
   <div class='ocr_carea' id='block_1_8' title="bbox 311 668 1900 739">
    <p class='ocr_par' dir='ltr' id='par_1_8' title="bbox 311 668 1900 739">
     <span class='ocr_line' id='line_1_8' title="bbox 311 668 1900 739; baseline -0.001 -17"><span class='ocrx_word' id='word_1_46' title='bbox 311 671 393 722; x_wconf 89' lang='lat' dir='ltr'><strong>tia</strong></span> <span class='ocrx_word' id='word_1_47' title='bbox 423 680 516 723; x_wconf 88' lang='lat' dir='ltr'><strong>tua</strong></span> <span class='ocrx_word' id='word_1_48' title='bbox 540 685 604 723; x_wconf 77' lang='lat' dir='ltr'><strong>ea:</strong></span> <span class='ocrx_word' id='word_1_49' title='bbox 643 686 723 723; x_wconf 87' lang='lat' dir='ltr'><strong>me</strong></span> <span class='ocrx_word' id='word_1_50' title='bbox 748 683 766 721; x_wconf 91' lang='lat'><strong><em>:</em></strong></span> <span class='ocrx_word' id='word_1_51' title='bbox 793 670 1092 739; x_wconf 88' lang='lat' dir='ltr'><strong>confortata</strong></span> <span class='ocrx_word' id='word_1_52' title='bbox 1120 678 1215 733; x_wconf 85' lang='lat' dir='ltr'><strong>est,</strong></span> <span class='ocrx_word' id='word_1_53' title='bbox 1238 679 1285 723; x_wconf 89' lang='lat' dir='ltr'><strong>et</strong></span> <span class='ocrx_word' id='word_1_54' title='bbox 1334 686 1436 723; x_wconf 90' lang='lat' dir='ltr'><strong>non</strong></span> <span class='ocrx_word' id='word_1_55' title='bbox 1475 680 1653 738; x_wconf 89' lang='lat' dir='ltr'><strong>potero</strong></span> <span class='ocrx_word' id='word_1_56' title='bbox 1675 668 1744 721; x_wconf 89' lang='lat' dir='ltr'><strong>ad</strong></span> <span class='ocrx_word' id='word_1_57' title='bbox 1784 683 1900 722; x_wconf 88' lang='lat' dir='ltr'><strong>eam</strong></span> 
     </span>
    </p>
   </div>
   <div class='ocr_carea' id='block_1_9' title="bbox 313 755 1901 828">
    <p class='ocr_par' dir='ltr' id='par_1_9' title="bbox 313 755 1901 828">
     <span class='ocr_line' id='line_1_9' title="bbox 313 755 1901 828; baseline 0.001 -20"><span class='ocrx_word' id='word_1_58' title='bbox 313 755 499 827; x_wconf 84' lang='lat' dir='ltr'><strong>(Psal.</strong></span> <span class='ocrx_word' id='word_1_59' title='bbox 525 757 880 827; x_wconf 80' lang='lat' dir='ltr'><strong>cxxxvnt,6).</strong></span> <span class='ocrx_word' id='word_1_60' title='bbox 897 757 991 812; x_wconf 81' lang='lat' dir='ltr'><strong>liis</strong></span> <span class='ocrx_word' id='word_1_61' title='bbox 1019 756 1162 812; x_wconf 91' lang='lat' dir='ltr'><strong>beati</strong></span> <span class='ocrx_word' id='word_1_62' title='bbox 1185 757 1428 828; x_wconf 88' lang='lat' dir='ltr'><strong>Dionysii</strong></span> <span class='ocrx_word' id='word_1_63' title='bbox 1460 765 1567 810; x_wconf 93' lang='lat' dir='ltr'><strong>tam</strong></span> <span class='ocrx_word' id='word_1_64' title='bbox 1583 755 1901 826; x_wconf 83' lang='lat' dir='ltr'><strong>ponderosis</strong></span> 
     </span>
    </p>
   </div>
   <div class='ocr_carea' id='block_1_10' title="bbox 311 845 1898 916">
    <p class='ocr_par' dir='ltr' id='par_1_10' title="bbox 311 845 1898 916">
     <span class='ocr_line' id='line_1_10' title="bbox 311 845 1898 916; baseline -0.001 -15"><span class='ocrx_word' id='word_1_65' title='bbox 311 848 500 903; x_wconf 83' lang='lat' dir='ltr'><strong>verbis</strong></span> <span class='ocrx_word' id='word_1_66' title='bbox 528 858 791 906; x_wconf 88' lang='lat' dir='ltr'><strong>consonat</strong></span> <span class='ocrx_word' id='word_1_67' title='bbox 820 860 875 903; x_wconf 91' lang='lat' dir='ltr'><strong>et</strong></span> <span class='ocrx_word' id='word_1_68' title='bbox 900 849 1070 903; x_wconf 89' lang='lat' dir='ltr'><strong>David</strong></span> <span class='ocrx_word' id='word_1_69' title='bbox 1093 848 1283 905; x_wconf 87' lang='lat' dir='ltr'><strong>dicens</strong></span> <span class='ocrx_word' id='word_1_70' title='bbox 1313 849 1380 904; x_wconf 91' lang='lat' dir='ltr'><strong>de</strong></span> <span class='ocrx_word' id='word_1_71' title='bbox 1414 847 1647 903; x_wconf 91' lang='lat' dir='ltr'><strong>Domino</strong></span> <span class='ocrx_word' id='word_1_72' title='bbox 1671 863 1685 899; x_wconf 91' lang='lat'><strong>:</strong></span> <span class='ocrx_word' id='word_1_73' title='bbox 1713 845 1898 916; x_wconf 80' lang='lat' dir='ltr'><strong>Caligo</strong></span> 
     </span>
    </p>
   </div>
   <div class='ocr_carea' id='block_1_11' title="bbox 318 934 1900 1007">
    <p class='ocr_par' dir='ltr' id='par_1_11' title="bbox 318 934 1900 1007">
     <span class='ocr_line' id='line_1_11' title="bbox 318 934 1900 1007; baseline 0.001 -18"><span class='ocrx_word' id='word_1_74' title='bbox 318 936 417 989; x_wconf 88' lang='lat' dir='ltr'><strong>sub</strong></span> <span class='ocrx_word' id='word_1_75' title='bbox 436 937 654 1006; x_wconf 80' lang='lat' dir='ltr'><strong>pedibus</strong></span> <span class='ocrx_word' id='word_1_76' title='bbox 673 938 865 1006; x_wconf 84' lang='lat' dir='ltr'><strong>ejus,et</strong></span> <span class='ocrx_word' id='word_1_77' title='bbox 880 938 1112 993; x_wconf 88' lang='lat' dir='ltr'><strong>ascendit</strong></span> <span class='ocrx_word' id='word_1_78' title='bbox 1133 953 1290 1007; x_wconf 89' lang='lat' dir='ltr'><strong>super</strong></span> <span class='ocrx_word' id='word_1_79' title='bbox 1305 936 1587 998; x_wconf 76' lang='lat' dir='ltr'><strong>cherubim,</strong></span> <span class='ocrx_word' id='word_1_80' title='bbox 1605 946 1651 989; x_wconf 90' lang='lat' dir='ltr'><strong>et</strong></span> <span class='ocrx_word' id='word_1_81' title='bbox 1677 934 1865 989; x_wconf 85' lang='lat' dir='ltr'><strong>volavit</strong></span> <span class='ocrx_word' id='word_1_82' title='bbox 1878 949 1900 991; x_wconf 68' lang='grc' dir='ltr'>ὅ</span> 
     </span>
    </p>
   </div>
   <div class='ocr_carea' id='block_1_12' title="bbox 222 1025 1900 1098">
    <p class='ocr_par' dir='ltr' id='par_1_12' title="bbox 222 1025 1900 1098">
     <span class='ocr_line' id='line_1_12' title="bbox 222 1025 1900 1098; baseline -0.005 -12"><span class='ocrx_word' id='word_1_83' title='bbox 222 1075 234 1086; x_wconf 91' lang='grc'>.</span> <span class='ocrx_word' id='word_1_84' title='bbox 313 1027 504 1081; x_wconf 77' lang='lat' dir='ltr'><strong>volavit</strong></span> <span class='ocrx_word' id='word_1_85' title='bbox 527 1044 685 1096; x_wconf 85' lang='lat' dir='ltr'><strong>super</strong></span> <span class='ocrx_word' id='word_1_86' title='bbox 703 1045 898 1098; x_wconf 85' lang='lat' dir='ltr'><strong>pennas</strong></span> <span class='ocrx_word' id='word_1_87' title='bbox 923 1037 1211 1083; x_wconf 76' lang='lat' dir='ltr'><strong>ventorum.</strong></span> <span class='ocrx_word' id='word_1_88' title='bbox 1238 1026 1305 1080; x_wconf 85' lang='lat' dir='ltr'><strong>Et</strong></span> <span class='ocrx_word' id='word_1_89' title='bbox 1333 1028 1508 1096; x_wconf 85' lang='lat' dir='ltr'><strong>posuit</strong></span> <span class='ocrx_word' id='word_1_90' title='bbox 1546 1027 1787 1081; x_wconf 88' lang='lat' dir='ltr'><strong>tenebras</strong></span> <span class='ocrx_word' id='word_1_91' title='bbox 1815 1025 1900 1078; x_wconf 82' lang='lat' dir='ltr'><strong>la-</strong></span> 
     </span>
    </p>
   </div>
   <div class='ocr_carea' id='block_1_13' title="bbox 314 1118 1901 1190">
    <p class='ocr_par' dir='ltr' id='par_1_13' title="bbox 314 1118 1901 1190">
     <span class='ocr_line' id='line_1_13' title="bbox 314 1118 1901 1190; baseline 0.003 -20"><span class='ocrx_word' id='word_1_92' title='bbox 314 1118 541 1173; x_wconf 87' lang='lat' dir='ltr'><strong>tibulum</strong></span> <span class='ocrx_word' id='word_1_93' title='bbox 561 1136 714 1173; x_wconf 85' lang='lat' dir='ltr'><strong>suum</strong></span> <span class='ocrx_word' id='word_1_94' title='bbox 736 1120 911 1190; x_wconf 84' lang='lat' dir='ltr'><strong>(Psal.</strong></span> <span class='ocrx_word' id='word_1_95' title='bbox 938 1134 1068 1181; x_wconf 76' lang='lat' dir='ltr'><strong>xvu.</strong></span> <span class='ocrx_word' id='word_1_96' title='bbox 1095 1121 1186 1184; x_wconf 73' lang='lat'><strong>10,</strong></span> <span class='ocrx_word' id='word_1_97' title='bbox 1209 1121 1297 1186; x_wconf 84' lang='grc' dir='ltr'><strong>Η,</strong></span> <span class='ocrx_word' id='word_1_98' title='bbox 1323 1119 1432 1190; x_wconf 64' lang='grc' dir='ltr'><strong>η).</strong></span> <span class='ocrx_word' id='word_1_99' title='bbox 1455 1120 1639 1190; x_wconf 83' lang='lat' dir='ltr'><strong>Caligo</strong></span> <span class='ocrx_word' id='word_1_100' title='bbox 1667 1133 1901 1188; x_wconf 85' lang='lat' dir='ltr'><strong>namque</strong></span> 
     </span>
    </p>
   </div>
   <div class='ocr_carea' id='block_1_14' title="bbox 314 1210 1901 1282">
    <p class='ocr_par' dir='ltr' id='par_1_14' title="bbox 314 1210 1901 1282">
     <span class='ocr_line' id='line_1_14' title="bbox 314 1210 1901 1282; baseline 0.001 -18"><span class='ocrx_word' id='word_1_101' title='bbox 314 1219 404 1264; x_wconf 85' lang='lat' dir='ltr'><strong>est</strong></span> <span class='ocrx_word' id='word_1_102' title='bbox 426 1210 476 1265; x_wconf 91' lang='lat' dir='ltr'><strong>ei</strong></span> <span class='ocrx_word' id='word_1_103' title='bbox 531 1211 628 1264; x_wconf 87' lang='lat' dir='ltr'><strong>sub</strong></span> <span class='ocrx_word' id='word_1_104' title='bbox 681 1212 922 1281; x_wconf 76' lang='lat' dir='ltr'><strong>pedibus,</strong></span> <span class='ocrx_word' id='word_1_105' title='bbox 975 1213 1102 1282; x_wconf 87' lang='lat' dir='ltr'><strong>quia</strong></span> <span class='ocrx_word' id='word_1_106' title='bbox 1136 1228 1242 1268; x_wconf 91' lang='lat' dir='ltr'><strong>non</strong></span> <span class='ocrx_word' id='word_1_107' title='bbox 1284 1228 1348 1268; x_wconf 90' lang='lat' dir='ltr'><strong>ea</strong></span> <span class='ocrx_word' id='word_1_108' title='bbox 1381 1213 1627 1268; x_wconf 75' lang='lat' dir='ltr'><strong>claritate</strong></span> <span class='ocrx_word' id='word_1_109' title='bbox 1653 1213 1721 1266; x_wconf 84' lang='lat' dir='ltr'><strong>ab</strong></span> <span class='ocrx_word' id='word_1_110' title='bbox 1758 1210 1901 1266; x_wconf 77' lang='lat' dir='ltr'><strong>infe-</strong></span> 
     </span>
    </p>
   </div>
   <div class='ocr_carea' id='block_1_15' title="bbox 315 1301 1898 1374">
    <p class='ocr_par' dir='ltr' id='par_1_15' title="bbox 315 1301 1898 1374">
     <span class='ocr_line' id='line_1_15' title="bbox 315 1301 1898 1374; baseline 0.004 -21"><span class='ocrx_word' id='word_1_111' title='bbox 315 1301 556 1357; x_wconf 88' lang='lat' dir='ltr'><strong>rioribus</strong></span> <span class='ocrx_word' id='word_1_112' title='bbox 591 1303 857 1369; x_wconf 86' lang='lat' dir='ltr'><strong>cernitur,</strong></span> <span class='ocrx_word' id='word_1_113' title='bbox 911 1321 1017 1373; x_wconf 84' lang='lat' dir='ltr'><strong>qua</strong></span> <span class='ocrx_word' id='word_1_114' title='bbox 1063 1305 1115 1358; x_wconf 93' lang='lat' dir='ltr'><strong>in</strong></span> <span class='ocrx_word' id='word_1_115' title='bbox 1153 1305 1524 1374; x_wconf 90' lang='lat' dir='ltr'><strong>superioribus</strong></span> <span class='ocrx_word' id='word_1_116' title='bbox 1569 1304 1898 1359; x_wconf 82' lang='lat' dir='ltr'><strong>dominatur.</strong></span> 
     </span>
    </p>
   </div>
   <div class='ocr_carea' id='block_1_16' title="bbox 313 1389 1896 1462">
    <p class='ocr_par' dir='ltr' id='par_1_16' title="bbox 313 1389 1896 1462">
     <span class='ocr_line' id='line_1_16' title="bbox 313 1389 1896 1462; baseline 0.003 -20"><span class='ocrx_word' id='word_1_117' title='bbox 313 1389 561 1444; x_wconf 74' lang='lat' dir='ltr'><strong>Ascendit</strong></span> <span class='ocrx_word' id='word_1_118' title='bbox 603 1392 748 1446; x_wconf 89' lang='lat' dir='ltr'><strong>enim</strong></span> <span class='ocrx_word' id='word_1_119' title='bbox 790 1393 948 1462; x_wconf 86' lang='lat' dir='ltr'><strong>super</strong></span> <span class='ocrx_word' id='word_1_120' title='bbox 985 1393 1250 1447; x_wconf 78' lang='lat' dir='ltr'><strong>cherubim</strong></span> <span class='ocrx_word' id='word_1_121' title='bbox 1290 1403 1337 1446; x_wconf 89' lang='lat' dir='ltr'><strong>et</strong></span> <span class='ocrx_word' id='word_1_122' title='bbox 1361 1393 1548 1448; x_wconf 80' lang='lat' dir='ltr'><strong>volavit</strong></span> <span class='ocrx_word' id='word_1_123' title='bbox 1573 1408 1592 1447; x_wconf 90' lang='lat'><strong><em>:</em></strong></span> <span class='ocrx_word' id='word_1_124' title='bbox 1615 1391 1896 1446; x_wconf 72' lang='lat' dir='ltr'><strong>Cherubin:</strong></span> 
     </span>
    </p>
   </div>
   <div class='ocr_carea' id='block_1_17' title="bbox 314 1479 1902 1551">
    <p class='ocr_par' dir='ltr' id='par_1_17' title="bbox 314 1479 1902 1551">
     <span class='ocr_line' id='line_1_17' title="bbox 314 1479 1902 1551; baseline 0.003 -19"><span class='ocrx_word' id='word_1_125' title='bbox 314 1479 518 1550; x_wconf 85' lang='lat' dir='ltr'><strong>quippe</strong></span> <span class='ocrx_word' id='word_1_126' title='bbox 571 1481 851 1550; x_wconf 80' lang='lat' dir='ltr'><strong>plenitudo</strong></span> <span class='ocrx_word' id='word_1_127' title='bbox 905 1482 1147 1536; x_wconf 62' lang='lat' dir='ltr'><strong>scicntia:</strong></span> <span class='ocrx_word' id='word_1_128' title='bbox 1197 1482 1431 1548; x_wconf 87' lang='lat' dir='ltr'><strong>dicitur;</strong></span> <span class='ocrx_word' id='word_1_129' title='bbox 1465 1482 1694 1551; x_wconf 84' lang='lat' dir='ltr'><strong>proinde</strong></span> <span class='ocrx_word' id='word_1_130' title='bbox 1738 1497 1902 1550; x_wconf 90' lang='lat' dir='ltr'><strong>super</strong></span> 
     </span>
    </p>
   </div>
   <div class='ocr_carea' id='block_1_18' title="bbox 317 1569 1894 1641">
    <p class='ocr_par' dir='ltr' id='par_1_18' title="bbox 317 1569 1894 1641">
     <span class='ocr_line' id='line_1_18' title="bbox 317 1569 1894 1641; baseline 0.002 -20"><span class='ocrx_word' id='word_1_131' title='bbox 317 1569 704 1637; x_wconf 84' lang='lat' dir='ltr'><strong>plenitudinem</strong></span> <span class='ocrx_word' id='word_1_132' title='bbox 737 1571 981 1626; x_wconf 67' lang='lat' dir='ltr'><strong>scientiae</strong></span> <span class='ocrx_word' id='word_1_133' title='bbox 1011 1571 1329 1626; x_wconf 85' lang='lat' dir='ltr'><strong>ascendisse</strong></span> <span class='ocrx_word' id='word_1_134' title='bbox 1361 1572 1676 1641; x_wconf 83' lang='lat' dir='ltr'><strong>perhibetur</strong></span> <span class='ocrx_word' id='word_1_135' title='bbox 1706 1581 1760 1624; x_wconf 87' lang='lat' dir='ltr'><strong>et</strong></span> <span class='ocrx_word' id='word_1_136' title='bbox 1793 1587 1894 1625; x_wconf 85' lang='lat' dir='ltr'><strong>vo-</strong></span> 
     </span>
    </p>
   </div>
   <div class='ocr_carea' id='block_1_19' title="bbox 2001 392 3582 463">
    <p class='ocr_par' dir='ltr' id='par_1_19' title="bbox 2001 392 3582 463">
     <span class='ocr_line' id='line_1_19' title="bbox 2001 392 3582 463; baseline 0 -17"><span class='ocrx_word' id='word_1_137' title='bbox 2001 394 2155 463; x_wconf 87' lang='lat' dir='ltr'><strong>quasi</strong></span> <span class='ocrx_word' id='word_1_138' title='bbox 2197 392 2516 462; x_wconf 86' lang='lat' dir='ltr'><strong>sibimetipsi</strong></span> <span class='ocrx_word' id='word_1_139' title='bbox 2565 393 2839 462; x_wconf 82' lang='lat' dir='ltr'><strong>displicuit</strong></span> <span class='ocrx_word' id='word_1_140' title='bbox 2889 393 2942 446; x_wconf 92' lang='lat' dir='ltr'><strong>in</strong></span> <span class='ocrx_word' id='word_1_141' title='bbox 3006 393 3403 461; x_wconf 87' lang='lat' dir='ltr'><strong>peccatoribus,</strong></span> <span class='ocrx_word' id='word_1_142' title='bbox 3445 410 3582 463; x_wconf 75' lang='lat' dir='ltr'><strong>quos</strong></span> 
     </span>
    </p>
   </div>
   <div class='ocr_carea' id='block_1_20' title="bbox 2002 483 3582 555">
    <p class='ocr_par' dir='ltr' id='par_1_20' title="bbox 2002 483 3582 555">
     <span class='ocr_line' id='line_1_20' title="bbox 2002 483 3582 555; baseline 0 -17"><span class='ocrx_word' id='word_1_143' title='bbox 2002 493 2312 539; x_wconf 80' lang='lat' dir='ltr'><strong>creaverat.</strong></span> <span class='ocrx_word' id='word_1_144' title='bbox 2346 485 2398 537; x_wconf 87' lang='lat' dir='ltr'><strong>ln</strong></span> <span class='ocrx_word' id='word_1_145' title='bbox 2429 483 2546 538; x_wconf 89' lang='lat' dir='ltr'><strong>solo</strong></span> <span class='ocrx_word' id='word_1_146' title='bbox 2567 492 2746 538; x_wconf 90' lang='lat' dir='ltr'><strong>autem</strong></span> <span class='ocrx_word' id='word_1_147' title='bbox 2773 483 3069 554; x_wconf 83' lang='lat' dir='ltr'><strong>Unigenito</strong></span> <span class='ocrx_word' id='word_1_148' title='bbox 3092 483 3191 538; x_wconf 84' lang='lat' dir='ltr'><strong>sibi</strong></span> <span class='ocrx_word' id='word_1_149' title='bbox 3214 485 3539 555; x_wconf 84' lang='lat' dir='ltr'><strong>complacuit</strong></span> <span class='ocrx_word' id='word_1_150' title='bbox 3565 502 3582 538; x_wconf 82' lang='lat'><strong>:</strong></span> 
     </span>
    </p>
   </div>
   <div class='ocr_carea' id='block_1_21' title="bbox 2006 575 3583 647">
    <p class='ocr_par' dir='ltr' id='par_1_21' title="bbox 2006 575 3583 647">
     <span class='ocr_line' id='line_1_21' title="bbox 2006 575 3583 647; baseline 0.001 -19"><span class='ocrx_word' id='word_1_151' title='bbox 2006 575 2162 647; x_wconf 78' lang='lat'><strong>165</strong></span> <span class='ocrx_word' id='word_1_152' title='bbox 2189 577 2314 645; x_wconf 86' lang='lat' dir='ltr'><strong>quia</strong></span> <span class='ocrx_word' id='word_1_153' title='bbox 2362 575 2524 630; x_wconf 91' lang='lat' dir='ltr'><strong>hunc-</strong></span> <span class='ocrx_word' id='word_1_154' title='bbox 2560 575 2703 628; x_wconf 89' lang='lat' dir='ltr'><strong>inter</strong></span> <span class='ocrx_word' id='word_1_155' title='bbox 2744 575 2993 630; x_wconf 86' lang='lat' dir='ltr'><strong>homines</strong></span> <span class='ocrx_word' id='word_1_156' title='bbox 3046 575 3321 631; x_wconf 86' lang='lat' dir='ltr'><strong>hominem</strong></span> <span class='ocrx_word' id='word_1_157' title='bbox 3364 591 3583 630; x_wconf 80' lang='lat' dir='ltr'><strong>creasse</strong></span> 
     </span>
    </p>
   </div>
   <div class='ocr_carea' id='block_1_22' title="bbox 2001 663 3582 734">
    <p class='ocr_par' dir='ltr' id='par_1_22' title="bbox 2001 663 3582 734">
     <span class='ocr_line' id='line_1_22' title="bbox 2001 663 3582 734; baseline 0 -16"><span class='ocrx_word' id='word_1_158' title='bbox 2001 678 2125 718; x_wconf 88' lang='lat' dir='ltr'><strong>eum</strong></span> <span class='ocrx_word' id='word_1_159' title='bbox 2155 680 2262 718; x_wconf 92' lang='lat' dir='ltr'><strong>non</strong></span> <span class='ocrx_word' id='word_1_160' title='bbox 2307 663 2561 732; x_wconf 70' lang='lat' dir='ltr'><strong>paenituit</strong></span> <span class='ocrx_word' id='word_1_161' title='bbox 2611 663 2758 717; x_wconf 88' lang='lat' dir='ltr'><strong>omni</strong></span> <span class='ocrx_word' id='word_1_162' title='bbox 2803 665 2963 718; x_wconf 86' lang='lat' dir='ltr'><strong>modo</strong></span> <span class='ocrx_word' id='word_1_163' title='bbox 3041 664 3096 718; x_wconf 90' lang='lat' dir='ltr'><strong>in</strong></span> <span class='ocrx_word' id='word_1_164' title='bbox 3143 679 3254 734; x_wconf 88' lang='lat' dir='ltr'><strong>quo</strong></span> <span class='ocrx_word' id='word_1_165' title='bbox 3297 675 3582 734; x_wconf 87' lang='lat' dir='ltr'><strong>peccatum</strong></span> 
     </span>
    </p>
   </div>
   <div class='ocr_carea' id='block_1_23' title="bbox 2001 753 3582 822">
    <p class='ocr_par' dir='ltr' id='par_1_23' title="bbox 2001 753 3582 822">
     <span class='ocr_line' id='line_1_23' title="bbox 2001 753 3582 822; baseline -0.001 -14"><span class='ocrx_word' id='word_1_166' title='bbox 2001 753 2205 808; x_wconf 90' lang='lat' dir='ltr'><strong>nullum</strong></span> <span class='ocrx_word' id='word_1_167' title='bbox 2260 753 2486 818; x_wconf 81' lang='lat' dir='ltr'><strong>invenit,</strong></span> <span class='ocrx_word' id='word_1_168' title='bbox 2533 763 2760 822; x_wconf 87' lang='lat' dir='ltr'><strong>propter</strong></span> <span class='ocrx_word' id='word_1_169' title='bbox 2810 754 2954 822; x_wconf 89' lang='lat' dir='ltr'><strong>quod</strong></span> <span class='ocrx_word' id='word_1_170' title='bbox 3009 767 3070 807; x_wconf 91' lang='lat' dir='ltr'><strong>se</strong></span> <span class='ocrx_word' id='word_1_171' title='bbox 3127 753 3582 822; x_wconf 83' lang='lat' dir='ltr'><strong>reprehenderet,</strong></span> 
     </span>
    </p>
   </div>
   <div class='ocr_carea' id='block_1_24' title="bbox 2000 841 3584 913">
    <p class='ocr_par' dir='ltr' id='par_1_24' title="bbox 2000 841 3584 913">
     <span class='ocr_line' id='line_1_24' title="bbox 2000 841 3584 913; baseline 0.001 -17"><span class='ocrx_word' id='word_1_172' title='bbox 2000 842 2153 910; x_wconf 87' lang='lat' dir='ltr'><strong>quasi</strong></span> <span class='ocrx_word' id='word_1_173' title='bbox 2201 855 2301 911; x_wconf 89' lang='lat' dir='ltr'><strong>per</strong></span> <span class='ocrx_word' id='word_1_174' title='bbox 2339 841 2749 913; x_wconf 75' lang='lat' dir='ltr'><strong>paenitentiam;</strong></span> <span class='ocrx_word' id='word_1_175' title='bbox 2811 843 2906 897; x_wconf 91' lang='lat' dir='ltr'><strong>sed</strong></span> <span class='ocrx_word' id='word_1_176' title='bbox 2959 841 3348 911; x_wconf 88' lang='lat' dir='ltr'><strong>plenitudinem</strong></span> <span class='ocrx_word' id='word_1_177' title='bbox 3419 843 3584 898; x_wconf 89' lang='lat' dir='ltr'><strong>totius</strong></span> 
     </span>
    </p>
   </div>
   <div class='ocr_carea' id='block_1_25' title="bbox 2000 931 3584 1001">
    <p class='ocr_par' dir='ltr' id='par_1_25' title="bbox 2000 931 3584 1001">
     <span class='ocr_line' id='line_1_25' title="bbox 2000 931 3584 1001; baseline 0.001 -15"><span class='ocrx_word' id='word_1_178' title='bbox 2000 931 2332 998; x_wconf 84' lang='lat' dir='ltr'><strong>sanctitatis,</strong></span> <span class='ocrx_word' id='word_1_179' title='bbox 2393 946 2515 1001; x_wconf 67' lang='lat' dir='ltr'><strong>qua:</strong></span> <span class='ocrx_word' id='word_1_180' title='bbox 2555 932 2660 986; x_wconf 87' lang='lat' dir='ltr'><strong>sibi</strong></span> <span class='ocrx_word' id='word_1_181' title='bbox 2713 931 2872 986; x_wconf 84' lang='lat' dir='ltr'><strong>valde</strong></span> <span class='ocrx_word' id='word_1_182' title='bbox 2927 931 3276 1000; x_wconf 85' lang='lat' dir='ltr'><strong>complacuit.</strong></span> <span class='ocrx_word' id='word_1_183' title='bbox 3326 932 3395 985; x_wconf 91' lang='lat' dir='ltr'><strong>Et</strong></span> <span class='ocrx_word' id='word_1_184' title='bbox 3440 935 3584 1000; x_wconf 90' lang='lat' dir='ltr'><strong>quod</strong></span> 
     </span>
    </p>
   </div>
   <div class='ocr_carea' id='block_1_26' title="bbox 2000 1021 3584 1097">
    <p class='ocr_par' dir='ltr' id='par_1_26' title="bbox 2000 1021 3584 1097">
     <span class='ocr_line' id='line_1_26' title="bbox 2000 1021 3584 1097; baseline 0.001 -21"><span class='ocrx_word' id='word_1_185' title='bbox 2000 1021 2267 1097; x_wconf 70' lang='lat' dir='ltr'><strong>adiunxit,</strong></span> <span class='ocrx_word' id='word_1_186' title='bbox 2295 1023 2466 1092; x_wconf 87' lang='lat' dir='ltr'><strong>ipsum</strong></span> <span class='ocrx_word' id='word_1_187' title='bbox 2507 1023 2708 1088; x_wconf 79' lang='lat' dir='ltr'><strong>audite,</strong></span> <span class='ocrx_word' id='word_1_188' title='bbox 2766 1023 3044 1078; x_wconf 88' lang='lat' dir='ltr'><strong>admonuit</strong></span> <span class='ocrx_word' id='word_1_189' title='bbox 3071 1038 3195 1078; x_wconf 90' lang='lat' dir='ltr'><strong>eum</strong></span> <span class='ocrx_word' id='word_1_190' title='bbox 3227 1038 3348 1079; x_wconf 87' lang='lat' dir='ltr'><strong>esse</strong></span> <span class='ocrx_word' id='word_1_191' title='bbox 3379 1024 3446 1078; x_wconf 90' lang='lat' dir='ltr'><strong>de</strong></span> <span class='ocrx_word' id='word_1_192' title='bbox 3476 1040 3584 1094; x_wconf 91' lang='lat' dir='ltr'><strong>quo</strong></span> 
     </span>
    </p>
   </div>
   <div class='ocr_carea' id='block_1_27' title="bbox 2001 1114 3583 1186">
    <p class='ocr_par' dir='ltr' id='par_1_27' title="bbox 2001 1114 3583 1186">
     <span class='ocr_line' id='line_1_27' title="bbox 2001 1114 3583 1186; baseline 0.002 -18"><span class='ocrx_word' id='word_1_193' title='bbox 2001 1114 2346 1185; x_wconf 87' lang='lat' dir='ltr'><strong>supradictus</strong></span> <span class='ocrx_word' id='word_1_194' title='bbox 2380 1114 2590 1185; x_wconf 83' lang='lat' dir='ltr'><strong>Moyses</strong></span> <span class='ocrx_word' id='word_1_195' title='bbox 2625 1114 2905 1184; x_wconf 83' lang='lat' dir='ltr'><strong>populum,</strong></span> <span class='ocrx_word' id='word_1_196' title='bbox 2932 1115 3018 1170; x_wconf 90' lang='lat' dir='ltr'><strong>cui</strong></span> <span class='ocrx_word' id='word_1_197' title='bbox 3051 1114 3222 1186; x_wconf 81' lang='lat' dir='ltr'><strong>legem</strong></span> <span class='ocrx_word' id='word_1_198' title='bbox 3251 1115 3418 1179; x_wconf 88' lang='lat' dir='ltr'><strong>dedit,</strong></span> <span class='ocrx_word' id='word_1_199' title='bbox 3444 1133 3583 1184; x_wconf 77' lang='lat' dir='ltr'><strong>pra:-</strong></span> 
     </span>
    </p>
   </div>
   <div class='ocr_carea' id='block_1_28' title="bbox 2000 1206 3585 1275">
    <p class='ocr_par' dir='ltr' id='par_1_28' title="bbox 2000 1206 3585 1275">
     <span class='ocr_line' id='line_1_28' title="bbox 2000 1206 3585 1275; baseline 0.001 -16"><span class='ocrx_word' id='word_1_200' title='bbox 2000 1206 2277 1271; x_wconf 85' lang='lat' dir='ltr'><strong>monebat,</strong></span> <span class='ocrx_word' id='word_1_201' title='bbox 2325 1207 2450 1275; x_wconf 84' lang='lat' dir='ltr'><strong>quia</strong></span> <span class='ocrx_word' id='word_1_202' title='bbox 2501 1207 2808 1275; x_wconf 82' lang='lat' dir='ltr'><strong>prophetam</strong></span> <span class='ocrx_word' id='word_1_203' title='bbox 2848 1207 2988 1260; x_wconf 82' lang='lat' dir='ltr'><strong>vobis</strong></span> <span class='ocrx_word' id='word_1_204' title='bbox 3025 1207 3296 1260; x_wconf 84' lang='lat' dir='ltr'><strong>suscitabit</strong></span> <span class='ocrx_word' id='word_1_205' title='bbox 3332 1208 3585 1262; x_wconf 80' lang='lat' dir='ltr'><strong>Dominus</strong></span> 
     </span>
    </p>
   </div>
   <div class='ocr_carea' id='block_1_29' title="bbox 2004 1296 3582 1370">
    <p class='ocr_par' dir='ltr' id='par_1_29' title="bbox 2004 1296 3582 1370">
     <span class='ocr_line' id='line_1_29' title="bbox 2004 1296 3582 1370; baseline 0.002 -20"><span class='ocrx_word' id='word_1_206' title='bbox 2004 1296 2141 1350; x_wconf 83' lang='lat' dir='ltr'><strong>Deus</strong></span> <span class='ocrx_word' id='word_1_207' title='bbox 2165 1308 2328 1351; x_wconf 79' lang='lat' dir='ltr'><strong>vester</strong></span> <span class='ocrx_word' id='word_1_208' title='bbox 2348 1298 2412 1351; x_wconf 90' lang='lat' dir='ltr'><strong>de</strong></span> <span class='ocrx_word' id='word_1_209' title='bbox 2446 1297 2702 1365; x_wconf 70' lang='lat' dir='ltr'><strong>fratribus</strong></span> <span class='ocrx_word' id='word_1_210' title='bbox 2757 1299 2941 1352; x_wconf 82' lang='lat' dir='ltr'><strong>vestris</strong></span> <span class='ocrx_word' id='word_1_211' title='bbox 2984 1308 3237 1370; x_wconf 86' lang='lat' dir='ltr'><strong>tanquam</strong></span> <span class='ocrx_word' id='word_1_212' title='bbox 3270 1316 3373 1364; x_wconf 88' lang='lat' dir='ltr'><strong>me,</strong></span> <span class='ocrx_word' id='word_1_213' title='bbox 3412 1300 3582 1369; x_wconf 78' lang='lat' dir='ltr'><strong>ipsum</strong></span> 
     </span>
    </p>
   </div>
   <div class='ocr_carea' id='block_1_30' title="bbox 2001 1385 3586 1458">
    <p class='ocr_par' dir='ltr' id='par_1_30' title="bbox 2001 1385 3586 1458">
     <span class='ocr_line' id='line_1_30' title="bbox 2001 1385 3586 1458; baseline 0.004 -20"><span class='ocrx_word' id='word_1_214' title='bbox 2001 1385 2226 1439; x_wconf 83' lang='lat' dir='ltr'><strong>audietis</strong></span> <span class='ocrx_word' id='word_1_215' title='bbox 2252 1386 2412 1456; x_wconf 74' lang='lat' dir='ltr'><strong>juxta</strong></span> <span class='ocrx_word' id='word_1_216' title='bbox 2447 1387 2625 1440; x_wconf 87' lang='lat' dir='ltr'><strong>omnia</strong></span> <span class='ocrx_word' id='word_1_217' title='bbox 2657 1403 2978 1457; x_wconf 68' lang='lat' dir='ltr'><strong>quaecunque</strong></span> <span class='ocrx_word' id='word_1_218' title='bbox 3015 1387 3224 1443; x_wconf 87' lang='lat' dir='ltr'><strong>locutus</strong></span> <span class='ocrx_word' id='word_1_219' title='bbox 3262 1389 3422 1458; x_wconf 87' lang='lat' dir='ltr'><strong>fuerit</strong></span> <span class='ocrx_word' id='word_1_220' title='bbox 3445 1390 3586 1444; x_wconf 88' lang='lat' dir='ltr'><strong>vobis</strong></span> 
     </span>
    </p>
   </div>
   <div class='ocr_carea' id='block_1_31' title="bbox 2002 1475 3585 1551">
    <p class='ocr_par' dir='ltr' id='par_1_31' title="bbox 2002 1475 3585 1551">
     <span class='ocr_line' id='line_1_31' title="bbox 2002 1475 3585 1551; baseline 0.006 -23"><span class='ocrx_word' id='word_1_221' title='bbox 2002 1475 2183 1547; x_wconf 87' lang='lat' dir='ltr'><strong>(Deut.</strong></span> <span class='ocrx_word' id='word_1_222' title='bbox 2207 1492 2366 1541; x_wconf 71' lang='lat' dir='ltr'><strong>avni,</strong></span> <span class='ocrx_word' id='word_1_223' title='bbox 2399 1479 2512 1549; x_wconf 81' lang='grc'><strong>15).</strong></span> <span class='ocrx_word' id='word_1_224' title='bbox 2554 1476 2741 1548; x_wconf 85' lang='lat' dir='ltr'><strong>Neque</strong></span> <span class='ocrx_word' id='word_1_225' title='bbox 2767 1480 2910 1535; x_wconf 90' lang='lat' dir='ltr'><strong>enim</strong></span> <span class='ocrx_word' id='word_1_226' title='bbox 2950 1480 3174 1551; x_wconf 85' lang='lat' dir='ltr'><strong>Moysen</strong></span> <span class='ocrx_word' id='word_1_227' title='bbox 3201 1491 3256 1536; x_wconf 91' lang='lat' dir='ltr'><strong>et</strong></span> <span class='ocrx_word' id='word_1_228' title='bbox 3304 1483 3498 1548; x_wconf 88' lang='lat' dir='ltr'><strong>Eliam,</strong></span> <span class='ocrx_word' id='word_1_229' title='bbox 3532 1485 3585 1538; x_wconf 94' lang='lat' dir='ltr'><strong>id</strong></span> 
     </span>
    </p>
   </div>
   <div class='ocr_carea' id='block_1_32' title="bbox 2003 1567 3584 1640">
    <p class='ocr_par' dir='ltr' id='par_1_32' title="bbox 2003 1567 3584 1640">
     <span class='ocr_line' id='line_1_32' title="bbox 2003 1567 3584 1640; baseline 0.005 -20"><span class='ocrx_word' id='word_1_230' title='bbox 2003 1577 2088 1621; x_wconf 91' lang='lat' dir='ltr'><strong>est</strong></span> <span class='ocrx_word' id='word_1_231' title='bbox 2114 1567 2284 1639; x_wconf 81' lang='lat' dir='ltr'><strong>legem</strong></span> <span class='ocrx_word' id='word_1_232' title='bbox 2326 1577 2380 1622; x_wconf 88' lang='lat' dir='ltr'><strong>et</strong></span> <span class='ocrx_word' id='word_1_233' title='bbox 2412 1571 2731 1640; x_wconf 87' lang='lat' dir='ltr'><strong>pr0phetas,</strong></span> <span class='ocrx_word' id='word_1_234' title='bbox 2766 1571 2940 1624; x_wconf 87' lang='lat' dir='ltr'><strong>audiri</strong></span> <span class='ocrx_word' id='word_1_235' title='bbox 2987 1581 3167 1637; x_wconf 83' lang='lat' dir='ltr'><strong>vetat;</strong></span> <span class='ocrx_word' id='word_1_236' title='bbox 3199 1574 3293 1627; x_wconf 88' lang='lat' dir='ltr'><strong>sed</strong></span> <span class='ocrx_word' id='word_1_237' title='bbox 3333 1574 3584 1628; x_wconf 86' lang='lat' dir='ltr'><strong>omnibus</strong></span> 
     </span>
    </p>
   </div>
   <div class='ocr_carea' id='block_1_33' title="bbox 316 1657 3586 1732">
    <p class='ocr_par' dir='ltr' id='par_1_33' title="bbox 316 1657 3586 1732">
     <span class='ocr_line' id='line_1_33' title="bbox 316 1657 3586 1732; baseline 0.002 -21"><span class='ocrx_word' id='word_1_238' title='bbox 316 1659 480 1725; x_wconf 85' lang='lat' dir='ltr'><strong>lasse,</strong></span> <span class='ocrx_word' id='word_1_239' title='bbox 532 1662 660 1730; x_wconf 87' lang='lat' dir='ltr'><strong>quia</strong></span> <span class='ocrx_word' id='word_1_240' title='bbox 709 1660 1012 1729; x_wconf 73' lang='lat' dir='ltr'><strong>maiestatis</strong></span> <span class='ocrx_word' id='word_1_241' title='bbox 1062 1661 1181 1730; x_wconf 84' lang='lat' dir='ltr'><strong>ejus</strong></span> <span class='ocrx_word' id='word_1_242' title='bbox 1237 1661 1614 1716; x_wconf 89' lang='lat' dir='ltr'><strong>celsitudinem</strong></span> <span class='ocrx_word' id='word_1_243' title='bbox 1672 1661 1897 1715; x_wconf 87' lang='lat' dir='ltr'><strong>scientia</strong></span> <span class='ocrx_word' id='word_1_244' title='bbox 1928 1659 1973 1719; x_wconf 83' lang='grc' dir='ltr'><strong>Β</strong></span> <span class='ocrx_word' id='word_1_245' title='bbox 2003 1657 2089 1712; x_wconf 90' lang='lat' dir='ltr'><strong>his</strong></span> <span class='ocrx_word' id='word_1_246' title='bbox 2113 1659 2448 1714; x_wconf 80' lang='lat' dir='ltr'><strong>auditionem</strong></span> <span class='ocrx_word' id='word_1_247' title='bbox 2494 1659 2641 1723; x_wconf 83' lang='lat' dir='ltr'><strong>Filii,</strong></span> <span class='ocrx_word' id='word_1_248' title='bbox 2676 1662 2768 1729; x_wconf 91' lang='lat' dir='ltr'><strong>qui</strong></span> <span class='ocrx_word' id='word_1_249' title='bbox 2816 1661 2986 1731; x_wconf 85' lang='lat' dir='ltr'><strong>legem</strong></span> <span class='ocrx_word' id='word_1_250' title='bbox 3023 1670 3080 1716; x_wconf 89' lang='lat' dir='ltr'><strong>et</strong></span> <span class='ocrx_word' id='word_1_251' title='bbox 3118 1664 3410 1732; x_wconf 75' lang='lat' dir='ltr'><strong>prophetas</strong></span> <span class='ocrx_word' id='word_1_252' title='bbox 3442 1665 3586 1718; x_wconf 86' lang='lat' dir='ltr'><strong>venit</strong></span> 
     </span>
    </p>
   </div>
   <div class='ocr_carea' id='block_1_34' title="bbox 316 1752 1896 1823">
    <p class='ocr_par' dir='ltr' id='par_1_34' title="bbox 316 1752 1896 1823">
     <span class='ocr_line' id='line_1_34' title="bbox 316 1752 1896 1823; baseline 0.003 -19"><span class='ocrx_word' id='word_1_253' title='bbox 316 1752 462 1814; x_wconf 83' lang='lat' dir='ltr'><strong>nulla</strong></span> <span class='ocrx_word' id='word_1_254' title='bbox 493 1754 920 1822; x_wconf 88' lang='lat' dir='ltr'><strong>comprehendit.</strong></span> <span class='ocrx_word' id='word_1_255' title='bbox 977 1753 1180 1808; x_wconf 83' lang='lat' dir='ltr'><strong>Volavit</strong></span> <span class='ocrx_word' id='word_1_256' title='bbox 1231 1768 1396 1823; x_wconf 84' lang='lat' dir='ltr'><strong>ergo,</strong></span> <span class='ocrx_word' id='word_1_257' title='bbox 1442 1755 1567 1823; x_wconf 89' lang='lat' dir='ltr'><strong>quia</strong></span> <span class='ocrx_word' id='word_1_258' title='bbox 1626 1753 1784 1823; x_wconf 86' lang='lat' dir='ltr'><strong>longe</strong></span> <span class='ocrx_word' id='word_1_259' title='bbox 1843 1755 1896 1808; x_wconf 88' lang='lat' dir='ltr'><strong>in</strong></span> 
     </span>
    </p>
   </div>
   <div class='ocr_carea' id='block_1_35' title="bbox 314 1842 1899 1914">
    <p class='ocr_par' dir='ltr' id='par_1_35' title="bbox 314 1842 1899 1914">
     <span class='ocr_line' id='line_1_35' title="bbox 314 1842 1899 1914; baseline 0.002 -19"><span class='ocrx_word' id='word_1_260' title='bbox 314 1843 482 1898; x_wconf 87' lang='lat' dir='ltr'><strong>altum</strong></span> <span class='ocrx_word' id='word_1_261' title='bbox 508 1845 578 1898; x_wconf 85' lang='lat' dir='ltr'><strong>ab</strong></span> <span class='ocrx_word' id='word_1_262' title='bbox 630 1844 906 1900; x_wconf 88' lang='lat' dir='ltr'><strong>intellectu</strong></span> <span class='ocrx_word' id='word_1_263' title='bbox 947 1856 1132 1900; x_wconf 87' lang='lat' dir='ltr'><strong>nostro</strong></span> <span class='ocrx_word' id='word_1_264' title='bbox 1181 1859 1242 1900; x_wconf 90' lang='lat' dir='ltr'><strong>se</strong></span> <span class='ocrx_word' id='word_1_265' title='bbox 1268 1844 1468 1914; x_wconf 85' lang='lat' dir='ltr'><strong>rapuit.</strong></span> <span class='ocrx_word' id='word_1_266' title='bbox 1510 1842 1718 1899; x_wconf 85' lang='lat' dir='ltr'><strong>Volavit</strong></span> <span class='ocrx_word' id='word_1_267' title='bbox 1741 1860 1899 1914; x_wconf 87' lang='lat' dir='ltr'><strong>super</strong></span> 
     </span>
    </p>
   </div>
   <div class='ocr_carea' id='block_1_36' title="bbox 314 1935 1898 2004">
    <p class='ocr_par' dir='ltr' id='par_1_36' title="bbox 314 1935 1898 2004">
     <span class='ocr_line' id='line_1_36' title="bbox 314 1935 1898 2004; baseline 0.002 -17"><span class='ocrx_word' id='word_1_268' title='bbox 314 1947 512 2002; x_wconf 90' lang='lat' dir='ltr'><strong>pennas</strong></span> <span class='ocrx_word' id='word_1_269' title='bbox 533 1943 822 2001; x_wconf 83' lang='lat' dir='ltr'><strong>ventorum,</strong></span> <span class='ocrx_word' id='word_1_270' title='bbox 853 1936 978 2004; x_wconf 85' lang='lat' dir='ltr'><strong>quia</strong></span> <span class='ocrx_word' id='word_1_271' title='bbox 1007 1935 1291 1992; x_wconf 85' lang='lat' dir='ltr'><strong>scientiam</strong></span> <span class='ocrx_word' id='word_1_272' title='bbox 1336 1936 1669 1991; x_wconf 88' lang='lat' dir='ltr'><strong>transcendit</strong></span> <span class='ocrx_word' id='word_1_273' title='bbox 1694 1938 1898 1991; x_wconf 80' lang='lat' dir='ltr'><strong>anima-</strong></span> 
     </span>
    </p>
   </div>
   <div class='ocr_carea' id='block_1_37' title="bbox 316 2022 1894 2094">
    <p class='ocr_par' dir='ltr' id='par_1_37' title="bbox 316 2022 1894 2094">
     <span class='ocr_line' id='line_1_37' title="bbox 316 2022 1894 2094; baseline 0.004 -20"><span class='ocrx_word' id='word_1_274' title='bbox 316 2038 456 2076; x_wconf 88' lang='lat' dir='ltr'><strong>rum.</strong></span> <span class='ocrx_word' id='word_1_275' title='bbox 494 2022 560 2076; x_wconf 84' lang='lat' dir='ltr'><strong>Et</strong></span> <span class='ocrx_word' id='word_1_276' title='bbox 582 2024 755 2094; x_wconf 86' lang='lat' dir='ltr'><strong>posuit</strong></span> <span class='ocrx_word' id='word_1_277' title='bbox 802 2025 1038 2080; x_wconf 81' lang='lat' dir='ltr'><strong>tenebras</strong></span> <span class='ocrx_word' id='word_1_278' title='bbox 1069 2024 1347 2079; x_wconf 81' lang='lat' dir='ltr'><strong>latibulum</strong></span> <span class='ocrx_word' id='word_1_279' title='bbox 1390 2041 1567 2091; x_wconf 87' lang='lat' dir='ltr'><strong>suum,</strong></span> <span class='ocrx_word' id='word_1_280' title='bbox 1605 2025 1730 2094; x_wconf 84' lang='lat' dir='ltr'><strong>quia</strong></span> <span class='ocrx_word' id='word_1_281' title='bbox 1767 2026 1894 2080; x_wconf 92' lang='lat' dir='ltr'><strong>dum</strong></span> 
     </span>
    </p>
   </div>
   <div class='ocr_carea' id='block_1_38' title="bbox 313 2113 1895 2188">
    <p class='ocr_par' dir='ltr' id='par_1_38' title="bbox 313 2113 1895 2188">
     <span class='ocr_line' id='line_1_38' title="bbox 313 2113 1895 2188; baseline 0.003 -20"><span class='ocrx_word' id='word_1_282' title='bbox 313 2113 545 2182; x_wconf 81' lang='lat' dir='ltr'><strong>caligine</strong></span> <span class='ocrx_word' id='word_1_283' title='bbox 597 2123 796 2171; x_wconf 87' lang='lat' dir='ltr'><strong>nostrae</strong></span> <span class='ocrx_word' id='word_1_284' title='bbox 820 2116 1154 2171; x_wconf 76' lang='lat' dir='ltr'><strong>inﬁrmitatis</strong></span> <span class='ocrx_word' id='word_1_285' title='bbox 1196 2117 1575 2182; x_wconf 86' lang='lat' dir='ltr'><strong>obscuramur,</strong></span> <span class='ocrx_word' id='word_1_286' title='bbox 1602 2132 1700 2187; x_wconf 88' lang='lat' dir='ltr'><strong>per</strong></span> <span class='ocrx_word' id='word_1_287' title='bbox 1739 2116 1895 2188; x_wconf 85' lang='lat' dir='ltr'><strong>igno-</strong></span> 
     </span>
    </p>
   </div>
   <div class='ocr_carea' id='block_1_39' title="bbox 316 2205 1896 2271">
    <p class='ocr_par' dir='ltr' id='par_1_39' title="bbox 316 2205 1896 2271">
     <span class='ocr_line' id='line_1_39' title="bbox 316 2205 1896 2271; baseline 0.003 -13"><span class='ocrx_word' id='word_1_288' title='bbox 316 2205 548 2259; x_wconf 87' lang='lat' dir='ltr'><strong>rantiam</strong></span> <span class='ocrx_word' id='word_1_289' title='bbox 571 2214 810 2260; x_wconf 88' lang='lat' dir='ltr'><strong>nostram</strong></span> <span class='ocrx_word' id='word_1_290' title='bbox 836 2205 990 2261; x_wconf 87' lang='lat' dir='ltr'><strong>nobis</strong></span> <span class='ocrx_word' id='word_1_291' title='bbox 1011 2206 1378 2271; x_wconf 90' lang='lat' dir='ltr'><strong>absconditur,</strong></span> <span class='ocrx_word' id='word_1_292' title='bbox 1411 2221 1479 2260; x_wconf 90' lang='lat' dir='ltr'><strong>ne</strong></span> <span class='ocrx_word' id='word_1_293' title='bbox 1505 2221 1535 2259; x_wconf 89' lang='lat' dir='ltr'><strong>a</strong></span> <span class='ocrx_word' id='word_1_294' title='bbox 1560 2206 1715 2261; x_wconf 89' lang='lat' dir='ltr'><strong>nobis</strong></span> <span class='ocrx_word' id='word_1_295' title='bbox 1735 2205 1896 2262; x_wconf 89' lang='lat' dir='ltr'><strong>modo</strong></span> 
     </span>
    </p>
   </div>
   <div class='ocr_carea' id='block_1_40' title="bbox 316 2293 1890 2350">
    <p class='ocr_par' dir='ltr' id='par_1_40' title="bbox 316 2293 1890 2350">
     <span class='ocr_line' id='line_1_40' title="bbox 316 2293 1890 2350; baseline 0.002 -4"><span class='ocrx_word' id='word_1_296' title='bbox 316 2294 370 2347; x_wconf 90' lang='lat' dir='ltr'><strong>in</strong></span> <span class='ocrx_word' id='word_1_297' title='bbox 400 2303 606 2349; x_wconf 73' lang='lat' dir='ltr'><strong>mterna</strong></span> <span class='ocrx_word' id='word_1_298' title='bbox 632 2303 688 2349; x_wconf 93' lang='lat' dir='ltr'><strong>et</strong></span> <span class='ocrx_word' id='word_1_299' title='bbox 728 2294 917 2349; x_wconf 88' lang='lat' dir='ltr'><strong>intima</strong></span> <span class='ocrx_word' id='word_1_300' title='bbox 961 2294 1214 2350; x_wconf 88' lang='lat' dir='ltr'><strong>claritate</strong></span> <span class='ocrx_word' id='word_1_301' title='bbox 1247 2296 1500 2350; x_wconf 89' lang='lat' dir='ltr'><strong>videatur</strong></span> <span class='ocrx_word' id='word_1_302' title='bbox 1523 2334 1538 2349; x_wconf 94' lang='lat'><strong>.</strong></span> <span class='ocrx_word' id='word_1_303' title='bbox 1585 2293 1772 2350; x_wconf 84' lang='lat' dir='ltr'><strong>Posuit</strong></span> <span class='ocrx_word' id='word_1_304' title='bbox 1813 2305 1890 2349; x_wconf 75' lang='lat' dir='ltr'><strong>te-</strong></span> 
     </span>
    </p>
   </div>
   <div class='ocr_carea' id='block_1_41' title="bbox 317 2383 1894 2455">
    <p class='ocr_par' dir='ltr' id='par_1_41' title="bbox 317 2383 1894 2455">
     <span class='ocr_line' id='line_1_41' title="bbox 317 2383 1894 2455; baseline 0.002 -19"><span class='ocrx_word' id='word_1_305' title='bbox 317 2385 501 2438; x_wconf 88' lang='lat' dir='ltr'><strong>nebras</strong></span> <span class='ocrx_word' id='word_1_306' title='bbox 544 2383 824 2438; x_wconf 83' lang='lat' dir='ltr'><strong>latibulum</strong></span> <span class='ocrx_word' id='word_1_307' title='bbox 866 2401 1041 2449; x_wconf 86' lang='lat' dir='ltr'><strong>suum,</strong></span> <span class='ocrx_word' id='word_1_308' title='bbox 1073 2385 1198 2454; x_wconf 85' lang='lat' dir='ltr'><strong>quia</strong></span> <span class='ocrx_word' id='word_1_309' title='bbox 1227 2385 1279 2438; x_wconf 93' lang='lat' dir='ltr'><strong>in</strong></span> <span class='ocrx_word' id='word_1_310' title='bbox 1311 2384 1429 2455; x_wconf 86' lang='lat' dir='ltr'><strong>ejus</strong></span> <span class='ocrx_word' id='word_1_311' title='bbox 1467 2385 1776 2454; x_wconf 75' lang='lat' dir='ltr'><strong>cognitione</strong></span> <span class='ocrx_word' id='word_1_312' title='bbox 1801 2399 1894 2439; x_wconf 80' lang='lat' dir='ltr'><strong>ca-</strong></span> 
     </span>
    </p>
   </div>
   <div class='ocr_carea' id='block_1_42' title="bbox 321 2473 1896 2546">
    <p class='ocr_par' dir='ltr' id='par_1_42' title="bbox 321 2473 1896 2546">
     <span class='ocr_line' id='line_1_42' title="bbox 321 2473 1896 2546; baseline 0.002 -19"><span class='ocrx_word' id='word_1_313' title='bbox 321 2473 451 2542; x_wconf 85' lang='lat' dir='ltr'><strong>ligat</strong></span> <span class='ocrx_word' id='word_1_314' title='bbox 481 2475 628 2530; x_wconf 90' lang='lat' dir='ltr'><strong>acies</strong></span> <span class='ocrx_word' id='word_1_315' title='bbox 666 2476 864 2530; x_wconf 90' lang='lat' dir='ltr'><strong>mentis</strong></span> <span class='ocrx_word' id='word_1_316' title='bbox 884 2477 1152 2530; x_wconf 80' lang='lat' dir='ltr'><strong>universae</strong></span> <span class='ocrx_word' id='word_1_317' title='bbox 1177 2476 1458 2532; x_wconf 86' lang='lat' dir='ltr'><strong>rationalis</strong></span> <span class='ocrx_word' id='word_1_318' title='bbox 1479 2486 1766 2542; x_wconf 69' lang='lat' dir='ltr'><strong>creaturaa,</strong></span> <span class='ocrx_word' id='word_1_319' title='bbox 1799 2491 1896 2546; x_wconf 89' lang='lat' dir='ltr'><strong>pa-</strong></span> 
     </span>
    </p>
   </div>
   <div class='ocr_carea' id='block_1_43' title="bbox 315 2565 1896 2646">
    <p class='ocr_par' dir='ltr' id='par_1_43' title="bbox 315 2565 1896 2646">
     <span class='ocr_line' id='line_1_43' title="bbox 315 2565 1896 2646; baseline 0.003 -30"><span class='ocrx_word' id='word_1_320' title='bbox 315 2579 541 2634; x_wconf 70' lang='lat' dir='ltr'><strong>rumque</strong></span> <span class='ocrx_word' id='word_1_321' title='bbox 562 2565 706 2620; x_wconf 85' lang='lat' dir='ltr'><strong>videt</strong></span> <span class='ocrx_word' id='word_1_322' title='bbox 729 2579 848 2620; x_wconf 90' lang='lat' dir='ltr'><strong>esse</strong></span> <span class='ocrx_word' id='word_1_323' title='bbox 868 2566 1131 2646; x_wconf 80' lang='lat' dir='ltr'><strong>quidquid</strong></span> <span class='ocrx_word' id='word_1_324' title='bbox 1153 2565 1220 2620; x_wconf 89' lang='lat' dir='ltr'><strong>de</strong></span> <span class='ocrx_word' id='word_1_325' title='bbox 1239 2580 1305 2620; x_wconf 90' lang='lat' dir='ltr'><strong>eo</strong></span> <span class='ocrx_word' id='word_1_326' title='bbox 1327 2565 1469 2620; x_wconf 88' lang='lat' dir='ltr'><strong>valet</strong></span> <span class='ocrx_word' id='word_1_327' title='bbox 1496 2580 1810 2636; x_wconf 81' lang='lat' dir='ltr'><strong>agnoscere,</strong></span> <span class='ocrx_word' id='word_1_328' title='bbox 1827 2566 1896 2621; x_wconf 88' lang='lat' dir='ltr'><strong>ad</strong></span> 
     </span>
    </p>
   </div>
   <div class='ocr_carea' id='block_1_44' title="bbox 315 2655 1893 2725">
    <p class='ocr_par' dir='ltr' id='par_1_44' title="bbox 315 2655 1893 2725">
     <span class='ocr_line' id='line_1_44' title="bbox 315 2655 1893 2725; baseline 0 -15"><span class='ocrx_word' id='word_1_329' title='bbox 315 2655 781 2725; x_wconf 87' lang='lat' dir='ltr'><strong>comparationem</strong></span> <span class='ocrx_word' id='word_1_330' title='bbox 807 2669 995 2710; x_wconf 89' lang='lat' dir='ltr'><strong>eorum</strong></span> <span class='ocrx_word' id='word_1_331' title='bbox 1035 2670 1156 2725; x_wconf 75' lang='lat' dir='ltr'><strong>qua:</strong></span> <span class='ocrx_word' id='word_1_332' title='bbox 1193 2656 1262 2710; x_wconf 89' lang='lat' dir='ltr'><strong>de</strong></span> <span class='ocrx_word' id='word_1_333' title='bbox 1302 2656 1418 2724; x_wconf 90' lang='lat' dir='ltr'><strong>ipso</strong></span> <span class='ocrx_word' id='word_1_334' title='bbox 1456 2671 1516 2711; x_wconf 90' lang='lat' dir='ltr'><strong>se</strong></span> <span class='ocrx_word' id='word_1_335' title='bbox 1541 2657 1706 2711; x_wconf 86' lang='lat' dir='ltr'><strong>sentit</strong></span> <span class='ocrx_word' id='word_1_336' title='bbox 1738 2656 1893 2725; x_wconf 83' lang='lat' dir='ltr'><strong>igno-</strong></span> 
     </span>
    </p>
   </div>
   <div class='ocr_carea' id='block_1_45' title="bbox 314 2742 1898 2815">
    <p class='ocr_par' dir='ltr' id='par_1_45' title="bbox 314 2742 1898 2815">
     <span class='ocr_line' id='line_1_45' title="bbox 314 2742 1898 2815; baseline 0.001 -17"><span class='ocrx_word' id='word_1_337' title='bbox 314 2761 457 2800; x_wconf 83' lang='lat' dir='ltr'><strong>rare.</strong></span> <span class='ocrx_word' id='word_1_338' title='bbox 507 2742 686 2798; x_wconf 86' lang='lat' dir='ltr'><strong>Nubes</strong></span> <span class='ocrx_word' id='word_1_339' title='bbox 727 2755 774 2798; x_wconf 87' lang='lat' dir='ltr'><strong>et</strong></span> <span class='ocrx_word' id='word_1_340' title='bbox 819 2745 989 2814; x_wconf 87' lang='lat' dir='ltr'><strong>caligo</strong></span> <span class='ocrx_word' id='word_1_341' title='bbox 1031 2748 1085 2799; x_wconf 86' lang='lat' dir='ltr'><strong>in</strong></span> <span class='ocrx_word' id='word_1_342' title='bbox 1133 2746 1358 2800; x_wconf 87' lang='lat' dir='ltr'><strong>circuitu</strong></span> <span class='ocrx_word' id='word_1_343' title='bbox 1403 2746 1710 2815; x_wconf 77' lang='lat' dir='ltr'><strong>ejus:quia</strong></span> <span class='ocrx_word' id='word_1_344' title='bbox 1762 2745 1898 2800; x_wconf 85' lang='lat' dir='ltr'><strong>latet</strong></span> 
     </span>
    </p>
   </div>
   <div class='ocr_carea' id='block_1_46' title="bbox 315 2834 1889 2904">
    <p class='ocr_par' dir='ltr' id='par_1_46' title="bbox 315 2834 1889 2904">
     <span class='ocr_line' id='line_1_46' title="bbox 315 2834 1889 2904; baseline 0.002 -17"><span class='ocrx_word' id='word_1_345' title='bbox 315 2837 364 2890; x_wconf 92' lang='lat' dir='ltr'><strong>in</strong></span> <span class='ocrx_word' id='word_1_346' title='bbox 411 2835 644 2904; x_wconf 88' lang='lat' dir='ltr'><strong>quadam</strong></span> <span class='ocrx_word' id='word_1_347' title='bbox 701 2834 1035 2890; x_wconf 87' lang='lat' dir='ltr'><strong>obscuritate</strong></span> <span class='ocrx_word' id='word_1_348' title='bbox 1064 2835 1730 2904; x_wconf 89' lang='lat' dir='ltr'><strong>incomprehensibilitatis</strong></span> <span class='ocrx_word' id='word_1_349' title='bbox 1757 2850 1889 2900; x_wconf 61' lang='lat' dir='ltr'><strong>suae,</strong></span> 
     </span>
    </p>
   </div>
   <div class='ocr_carea' id='block_1_47' title="bbox 313 2923 1897 2993">
    <p class='ocr_par' dir='ltr' id='par_1_47' title="bbox 313 2923 1897 2993">
     <span class='ocr_line' id='line_1_47' title="bbox 313 2923 1897 2993; baseline 0.002 -18"><span class='ocrx_word' id='word_1_350' title='bbox 313 2938 411 2978; x_wconf 82' lang='lat' dir='ltr'><strong>nec</strong></span> <span class='ocrx_word' id='word_1_351' title='bbox 464 2923 683 2993; x_wconf 76' lang='lat' dir='ltr'><strong>agnosci</strong></span> <span class='ocrx_word' id='word_1_352' title='bbox 729 2931 906 2993; x_wconf 90' lang='lat' dir='ltr'><strong>potest</strong></span> <span class='ocrx_word' id='word_1_353' title='bbox 950 2937 981 2977; x_wconf 90' lang='lat' dir='ltr'><strong>a</strong></span> <span class='ocrx_word' id='word_1_354' title='bbox 1023 2932 1296 2987; x_wconf 81' lang='lat' dir='ltr'><strong>creatura,</strong></span> <span class='ocrx_word' id='word_1_355' title='bbox 1347 2924 1449 2978; x_wconf 84' lang='lat' dir='ltr'><strong>nisi</strong></span> <span class='ocrx_word' id='word_1_356' title='bbox 1477 2934 1738 2992; x_wconf 89' lang='lat' dir='ltr'><strong>quantum</strong></span> <span class='ocrx_word' id='word_1_357' title='bbox 1784 2925 1897 2978; x_wconf 88' lang='lat' dir='ltr'><strong>vult</strong></span> 
     </span>
    </p>
   </div>
   <div class='ocr_carea' id='block_1_48' title="bbox 312 3013 1895 3084">
    <p class='ocr_par' dir='ltr' id='par_1_48' title="bbox 312 3013 1895 3084">
     <span class='ocr_line' id='line_1_48' title="bbox 312 3013 1895 3084; baseline 0.002 -18"><span class='ocrx_word' id='word_1_358' title='bbox 312 3013 576 3069; x_wconf 88' lang='lat' dir='ltr'><strong>revelare.</strong></span> <span class='ocrx_word' id='word_1_359' title='bbox 617 3013 676 3067; x_wconf 87' lang='lat' dir='ltr'><strong>In</strong></span> <span class='ocrx_word' id='word_1_360' title='bbox 742 3015 883 3068; x_wconf 90' lang='lat' dir='ltr'><strong>hanc</strong></span> <span class='ocrx_word' id='word_1_361' title='bbox 930 3014 1114 3083; x_wconf 87' lang='lat' dir='ltr'><strong>itaque</strong></span> <span class='ocrx_word' id='word_1_362' title='bbox 1175 3017 1362 3068; x_wconf 83' lang='lat' dir='ltr'><strong>nubem</strong></span> <span class='ocrx_word' id='word_1_363' title='bbox 1435 3015 1703 3070; x_wconf 79' lang='lat' dir='ltr'><strong>intrantes</strong></span> <span class='ocrx_word' id='word_1_364' title='bbox 1769 3030 1895 3084; x_wconf 88' lang='lat' dir='ltr'><strong>apo-</strong></span> 
     </span>
    </p>
   </div>
   <div class='ocr_carea' id='block_1_49' title="bbox 312 3104 1890 3175">
    <p class='ocr_par' dir='ltr' id='par_1_49' title="bbox 312 3104 1890 3175">
     <span class='ocr_line' id='line_1_49' title="bbox 312 3104 1890 3175; baseline 0.001 -18"><span class='ocrx_word' id='word_1_365' title='bbox 312 3104 433 3158; x_wconf 86' lang='lat' dir='ltr'><strong>stoli</strong></span> <span class='ocrx_word' id='word_1_366' title='bbox 499 3105 808 3170; x_wconf 88' lang='lat' dir='ltr'><strong>timuerunt,</strong></span> <span class='ocrx_word' id='word_1_367' title='bbox 837 3105 963 3174; x_wconf 92' lang='lat' dir='ltr'><strong>quia</strong></span> <span class='ocrx_word' id='word_1_368' title='bbox 1008 3105 1316 3175; x_wconf 89' lang='lat' dir='ltr'><strong>quicunque</strong></span> <span class='ocrx_word' id='word_1_369' title='bbox 1377 3106 1444 3159; x_wconf 89' lang='lat' dir='ltr'><strong>ad</strong></span> <span class='ocrx_word' id='word_1_370' title='bbox 1504 3107 1596 3159; x_wconf 83' lang='lat' dir='ltr'><strong>Dei</strong></span> <span class='ocrx_word' id='word_1_371' title='bbox 1644 3115 1890 3160; x_wconf 71' lang='lat' dir='ltr'><strong>content-</strong></span> 
     </span>
    </p>
   </div>
   <div class='ocr_carea' id='block_1_50' title="bbox 313 3192 1890 3262">
    <p class='ocr_par' dir='ltr' id='par_1_50' title="bbox 313 3192 1890 3262">
     <span class='ocr_line' id='line_1_50' title="bbox 313 3192 1890 3262; baseline 0.003 -18"><span class='ocrx_word' id='word_1_372' title='bbox 313 3192 602 3262; x_wconf 84' lang='lat' dir='ltr'><strong>plationcm</strong></span> <span class='ocrx_word' id='word_1_373' title='bbox 661 3192 740 3246; x_wconf 88' lang='lat' dir='ltr'><strong>sic</strong></span> <span class='ocrx_word' id='word_1_374' title='bbox 799 3192 1108 3261; x_wconf 83' lang='lat' dir='ltr'><strong>proﬁciunt,</strong></span> <span class='ocrx_word' id='word_1_375' title='bbox 1179 3203 1240 3247; x_wconf 88' lang='lat' dir='ltr'><strong>ut</strong></span> <span class='ocrx_word' id='word_1_376' title='bbox 1291 3208 1414 3247; x_wconf 89' lang='lat' dir='ltr'><strong>eum</strong></span> <span class='ocrx_word' id='word_1_377' title='bbox 1483 3195 1534 3246; x_wconf 91' lang='lat' dir='ltr'><strong>in</strong></span> <span class='ocrx_word' id='word_1_378' title='bbox 1586 3194 1890 3262; x_wconf 89' lang='lat' dir='ltr'><strong>hujusmodi</strong></span> 
     </span>
    </p>
   </div>
   <div class='ocr_carea' id='block_1_51' title="bbox 317 3284 1891 3352">
    <p class='ocr_par' dir='ltr' id='par_1_51' title="bbox 317 3284 1891 3352">
     <span class='ocr_line' id='line_1_51' title="bbox 317 3284 1891 3352; baseline 0.001 -15"><span class='ocrx_word' id='word_1_379' title='bbox 317 3284 462 3338; x_wconf 83' lang='lat' dir='ltr'><strong>nube</strong></span> <span class='ocrx_word' id='word_1_380' title='bbox 498 3285 850 3339; x_wconf 90' lang='lat' dir='ltr'><strong>obscuritatis</strong></span> <span class='ocrx_word' id='word_1_381' title='bbox 912 3301 1234 3340; x_wconf 88' lang='lat' dir='ltr'><strong>arcanorum</strong></span> <span class='ocrx_word' id='word_1_382' title='bbox 1285 3286 1400 3352; x_wconf 89' lang='lat' dir='ltr'><strong>ejus</strong></span> <span class='ocrx_word' id='word_1_383' title='bbox 1453 3287 1694 3350; x_wconf 86' lang='lat' dir='ltr'><strong>videant,</strong></span> <span class='ocrx_word' id='word_1_384' title='bbox 1767 3302 1891 3341; x_wconf 89' lang='lat' dir='ltr'><strong>cum</strong></span> 
     </span>
    </p>
   </div>
   <div class='ocr_carea' id='block_1_52' title="bbox 314 3375 1894 3444">
    <p class='ocr_par' dir='ltr' id='par_1_52' title="bbox 314 3375 1894 3444">
     <span class='ocr_line' id='line_1_52' title="bbox 314 3375 1894 3444; baseline 0.001 -14"><span class='ocrx_word' id='word_1_385' title='bbox 314 3390 508 3444; x_wconf 86' lang='lat' dir='ltr'><strong>magno</strong></span> <span class='ocrx_word' id='word_1_386' title='bbox 544 3383 686 3429; x_wconf 90' lang='lat' dir='ltr'><strong>metu</strong></span> <span class='ocrx_word' id='word_1_387' title='bbox 738 3377 1054 3430; x_wconf 72' lang='lat' dir='ltr'><strong>reverentia:</strong></span> <span class='ocrx_word' id='word_1_388' title='bbox 1112 3377 1164 3430; x_wconf 90' lang='lat' dir='ltr'><strong>id</strong></span> <span class='ocrx_word' id='word_1_389' title='bbox 1211 3376 1439 3430; x_wconf 87' lang='lat' dir='ltr'><strong>faciunt.</strong></span> <span class='ocrx_word' id='word_1_390' title='bbox 1491 3375 1642 3430; x_wconf 89' lang='lat' dir='ltr'><strong>Unde</strong></span> <span class='ocrx_word' id='word_1_391' title='bbox 1676 3386 1760 3438; x_wconf 70' lang='grc' dir='ltr'><strong>,ει</strong></span> <span class='ocrx_word' id='word_1_392' title='bbox 1807 3393 1894 3431; x_wconf 85' lang='lat' dir='ltr'><strong>se-</strong></span> 
     </span>
    </p>
   </div>
   <div class='ocr_carea' id='block_1_53' title="bbox 315 3465 1894 3536">
    <p class='ocr_par' dir='ltr' id='par_1_53' title="bbox 315 3465 1894 3536">
     <span class='ocr_line' id='line_1_53' title="bbox 315 3465 1894 3536; baseline 0.001 -16"><span class='ocrx_word' id='word_1_393' title='bbox 315 3466 558 3536; x_wconf 89' lang='lat' dir='ltr'><strong>raphim,</strong></span> <span class='ocrx_word' id='word_1_394' title='bbox 606 3465 697 3534; x_wconf 88' lang='lat' dir='ltr'><strong>qui</strong></span> <span class='ocrx_word' id='word_1_395' title='bbox 741 3480 867 3519; x_wconf 89' lang='lat' dir='ltr'><strong>cum</strong></span> <span class='ocrx_word' id='word_1_396' title='bbox 913 3465 1071 3534; x_wconf 90' lang='lat' dir='ltr'><strong>primi</strong></span> <span class='ocrx_word' id='word_1_397' title='bbox 1112 3475 1474 3536; x_wconf 88' lang='lat' dir='ltr'><strong>cognoscunt,</strong></span> <span class='ocrx_word' id='word_1_398' title='bbox 1547 3467 1738 3520; x_wconf 88' lang='lat' dir='ltr'><strong>faciem</strong></span> <span class='ocrx_word' id='word_1_399' title='bbox 1778 3466 1894 3534; x_wconf 84' lang='lat' dir='ltr'><strong>ejus</strong></span> 
     </span>
    </p>
   </div>
   <div class='ocr_carea' id='block_1_54' title="bbox 314 3556 1893 3627">
    <p class='ocr_par' dir='ltr' id='par_1_54' title="bbox 314 3556 1893 3627">
     <span class='ocr_line' id='line_1_54' title="bbox 314 3556 1893 3627; baseline -0.001 -14"><span class='ocrx_word' id='word_1_400' title='bbox 314 3566 370 3613; x_wconf 89' lang='lat' dir='ltr'><strong>et</strong></span> <span class='ocrx_word' id='word_1_401' title='bbox 406 3558 570 3626; x_wconf 90' lang='lat' dir='ltr'><strong>pedes</strong></span> <span class='ocrx_word' id='word_1_402' title='bbox 596 3556 798 3623; x_wconf 82' lang='lat' dir='ltr'><strong>velant,</strong></span> <span class='ocrx_word' id='word_1_403' title='bbox 829 3564 885 3610; x_wconf 86' lang='lat' dir='ltr'><strong>et</strong></span> <span class='ocrx_word' id='word_1_404' title='bbox 920 3556 1110 3611; x_wconf 87' lang='lat' dir='ltr'><strong>mediis</strong></span> <span class='ocrx_word' id='word_1_405' title='bbox 1146 3556 1244 3610; x_wconf 88' lang='lat' dir='ltr'><strong>alis</strong></span> <span class='ocrx_word' id='word_1_406' title='bbox 1271 3557 1496 3611; x_wconf 86' lang='lat' dir='ltr'><strong>volant:</strong></span> <span class='ocrx_word' id='word_1_407' title='bbox 1531 3566 1588 3611; x_wconf 92' lang='lat' dir='ltr'><strong>ut</strong></span> <span class='ocrx_word' id='word_1_408' title='bbox 1629 3558 1893 3627; x_wconf 62' lang='lat' dir='ltr'><strong>intelliga-</strong></span> 
     </span>
    </p>
   </div>
   <div class='ocr_carea' id='block_1_55' title="bbox 313 3645 1894 3717">
    <p class='ocr_par' dir='ltr' id='par_1_55' title="bbox 313 3645 1894 3717">
     <span class='ocr_line' id='line_1_55' title="bbox 313 3645 1894 3717; baseline 0 -17"><span class='ocrx_word' id='word_1_409' title='bbox 313 3661 434 3700; x_wconf 90' lang='lat' dir='ltr'><strong>mus</strong></span> <span class='ocrx_word' id='word_1_410' title='bbox 456 3645 582 3714; x_wconf 90' lang='lat' dir='ltr'><strong>quia</strong></span> <span class='ocrx_word' id='word_1_411' title='bbox 608 3653 664 3700; x_wconf 91' lang='lat' dir='ltr'><strong>et</strong></span> <span class='ocrx_word' id='word_1_412' title='bbox 689 3654 798 3700; x_wconf 89' lang='lat' dir='ltr'><strong>tam</strong></span> <span class='ocrx_word' id='word_1_413' title='bbox 827 3645 1075 3700; x_wconf 87' lang='lat' dir='ltr'><strong>sublimis</strong></span> <span class='ocrx_word' id='word_1_414' title='bbox 1105 3649 1239 3700; x_wconf 88' lang='lat' dir='ltr'><strong>ordo</strong></span> <span class='ocrx_word' id='word_1_415' title='bbox 1267 3646 1704 3702; x_wconf 88' lang='lat' dir='ltr'><strong>beatissimorum</strong></span> <span class='ocrx_word' id='word_1_416' title='bbox 1735 3649 1894 3717; x_wconf 83' lang='lat' dir='ltr'><strong>spiri-</strong></span> 
     </span>
    </p>
   </div>
   <div class='ocr_carea' id='block_1_56' title="bbox 314 3736 1892 3807">
    <p class='ocr_par' dir='ltr' id='par_1_56' title="bbox 314 3736 1892 3807">
     <span class='ocr_line' id='line_1_56' title="bbox 314 3736 1892 3807; baseline 0 -15"><span class='ocrx_word' id='word_1_417' title='bbox 314 3747 463 3792; x_wconf 89' lang='lat' dir='ltr'><strong>tuum</strong></span> <span class='ocrx_word' id='word_1_418' title='bbox 489 3737 705 3792; x_wconf 81' lang='lat' dir='ltr'><strong>tiinidus</strong></span> <span class='ocrx_word' id='word_1_419' title='bbox 729 3745 814 3792; x_wconf 89' lang='lat' dir='ltr'><strong>est</strong></span> <span class='ocrx_word' id='word_1_420' title='bbox 847 3737 993 3792; x_wconf 89' lang='lat' dir='ltr'><strong>circa</strong></span> <span class='ocrx_word' id='word_1_421' title='bbox 1023 3736 1249 3792; x_wconf 89' lang='lat' dir='ltr'><strong>celsiora</strong></span> <span class='ocrx_word' id='word_1_422' title='bbox 1287 3746 1339 3792; x_wconf 94' lang='lat' dir='ltr'><strong>et</strong></span> <span class='ocrx_word' id='word_1_423' title='bbox 1364 3738 1717 3807; x_wconf 86' lang='lat' dir='ltr'><strong>prol&#39;undiora</strong></span> <span class='ocrx_word' id='word_1_424' title='bbox 1750 3739 1892 3793; x_wconf 87' lang='lat' dir='ltr'><strong>divi-</strong></span> 
     </span>
    </p>
   </div>
   <div class='ocr_carea' id='block_1_57' title="bbox 315 3829 1896 3893">
    <p class='ocr_par' dir='ltr' id='par_1_57' title="bbox 315 3829 1896 3893">
     <span class='ocr_line' id='line_1_57' title="bbox 315 3829 1896 3893; baseline 0.002 -10"><span class='ocrx_word' id='word_1_425' title='bbox 315 3843 506 3884; x_wconf 87' lang='lat' dir='ltr'><strong>narum</strong></span> <span class='ocrx_word' id='word_1_426' title='bbox 535 3829 822 3893; x_wconf 89' lang='lat' dir='ltr'><strong>visionum,</strong></span> <span class='ocrx_word' id='word_1_427' title='bbox 855 3838 910 3883; x_wconf 88' lang='lat' dir='ltr'><strong>et</strong></span> <span class='ocrx_word' id='word_1_428' title='bbox 933 3829 1278 3883; x_wconf 89' lang='lat' dir='ltr'><strong>mediocriter</strong></span> <span class='ocrx_word' id='word_1_429' title='bbox 1303 3831 1370 3884; x_wconf 89' lang='lat' dir='ltr'><strong>ad</strong></span> <span class='ocrx_word' id='word_1_430' title='bbox 1393 3830 1614 3885; x_wconf 87' lang='lat' dir='ltr'><strong>deilicas</strong></span> <span class='ocrx_word' id='word_1_431' title='bbox 1640 3831 1896 3886; x_wconf 78' lang='lat' dir='ltr'><strong>scientias</strong></span> 
     </span>
    </p>
   </div>
   <div class='ocr_carea' id='block_1_58' title="bbox 312 3920 1892 3991">
    <p class='ocr_par' dir='ltr' id='par_1_58' title="bbox 312 3920 1892 3991">
     <span class='ocr_line' id='line_1_58' title="bbox 312 3920 1892 3991; baseline 0.003 -17"><span class='ocrx_word' id='word_1_432' title='bbox 312 3921 598 3975; x_wconf 90' lang='lat' dir='ltr'><strong>attollitur.</strong></span> <span class='ocrx_word' id='word_1_433' title='bbox 628 3920 700 3976; x_wconf 88' lang='lat' dir='ltr'><strong>De</strong></span> <span class='ocrx_word' id='word_1_434' title='bbox 743 3921 1002 3991; x_wconf 74' lang='lat' dir='ltr'><strong>praedicta</strong></span> <span class='ocrx_word' id='word_1_435' title='bbox 1049 3937 1176 3976; x_wconf 83' lang='lat' dir='ltr'><strong>vero</strong></span> <span class='ocrx_word' id='word_1_436' title='bbox 1209 3923 1341 3976; x_wconf 88' lang='lat' dir='ltr'><strong>nube</strong></span> <span class='ocrx_word' id='word_1_437' title='bbox 1368 3923 1518 3978; x_wconf 87' lang='lat' dir='ltr'><strong>venit</strong></span> <span class='ocrx_word' id='word_1_438' title='bbox 1545 3940 1645 3977; x_wconf 71' lang='lat' dir='ltr'><strong>vox</strong></span> <span class='ocrx_word' id='word_1_439' title='bbox 1694 3924 1892 3989; x_wconf 83' lang='lat' dir='ltr'><strong>Patris,</strong></span> 
     </span>
    </p>
   </div>
   <div class='ocr_carea' id='block_1_59' title="bbox 315 4011 1895 4083">
    <p class='ocr_par' dir='ltr' id='par_1_59' title="bbox 315 4011 1895 4083">
     <span class='ocr_line' id='line_1_59' title="bbox 315 4011 1895 4083; baseline 0.002 -17"><span class='ocrx_word' id='word_1_440' title='bbox 315 4013 498 4067; x_wconf 88' lang='lat' dir='ltr'><strong>dicens</strong></span> <span class='ocrx_word' id='word_1_441' title='bbox 529 4013 594 4068; x_wconf 92' lang='lat' dir='ltr'><strong>de</strong></span> <span class='ocrx_word' id='word_1_442' title='bbox 619 4012 838 4068; x_wconf 88' lang='lat' dir='ltr'><strong>Christo</strong></span> <span class='ocrx_word' id='word_1_443' title='bbox 867 4030 881 4068; x_wconf 92' lang='lat'><strong>:</strong></span> <span class='ocrx_word' id='word_1_444' title='bbox 925 4011 1024 4066; x_wconf 82' lang='lat' dir='ltr'><strong>Hic</strong></span> <span class='ocrx_word' id='word_1_445' title='bbox 1051 4023 1124 4066; x_wconf 87' lang='lat' dir='ltr'><strong>est</strong></span> <span class='ocrx_word' id='word_1_446' title='bbox 1159 4011 1204 4066; x_wconf 82' lang='lat' dir='ltr'><em>F</em></span> <span class='ocrx_word' id='word_1_447' title='bbox 1209 4014 1330 4067; x_wconf 83' lang='lat' dir='ltr'><strong>ilius</strong></span> <span class='ocrx_word' id='word_1_448' title='bbox 1356 4030 1520 4076; x_wconf 86' lang='lat' dir='ltr'><strong>meus,</strong></span> <span class='ocrx_word' id='word_1_449' title='bbox 1545 4016 1670 4083; x_wconf 87' lang='lat' dir='ltr'><strong>quia</strong></span> <span class='ocrx_word' id='word_1_450' title='bbox 1697 4015 1762 4069; x_wconf 82' lang='lat' dir='ltr'><strong>de</strong></span> <span class='ocrx_word' id='word_1_451' title='bbox 1794 4017 1895 4070; x_wconf 89' lang='lat' dir='ltr'><strong>im-</strong></span> 
     </span>
    </p>
   </div>
   <div class='ocr_carea' id='block_1_60' title="bbox 314 4103 1896 4174">
    <p class='ocr_par' dir='ltr' id='par_1_60' title="bbox 314 4103 1896 4174">
     <span class='ocr_line' id='line_1_60' title="bbox 314 4103 1896 4174; baseline 0.003 -19"><span class='ocrx_word' id='word_1_452' title='bbox 314 4117 498 4156; x_wconf 86' lang='lat' dir='ltr'><strong>mensa</strong></span> <span class='ocrx_word' id='word_1_453' title='bbox 572 4103 903 4158; x_wconf 85' lang='lat' dir='ltr'><strong>obscuritate</strong></span> <span class='ocrx_word' id='word_1_454' title='bbox 977 4104 1170 4158; x_wconf 63' lang='lat' dir='ltr'><strong>divinae</strong></span> <span class='ocrx_word' id='word_1_455' title='bbox 1238 4104 1896 4174; x_wconf 86' lang='lat' dir='ltr'><strong>incomprehensibilitatis</strong></span> 
     </span>
    </p>
   </div>
   <div class='ocr_carea' id='block_1_61' title="bbox 314 4193 1895 4265">
    <p class='ocr_par' dir='ltr' id='par_1_61' title="bbox 314 4193 1895 4265">
     <span class='ocr_line' id='line_1_61' title="bbox 314 4193 1895 4265; baseline 0.003 -19"><span class='ocrx_word' id='word_1_456' title='bbox 314 4193 560 4263; x_wconf 87' lang='lat' dir='ltr'><strong>procedit</strong></span> <span class='ocrx_word' id='word_1_457' title='bbox 590 4193 655 4247; x_wconf 90' lang='lat' dir='ltr'><strong>ad</strong></span> <span class='ocrx_word' id='word_1_458' title='bbox 684 4209 783 4247; x_wconf 85' lang='lat' dir='ltr'><strong>nos</strong></span> <span class='ocrx_word' id='word_1_459' title='bbox 812 4193 920 4246; x_wconf 90' lang='lat' dir='ltr'><strong>alta</strong></span> <span class='ocrx_word' id='word_1_460' title='bbox 952 4194 1142 4249; x_wconf 86' lang='lat' dir='ltr'><strong>notitia</strong></span> <span class='ocrx_word' id='word_1_461' title='bbox 1175 4195 1539 4264; x_wconf 86' lang='lat' dir='ltr'><strong>generationis</strong></span> <span class='ocrx_word' id='word_1_462' title='bbox 1577 4195 1895 4265; x_wconf 86' lang='lat' dir='ltr'><strong>sempiterni</strong></span> 
     </span>
    </p>
   </div>
   <div class='ocr_carea' id='block_1_62' title="bbox 315 4284 1893 4356">
    <p class='ocr_par' dir='ltr' id='par_1_62' title="bbox 315 4284 1893 4356">
     <span class='ocr_line' id='line_1_62' title="bbox 315 4284 1893 4356; baseline 0.004 -19"><span class='ocrx_word' id='word_1_463' title='bbox 315 4284 432 4337; x_wconf 86' lang='lat' dir='ltr'><strong>Filii</strong></span> <span class='ocrx_word' id='word_1_464' title='bbox 455 4284 573 4347; x_wconf 91' lang='lat' dir='ltr'><strong>Dei,</strong></span> <span class='ocrx_word' id='word_1_465' title='bbox 600 4285 834 4354; x_wconf 89' lang='lat' dir='ltr'><strong>inquam</strong></span> <span class='ocrx_word' id='word_1_466' title='bbox 865 4299 966 4338; x_wconf 89' lang='lat' dir='ltr'><strong>nec</strong></span> <span class='ocrx_word' id='word_1_467' title='bbox 1001 4286 1214 4354; x_wconf 85' lang='lat' dir='ltr'><strong>genitor</strong></span> <span class='ocrx_word' id='word_1_468' title='bbox 1247 4295 1330 4338; x_wconf 88' lang='lat' dir='ltr'><strong>est</strong></span> <span class='ocrx_word' id='word_1_469' title='bbox 1361 4286 1542 4355; x_wconf 89' lang='lat' dir='ltr'><strong>genito</strong></span> <span class='ocrx_word' id='word_1_470' title='bbox 1579 4288 1748 4356; x_wconf 90' lang='lat' dir='ltr'><strong>prior,</strong></span> <span class='ocrx_word' id='word_1_471' title='bbox 1793 4303 1893 4343; x_wconf 86' lang='lat' dir='ltr'><strong>nec</strong></span> 
     </span>
    </p>
   </div>
   <div class='ocr_carea' id='block_1_63' title="bbox 323 4355 1973 4445">
    <p class='ocr_par' dir='ltr' id='par_1_63' title="bbox 323 4355 1973 4445">
     <span class='ocr_line' id='line_1_63' title="bbox 323 4355 1973 4445; baseline 0.003 -17"><span class='ocrx_word' id='word_1_472' title='bbox 323 4375 535 4444; x_wconf 85' lang='lat' dir='ltr'><strong>genitus</strong></span> <span class='ocrx_word' id='word_1_473' title='bbox 566 4377 807 4445; x_wconf 77' lang='lat' dir='ltr'><strong>genitore</strong></span> <span class='ocrx_word' id='word_1_474' title='bbox 829 4377 1098 4444; x_wconf 88' lang='lat' dir='ltr'><strong>posterior</strong></span> <span class='ocrx_word' id='word_1_475' title='bbox 1127 4393 1140 4428; x_wconf 93' lang='lat'><strong>:</strong></span> <span class='ocrx_word' id='word_1_476' title='bbox 1165 4376 1289 4445; x_wconf 84' lang='lat' dir='ltr'><strong>quia</strong></span> <span class='ocrx_word' id='word_1_477' title='bbox 1335 4385 1546 4430; x_wconf 84' lang='lat' dir='ltr'><strong>constat</strong></span> <span class='ocrx_word' id='word_1_478' title='bbox 1584 4355 1649 4431; x_wconf 83' lang='lat' dir='ltr'><strong>et</strong></span> <span class='ocrx_word' id='word_1_479' title='bbox 1680 4377 1894 4433; x_wconf 86' lang='lat' dir='ltr'><strong>Patrem</strong></span> <span class='ocrx_word' id='word_1_480' title='bbox 1924 4355 1973 4413; x_wconf 74' lang='grc' dir='ltr'><strong>θ</strong></span> 
     </span>
    </p>
   </div>
   <div class='ocr_carea' id='block_1_64' title="bbox 316 4466 1894 4537">
    <p class='ocr_par' dir='ltr' id='par_1_64' title="bbox 316 4466 1894 4537">
     <span class='ocr_line' id='line_1_64' title="bbox 316 4466 1894 4537; baseline 0.001 -16"><span class='ocrx_word' id='word_1_481' title='bbox 316 4467 644 4536; x_wconf 86' lang='lat' dir='ltr'><strong>sempiterne</strong></span> <span class='ocrx_word' id='word_1_482' title='bbox 655 4468 929 4537; x_wconf 78' lang='lat' dir='ltr'><strong>genuisse,</strong></span> <span class='ocrx_word' id='word_1_483' title='bbox 943 4477 993 4521; x_wconf 89' lang='lat' dir='ltr'><strong>et</strong></span> <span class='ocrx_word' id='word_1_484' title='bbox 1006 4466 1198 4520; x_wconf 88' lang='lat' dir='ltr'><strong>Filium</strong></span> <span class='ocrx_word' id='word_1_485' title='bbox 1217 4466 1545 4536; x_wconf 88' lang='lat' dir='ltr'><strong>sempiterne</strong></span> <span class='ocrx_word' id='word_1_486' title='bbox 1558 4477 1740 4521; x_wconf 91' lang='lat' dir='ltr'><strong>natum</strong></span> <span class='ocrx_word' id='word_1_487' title='bbox 1757 4484 1894 4524; x_wconf 87' lang='lat' dir='ltr'><strong>esse.</strong></span> 
     </span>
    </p>
   </div>
   <div class='ocr_carea' id='block_1_65' title="bbox 323 4558 1898 4629">
    <p class='ocr_par' dir='ltr' id='par_1_65' title="bbox 323 4558 1898 4629">
     <span class='ocr_line' id='line_1_65' title="bbox 323 4558 1898 4629; baseline 0.003 -17"><span class='ocrx_word' id='word_1_488' title='bbox 323 4558 428 4612; x_wconf 87' lang='lat' dir='ltr'><strong>Sed</strong></span> <span class='ocrx_word' id='word_1_489' title='bbox 445 4559 600 4628; x_wconf 88' lang='lat' dir='ltr'><strong>cujus</strong></span> <span class='ocrx_word' id='word_1_490' title='bbox 614 4559 870 4629; x_wconf 79' lang='lat' dir='ltr'><strong>fulgorem</strong></span> <span class='ocrx_word' id='word_1_491' title='bbox 887 4561 1083 4614; x_wconf 89' lang='lat' dir='ltr'><strong>mentis</strong></span> <span class='ocrx_word' id='word_1_492' title='bbox 1094 4560 1238 4614; x_wconf 89' lang='lat' dir='ltr'><strong>acies</strong></span> <span class='ocrx_word' id='word_1_493' title='bbox 1255 4561 1490 4613; x_wconf 81' lang='lat' dir='ltr'><strong>nonduin</strong></span> <span class='ocrx_word' id='word_1_494' title='bbox 1505 4562 1668 4629; x_wconf 88' lang='lat' dir='ltr'><strong>capit,</strong></span> <span class='ocrx_word' id='word_1_495' title='bbox 1681 4577 1898 4629; x_wconf 89' lang='lat' dir='ltr'><strong>genera-</strong></span> 
     </span>
    </p>
   </div>
   <div class='ocr_carea' id='block_1_66' title="bbox 314 4649 1896 4723">
    <p class='ocr_par' dir='ltr' id='par_1_66' title="bbox 314 4649 1896 4723">
     <span class='ocr_line' id='line_1_66' title="bbox 314 4649 1896 4723; baseline 0.004 -21"><span class='ocrx_word' id='word_1_496' title='bbox 314 4649 503 4703; x_wconf 84' lang='lat' dir='ltr'><strong>tionem</strong></span> <span class='ocrx_word' id='word_1_497' title='bbox 518 4651 632 4720; x_wconf 88' lang='lat' dir='ltr'><strong>ejus</strong></span> <span class='ocrx_word' id='word_1_498' title='bbox 648 4653 763 4721; x_wconf 88' lang='lat' dir='ltr'><strong>quis</strong></span> <span class='ocrx_word' id='word_1_499' title='bbox 785 4651 1047 4705; x_wconf 88' lang='lat' dir='ltr'><strong>enarrabit</strong></span> <span class='ocrx_word' id='word_1_500' title='bbox 1064 4651 1088 4703; x_wconf 84' lang='lat'><strong><em>?</em></strong></span> <span class='ocrx_word' id='word_1_501' title='bbox 1108 4651 1246 4721; x_wconf 84' lang='lat' dir='ltr'><strong>(lsu.</strong></span> <span class='ocrx_word' id='word_1_502' title='bbox 1275 4668 1388 4715; x_wconf 81' lang='lat' dir='ltr'>LIII,</span> <span class='ocrx_word' id='word_1_503' title='bbox 1409 4652 1488 4723; x_wconf 89' lang='lat'><strong>8.)</strong></span> <span class='ocrx_word' id='word_1_504' title='bbox 1513 4652 1648 4719; x_wconf 84' lang='lat' dir='ltr'><strong>Quia</strong></span> <span class='ocrx_word' id='word_1_505' title='bbox 1669 4668 1796 4707; x_wconf 88' lang='lat' dir='ltr'><strong>vero</strong></span> <span class='ocrx_word' id='word_1_506' title='bbox 1814 4667 1896 4708; x_wconf 84' lang='lat' dir='ltr'><strong>re-</strong></span> 
     </span>
    </p>
   </div>
   <div class='ocr_carea' id='block_1_67' title="bbox 315 4742 1892 4812">
    <p class='ocr_par' dir='ltr' id='par_1_67' title="bbox 315 4742 1892 4812">
     <span class='ocr_line' id='line_1_67' title="bbox 315 4742 1892 4812; baseline 0.002 -16"><span class='ocrx_word' id='word_1_507' title='bbox 315 4743 692 4809; x_wconf 78' lang='lat' dir='ltr'><strong>splendeuteni</strong></span> <span class='ocrx_word' id='word_1_508' title='bbox 717 4742 836 4796; x_wconf 81' lang='lat' dir='ltr'><strong>Filii</strong></span> <span class='ocrx_word' id='word_1_509' title='bbox 867 4744 1096 4796; x_wconf 83' lang='lat' dir='ltr'><strong>hominis</strong></span> <span class='ocrx_word' id='word_1_510' title='bbox 1121 4743 1310 4798; x_wconf 79' lang='lat' dir='ltr'><strong>faciem</strong></span> <span class='ocrx_word' id='word_1_511' title='bbox 1331 4744 1552 4812; x_wconf 86' lang='lat' dir='ltr'><strong>apostoli</strong></span> <span class='ocrx_word' id='word_1_512' title='bbox 1569 4745 1892 4800; x_wconf 54' lang='lat' dir='ltr'><strong>cerneredea-</strong></span> 
     </span>
    </p>
   </div>
   <div class='ocr_carea' id='block_1_68' title="bbox 315 4822 1896 4900">
    <p class='ocr_par' dir='ltr' id='par_1_68' title="bbox 315 4822 1896 4900">
     <span class='ocr_line' id='line_1_68' title="bbox 315 4822 1896 4900; baseline 0.001 -12"><span class='ocrx_word' id='word_1_513' title='bbox 315 4834 646 4900; x_wconf 83' lang='lat' dir='ltr'><strong>siderahant,</strong></span> <span class='ocrx_word' id='word_1_514' title='bbox 663 4835 836 4888; x_wconf 83' lang='lat' dir='ltr'><strong>adfuit</strong></span> <span class='ocrx_word' id='word_1_515' title='bbox 859 4822 1081 4888; x_wconf 77' lang='lat' dir='ltr'><strong>Patet-in</strong></span> <span class='ocrx_word' id='word_1_516' title='bbox 1108 4851 1257 4899; x_wconf 83' lang='lat' dir='ltr'><strong>voce,</strong></span> <span class='ocrx_word' id='word_1_517' title='bbox 1277 4837 1478 4890; x_wconf 87' lang='lat' dir='ltr'><strong>docens</strong></span> <span class='ocrx_word' id='word_1_518' title='bbox 1501 4837 1748 4890; x_wconf 84' lang='lat' dir='ltr'><strong>eumdem</strong></span> <span class='ocrx_word' id='word_1_519' title='bbox 1774 4850 1896 4891; x_wconf 84' lang='lat' dir='ltr'><strong>esse</strong></span> 
     </span>
    </p>
   </div>
   <div class='ocr_carea' id='block_1_69' title="bbox 315 4923 1898 4990">
    <p class='ocr_par' dir='ltr' id='par_1_69' title="bbox 315 4923 1898 4990">
     <span class='ocr_line' id='line_1_69' title="bbox 315 4923 1898 4990; baseline 0.002 -10"><span class='ocrx_word' id='word_1_520' title='bbox 315 4923 513 4980; x_wconf 82' lang='lat' dir='ltr'><strong>Filium</strong></span> <span class='ocrx_word' id='word_1_521' title='bbox 542 4941 699 4980; x_wconf 88' lang='lat' dir='ltr'><strong>suum</strong></span> <span class='ocrx_word' id='word_1_522' title='bbox 727 4926 1010 4990; x_wconf 85' lang='lat' dir='ltr'><strong>dilectum;</strong></span> <span class='ocrx_word' id='word_1_523' title='bbox 1045 4935 1104 4980; x_wconf 93' lang='lat' dir='ltr'><strong>ut</strong></span> <span class='ocrx_word' id='word_1_524' title='bbox 1129 4927 1400 4982; x_wconf 89' lang='lat' dir='ltr'><strong>discerent</strong></span> <span class='ocrx_word' id='word_1_525' title='bbox 1445 4927 1514 4982; x_wconf 91' lang='lat' dir='ltr'><strong>ab</strong></span> <span class='ocrx_word' id='word_1_526' title='bbox 1543 4927 1898 4984; x_wconf 88' lang='lat' dir='ltr'><strong>humanitatis</strong></span> 
     </span>
    </p>
   </div>
   <div class='ocr_carea' id='block_1_70' title="bbox 311 5018 1893 5089">
    <p class='ocr_par' dir='ltr' id='par_1_70' title="bbox 311 5018 1893 5089">
     <span class='ocr_line' id='line_1_70' title="bbox 311 5018 1893 5089; baseline 0.003 -17"><span class='ocrx_word' id='word_1_527' title='bbox 311 5018 429 5088; x_wconf 87' lang='lat' dir='ltr'><strong>ejus</strong></span> <span class='ocrx_word' id='word_1_528' title='bbox 457 5018 650 5087; x_wconf 78' lang='lat' dir='ltr'><strong>gloria,</strong></span> <span class='ocrx_word' id='word_1_529' title='bbox 704 5033 868 5088; x_wconf 87' lang='lat' dir='ltr'><strong>quam</strong></span> <span class='ocrx_word' id='word_1_530' title='bbox 913 5019 1188 5086; x_wconf 87' lang='lat' dir='ltr'><strong>videbant,</strong></span> <span class='ocrx_word' id='word_1_531' title='bbox 1237 5019 1305 5072; x_wconf 91' lang='lat' dir='ltr'><strong>ad</strong></span> <span class='ocrx_word' id='word_1_532' title='bbox 1358 5018 1662 5075; x_wconf 86' lang='lat' dir='ltr'><strong>divinitatis</strong></span> <span class='ocrx_word' id='word_1_533' title='bbox 1701 5019 1893 5089; x_wconf 85' lang='lat' dir='ltr'><strong>ipsius,</strong></span> 
     </span>
    </p>
   </div>
   <div class='ocr_carea' id='block_1_71' title="bbox 313 5110 1894 5182">
    <p class='ocr_par' dir='ltr' id='par_1_71' title="bbox 313 5110 1894 5182">
     <span class='ocr_line' id='line_1_71' title="bbox 313 5110 1894 5182; baseline 0.004 -22"><span class='ocrx_word' id='word_1_534' title='bbox 313 5124 433 5177; x_wconf 63' lang='lat' dir='ltr'><strong>quae</strong></span> <span class='ocrx_word' id='word_1_535' title='bbox 459 5110 684 5179; x_wconf 84' lang='lat' dir='ltr'><strong>aequalis</strong></span> <span class='ocrx_word' id='word_1_536' title='bbox 709 5119 763 5164; x_wconf 93' lang='lat' dir='ltr'><strong>et</strong></span> <span class='ocrx_word' id='word_1_537' title='bbox 785 5111 1259 5165; x_wconf 86' lang='lat' dir='ltr'><strong>consubstantialis</strong></span> <span class='ocrx_word' id='word_1_538' title='bbox 1286 5119 1370 5166; x_wconf 88' lang='lat' dir='ltr'><strong>est</strong></span> <span class='ocrx_word' id='word_1_539' title='bbox 1397 5111 1492 5177; x_wconf 92' lang='lat' dir='ltr'><strong>illi,</strong></span> <span class='ocrx_word' id='word_1_540' title='bbox 1525 5111 1894 5182; x_wconf 81' lang='lat' dir='ltr'><strong>contemplan-</strong></span> 
     </span>
    </p>
   </div>
   <div class='ocr_carea' id='block_1_72' title="bbox 315 5201 1895 5273">
    <p class='ocr_par' dir='ltr' id='par_1_72' title="bbox 315 5201 1895 5273">
     <span class='ocr_line' id='line_1_72' title="bbox 315 5201 1895 5273; baseline 0.004 -19"><span class='ocrx_word' id='word_1_541' title='bbox 315 5201 438 5255; x_wconf 87' lang='lat' dir='ltr'><strong>dam</strong></span> <span class='ocrx_word' id='word_1_542' title='bbox 491 5203 768 5273; x_wconf 89' lang='lat' dir='ltr'><strong>suspirare</strong></span> <span class='ocrx_word' id='word_1_543' title='bbox 835 5204 1199 5272; x_wconf 66' lang='lat' dir='ltr'><strong>praesentiam.</strong></span> <span class='ocrx_word' id='word_1_544' title='bbox 1255 5202 1411 5271; x_wconf 84' lang='lat' dir='ltr'><strong>Quod</strong></span> <span class='ocrx_word' id='word_1_545' title='bbox 1463 5213 1646 5259; x_wconf 87' lang='lat' dir='ltr'><strong>autem</strong></span> <span class='ocrx_word' id='word_1_546' title='bbox 1701 5205 1778 5258; x_wconf 90' lang='lat' dir='ltr'><strong>ait</strong></span> <span class='ocrx_word' id='word_1_547' title='bbox 1827 5203 1895 5260; x_wconf 90' lang='lat' dir='ltr'><strong>de</strong></span> 
     </span>
    </p>
   </div>
   <div class='ocr_carea' id='block_1_73' title="bbox 314 5288 1891 5362">
    <p class='ocr_par' dir='ltr' id='par_1_73' title="bbox 314 5288 1891 5362">
     <span class='ocr_line' id='line_1_73' title="bbox 314 5288 1891 5362; baseline 0.001 -18"><span class='ocrx_word' id='word_1_548' title='bbox 314 5288 468 5352; x_wconf 86' lang='lat' dir='ltr'><strong>Filio,</strong></span> <span class='ocrx_word' id='word_1_549' title='bbox 495 5292 550 5344; x_wconf 88' lang='lat' dir='ltr'><strong>in</strong></span> <span class='ocrx_word' id='word_1_550' title='bbox 573 5308 676 5362; x_wconf 88' lang='lat' dir='ltr'><strong>quo</strong></span> <span class='ocrx_word' id='word_1_551' title='bbox 703 5293 828 5345; x_wconf 87' lang='lat' dir='ltr'><strong>mihi</strong></span> <span class='ocrx_word' id='word_1_552' title='bbox 860 5292 984 5344; x_wconf 84' lang='lat' dir='ltr'><strong>bene</strong></span> <span class='ocrx_word' id='word_1_553' title='bbox 1009 5291 1323 5359; x_wconf 85' lang='lat' dir='ltr'><strong>complacui,</strong></span> <span class='ocrx_word' id='word_1_554' title='bbox 1352 5291 1454 5345; x_wconf 89' lang='lat' dir='ltr'><strong>hoc</strong></span> <span class='ocrx_word' id='word_1_555' title='bbox 1481 5301 1565 5346; x_wconf 90' lang='lat' dir='ltr'><strong>est</strong></span> <span class='ocrx_word' id='word_1_556' title='bbox 1585 5294 1727 5361; x_wconf 87' lang='lat' dir='ltr'><strong>quod</strong></span> <span class='ocrx_word' id='word_1_557' title='bbox 1752 5293 1891 5348; x_wconf 90' lang='lat' dir='ltr'><strong>idem</strong></span> 
     </span>
    </p>
   </div>
   <div class='ocr_carea' id='block_1_74' title="bbox 313 5379 1896 5451">
    <p class='ocr_par' dir='ltr' id='par_1_74' title="bbox 313 5379 1896 5451">
     <span class='ocr_line' id='line_1_74' title="bbox 313 5379 1896 5451; baseline 0.003 -17"><span class='ocrx_word' id='word_1_558' title='bbox 313 5379 483 5436; x_wconf 81' lang='lat' dir='ltr'><strong>Filius</strong></span> <span class='ocrx_word' id='word_1_559' title='bbox 522 5382 647 5436; x_wconf 90' lang='lat' dir='ltr'><strong>alibi</strong></span> <span class='ocrx_word' id='word_1_560' title='bbox 696 5392 956 5437; x_wconf 86' lang='lat' dir='ltr'><strong>testatur:</strong></span> <span class='ocrx_word' id='word_1_561' title='bbox 992 5381 1092 5446; x_wconf 84' lang='lat' dir='ltr'><strong>Qui</strong></span> <span class='ocrx_word' id='word_1_562' title='bbox 1146 5397 1228 5434; x_wconf 86' lang='lat' dir='ltr'><strong>me</strong></span> <span class='ocrx_word' id='word_1_563' title='bbox 1269 5382 1407 5436; x_wconf 85' lang='lat' dir='ltr'><strong>misit</strong></span> <span class='ocrx_word' id='word_1_564' title='bbox 1434 5399 1639 5437; x_wconf 88' lang='lat' dir='ltr'><strong>mecum</strong></span> <span class='ocrx_word' id='word_1_565' title='bbox 1695 5395 1792 5451; x_wconf 91' lang='lat' dir='ltr'><strong>est,</strong></span> <span class='ocrx_word' id='word_1_566' title='bbox 1847 5395 1896 5438; x_wconf 83' lang='lat' dir='ltr'><strong>et</strong></span> 
     </span>
    </p>
   </div>
   <div class='ocr_carea' id='block_1_75' title="bbox 316 5471 1892 5544">
    <p class='ocr_par' dir='ltr' id='par_1_75' title="bbox 316 5471 1892 5544">
     <span class='ocr_line' id='line_1_75' title="bbox 316 5471 1892 5544; baseline 0 -18"><span class='ocrx_word' id='word_1_567' title='bbox 316 5489 415 5527; x_wconf 84' lang='lat' dir='ltr'><strong>non</strong></span> <span class='ocrx_word' id='word_1_568' title='bbox 449 5471 693 5544; x_wconf 83' lang='lat' dir='ltr'><strong>relinquit</strong></span> <span class='ocrx_word' id='word_1_569' title='bbox 729 5489 808 5526; x_wconf 86' lang='lat' dir='ltr'><strong>me</strong></span> <span class='ocrx_word' id='word_1_570' title='bbox 848 5473 1038 5535; x_wconf 84' lang='lat' dir='ltr'><strong>solum,</strong></span> <span class='ocrx_word' id='word_1_571' title='bbox 1083 5473 1206 5542; x_wconf 85' lang='lat' dir='ltr'><strong>quia</strong></span> <span class='ocrx_word' id='word_1_572' title='bbox 1252 5488 1345 5542; x_wconf 86' lang='lat' dir='ltr'><strong>ego</strong></span> <span class='ocrx_word' id='word_1_573' title='bbox 1380 5489 1500 5542; x_wconf 78' lang='lat' dir='ltr'><strong>qua:</strong></span> <span class='ocrx_word' id='word_1_574' title='bbox 1535 5474 1735 5543; x_wconf 85' lang='lat' dir='ltr'><strong>placita</strong></span> <span class='ocrx_word' id='word_1_575' title='bbox 1770 5484 1892 5527; x_wconf 82' lang='lat' dir='ltr'><strong>sunt</strong></span> 
     </span>
    </p>
   </div>
   <div class='ocr_carea' id='block_1_76' title="bbox 307 5563 1895 5639">
    <p class='ocr_par' dir='ltr' id='par_1_76' title="bbox 307 5563 1895 5639">
     <span class='ocr_line' id='line_1_76' title="bbox 307 5563 1895 5639; baseline -0.004 -13"><span class='ocrx_word' id='word_1_576' title='bbox 307 5568 354 5626; x_wconf 74' lang='grc' dir='ltr'><strong><em>οἱ</em></strong></span> <span class='ocrx_word' id='word_1_577' title='bbox 391 5567 527 5637; x_wconf 80' lang='lat' dir='ltr'><strong>facio</strong></span> <span class='ocrx_word' id='word_1_578' title='bbox 550 5581 752 5636; x_wconf 79' lang='lat' dir='ltr'><strong>semper</strong></span> <span class='ocrx_word' id='word_1_579' title='bbox 778 5564 960 5639; x_wconf 68' lang='lat' dir='ltr'><strong>(Joan.</strong></span> <span class='ocrx_word' id='word_1_580' title='bbox 994 5580 1115 5629; x_wconf 81' lang='lat' dir='ltr'><strong>vui,</strong></span> <span class='ocrx_word' id='word_1_581' title='bbox 1137 5563 1248 5635; x_wconf 72' lang='lat'><strong>29).</strong></span> <span class='ocrx_word' id='word_1_582' title='bbox 1290 5563 1424 5619; x_wconf 85' lang='lat' dir='ltr'><strong>Nam</strong></span> <span class='ocrx_word' id='word_1_583' title='bbox 1460 5568 1677 5636; x_wconf 86' lang='lat' dir='ltr'><strong>quando</strong></span> <span class='ocrx_word' id='word_1_584' title='bbox 1701 5567 1766 5621; x_wconf 84' lang='lat' dir='ltr'><strong>de</strong></span> <span class='ocrx_word' id='word_1_585' title='bbox 1800 5566 1895 5620; x_wconf 87' lang='lat' dir='ltr'><strong>ho-</strong></span> 
     </span>
    </p>
   </div>
   <div class='ocr_carea' id='block_1_77' title="bbox 1999 1748 3585 1824">
    <p class='ocr_par' dir='ltr' id='par_1_77' title="bbox 1999 1748 3585 1824">
     <span class='ocr_line' id='line_1_77' title="bbox 1999 1748 3585 1824; baseline 0.004 -22"><span class='ocrx_word' id='word_1_586' title='bbox 1999 1748 2313 1818; x_wconf 88' lang='lat' dir='ltr'><strong>adimplere,</strong></span> <span class='ocrx_word' id='word_1_587' title='bbox 2336 1750 2728 1819; x_wconf 84' lang='lat' dir='ltr'><strong>praeferendam</strong></span> <span class='ocrx_word' id='word_1_588' title='bbox 2753 1753 3018 1820; x_wconf 83' lang='lat' dir='ltr'><strong>insinuat,</strong></span> <span class='ocrx_word' id='word_1_589' title='bbox 3040 1756 3360 1824; x_wconf 85' lang='lat' dir='ltr'><strong>cunctisque</strong></span> <span class='ocrx_word' id='word_1_590' title='bbox 3380 1757 3585 1810; x_wconf 84' lang='lat' dir='ltr'><strong>veteris</strong></span> 
     </span>
    </p>
   </div>
   <div class='ocr_carea' id='block_1_78' title="bbox 2000 1839 3582 1918">
    <p class='ocr_par' dir='ltr' id='par_1_78' title="bbox 2000 1839 3582 1918">
     <span class='ocr_line' id='line_1_78' title="bbox 2000 1839 3582 1918; baseline 0.006 -25"><span class='ocrx_word' id='word_1_591' title='bbox 2000 1839 2344 1895; x_wconf 87' lang='lat' dir='ltr'><strong>instrumenti</strong></span> <span class='ocrx_word' id='word_1_592' title='bbox 2373 1843 2514 1912; x_wconf 90' lang='lat' dir='ltr'><strong>typis</strong></span> <span class='ocrx_word' id='word_1_593' title='bbox 2533 1853 2589 1896; x_wconf 89' lang='lat' dir='ltr'><strong>et</strong></span> <span class='ocrx_word' id='word_1_594' title='bbox 2616 1843 3004 1914; x_wconf 81' lang='lat' dir='ltr'><strong>:enigmatibus</strong></span> <span class='ocrx_word' id='word_1_595' title='bbox 3044 1845 3222 1901; x_wconf 86' lang='lat' dir='ltr'><strong>lucem</strong></span> <span class='ocrx_word' id='word_1_596' title='bbox 3250 1848 3582 1918; x_wconf 68' lang='lat' dir='ltr'><strong>evangelicae</strong></span> 
     </span>
    </p>
   </div>
   <div class='ocr_carea' id='block_1_79' title="bbox 1999 1928 2980 1999">
    <p class='ocr_par' dir='ltr' id='par_1_79' title="bbox 1999 1928 2980 1999">
     <span class='ocr_line' id='line_1_79' title="bbox 1999 1928 2980 1999; baseline 0.008 -19"><span class='ocrx_word' id='word_1_597' title='bbox 1999 1928 2245 1984; x_wconf 87' lang='lat' dir='ltr'><strong>veritatis</strong></span> <span class='ocrx_word' id='word_1_598' title='bbox 2272 1933 2712 1999; x_wconf 81' lang='lat' dir='ltr'><strong>anteponendam</strong></span> <span class='ocrx_word' id='word_1_599' title='bbox 2746 1933 2980 1988; x_wconf 86' lang='lat' dir='ltr'><strong>intitnat.</strong></span> 
     </span>
    </p>
   </div>
   <div class='ocr_carea' id='block_1_80' title="bbox 2069 2019 3584 2090">
    <p class='ocr_par' dir='ltr' id='par_1_80' title="bbox 2069 2019 3584 2090">
     <span class='ocr_line' id='line_1_80' title="bbox 2069 2019 3584 2090; baseline 0.007 -17"><span class='ocrx_word' id='word_1_600' title='bbox 2069 2019 2510 2088; x_wconf 84' lang='lat' dir='ltr'><strong>Sequitur-solus</strong></span> <span class='ocrx_word' id='word_1_601' title='bbox 2555 2022 2838 2078; x_wconf 64' lang='lat' dir='ltr'><strong>Matthazns</strong></span> <span class='ocrx_word' id='word_1_602' title='bbox 2865 2064 2881 2090; x_wconf 89' lang='lat'><strong>,</strong></span> <span class='ocrx_word' id='word_1_603' title='bbox 2937 2025 3162 2082; x_wconf 88' lang='lat' dir='ltr'><strong>dicens:</strong></span> <span class='ocrx_word' id='word_1_604' title='bbox 3199 2026 3266 2080; x_wconf 83' lang='lat' dir='ltr'><strong>Et</strong></span> <span class='ocrx_word' id='word_1_605' title='bbox 3313 2029 3584 2084; x_wconf 74' lang='lat' dir='ltr'><strong>audientes</strong></span> 
     </span>
    </p>
   </div>
   <div class='ocr_carea' id='block_1_81' title="bbox 1996 2108 3582 2183">
    <p class='ocr_par' dir='ltr' id='par_1_81' title="bbox 1996 2108 3582 2183">
     <span class='ocr_line' id='line_1_81' title="bbox 1996 2108 3582 2183; baseline 0.008 -23"><span class='ocrx_word' id='word_1_606' title='bbox 1996 2108 2239 2178; x_wconf 85' lang='lat' dir='ltr'><strong>discipuli</strong></span> <span class='ocrx_word' id='word_1_607' title='bbox 2294 2112 2590 2167; x_wconf 83' lang='lat' dir='ltr'><strong>ceciderunt</strong></span> <span class='ocrx_word' id='word_1_608' title='bbox 2652 2115 2708 2168; x_wconf 89' lang='lat' dir='ltr'><strong>in</strong></span> <span class='ocrx_word' id='word_1_609' title='bbox 2751 2115 2940 2183; x_wconf 84' lang='lat' dir='ltr'><strong>faciem</strong></span> <span class='ocrx_word' id='word_1_610' title='bbox 3000 2132 3151 2170; x_wconf 87' lang='lat' dir='ltr'><strong>suam</strong></span> <span class='ocrx_word' id='word_1_611' title='bbox 3199 2127 3248 2171; x_wconf 89' lang='lat' dir='ltr'><strong>et</strong></span> <span class='ocrx_word' id='word_1_612' title='bbox 3302 2119 3582 2174; x_wconf 81' lang='lat' dir='ltr'><strong>timuerunt</strong></span> 
     </span>
    </p>
   </div>
   <div class='ocr_carea' id='block_1_82' title="bbox 1997 2198 3585 2280">
    <p class='ocr_par' dir='ltr' id='par_1_82' title="bbox 1997 2198 3585 2280">
     <span class='ocr_line' id='line_1_82' title="bbox 1997 2198 3585 2280; baseline 0.008 -29"><span class='ocrx_word' id='word_1_613' title='bbox 1997 2198 2168 2253; x_wconf 82' lang='lat' dir='ltr'><strong>valde.</strong></span> <span class='ocrx_word' id='word_1_614' title='bbox 2210 2198 2456 2256; x_wconf 85' lang='lat' dir='ltr'><strong>Humana</strong></span> <span class='ocrx_word' id='word_1_615' title='bbox 2510 2201 2770 2273; x_wconf 85' lang='lat' dir='ltr'><strong>fragilitas</strong></span> <span class='ocrx_word' id='word_1_616' title='bbox 2819 2214 3166 2274; x_wconf 87' lang='lat' dir='ltr'><strong>conspectum</strong></span> <span class='ocrx_word' id='word_1_617' title='bbox 3209 2208 3431 2278; x_wconf 86' lang='lat' dir='ltr'><strong>majoris</strong></span> <span class='ocrx_word' id='word_1_618' title='bbox 3469 2212 3585 2280; x_wconf 84' lang='lat' dir='ltr'><strong>glo-</strong></span> 
     </span>
    </p>
   </div>
   <div class='ocr_carea' id='block_1_83' title="bbox 1997 2285 3580 2362">
    <p class='ocr_par' dir='ltr' id='par_1_83' title="bbox 1997 2285 3580 2362">
     <span class='ocr_line' id='line_1_83' title="bbox 1997 2285 3580 2362; baseline 0.008 -22"><span class='ocrx_word' id='word_1_619' title='bbox 1997 2285 2093 2341; x_wconf 64' lang='lat' dir='ltr'><strong>riae</strong></span> <span class='ocrx_word' id='word_1_620' title='bbox 2145 2286 2290 2344; x_wconf 89' lang='lat' dir='ltr'><strong>ferre</strong></span> <span class='ocrx_word' id='word_1_621' title='bbox 2336 2305 2443 2344; x_wconf 91' lang='lat' dir='ltr'><strong>non</strong></span> <span class='ocrx_word' id='word_1_622' title='bbox 2489 2292 2750 2358; x_wconf 87' lang='lat' dir='ltr'><strong>sustinet,</strong></span> <span class='ocrx_word' id='word_1_623' title='bbox 2805 2298 3028 2362; x_wconf 86' lang='lat' dir='ltr'><strong>totoque</strong></span> <span class='ocrx_word' id='word_1_624' title='bbox 3083 2295 3266 2351; x_wconf 90' lang='lat' dir='ltr'><strong>animo</strong></span> <span class='ocrx_word' id='word_1_625' title='bbox 3321 2312 3385 2352; x_wconf 89' lang='lat' dir='ltr'><strong>ac</strong></span> <span class='ocrx_word' id='word_1_626' title='bbox 3454 2312 3580 2352; x_wconf 89' lang='lat' dir='ltr'><strong>cor-</strong></span> 
     </span>
    </p>
   </div>
   <div class='ocr_carea' id='block_1_84' title="bbox 1995 2383 3586 2463">
    <p class='ocr_par' dir='ltr' id='par_1_84' title="bbox 1995 2383 3586 2463">
     <span class='ocr_line' id='line_1_84' title="bbox 1995 2383 3586 2463; baseline 0.009 -29"><span class='ocrx_word' id='word_1_627' title='bbox 1995 2394 2129 2450; x_wconf 89' lang='lat' dir='ltr'><strong>pore</strong></span> <span class='ocrx_word' id='word_1_628' title='bbox 2177 2383 2600 2438; x_wconf 89' lang='lat' dir='ltr'><strong>contremiscens</strong></span> <span class='ocrx_word' id='word_1_629' title='bbox 2647 2385 2714 2439; x_wconf 87' lang='lat' dir='ltr'><strong>ad</strong></span> <span class='ocrx_word' id='word_1_630' title='bbox 2761 2394 2960 2442; x_wconf 87' lang='lat' dir='ltr'><strong>terram</strong></span> <span class='ocrx_word' id='word_1_631' title='bbox 3009 2389 3230 2444; x_wconf 87' lang='lat' dir='ltr'><strong>decidit.</strong></span> <span class='ocrx_word' id='word_1_632' title='bbox 3273 2390 3586 2463; x_wconf 85' lang='lat' dir='ltr'><strong>Omnesque</strong></span> 
     </span>
    </p>
   </div>
   <div class='ocr_carea' id='block_1_85' title="bbox 1995 2470 3584 2554">
    <p class='ocr_par' dir='ltr' id='par_1_85' title="bbox 1995 2470 3584 2554">
     <span class='ocr_line' id='line_1_85' title="bbox 1995 2470 3584 2554; baseline 0.009 -30"><span class='ocrx_word' id='word_1_633' title='bbox 1995 2470 2201 2538; x_wconf 84' lang='lat' dir='ltr'><strong>sancti,</strong></span> <span class='ocrx_word' id='word_1_634' title='bbox 2232 2486 2354 2526; x_wconf 91' lang='lat' dir='ltr'><strong>cum</strong></span> <span class='ocrx_word' id='word_1_635' title='bbox 2379 2472 2431 2526; x_wconf 90' lang='lat' dir='ltr'><strong>in</strong></span> <span class='ocrx_word' id='word_1_636' title='bbox 2469 2473 2563 2528; x_wconf 88' lang='lat' dir='ltr'><strong>Dei</strong></span> <span class='ocrx_word' id='word_1_637' title='bbox 2592 2474 2804 2530; x_wconf 85' lang='lat' dir='ltr'><strong>visione</strong></span> <span class='ocrx_word' id='word_1_638' title='bbox 2831 2477 3120 2546; x_wconf 79' lang='lat' dir='ltr'><strong>proficiunt</strong></span> <span class='ocrx_word' id='word_1_639' title='bbox 3142 2519 3157 2545; x_wconf 91' lang='lat'><strong>,</strong></span> <span class='ocrx_word' id='word_1_640' title='bbox 3179 2490 3384 2550; x_wconf 85' lang='lat' dir='ltr'><strong>quanto</strong></span> <span class='ocrx_word' id='word_1_641' title='bbox 3410 2486 3584 2554; x_wconf 85' lang='lat' dir='ltr'><strong>magis</strong></span> 
     </span>
    </p>
   </div>
   <div class='ocr_carea' id='block_1_86' title="bbox 1997 2560 3584 2642">
    <p class='ocr_par' dir='ltr' id='par_1_86' title="bbox 1997 2560 3584 2642">
     <span class='ocr_line' id='line_1_86' title="bbox 1997 2560 3584 2642; baseline 0.009 -28"><span class='ocrx_word' id='word_1_642' title='bbox 1997 2560 2307 2616; x_wconf 89' lang='lat' dir='ltr'><strong>Divinitatis</strong></span> <span class='ocrx_word' id='word_1_643' title='bbox 2330 2561 2544 2618; x_wconf 87' lang='lat' dir='ltr'><strong>interna</strong></span> <span class='ocrx_word' id='word_1_644' title='bbox 2573 2565 2916 2636; x_wconf 87' lang='lat' dir='ltr'><strong>conspiciunt</strong></span> <span class='ocrx_word' id='word_1_645' title='bbox 2941 2608 2958 2634; x_wconf 88' lang='lat'><strong>,</strong></span> <span class='ocrx_word' id='word_1_646' title='bbox 2997 2575 3146 2623; x_wconf 91' lang='lat' dir='ltr'><strong>tanto</strong></span> <span class='ocrx_word' id='word_1_647' title='bbox 3168 2572 3342 2642; x_wconf 87' lang='lat' dir='ltr'><strong>magis</strong></span> <span class='ocrx_word' id='word_1_648' title='bbox 3369 2587 3428 2627; x_wconf 90' lang='lat' dir='ltr'><strong>se</strong></span> <span class='ocrx_word' id='word_1_649' title='bbox 3450 2575 3584 2628; x_wconf 83' lang='lat' dir='ltr'><strong>nihil</strong></span> 
     </span>
    </p>
   </div>
   <div class='ocr_carea' id='block_1_87' title="bbox 1995 2655 3587 2729">
    <p class='ocr_par' dir='ltr' id='par_1_87' title="bbox 1995 2655 3587 2729">
     <span class='ocr_line' id='line_1_87' title="bbox 1995 2655 3587 2729; baseline 0.008 -24"><span class='ocrx_word' id='word_1_650' title='bbox 1995 2664 2116 2705; x_wconf 91' lang='lat' dir='ltr'><strong>esse</strong></span> <span class='ocrx_word' id='word_1_651' title='bbox 2147 2663 2496 2721; x_wconf 85' lang='lat' dir='ltr'><strong>cognoscent.</strong></span> <span class='ocrx_word' id='word_1_652' title='bbox 2545 2655 2742 2711; x_wconf 84' lang='lat' dir='ltr'><strong>Audita</strong></span> <span class='ocrx_word' id='word_1_653' title='bbox 2783 2671 2914 2729; x_wconf 87' lang='lat' dir='ltr'><strong>ergo</strong></span> <span class='ocrx_word' id='word_1_654' title='bbox 2964 2657 3059 2715; x_wconf 88' lang='lat' dir='ltr'><strong>Dei</strong></span> <span class='ocrx_word' id='word_1_655' title='bbox 3111 2675 3282 2728; x_wconf 90' lang='lat' dir='ltr'><strong>voce,</strong></span> <span class='ocrx_word' id='word_1_656' title='bbox 3311 2662 3503 2724; x_wconf 75' lang='lat' dir='ltr'><strong>Petrus</strong></span> <span class='ocrx_word' id='word_1_657' title='bbox 3531 2676 3587 2719; x_wconf 85' lang='lat' dir='ltr'><strong>et</strong></span> 
     </span>
    </p>
   </div>
   <div class='ocr_carea' id='block_1_88' title="bbox 1997 2741 3583 2822">
    <p class='ocr_par' dir='ltr' id='par_1_88' title="bbox 1997 2741 3583 2822">
     <span class='ocr_line' id='line_1_88' title="bbox 1997 2741 3583 2822; baseline 0.008 -27"><span class='ocrx_word' id='word_1_658' title='bbox 1997 2742 2128 2796; x_wconf 90' lang='lat' dir='ltr'><strong>socii</strong></span> <span class='ocrx_word' id='word_1_659' title='bbox 2165 2741 2281 2810; x_wconf 78' lang='lat' dir='ltr'><strong>eius</strong></span> <span class='ocrx_word' id='word_1_660' title='bbox 2302 2745 2354 2796; x_wconf 87' lang='lat' dir='ltr'><strong>in</strong></span> <span class='ocrx_word' id='word_1_661' title='bbox 2387 2743 2576 2812; x_wconf 80' lang='lat' dir='ltr'><strong>facient</strong></span> <span class='ocrx_word' id='word_1_662' title='bbox 2601 2762 2753 2799; x_wconf 88' lang='lat' dir='ltr'><strong>suam</strong></span> <span class='ocrx_word' id='word_1_663' title='bbox 2783 2748 3113 2814; x_wconf 81' lang='lat' dir='ltr'><strong>ceciderunt,</strong></span> <span class='ocrx_word' id='word_1_664' title='bbox 3158 2751 3284 2819; x_wconf 89' lang='lat' dir='ltr'><strong>quia</strong></span> <span class='ocrx_word' id='word_1_665' title='bbox 3333 2755 3583 2822; x_wconf 77' lang='lat' dir='ltr'><strong>quamvis</strong></span> 
     </span>
    </p>
   </div>
   <div class='ocr_carea' id='block_1_89' title="bbox 1997 2830 3584 2903">
    <p class='ocr_par' dir='ltr' id='par_1_89' title="bbox 1997 2830 3584 2903">
     <span class='ocr_line' id='line_1_89' title="bbox 1997 2830 3584 2903; baseline 0.008 -20"><span class='ocrx_word' id='word_1_666' title='bbox 1997 2830 2159 2885; x_wconf 91' lang='lat' dir='ltr'><strong>homo</strong></span> <span class='ocrx_word' id='word_1_667' title='bbox 2189 2832 2256 2885; x_wconf 90' lang='lat' dir='ltr'><strong>ad</strong></span> <span class='ocrx_word' id='word_1_668' title='bbox 2285 2831 2630 2903; x_wconf 88' lang='lat' dir='ltr'><strong>intelligenda</strong></span> <span class='ocrx_word' id='word_1_669' title='bbox 2659 2834 2910 2890; x_wconf 88' lang='lat' dir='ltr'><strong>sublimia</strong></span> <span class='ocrx_word' id='word_1_670' title='bbox 2943 2836 3184 2903; x_wconf 87' lang='lat' dir='ltr'><strong>levetur,</strong></span> <span class='ocrx_word' id='word_1_671' title='bbox 3233 2855 3298 2894; x_wconf 82' lang='lat' dir='ltr'><strong>ex</strong></span> <span class='ocrx_word' id='word_1_672' title='bbox 3337 2853 3584 2896; x_wconf 66' lang='lat' dir='ltr'><strong>content-</strong></span> 
     </span>
    </p>
   </div>
   <div class='ocr_carea' id='block_1_90' title="bbox 1997 2918 3586 2992">
    <p class='ocr_par' dir='ltr' id='par_1_90' title="bbox 1997 2918 3586 2992">
     <span class='ocr_line' id='line_1_90' title="bbox 1997 2918 3586 2992; baseline 0.009 -20"><span class='ocrx_word' id='word_1_673' title='bbox 1997 2918 2235 2988; x_wconf 87' lang='lat' dir='ltr'><strong>platione</strong></span> <span class='ocrx_word' id='word_1_674' title='bbox 2261 2929 2442 2976; x_wconf 87' lang='lat' dir='ltr'><strong>tamen</strong></span> <span class='ocrx_word' id='word_1_675' title='bbox 2475 2923 2773 2992; x_wconf 87' lang='lat' dir='ltr'><strong>majestatis</strong></span> <span class='ocrx_word' id='word_1_676' title='bbox 2803 2925 2898 2981; x_wconf 91' lang='lat' dir='ltr'><strong>Dei</strong></span> <span class='ocrx_word' id='word_1_677' title='bbox 2931 2927 3297 2984; x_wconf 80' lang='lat' dir='ltr'><strong>inﬁrmitatem</strong></span> <span class='ocrx_word' id='word_1_678' title='bbox 3329 2947 3440 2986; x_wconf 71' lang='lat' dir='ltr'><strong>suae</strong></span> <span class='ocrx_word' id='word_1_679' title='bbox 3460 2949 3586 2987; x_wconf 87' lang='lat' dir='ltr'><strong>eon-</strong></span> 
     </span>
    </p>
   </div>
   <div class='ocr_carea' id='block_1_91' title="bbox 1923 3005 3588 3090">
    <p class='ocr_par' dir='ltr' id='par_1_91' title="bbox 1923 3005 3588 3090">
     <span class='ocr_line' id='line_1_91' title="bbox 1923 3005 3588 3090; baseline 0.005 -24"><span class='ocrx_word' id='word_1_680' title='bbox 1923 3005 1967 3066; x_wconf 92' lang='lat' dir='ltr'><strong>C</strong></span> <span class='ocrx_word' id='word_1_681' title='bbox 1999 3009 2218 3064; x_wconf 88' lang='lat' dir='ltr'><strong>ditionis</strong></span> <span class='ocrx_word' id='word_1_682' title='bbox 2245 3011 2514 3081; x_wconf 83' lang='lat' dir='ltr'><strong>intelligit.</strong></span> <span class='ocrx_word' id='word_1_683' title='bbox 2568 3014 2630 3067; x_wconf 86' lang='lat' dir='ltr'><strong>Et</strong></span> <span class='ocrx_word' id='word_1_684' title='bbox 2653 3017 2812 3084; x_wconf 86' lang='lat' dir='ltr'><strong>quasi</strong></span> <span class='ocrx_word' id='word_1_685' title='bbox 2847 3024 3046 3071; x_wconf 90' lang='lat' dir='ltr'><strong>statum</strong></span> <span class='ocrx_word' id='word_1_686' title='bbox 3093 3032 3200 3072; x_wconf 90' lang='lat' dir='ltr'><strong>non</strong></span> <span class='ocrx_word' id='word_1_687' title='bbox 3253 3018 3453 3086; x_wconf 82' lang='lat' dir='ltr'><strong>habet,</strong></span> <span class='ocrx_word' id='word_1_688' title='bbox 3493 3023 3588 3090; x_wconf 87' lang='lat' dir='ltr'><strong>qui</strong></span> 
     </span>
    </p>
   </div>
   <div class='ocr_carea' id='block_1_92' title="bbox 1997 3101 3583 3176">
    <p class='ocr_par' dir='ltr' id='par_1_92' title="bbox 1997 3101 3583 3176">
     <span class='ocr_line' id='line_1_92' title="bbox 1997 3101 3583 3176; baseline 0.008 -22"><span class='ocrx_word' id='word_1_689' title='bbox 1997 3114 2057 3154; x_wconf 88' lang='lat' dir='ltr'><strong>se</strong></span> <span class='ocrx_word' id='word_1_690' title='bbox 2087 3111 2211 3157; x_wconf 88' lang='lat' dir='ltr'><strong>ante</strong></span> <span class='ocrx_word' id='word_1_691' title='bbox 2242 3101 2334 3156; x_wconf 89' lang='lat' dir='ltr'><strong>Dei</strong></span> <span class='ocrx_word' id='word_1_692' title='bbox 2365 3103 2550 3159; x_wconf 86' lang='lat' dir='ltr'><strong>oculos</strong></span> <span class='ocrx_word' id='word_1_693' title='bbox 2577 3120 2697 3160; x_wconf 89' lang='lat' dir='ltr'><strong>esse</strong></span> <span class='ocrx_word' id='word_1_694' title='bbox 2729 3107 3004 3176; x_wconf 88' lang='lat' dir='ltr'><strong>pulverem</strong></span> <span class='ocrx_word' id='word_1_695' title='bbox 3051 3119 3106 3163; x_wconf 90' lang='lat' dir='ltr'><strong>et</strong></span> <span class='ocrx_word' id='word_1_696' title='bbox 3139 3111 3376 3166; x_wconf 89' lang='lat' dir='ltr'><strong>cinerem</strong></span> <span class='ocrx_word' id='word_1_697' title='bbox 3416 3113 3583 3168; x_wconf 86' lang='lat' dir='ltr'><strong>videt.</strong></span> 
     </span>
    </p>
   </div>
   <div class='ocr_carea' id='block_1_93' title="bbox 1994 3191 3585 3268">
    <p class='ocr_par' dir='ltr' id='par_1_93' title="bbox 1994 3191 3585 3268">
     <span class='ocr_line' id='line_1_93' title="bbox 1994 3191 3585 3268; baseline 0.009 -25"><span class='ocrx_word' id='word_1_698' title='bbox 1994 3191 2298 3246; x_wconf 85' lang='lat' dir='ltr'><strong>Audierunt</strong></span> <span class='ocrx_word' id='word_1_699' title='bbox 2327 3195 2472 3247; x_wconf 91' lang='lat' dir='ltr'><strong>enim</strong></span> <span class='ocrx_word' id='word_1_700' title='bbox 2506 3210 2688 3250; x_wconf 85' lang='lat' dir='ltr'><strong>vocem</strong></span> <span class='ocrx_word' id='word_1_701' title='bbox 2717 3197 2894 3251; x_wconf 78' lang='lat' dir='ltr'><strong>Patris</strong></span> <span class='ocrx_word' id='word_1_702' title='bbox 2917 3235 2932 3264; x_wconf 90' lang='lat'><strong>,</strong></span> <span class='ocrx_word' id='word_1_703' title='bbox 2980 3199 3106 3267; x_wconf 88' lang='lat' dir='ltr'><strong>quia</strong></span> <span class='ocrx_word' id='word_1_704' title='bbox 3135 3214 3199 3254; x_wconf 82' lang='lat' dir='ltr'><strong>ex</strong></span> <span class='ocrx_word' id='word_1_705' title='bbox 3228 3200 3343 3268; x_wconf 88' lang='lat' dir='ltr'><strong>ejus</strong></span> <span class='ocrx_word' id='word_1_706' title='bbox 3375 3204 3585 3257; x_wconf 84' lang='lat' dir='ltr'><strong>revela-</strong></span> 
     </span>
    </p>
   </div>
   <div class='ocr_carea' id='block_1_94' title="bbox 1998 3279 3581 3358">
    <p class='ocr_par' dir='ltr' id='par_1_94' title="bbox 1998 3279 3581 3358">
     <span class='ocr_line' id='line_1_94' title="bbox 1998 3279 3581 3358; baseline 0.009 -27"><span class='ocrx_word' id='word_1_707' title='bbox 1998 3279 2142 3333; x_wconf 92' lang='lat' dir='ltr'><strong>tione</strong></span> <span class='ocrx_word' id='word_1_708' title='bbox 2172 3292 2541 3350; x_wconf 88' lang='lat' dir='ltr'><strong>cognovernnt</strong></span> <span class='ocrx_word' id='word_1_709' title='bbox 2565 3283 2756 3338; x_wconf 83' lang='lat' dir='ltr'><strong>Filium</strong></span> <span class='ocrx_word' id='word_1_710' title='bbox 2781 3285 2826 3339; x_wconf 91' lang='lat' dir='ltr'><strong>ei</strong></span> <span class='ocrx_word' id='word_1_711' title='bbox 2845 3301 3066 3355; x_wconf 85' lang='lat' dir='ltr'><strong>prorsus</strong></span> <span class='ocrx_word' id='word_1_712' title='bbox 3089 3289 3371 3358; x_wconf 67' lang='lat' dir='ltr'><strong>aequalem,</strong></span> <span class='ocrx_word' id='word_1_713' title='bbox 3397 3295 3581 3346; x_wconf 86' lang='lat' dir='ltr'><strong>omnia</strong></span> 
     </span>
    </p>
   </div>
   <div class='ocr_carea' id='block_1_95' title="bbox 1996 3374 3582 3452">
    <p class='ocr_par' dir='ltr' id='par_1_95' title="bbox 1996 3374 3582 3452">
     <span class='ocr_line' id='line_1_95' title="bbox 1996 3374 3582 3452; baseline 0.009 -29"><span class='ocrx_word' id='word_1_714' title='bbox 1996 3378 2266 3425; x_wconf 83' lang='lat' dir='ltr'><strong>tenentem</strong></span> <span class='ocrx_word' id='word_1_715' title='bbox 2291 3413 2308 3439; x_wconf 96' lang='lat'><strong>,</strong></span> <span class='ocrx_word' id='word_1_716' title='bbox 2341 3374 2521 3427; x_wconf 90' lang='lat' dir='ltr'><strong>omnia</strong></span> <span class='ocrx_word' id='word_1_717' title='bbox 2548 3375 2856 3444; x_wconf 87' lang='lat' dir='ltr'><strong>impleutem</strong></span> <span class='ocrx_word' id='word_1_718' title='bbox 2877 3418 2890 3441; x_wconf 94' lang='lat'><strong>,</strong></span> <span class='ocrx_word' id='word_1_719' title='bbox 2920 3379 3101 3432; x_wconf 88' lang='lat' dir='ltr'><strong>omnia</strong></span> <span class='ocrx_word' id='word_1_720' title='bbox 3126 3380 3582 3452; x_wconf 87' lang='lat' dir='ltr'><strong>circnmplecten-</strong></span> 
     </span>
    </p>
   </div>
   <div class='ocr_carea' id='block_1_96' title="bbox 1998 3465 3584 3539">
    <p class='ocr_par' dir='ltr' id='par_1_96' title="bbox 1998 3465 3584 3539">
     <span class='ocr_line' id='line_1_96' title="bbox 1998 3465 3584 3539; baseline 0.01 -25"><span class='ocrx_word' id='word_1_721' title='bbox 1998 3469 2134 3527; x_wconf 90' lang='lat' dir='ltr'><strong>tem,</strong></span> <span class='ocrx_word' id='word_1_722' title='bbox 2164 3465 2346 3519; x_wconf 90' lang='lat' dir='ltr'><strong>omnia</strong></span> <span class='ocrx_word' id='word_1_723' title='bbox 2369 3470 2916 3534; x_wconf 73' lang='lat' dir='ltr'><strong>superexcedentem,</strong></span> <span class='ocrx_word' id='word_1_724' title='bbox 2972 3472 3156 3527; x_wconf 90' lang='lat' dir='ltr'><strong>omnia</strong></span> <span class='ocrx_word' id='word_1_725' title='bbox 3193 3475 3584 3539; x_wconf 88' lang='lat' dir='ltr'><strong>sustinentem,</strong></span> 
     </span>
    </p>
   </div>
   <div class='ocr_carea' id='block_1_97' title="bbox 1995 3552 3584 3636">
    <p class='ocr_par' dir='ltr' id='par_1_97' title="bbox 1995 3552 3584 3636">
     <span class='ocr_line' id='line_1_97' title="bbox 1995 3552 3584 3636; baseline 0.011 -31"><span class='ocrx_word' id='word_1_726' title='bbox 1995 3552 2194 3622; x_wconf 87' lang='lat' dir='ltr'><strong>ubique</strong></span> <span class='ocrx_word' id='word_1_727' title='bbox 2223 3562 2426 3623; x_wconf 89' lang='lat' dir='ltr'><strong>totum,</strong></span> <span class='ocrx_word' id='word_1_728' title='bbox 2457 3558 2985 3630; x_wconf 91' lang='lat' dir='ltr'><strong>incircumscriptum</strong></span> <span class='ocrx_word' id='word_1_729' title='bbox 3012 3600 3028 3628; x_wconf 92' lang='lat'><strong>,</strong></span> <span class='ocrx_word' id='word_1_730' title='bbox 3060 3573 3115 3617; x_wconf 90' lang='lat' dir='ltr'><strong>et</strong></span> <span class='ocrx_word' id='word_1_731' title='bbox 3168 3565 3584 3636; x_wconf 86' lang='lat' dir='ltr'><strong>incomprehen-</strong></span> 
     </span>
    </p>
   </div>
   <div class='ocr_carea' id='block_1_98' title="bbox 1996 3645 3588 3726">
    <p class='ocr_par' dir='ltr' id='par_1_98' title="bbox 1996 3645 3588 3726">
     <span class='ocr_line' id='line_1_98' title="bbox 1996 3645 3588 3726; baseline 0.009 -27"><span class='ocrx_word' id='word_1_732' title='bbox 1996 3645 2210 3700; x_wconf 88' lang='lat' dir='ltr'><strong>sibilem</strong></span> <span class='ocrx_word' id='word_1_733' title='bbox 2235 3664 2251 3700; x_wconf 90' lang='lat'><strong>:</strong></span> <span class='ocrx_word' id='word_1_734' title='bbox 2282 3657 2329 3701; x_wconf 89' lang='lat' dir='ltr'><strong>et</strong></span> <span class='ocrx_word' id='word_1_735' title='bbox 2359 3649 2651 3702; x_wconf 81' lang='lat' dir='ltr'><strong>ceciderunt</strong></span> <span class='ocrx_word' id='word_1_736' title='bbox 2681 3651 2735 3704; x_wconf 87' lang='lat' dir='ltr'><strong>in</strong></span> <span class='ocrx_word' id='word_1_737' title='bbox 2763 3651 2949 3719; x_wconf 88' lang='lat' dir='ltr'><strong>faciem</strong></span> <span class='ocrx_word' id='word_1_738' title='bbox 2977 3689 2993 3717; x_wconf 86' lang='lat'><strong>,</strong></span> <span class='ocrx_word' id='word_1_739' title='bbox 3023 3654 3148 3722; x_wconf 86' lang='lat' dir='ltr'><strong>quia</strong></span> <span class='ocrx_word' id='word_1_740' title='bbox 3179 3665 3331 3711; x_wconf 86' lang='lat' dir='ltr'><strong>tanto</strong></span> <span class='ocrx_word' id='word_1_741' title='bbox 3357 3660 3496 3726; x_wconf 67' lang='lat' dir='ltr'><strong>apud</strong></span> <span class='ocrx_word' id='word_1_742' title='bbox 3529 3674 3588 3714; x_wconf 86' lang='lat' dir='ltr'><strong>se</strong></span> 
     </span>
    </p>
   </div>
   <div class='ocr_carea' id='block_1_99' title="bbox 1995 3735 3587 3818">
    <p class='ocr_par' dir='ltr' id='par_1_99' title="bbox 1995 3735 3587 3818">
     <span class='ocr_line' id='line_1_99' title="bbox 1995 3735 3587 3818; baseline 0.013 -30"><span class='ocrx_word' id='word_1_743' title='bbox 1995 3735 2049 3789; x_wconf 90' lang='lat' dir='ltr'><strong>in</strong></span> <span class='ocrx_word' id='word_1_744' title='bbox 2080 3739 2192 3792; x_wconf 90' lang='lat' dir='ltr'><strong>suis</strong></span> <span class='ocrx_word' id='word_1_745' title='bbox 2238 3739 2656 3807; x_wconf 86' lang='lat' dir='ltr'><strong>cogitationibus</strong></span> <span class='ocrx_word' id='word_1_746' title='bbox 2700 3747 3036 3799; x_wconf 89' lang='lat' dir='ltr'><strong>consternati</strong></span> <span class='ocrx_word' id='word_1_747' title='bbox 3077 3756 3203 3802; x_wconf 88' lang='lat' dir='ltr'><strong>sunt</strong></span> <span class='ocrx_word' id='word_1_748' title='bbox 3225 3789 3240 3815; x_wconf 94' lang='lat'><strong>,</strong></span> <span class='ocrx_word' id='word_1_749' title='bbox 3271 3760 3477 3818; x_wconf 89' lang='lat' dir='ltr'><strong>quanto</strong></span> <span class='ocrx_word' id='word_1_750' title='bbox 3507 3753 3587 3808; x_wconf 84' lang='lat' dir='ltr'><strong>eis</strong></span> 
     </span>
    </p>
   </div>
   <div class='ocr_carea' id='block_1_100' title="bbox 1997 3827 3586 3900">
    <p class='ocr_par' dir='ltr' id='par_1_100' title="bbox 1997 3827 3586 3900">
     <span class='ocr_line' id='line_1_100' title="bbox 1997 3827 3586 3900; baseline 0.011 -19"><span class='ocrx_word' id='word_1_751' title='bbox 1997 3827 2125 3882; x_wconf 91' lang='lat' dir='ltr'><strong>illud</strong></span> <span class='ocrx_word' id='word_1_752' title='bbox 2149 3828 2316 3883; x_wconf 89' lang='lat' dir='ltr'><strong>altum</strong></span> <span class='ocrx_word' id='word_1_753' title='bbox 2339 3840 2458 3885; x_wconf 91' lang='lat' dir='ltr'><strong>erat</strong></span> <span class='ocrx_word' id='word_1_754' title='bbox 2482 3833 2623 3900; x_wconf 83' lang='lat' dir='ltr'><strong>quod</strong></span> <span class='ocrx_word' id='word_1_755' title='bbox 2651 3833 2962 3888; x_wconf 90' lang='lat' dir='ltr'><strong>audiebant.</strong></span> <span class='ocrx_word' id='word_1_756' title='bbox 3016 3836 3094 3892; x_wconf 88' lang='lat' dir='ltr'><strong>Ac</strong></span> <span class='ocrx_word' id='word_1_757' title='bbox 3119 3848 3368 3894; x_wconf 89' lang='lat' dir='ltr'><strong>naturam</strong></span> <span class='ocrx_word' id='word_1_758' title='bbox 3404 3853 3458 3896; x_wconf 92' lang='lat' dir='ltr'><strong>et</strong></span> <span class='ocrx_word' id='word_1_759' title='bbox 3489 3858 3586 3898; x_wconf 78' lang='lat' dir='ltr'><strong>ex-</strong></span> 
     </span>
    </p>
   </div>
   <div class='ocr_carea' id='block_1_101' title="bbox 1996 3918 3584 3997">
    <p class='ocr_par' dir='ltr' id='par_1_101' title="bbox 1996 3918 3584 3997">
     <span class='ocr_line' id='line_1_101' title="bbox 1996 3918 3584 3997; baseline 0.01 -25"><span class='ocrx_word' id='word_1_760' title='bbox 1996 3919 2299 3974; x_wconf 88' lang='lat' dir='ltr'><strong>cellentiam</strong></span> <span class='ocrx_word' id='word_1_761' title='bbox 2331 3918 2599 3990; x_wconf 86' lang='lat' dir='ltr'><strong>Unigeniti</strong></span> <span class='ocrx_word' id='word_1_762' title='bbox 2644 3921 2737 3976; x_wconf 90' lang='lat' dir='ltr'><strong>Dei</strong></span> <span class='ocrx_word' id='word_1_763' title='bbox 2787 3925 3090 3993; x_wconf 87' lang='lat' dir='ltr'><strong>cogitantes</strong></span> <span class='ocrx_word' id='word_1_764' title='bbox 3133 3943 3496 3997; x_wconf 77' lang='lat' dir='ltr'><strong>expaverunt,</strong></span> <span class='ocrx_word' id='word_1_765' title='bbox 3529 3945 3584 3988; x_wconf 92' lang='lat' dir='ltr'><strong>et</strong></span> 
     </span>
    </p>
   </div>
   <div class='ocr_carea' id='block_1_102' title="bbox 1995 4010 3583 4088">
    <p class='ocr_par' dir='ltr' id='par_1_102' title="bbox 1995 4010 3583 4088">
     <span class='ocr_line' id='line_1_102' title="bbox 1995 4010 3583 4088; baseline 0.008 -25"><span class='ocrx_word' id='word_1_766' title='bbox 1995 4010 2122 4064; x_wconf 88' lang='lat' dir='ltr'><strong>vilia</strong></span> <span class='ocrx_word' id='word_1_767' title='bbox 2149 4011 2216 4066; x_wconf 93' lang='lat' dir='ltr'><strong>de</strong></span> <span class='ocrx_word' id='word_1_768' title='bbox 2245 4027 2303 4066; x_wconf 88' lang='lat' dir='ltr'><strong>se</strong></span> <span class='ocrx_word' id='word_1_769' title='bbox 2331 4021 2617 4066; x_wconf 86' lang='lat' dir='ltr'><strong>senserunt</strong></span> <span class='ocrx_word' id='word_1_770' title='bbox 2645 4012 2698 4066; x_wconf 92' lang='lat' dir='ltr'><strong>in</strong></span> <span class='ocrx_word' id='word_1_771' title='bbox 2732 4028 2797 4068; x_wconf 92' lang='lat' dir='ltr'><strong>eo</strong></span> <span class='ocrx_word' id='word_1_772' title='bbox 2827 4015 2969 4084; x_wconf 92' lang='lat' dir='ltr'><strong>quod</strong></span> <span class='ocrx_word' id='word_1_773' title='bbox 3010 4021 3541 4088; x_wconf 87' lang='lat' dir='ltr'><strong>comprehendebant</strong></span> <span class='ocrx_word' id='word_1_774' title='bbox 3566 4061 3583 4085; x_wconf 80' lang='lat'><em>.</em></span> 
     </span>
    </p>
   </div>
   <div class='ocr_carea' id='block_1_103' title="bbox 1997 4101 3584 4180">
    <p class='ocr_par' dir='ltr' id='par_1_103' title="bbox 1997 4101 3584 4180">
     <span class='ocr_line' id='line_1_103' title="bbox 1997 4101 3584 4180; baseline 0.007 -25"><span class='ocrx_word' id='word_1_775' title='bbox 1997 4101 2126 4155; x_wconf 90' lang='lat' dir='ltr'><strong>dum</strong></span> <span class='ocrx_word' id='word_1_776' title='bbox 2165 4103 2416 4171; x_wconf 88' lang='lat' dir='ltr'><strong>supernis</strong></span> <span class='ocrx_word' id='word_1_777' title='bbox 2443 4103 2787 4158; x_wconf 85' lang='lat' dir='ltr'><strong>intenderent</strong></span> <span class='ocrx_word' id='word_1_778' title='bbox 2812 4144 2827 4169; x_wconf 90' lang='lat'><strong>,</strong></span> <span class='ocrx_word' id='word_1_779' title='bbox 2854 4120 2974 4174; x_wconf 68' lang='lat' dir='ltr'><strong>qua:</strong></span> <span class='ocrx_word' id='word_1_780' title='bbox 3001 4107 3070 4161; x_wconf 88' lang='lat' dir='ltr'><strong>ab</strong></span> <span class='ocrx_word' id='word_1_781' title='bbox 3089 4108 3168 4163; x_wconf 86' lang='lat' dir='ltr'><strong>cis</strong></span> <span class='ocrx_word' id='word_1_782' title='bbox 3198 4111 3584 4180; x_wconf 79' lang='lat' dir='ltr'><strong>comprehendi</strong></span> 
     </span>
    </p>
   </div>
   <div class='ocr_carea' id='block_1_104' title="bbox 1998 4192 3582 4267">
    <p class='ocr_par' dir='ltr' id='par_1_104' title="bbox 1998 4192 3582 4267">
     <span class='ocr_line' id='line_1_104' title="bbox 1998 4192 3582 4267; baseline 0.006 -22"><span class='ocrx_word' id='word_1_783' title='bbox 1998 4203 2101 4245; x_wconf 90' lang='lat' dir='ltr'><strong>non</strong></span> <span class='ocrx_word' id='word_1_784' title='bbox 2134 4201 2404 4262; x_wconf 90' lang='lat' dir='ltr'><strong>poterant.</strong></span> <span class='ocrx_word' id='word_1_785' title='bbox 2435 4192 2572 4248; x_wconf 87' lang='lat' dir='ltr'><strong>Hinc</strong></span> <span class='ocrx_word' id='word_1_786' title='bbox 2597 4202 2652 4248; x_wconf 90' lang='lat' dir='ltr'><strong>et</strong></span> <span class='ocrx_word' id='word_1_787' title='bbox 2678 4194 2928 4250; x_wconf 85' lang='lat' dir='ltr'><strong>Ezechiel</strong></span> <span class='ocrx_word' id='word_1_788' title='bbox 2958 4196 3024 4251; x_wconf 91' lang='lat' dir='ltr'><strong>de</strong></span> <span class='ocrx_word' id='word_1_789' title='bbox 3051 4198 3301 4267; x_wconf 89' lang='lat' dir='ltr'><strong>pennatis</strong></span> <span class='ocrx_word' id='word_1_790' title='bbox 3336 4200 3582 4254; x_wconf 51' lang='lat' dir='ltr'><strong>animali.</strong></span> 
     </span>
    </p>
   </div>
   <div class='ocr_carea' id='block_1_105' title="bbox 1998 4282 3581 4362">
    <p class='ocr_par' dir='ltr' id='par_1_105' title="bbox 1998 4282 3581 4362">
     <span class='ocr_line' id='line_1_105' title="bbox 1998 4282 3581 4362; baseline 0.005 -24"><span class='ocrx_word' id='word_1_791' title='bbox 1998 4284 2096 4338; x_wconf 90' lang='lat' dir='ltr'><strong>bus</strong></span> <span class='ocrx_word' id='word_1_792' title='bbox 2118 4284 2228 4337; x_wconf 87' lang='lat' dir='ltr'><strong>ait:</strong></span> <span class='ocrx_word' id='word_1_793' title='bbox 2282 4282 2412 4337; x_wconf 86' lang='lat' dir='ltr'><strong>Cum</strong></span> <span class='ocrx_word' id='word_1_794' title='bbox 2452 4285 2599 4353; x_wconf 78' lang='lat' dir='ltr'><strong>ﬁeret</strong></span> <span class='ocrx_word' id='word_1_795' title='bbox 2648 4303 2746 4340; x_wconf 77' lang='lat' dir='ltr'><strong>vox</strong></span> <span class='ocrx_word' id='word_1_796' title='bbox 2778 4303 2934 4356; x_wconf 87' lang='lat' dir='ltr'><strong>super</strong></span> <span class='ocrx_word' id='word_1_797' title='bbox 2960 4289 3350 4356; x_wconf 79' lang='lat' dir='ltr'><strong>firmamentum</strong></span> <span class='ocrx_word' id='word_1_798' title='bbox 3374 4333 3388 4358; x_wconf 94' lang='lat'><strong>,</strong></span> <span class='ocrx_word' id='word_1_799' title='bbox 3439 4295 3581 4362; x_wconf 87' lang='lat' dir='ltr'><strong>quod</strong></span> 
     </span>
    </p>
   </div>
   <div class='ocr_carea' id='block_1_106' title="bbox 2000 4364 3579 4445">
    <p class='ocr_par' dir='ltr' id='par_1_106' title="bbox 2000 4364 3579 4445">
     <span class='ocr_line' id='line_1_106' title="bbox 2000 4364 3579 4445; baseline 0.004 -17"><span class='ocrx_word' id='word_1_800' title='bbox 2000 4385 2109 4428; x_wconf 89' lang='lat' dir='ltr'><strong>erat</strong></span> <span class='ocrx_word' id='word_1_801' title='bbox 2134 4390 2288 4444; x_wconf 85' lang='lat' dir='ltr'><strong>super</strong></span> <span class='ocrx_word' id='word_1_802' title='bbox 2309 4387 2464 4445; x_wconf 88' lang='lat' dir='ltr'><strong>caput</strong></span> <span class='ocrx_word' id='word_1_803' title='bbox 2503 4392 2683 4430; x_wconf 87' lang='lat' dir='ltr'><strong>eorum</strong></span> <span class='ocrx_word' id='word_1_804' title='bbox 2707 4417 2722 4440; x_wconf 91' lang='lat'><strong>,</strong></span> <span class='ocrx_word' id='word_1_805' title='bbox 2756 4364 2982 4444; x_wconf 84' lang='lat' dir='ltr'><strong>stabant,</strong></span> <span class='ocrx_word' id='word_1_806' title='bbox 3011 4388 3059 4432; x_wconf 90' lang='lat' dir='ltr'><strong>et</strong></span> <span class='ocrx_word' id='word_1_807' title='bbox 3081 4379 3447 4434; x_wconf 85' lang='lat' dir='ltr'><strong>submittebant</strong></span> <span class='ocrx_word' id='word_1_808' title='bbox 3467 4383 3579 4434; x_wconf 85' lang='lat' dir='ltr'><strong>alas</strong></span> 
     </span>
    </p>
   </div>
   <div class='ocr_carea' id='block_1_107' title="bbox 2001 4463 3586 4537">
    <p class='ocr_par' dir='ltr' id='par_1_107' title="bbox 2001 4463 3586 4537">
     <span class='ocr_line' id='line_1_107' title="bbox 2001 4463 3586 4537; baseline 0.006 -21"><span class='ocrx_word' id='word_1_809' title='bbox 2001 4481 2124 4516; x_wconf 88' lang='lat' dir='ltr'><strong>suas</strong></span> <span class='ocrx_word' id='word_1_810' title='bbox 2155 4463 2372 4534; x_wconf 79' lang='lat' dir='ltr'><strong>(Ezech,</strong></span> <span class='ocrx_word' id='word_1_811' title='bbox 2406 4481 2457 4530; x_wconf 82' lang='lat'><strong>1,</strong></span> <span class='ocrx_word' id='word_1_812' title='bbox 2492 4464 2607 4534; x_wconf 70' lang='lat'><strong>25).</strong></span> <span class='ocrx_word' id='word_1_813' title='bbox 2641 4465 2907 4520; x_wconf 86' lang='lat' dir='ltr'><strong>Animalia</strong></span> <span class='ocrx_word' id='word_1_814' title='bbox 2941 4482 3173 4537; x_wconf 89' lang='lat' dir='ltr'><strong>namque</strong></span> <span class='ocrx_word' id='word_1_815' title='bbox 3195 4480 3414 4526; x_wconf 84' lang='lat' dir='ltr'><strong>sanctos</strong></span> <span class='ocrx_word' id='word_1_816' title='bbox 3441 4473 3586 4527; x_wconf 83' lang='lat' dir='ltr'><strong>desi-</strong></span> 
     </span>
    </p>
   </div>
   <div class='ocr_carea' id='block_1_108' title="bbox 2000 4556 3583 4627">
    <p class='ocr_par' dir='ltr' id='par_1_108' title="bbox 2000 4556 3583 4627">
     <span class='ocr_line' id='line_1_108' title="bbox 2000 4556 3583 4627; baseline 0.006 -19"><span class='ocrx_word' id='word_1_817' title='bbox 2000 4565 2184 4626; x_wconf 89' lang='lat' dir='ltr'><strong>gnant.</strong></span> <span class='ocrx_word' id='word_1_818' title='bbox 2220 4557 2284 4609; x_wconf 88' lang='lat' dir='ltr'><strong>Et</strong></span> <span class='ocrx_word' id='word_1_819' title='bbox 2309 4556 2635 4610; x_wconf 85' lang='lat' dir='ltr'><strong>firmamenti</strong></span> <span class='ocrx_word' id='word_1_820' title='bbox 2667 4558 2884 4612; x_wconf 89' lang='lat' dir='ltr'><strong>nomine</strong></span> <span class='ocrx_word' id='word_1_821' title='bbox 2909 4560 3234 4627; x_wconf 78' lang='lat' dir='ltr'><strong>exprimitur</strong></span> <span class='ocrx_word' id='word_1_822' title='bbox 3269 4561 3583 4617; x_wconf 88' lang='lat' dir='ltr'><strong>incarnatus</strong></span> 
     </span>
    </p>
   </div>
   <div class='ocr_carea' id='block_1_109' title="bbox 2001 4645 3580 4716">
    <p class='ocr_par' dir='ltr' id='par_1_109' title="bbox 2001 4645 3580 4716">
     <span class='ocr_line' id='line_1_109' title="bbox 2001 4645 3580 4716; baseline 0.004 -16"><span class='ocrx_word' id='word_1_823' title='bbox 2001 4645 2354 4716; x_wconf 87' lang='lat' dir='ltr'><strong>Unigenitus,</strong></span> <span class='ocrx_word' id='word_1_824' title='bbox 2397 4659 2494 4714; x_wconf 91' lang='lat' dir='ltr'><strong>per</strong></span> <span class='ocrx_word' id='word_1_825' title='bbox 2545 4646 2648 4700; x_wconf 92' lang='lat' dir='ltr'><strong>hoc</strong></span> <span class='ocrx_word' id='word_1_826' title='bbox 2692 4648 2837 4716; x_wconf 92' lang='lat' dir='ltr'><strong>quod</strong></span> <span class='ocrx_word' id='word_1_827' title='bbox 2884 4648 2936 4701; x_wconf 91' lang='lat' dir='ltr'><strong>in</strong></span> <span class='ocrx_word' id='word_1_828' title='bbox 2981 4663 3048 4704; x_wconf 86' lang='lat' dir='ltr'><strong>eo</strong></span> <span class='ocrx_word' id='word_1_829' title='bbox 3073 4659 3267 4704; x_wconf 89' lang='lat' dir='ltr'><strong>natura</strong></span> <span class='ocrx_word' id='word_1_830' title='bbox 3300 4661 3486 4706; x_wconf 87' lang='lat' dir='ltr'><strong>nostra</strong></span> <span class='ocrx_word' id='word_1_831' title='bbox 3513 4654 3580 4706; x_wconf 86' lang='lat' dir='ltr'><strong>ad</strong></span> 
     </span>
    </p>
   </div>
   <div class='ocr_carea' id='block_1_110' title="bbox 2003 4737 3577 4812">
    <p class='ocr_par' dir='ltr' id='par_1_110' title="bbox 2003 4737 3577 4812">
     <span class='ocr_line' id='line_1_110' title="bbox 2003 4737 3577 4812; baseline 0.003 -21"><span class='ocrx_word' id='word_1_832' title='bbox 2003 4738 2362 4792; x_wconf 65' lang='lat' dir='ltr'><strong>aeternitatem</strong></span> <span class='ocrx_word' id='word_1_833' title='bbox 2399 4737 2611 4791; x_wconf 86' lang='lat' dir='ltr'><strong>firmata</strong></span> <span class='ocrx_word' id='word_1_834' title='bbox 2637 4746 2738 4793; x_wconf 88' lang='lat' dir='ltr'><strong>est.</strong></span> <span class='ocrx_word' id='word_1_835' title='bbox 2796 4738 2880 4793; x_wconf 83' lang='lat' dir='ltr'><strong>Fit</strong></span> <span class='ocrx_word' id='word_1_836' title='bbox 2924 4755 3054 4811; x_wconf 87' lang='lat' dir='ltr'><strong>ergo</strong></span> <span class='ocrx_word' id='word_1_837' title='bbox 3089 4757 3186 4795; x_wconf 71' lang='lat' dir='ltr'><strong>vos:</strong></span> <span class='ocrx_word' id='word_1_838' title='bbox 3215 4758 3373 4812; x_wconf 86' lang='lat' dir='ltr'><strong>super</strong></span> <span class='ocrx_word' id='word_1_839' title='bbox 3396 4743 3577 4809; x_wconf 77' lang='lat' dir='ltr'><strong>ﬁrma-</strong></span> 
     </span>
    </p>
   </div>
   <div class='ocr_carea' id='block_1_111' title="bbox 1998 4827 3582 4893">
    <p class='ocr_par' dir='ltr' id='par_1_111' title="bbox 1998 4827 3582 4893">
     <span class='ocr_line' id='line_1_111' title="bbox 1998 4827 3582 4893; baseline 0.001 -13"><span class='ocrx_word' id='word_1_840' title='bbox 1998 4839 2263 4893; x_wconf 86' lang='lat' dir='ltr'><strong>mentum,</strong></span> <span class='ocrx_word' id='word_1_841' title='bbox 2293 4844 2413 4882; x_wconf 87' lang='lat' dir='ltr'><strong>cum</strong></span> <span class='ocrx_word' id='word_1_842' title='bbox 2455 4827 2616 4882; x_wconf 86' lang='lat' dir='ltr'><strong>Pater</strong></span> <span class='ocrx_word' id='word_1_843' title='bbox 2661 4829 2730 4883; x_wconf 89' lang='lat' dir='ltr'><strong>de</strong></span> <span class='ocrx_word' id='word_1_844' title='bbox 2776 4829 2994 4886; x_wconf 87' lang='lat' dir='ltr'><strong>Christo</strong></span> <span class='ocrx_word' id='word_1_845' title='bbox 3047 4832 3214 4888; x_wconf 87' lang='lat' dir='ltr'><strong>dicit:</strong></span> <span class='ocrx_word' id='word_1_846' title='bbox 3249 4831 3353 4885; x_wconf 82' lang='lat' dir='ltr'><strong>Hic</strong></span> <span class='ocrx_word' id='word_1_847' title='bbox 3377 4841 3452 4886; x_wconf 88' lang='lat' dir='ltr'><strong>est</strong></span> <span class='ocrx_word' id='word_1_848' title='bbox 3487 4829 3582 4883; x_wconf 64' lang='lat' dir='ltr'><strong>Fi—</strong></span> 
     </span>
    </p>
   </div>
   <div class='ocr_carea' id='block_1_112' title="bbox 1997 4920 3577 4999">
    <p class='ocr_par' dir='ltr' id='par_1_112' title="bbox 1997 4920 3577 4999">
     <span class='ocr_line' id='line_1_112' title="bbox 1997 4920 3577 4999; baseline 0.001 -25"><span class='ocrx_word' id='word_1_849' title='bbox 1997 4921 2099 4976; x_wconf 84' lang='lat' dir='ltr'><strong>lius</strong></span> <span class='ocrx_word' id='word_1_850' title='bbox 2152 4938 2299 4976; x_wconf 87' lang='lat' dir='ltr'><strong>meus</strong></span> <span class='ocrx_word' id='word_1_851' title='bbox 2364 4920 2622 4999; x_wconf 76' lang='lat' dir='ltr'><strong>dilectus,</strong></span> <span class='ocrx_word' id='word_1_852' title='bbox 2671 4923 2724 4992; x_wconf 77' lang='lat' dir='ltr'><strong>in</strong></span> <span class='ocrx_word' id='word_1_853' title='bbox 2771 4939 2872 4994; x_wconf 93' lang='lat' dir='ltr'><strong>quo</strong></span> <span class='ocrx_word' id='word_1_854' title='bbox 2923 4926 3051 4978; x_wconf 89' lang='lat' dir='ltr'><strong>mihi</strong></span> <span class='ocrx_word' id='word_1_855' title='bbox 3087 4927 3211 4980; x_wconf 86' lang='lat' dir='ltr'><strong>bene</strong></span> <span class='ocrx_word' id='word_1_856' title='bbox 3264 4923 3577 4994; x_wconf 81' lang='lat' dir='ltr'><strong>complacui.</strong></span> 
     </span>
    </p>
   </div>
   <div class='ocr_carea' id='block_1_113' title="bbox 1996 5011 3579 5084">
    <p class='ocr_par' dir='ltr' id='par_1_113' title="bbox 1996 5011 3579 5084">
     <span class='ocr_line' id='line_1_113' title="bbox 1996 5011 3579 5084; baseline 0.001 -18"><span class='ocrx_word' id='word_1_857' title='bbox 1996 5011 2066 5066; x_wconf 86' lang='lat' dir='ltr'><strong>Et</strong></span> <span class='ocrx_word' id='word_1_858' title='bbox 2095 5021 2218 5066; x_wconf 91' lang='lat' dir='ltr'><strong>tunc</strong></span> <span class='ocrx_word' id='word_1_859' title='bbox 2260 5011 2512 5066; x_wconf 86' lang='lat' dir='ltr'><strong>animalia</strong></span> <span class='ocrx_word' id='word_1_860' title='bbox 2554 5020 2732 5080; x_wconf 85' lang='lat' dir='ltr'><strong>stant,</strong></span> <span class='ocrx_word' id='word_1_861' title='bbox 2789 5015 3012 5084; x_wconf 87' lang='lat' dir='ltr'><strong>alasque</strong></span> <span class='ocrx_word' id='word_1_862' title='bbox 3056 5015 3417 5070; x_wconf 88' lang='lat' dir='ltr'><strong>submittunt:</strong></span> <span class='ocrx_word' id='word_1_863' title='bbox 3451 5014 3579 5082; x_wconf 84' lang='lat' dir='ltr'><strong>quia</strong></span> 
     </span>
    </p>
   </div>
   <div class='ocr_carea' id='block_1_114' title="bbox 1997 5109 3581 5179">
    <p class='ocr_par' dir='ltr' id='par_1_114' title="bbox 1997 5109 3581 5179">
     <span class='ocr_line' id='line_1_114' title="bbox 1997 5109 3581 5179; baseline -0.001 -15"><span class='ocrx_word' id='word_1_864' title='bbox 1997 5109 2171 5164; x_wconf 89' lang='lat' dir='ltr'><strong>sancti</strong></span> <span class='ocrx_word' id='word_1_865' title='bbox 2218 5110 2422 5165; x_wconf 91' lang='lat' dir='ltr'><strong>intenta</strong></span> <span class='ocrx_word' id='word_1_866' title='bbox 2476 5118 2654 5164; x_wconf 90' lang='lat' dir='ltr'><strong>mente</strong></span> <span class='ocrx_word' id='word_1_867' title='bbox 2701 5113 2948 5179; x_wconf 86' lang='lat' dir='ltr'><strong>supernis</strong></span> <span class='ocrx_word' id='word_1_868' title='bbox 3007 5111 3322 5175; x_wconf 86' lang='lat' dir='ltr'><strong>intendunt,</strong></span> <span class='ocrx_word' id='word_1_869' title='bbox 3369 5121 3425 5164; x_wconf 89' lang='lat' dir='ltr'><strong>et</strong></span> <span class='ocrx_word' id='word_1_870' title='bbox 3475 5110 3581 5163; x_wconf 79' lang='lat' dir='ltr'><strong>vir-</strong></span> 
     </span>
    </p>
   </div>
   <div class='ocr_carea' id='block_1_115' title="bbox 2010 5201 3578 5270">
    <p class='ocr_par' dir='ltr' id='par_1_115' title="bbox 2010 5201 3578 5270">
     <span class='ocr_line' id='line_1_115' title="bbox 2010 5201 3578 5270; baseline -0.001 -16"><span class='ocrx_word' id='word_1_871' title='bbox 2010 5211 2149 5257; x_wconf 88' lang='lat' dir='ltr'><strong>tutes</strong></span> <span class='ocrx_word' id='word_1_872' title='bbox 2213 5217 2339 5256; x_wconf 88' lang='lat' dir='ltr'><strong>suas</strong></span> <span class='ocrx_word' id='word_1_873' title='bbox 2403 5201 2705 5256; x_wconf 91' lang='lat' dir='ltr'><strong>humiliant.</strong></span> <span class='ocrx_word' id='word_1_874' title='bbox 2761 5202 2922 5256; x_wconf 88' lang='lat' dir='ltr'><strong>Stant</strong></span> <span class='ocrx_word' id='word_1_875' title='bbox 2967 5201 3148 5266; x_wconf 90' lang='lat' dir='ltr'><strong>enim,</strong></span> <span class='ocrx_word' id='word_1_876' title='bbox 3181 5201 3578 5270; x_wconf 85' lang='lat' dir='ltr'><strong>quandocum,</strong></span> 
     </span>
    </p>
   </div>
   <div class='ocr_carea' id='block_1_116' title="bbox 2004 5294 3576 5365">
    <p class='ocr_par' dir='ltr' id='par_1_116' title="bbox 2004 5294 3576 5365">
     <span class='ocr_line' id='line_1_116' title="bbox 2004 5294 3576 5365; baseline -0.001 -17"><span class='ocrx_word' id='word_1_877' title='bbox 2004 5295 2096 5365; x_wconf 90' lang='lat' dir='ltr'><strong>qui</strong></span> <span class='ocrx_word' id='word_1_878' title='bbox 2141 5311 2297 5364; x_wconf 87' lang='lat' dir='ltr'><strong>super</strong></span> <span class='ocrx_word' id='word_1_879' title='bbox 2331 5304 2519 5364; x_wconf 88' lang='lat' dir='ltr'><strong>caput,</strong></span> <span class='ocrx_word' id='word_1_880' title='bbox 2561 5294 2614 5348; x_wconf 91' lang='lat' dir='ltr'><strong>id</strong></span> <span class='ocrx_word' id='word_1_881' title='bbox 2643 5302 2728 5350; x_wconf 89' lang='lat' dir='ltr'><strong>est</strong></span> <span class='ocrx_word' id='word_1_882' title='bbox 2777 5309 2939 5364; x_wconf 88' lang='lat' dir='ltr'><strong>super</strong></span> <span class='ocrx_word' id='word_1_883' title='bbox 2968 5303 3197 5361; x_wconf 87' lang='lat' dir='ltr'><strong>mentes,</strong></span> <span class='ocrx_word' id='word_1_884' title='bbox 3233 5311 3412 5348; x_wconf 87' lang='lat' dir='ltr'><strong>eorum</strong></span> <span class='ocrx_word' id='word_1_885' title='bbox 3462 5304 3576 5360; x_wconf 84' lang='lat' dir='ltr'><strong>est,</strong></span> 
     </span>
    </p>
   </div>
   <div class='ocr_carea' id='block_1_117' title="bbox 2002 5387 3584 5458">
    <p class='ocr_par' dir='ltr' id='par_1_117' title="bbox 2002 5387 3584 5458">
     <span class='ocr_line' id='line_1_117' title="bbox 2002 5387 3584 5458; baseline 0.001 -17"><span class='ocrx_word' id='word_1_886' title='bbox 2002 5388 2207 5442; x_wconf 88' lang='lat' dir='ltr'><strong>intenta</strong></span> <span class='ocrx_word' id='word_1_887' title='bbox 2267 5387 2719 5458; x_wconf 88' lang='lat' dir='ltr'><strong>contemplatione</strong></span> <span class='ocrx_word' id='word_1_888' title='bbox 2769 5387 3158 5452; x_wconf 88' lang='lat' dir='ltr'><strong>considerant;</strong></span> <span class='ocrx_word' id='word_1_889' title='bbox 3222 5397 3274 5441; x_wconf 90' lang='lat' dir='ltr'><strong>et</strong></span> <span class='ocrx_word' id='word_1_890' title='bbox 3321 5389 3436 5441; x_wconf 87' lang='lat' dir='ltr'><strong>alas</strong></span> <span class='ocrx_word' id='word_1_891' title='bbox 3489 5387 3584 5442; x_wconf 87' lang='lat' dir='ltr'><strong>de-</strong></span> 
     </span>
    </p>
   </div>
   <div class='ocr_carea' id='block_1_118' title="bbox 2000 5478 3582 5548">
    <p class='ocr_par' dir='ltr' id='par_1_118' title="bbox 2000 5478 3582 5548">
     <span class='ocr_line' id='line_1_118' title="bbox 2000 5478 3582 5548; baseline 0.001 -16"><span class='ocrx_word' id='word_1_892' title='bbox 2000 5480 2246 5544; x_wconf 89' lang='lat' dir='ltr'><strong>mittunt,</strong></span> <span class='ocrx_word' id='word_1_893' title='bbox 2283 5479 2409 5548; x_wconf 86' lang='lat' dir='ltr'><strong>quia</strong></span> <span class='ocrx_word' id='word_1_894' title='bbox 2466 5495 2576 5534; x_wconf 76' lang='lat' dir='ltr'><strong>sua:</strong></span> <span class='ocrx_word' id='word_1_895' title='bbox 2629 5481 2856 5534; x_wconf 89' lang='lat' dir='ltr'><strong>virtutes</strong></span> <span class='ocrx_word' id='word_1_896' title='bbox 2909 5479 2990 5533; x_wconf 88' lang='lat' dir='ltr'><strong>eis</strong></span> <span class='ocrx_word' id='word_1_897' title='bbox 3013 5479 3294 5542; x_wconf 83' lang='lat' dir='ltr'><strong>vilescunt,</strong></span> <span class='ocrx_word' id='word_1_898' title='bbox 3327 5481 3451 5535; x_wconf 87' lang='lat' dir='ltr'><strong>dum</strong></span> <span class='ocrx_word' id='word_1_899' title='bbox 3473 5478 3582 5534; x_wconf 80' lang='lat' dir='ltr'><strong>alta</strong></span> 
     </span>
    </p>
   </div>
   <div class='ocr_carea' id='block_1_119' title="bbox 2002 5568 3580 5640">
    <p class='ocr_par' dir='ltr' id='par_1_119' title="bbox 2002 5568 3580 5640">
     <span class='ocr_line' id='line_1_119' title="bbox 2002 5568 3580 5640; baseline 0.001 -17"><span class='ocrx_word' id='word_1_900' title='bbox 2002 5583 2248 5638; x_wconf 70' lang='lat' dir='ltr'><strong>supernae</strong></span> <span class='ocrx_word' id='word_1_901' title='bbox 2280 5568 2943 5640; x_wconf 81' lang='lat' dir='ltr'><strong>incomprehensibilitatis</strong></span> <span class='ocrx_word' id='word_1_902' title='bbox 2967 5570 3255 5639; x_wconf 89' lang='lat' dir='ltr'><strong>aspiciunt.</strong></span> <span class='ocrx_word' id='word_1_903' title='bbox 3304 5571 3411 5627; x_wconf 88' lang='lat' dir='ltr'><strong>Sed</strong></span> <span class='ocrx_word' id='word_1_904' title='bbox 3442 5581 3497 5626; x_wconf 86' lang='lat' dir='ltr'><strong>et</strong></span> <span class='ocrx_word' id='word_1_905' title='bbox 3527 5571 3580 5624; x_wconf 80' lang='lat' dir='ltr'><strong>in</strong></span> 
     </span>
    </p>
   </div>
  </div>
