3884 6052
318 195 414 250 611

688 192 746 246 S.
788 191 1086 247 ANSLLMI
1127 190 1481 246 CANTUAR.
1518 187 1837 242 ARCHIEP.
1867 186 2019 243 OPP.
2064 186 2240 241 PARS
2275 187 2335 240 ll.
2368 218 2429 227 --
2451 186 2816 242 PAlhENi'IT.
2849 189 2934 243 ET
2965 188 3208 244 ASCET.

3483 189 3600 243 6l2

315 325 384 364 eo
433 307 575 379 quod
601 293 800 360 dicitur
825 323 838 359 :
868 303 970 356 llic
997 313 1071 358 est
1105 301 1278 355 Filius
1305 345 1318 368 ,
1368 301 1422 354 in
1461 317 1563 371 quo
1611 301 1737 352 mihi
1777 300 1901 353 bene
1930 304 1974 358 Α
2004 299 2179 367 lisque
2209 298 2410 368 Spiritu
2444 307 2634 353 saneto
2663 299 2954 366 apostolis,
2991 300 3286 368 prtedicata
3313 307 3426 364 est;
3461 316 3601 369 qua-

317 397 610 468 complacui
633 435 652 461 ,
679 395 792 448 nias
821 394 1166 457 submittunt,
1205 393 1332 461 quia
1375 393 1426 448 in
1453 391 1569 460 eius
1591 391 1900 445 innocentia

316 496 372 539 et
401 485 689 541 sanctitate
711 482 905 537 vident
953 482 1008 536 in
1038 481 1257 550 quantis
1307 480 1408 551 ipsi
1455 480 1699 549 quotidie
1725 480 1901 534 delin-

315 584 487 644 quant
511 613 528 637 ,
557 581 613 628 et
640 584 1044 648 quamparum
1092 572 1160 625 de
1201 568 1545 640 perfectione
1591 568 1903 624 sanctitatis

317 666 552 718 habeant
576 678 591 728 ;
623 671 678 718 et
705 675 922 718 omnem
941 661 1022 716 'de
1044 658 1157 716 suis
1182 660 1391 716 viribus
1424 660 1901 731 praesumptionem

313 756 612 823 depontmt.

389 847 653 914 Sequitur
698 844 875 898 adhuc
923 843 1242 908 Matthaeus,
1277 844 1504 898 dicens:
1559 843 1626 896 Et
1683 842 1902 896 accessit

313 934 472 989 Iesus
501 944 549 988 et
573 933 738 1003 tetigit
766 947 854 986 eos
883 973 898 998 ,
937 931 1172 1001 dixitque
1200 931 1274 984 eis
1297 945 1316 985 :
1338 929 1594 1001 Surgite,
1645 939 1695 984 et
1747 930 1904 983 nolite

315 1026 515 1077 timere.
565 1022 647 1075 Ad
677 1021 970 1091 discipulos
1001 1020 1055 1074 in
1094 1019 1426 1075 inﬁrmitatis
1443 1011 1558 1074 suae
1583 1018 1904 1075 confusione

309 1114 556 1184 iacentes
582 1112 798 1167 accessit
821 1127 918 1183 per
944 1112 1175 1183 gratiam
1196 1151 1212 1176 ,
1243 1122 1289 1165 et
1312 1113 1489 1183 tetigit.
1509 1127 1595 1166 eos
1619 1125 1716 1180 per
1736 1112 1905 1164 virtu-

317 1218 424 1262 tem
446 1245 462 1270 ,
490 1205 764 1274 iussitque
788 1213 842 1258 ut
865 1204 932 1256 ad
959 1216 1125 1271 opera
1141 1202 1302 1256 fortia
1325 1211 1642 1272 surgerent;
1673 1211 1728 1256 et
1753 1202 1908 1256 timo-

317 1311 432 1352 rem
465 1310 625 1366 quem
655 1294 898 1348 charitas
947 1291 1133 1362 eiieit,
1188 1292 1506 1361 abiicerent.
1542 1289 1812 1355 Accessit,
1855 1300 1904 1345 et

315 1385 483 1455 tetigit
510 1424 525 1446 ,
554 1384 679 1453 quia
709 1383 1033 1437 illuminavit
1059 1392 1116 1437 et
1137 1382 1363 1452 adjuvit.
1397 1381 1643 1445 Accedit,
1682 1383 1775 1436 sed
1799 1397 1905 1437 non

319 1477 521 1544 tangit;
545 1472 981 1543 quandoquidem
997 1487 1104 1541 vper
1118 1469 1237 1539 eius
1253 1473 1483 1540 gratiam
1513 1471 1905 1539 iliumiuatnur,

245 1626 248 1630 ,
315 1564 414 1620 sed
438 1563 784 1634 exigentibus
811 1561 1013 1616 nostris
1035 1561 1245 1616 meritis
1276 1576 1382 1615 non
1406 1561 1750 1630 adiuvamur.
1779 1560 1903 1615 Ple-

2005 397 2160 442 tenus
2180 403 2370 442 omnes
2390 387 2481 457 qui
2513 388 2870 441 sacramentis
2890 385 3007 455 eius
3031 387 3235 441 initiari
3261 387 3593 450 voluissent,

2001 478 2114 533 non
2173 478 2348 532 solum
2405 476 2658 532 eﬂ'ectum
2721 476 3136 532 resurrectionis
3187 487 3444 543 credere,
3498 481 3598 534 sed

2003 573 2168 627 etiam
2225 571 2444 625 modum
2494 569 2913 624 resurrectionis
2971 569 3214 638 eiusdem
3255 568 3333 622 ab
3372 570 3456 624 his
3499 571 3597 638 qui

2003 660 2284 722 viderant,
2317 658 2622 727 potuissent
2641 657 2914 720 ediscere;
2954 671 3054 712 nec
3097 671 3203 710 non
3229 658 3594 712 aeternitatem

2003 751 2198 807 divina:
2217 749 2522 804 nativitatis
2543 789 2557 815 ,
2587 762 2751 818 quam
2776 764 2804 800 a
2831 746 2994 801 Patre
3023 746 3338 811 audierant,
3381 750 3598 803 cunctis

2004 843 2214 912 pariter
2255 840 2580 897 credendam
2621 846 2682 893 et
2724 838 3008 891 amandam
3064 837 3166 907 ipsi
3211 838 3593 907 prirdicarent.

2003 934 2104 989 llis
2134 945 2266 990 vero
2291 934 2358 989 de
2409 926 2643 986 lectione
2670 928 2989 1000 Evangelica
3039 928 3237 993 dictis,
3289 929 3597 983 addendum

2004 1027 2221 1082 videtur
2247 1024 2374 1096 quia
2403 1023 2550 1078 sicut
2587 1022 2638 1075 in
2663 1036 2726 1075 ea
2754 1019 2966 1089 Moyses
3019 1027 3075 1074 et
3123 1017 3270 1073 Elias
3317 1019 3492 1089 iegem
3541 1026 3601 1073 et
3667 1063 3672 1068 .

2003 1113 2381 1184 prophetiam,
2431 1111 2512 1165 sic
2555 1109 2814 1164 Dominus
2857 1105 3016 1163 Iesus
3047 1106 3397 1175 Evangelium
3440 1106 3594 1161 desi-

2005 1216 2174 1272 gnare
2201 1209 2412 1271 potest;
2440 1208 2495 1255 et
2527 1207 2707 1252 tamen
2733 1197 2776 1252 si
2806 1212 2880 1252 ea
2909 1236 2924 1262 ,
2955 1211 3076 1266 qua
3105 1205 3233 1251 sunt
3254 1196 3308 1250 in
3337 1194 3596 1262 lectione,

2006 1292 2284 1362 potuerint
2309 1289 2508 1345 alicubi
2537 1288 2714 1343 minus
2750 1295 2938 1356 aperte
2966 1286 3034 1341 de
3062 1285 3230 1341 verbo
3267 1286 3599 1356 evangelicae

2005 1381 2410 1454 praedicationis
2437 1378 2698 1450 intelligi,
2730 1377 3012 1433 referenda
3068 1385 3197 1433 sunt
3239 1378 3308 1433 ad
3359 1378 3599 1432 Verbum

2009 1475 2152 1546 quod
2195 1488 2325 1529 caro
2374 1472 2575 1528 factum
2623 1480 2706 1526 est
2749 1478 2806 1526 et
2857 1469 3125 1524 habitavit
3175 1469 3231 1525 in
3281 1470 3459 1526 nobis.
3505 1469 3604 1524 Ait

2007 1580 2180 1637 ergo:
2223 1563 2356 1619 Sunt
2381 1563 2596 1634 quidam
2637 1563 2703 1616 de
2752 1562 2838 1616 hic
2879 1561 3171 1626 stuntibus,
3217 1562 3308 1632 qui
3349 1574 3454 1616 non
3502 1577 3605 1632 gu-

318 1669 550 1725 rumque
567 1654 718 1709 enim
749 1653 996 1708 videmus
1019 1668 1142 1723 qua:
1171 1654 1378 1724 agenda
1418 1661 1587 1719 sunt,
1641 1652 1735 1708 sed
1789 1653 1906 1709 hinc
1933 1653 1982 1716 Β
2008 1654 2223 1711 stabunt
2285 1663 2544 1716 mortem,
2601 1651 2766 1706 donec
2819 1651 3048 1705 uideant
3105 1648 3306 1704 Filium
3375 1651 3603 1705 hominis

317 1759 484 1814 opere
505 1759 610 1799 non
649 1742 889 1798 vetemus
915 1742 1159 1811 implere.
1185 1742 1442 1806 Nitimur,
1465 1750 1521 1797 et
1543 1741 1906 1797 intirmamur.

321 1833 513 1890 Mentis
535 1833 796 1901 iudicium
831 1833 1210 1888 rectitudinem
1239 1833 1528 1901 conspicit,
1552 1832 1647 1888 sed
1671 1832 1737 1885 ad
1769 1833 1910 1886 hanc

318 1923 500 1993 Operis
529 1921 790 1984 fortitudo
818 1920 1141 1976 succumbit.
1206 1920 1343 1987 Quia
1401 1922 1660 1976 nimirum
1701 1920 1813 1989 iam
1843 1921 1911 1977 de

320 2029 478 2085 poena
505 2013 712 2082 peccati
744 2021 868 2078 est,
897 2021 958 2067 ut
984 2027 1052 2067 ex
1082 2012 1223 2068 dono
1251 2012 1471 2081 quidem
1501 2012 1675 2081 possit
1699 2011 1908 2067 bonum

317 2104 590 2174 conspici;
614 2104 708 2159 sed
735 2112 914 2158 tamen
945 2103 1013 2158 ab
1036 2118 1136 2168 eo,
1184 2105 1328 2174 quod
1374 2103 1742 2173 conspicitur,
1780 2117 1912 2158 con-

321 2195 490 2264 tingat
522 2209 621 2262 per
655 2193 910 2248 meritum
939 2191 1148 2262 repelli.
1173 2191 1283 2248 Sed
1313 2193 1380 2247 ad
1409 2201 1712 2263 prostratos
1735 2208 1914 2248 aues-

317 2286 384 2339 sit
417 2285 701 2350 Dominus,
728 2285 1111 2354 eosqueuetigit
1133 2325 1148 2348 ,
1186 2293 1241 2338 et
1263 2291 1320 2337 ut
1345 2295 1631 2353 surgerent
1676 2283 1913 2354 impera-

319 2376 435 2428 vit:
465 2375 595 2444 quia
621 2389 746 2429 cum
779 2385 879 2429 nos
919 2373 1290 2432 inﬁrmitath
1339 2383 1590 2429 nostram
1633 2374 1911 2430 subtiliter

320 2473 676 2535 agnoscentes
693 2463 1254 2532 humiliteriscemus,
1289 2473 1418 2520 tunc
1439 2466 1642 2521 virtute
1662 2465 1912 2535 Spiritus

321 2557 492 2611 sancti
521 2555 821 2626 tangimus,
842 2563 906 2609 et
939 2556 1007 2608 ad
1037 2556 1260 2610 robusta
1307 2569 1472 2624 opera
1521 2570 1746 2626 surgere
1775 2571 1914 2626 prae-

321 2649 556 2716 cipimur
577 2685 593 2710 ,
637 2661 756 2715 quae
773 2656 892 2699 non
908 2655 1014 2714 per
1035 2646 1312 2712 tutiorem,
1329 2647 1436 2702 sed
1452 2660 1549 2717 per
1583 2645 1912 2704 charitatem

323 2737 611 2792 iaciamus.
650 2799 654 2802 ι

329 2871 332 2874 .
395 2828 652 2897 Sequitur
687 2827 1010 2900 blattarum:
1044 2826 1297 2882 Levantes
1317 2837 1497 2883 autem
1537 2829 1718 2885 oculos
1741 2843 1865 2885 suos
1891 2869 1907 2896 ,

325 2919 580 2973 neminem
612 2921 869 2984 viderunt,
910 2921 1012 2974 nisi
1032 2919 1201 2974 solum
1221 2918 1425 2974 Iesum.
1457 2919 1611 2987 Quod
1636 2930 1693 2976 et
1713 2921 1911 2990 Lucas,

324 3010 450 3063 dum
475 3009 542 3064 de
572 3009 750 3064 Patris
780 3025 910 3065 voce
960 3012 1302 3081 loqueretur,
1343 3011 1422 3065 sic
1451 3012 1527 3065 ait
1560 3029 1574 3064 :
1611 3010 1916 3070 Voxl’atris

327 3101 472 3169 facta
491 3101 649 3156 estde
669 3101 827 3168 nube,
849 3103 1036 3156 (dicens
1053 3118 1072 3156 :
1093 3101 1191 3156 llic
1208 3113 1281 3156 est
1310 3100 1482 3156 Filius
1519 3117 1684 3170 meus,
1707 3113 1812 3159 etc.
1847 3104 1916 3158 Et

323 3189 449 3243 dum
471 3191 616 3258 ﬁeret
639 3208 757 3259 sum,
788 3193 1026 3247 iuventus
1051 3203 1126 3246 est
1159 3192 1313 3248 Iesus
1341 3193 1485 3247 solus
1520 3193 1773 3265 (Lucus,
1806 3195 1908 3261 55,

324 3281 442 3350 56),
471 3291 812 3336 evanuerunt
832 3284 975 3338 servi
993 3291 1082 3338 :ut
1105 3283 1472 3340 indubitanter
1499 3298 1918 3355 agnosceremus

325 3374 630 3440 quia'solus
669 3374 824 3428 Iesus
849 3385 924 3428 est
953 3375 1214 3430 naturalis
1269 3385 1323 3430 et
1359 3377 1551 3430 unicus
1579 3377 1671 3430 Dei
1701 3376 1874 3432 Filius
1899 3418 1914 3444 ,

328 3481 434 3518 non
461 3463 666 3534 Moyses
703 3475 797 3520 aut
826 3467 996 3520 Etius.
1051 3466 1154 3534 Qui
1187 3466 1352 3536 igitur
1398 3469 1451 3520 iu
1479 3469 1916 3543 consideratione

327 3572 439 3610 sua:
462 3556 793 3611 inﬁrmitatis
818 3558 1004 3613 oculos
1035 3558 1264 3622 mentis,
1305 3558 1432 3613 dum
1469 3558 1714 3627 iacerent
1740 3600 1756 3626 ,
1787 3560 1917 3616 deli-

329 3656 554 3714 xerant,
581 3648 684 3718 ipsi
711 3658 1000 3719 turgentes
1028 3649 1342 3704 levaverunt
1390 3654 1609 3707 eosdem
1642 3652 1915 3722 spiritales

326 3740 511 3796 oculos
536 3741 605 3796 ad
627 3740 849 3796 altiores
877 3741 1082 3796 divina:
1127 3743 1620 3812 conitemplationis.
1674 3743 1738 3798 Et
1787 3753 1915 3799 tunc

326 3832 583 3884 neminem
607 3831 842 3885 viderunt
871 3871 888 3896 ,
921 3832 1020 3886 nisi
1053 3832 1224 3886 solum
1266 3832 1448 3887 Iesum
1478 3850 1495 3891 :
1552 3835 1680 3904 quia
1735 3835 1917 3890 nullus

328 3933 413 3977 est
442 3923 493 3976 in
515 3924 685 3992 gloria
712 3923 806 3978 Dei
831 3924 1042 3990 Patris,
1075 3926 1177 3979 nisi
1202 3924 1626 3981 Dmniuusiesus
1647 3926 1913 3991 Christus,

328 4026 383 4069 et
403 4016 470 4070 ad
491 4016 608 4084 eius
631 4018 1096 4086 comparationem
1119 4004 1301 4070 nullus
1331 4026 1643 4073 sanctorum
1693 4027 1777 4072 est
1820 4019 1916 4073 ali-

327 4108 497 4175 quid;
530 4119 854 4178 cessantque
889 4121 1053 4163 voces
1103 4108 1239 4178 legis
1271 4119 1327 4164 et
1355 4109 1740 4178 prophetarum
1772 4150 1788 4175 ,
1825 4111 1914 4165 ubi

332 4196 492 4250 l’atcr
529 4210 662 4251 voce
687 4198 904 4266 propr-ia
931 4197 1171 4250 declarat
1197 4195 1544 4267 Unigenitmn
1577 4213 1756 4251 suum.

402 4288 663 4356 Sequitur
691 4305 705 4341 :
738 4287 806 4340 Et
841 4288 1268 4342 descendentibus
1309 4287 1417 4341 illis
1439 4289 1504 4341 de
1533 4299 1706 4342 monte
1731 4329 1746 4351 ,
1775 4305 1914 4359 prte-

332 4385 462 4449 repit
506 4381 580 4434 eis
598 4381 775 4447 Iesus,
827 4381 1044 4435 dicens:
1077 4379 1291 4434 Nemini
1341 4380 1581 4433 dixeritis
1629 4382 1915 4447 visionem,

329 4473 494 4525 donec
521 4471 697 4525 Filius
725 4473 950 4526 hominis
973 4489 1005 4525 a
1031 4473 1252 4525 mortuis
1267 4479 1524 4541 resurgat.
1549 4471 1724 4526 Lucas
1738 4481 1916 4528 autem

331 4562 734 4615 observantiam
759 4561 914 4630 huius
938 4562 1192 4630 praecepti
1227 4560 1423 4628 refert,
1459 4562 1645 4616 dicens
1675 4579 1687 4614 :
1725 4560 1791 4615 Et
1818 4563 1920 4632 ipsi

334 4660 610 4703 tacuerunt
636 4642 730 4716 ,Ist
754 4652 948 4704 nemini
992 4651 1236 4705 dixerunt
1281 4653 1335 4706 in
1385 4653 1492 4707 illis
1527 4653 1707 4707 diebus
1755 4654 1918 4723 quid-

333 4756 498 4811 quam
525 4756 592 4794 ea:
623 4739 702 4794 bis
749 4755 867 4811 qua:
918 4741 1152 4795 uiderant
1201 4741 1357 4814 (Luc.
1388 4758 1475 4808 ιιι,
1516 4742 1630 4812 56).
1662 4744 1918 4799 Dominus

2020 1747 2305 1801 venientem
2356 1745 2414 1797 in
2471 1759 2628 1812 regno
2679 1758 2797 1796 suo.
2844 1741 3016 1796 Filius
3069 1741 3305 1797 hominis
3363 1757 3469 1796 non
3504 1741 3606 1796 ab-

2007 1837 2176 1893 surde
2225 1834 2541 1907 intelligitur
2584 1832 2930 1904 evangelicus
2973 1847 3186 1896 sermo,
3225 1833 3353 1902 quia
3399 1831 3605 1886 Media-

2010 1939 2096 1985 tor
2115 1927 2214 1983 Dei
2237 1937 2286 1982 et
2316 1927 2584 1982 honustum
2609 1926 2765 1980 homo
2785 1923 3027 1980 Christus
3039 1924 3202 1979 Iesus
3228 1923 3281 1995 (Ι
3313 1923 3603 1994 Tim.n,5),

2010 2033 2137 2076 eum
2192 2017 2400 2088 genuit,
2429 2017 2532 2071 hoc
2581 2023 2710 2080 est,
2769 2029 2840 2071 ex
2898 2029 2956 2070 se
3003 2013 3249 2084 protulit.
3293 2012 3425 2081 Qui,
3491 2014 3603 2069 sci-

2013 2109 2168 2175 licet,
2203 2122 2382 2162 sermo
2424 2106 2638 2160 videtur
2693 2105 2747 2158 in
2794 2120 2953 2174 regno
3000 2120 3131 2169 suo,
3171 2104 3298 2157 dum
3345 2103 3606 2158 clarusct

2011 2209 2203 2270 potens
2231 2207 2488 2269 apparet,
2519 2207 2579 2252 ut
2600 2207 2661 2252 et
2690 2211 2787 2267 per
2805 2195 3117 2252 claritatem
3153 2195 3419 2249 illuminet
3451 2210 3605 2249 men-

2015 2296 2096 2344 tes
2119 2288 2455 2344 audientium
2475 2327 2490 2354 ,
2514 2296 2570 2341 et
2595 2299 2692 2356 per
2713 2285 3010 2356 potentiam
3035 2284 3251 2340 virtutis
3275 2283 3449 2338 sancti
3481 2282 3606 2353 Spi-

2013 2385 2152 2440 ritus
2175 2399 2270 2439 eas
2289 2384 2609 2439 corroboret
2628 2423 2642 2448 ,
2671 2391 2945 2453 quatenus
2971 2381 3040 2436 ab
3066 2383 3146 2438 eis
3179 2391 3238 2438 et
3272 2381 3605 2454 intelligatur

2011 2483 2068 2530 et
2089 2489 2256 2544 Opere
2277 2474 2633 2544 compleatur.
2696 2472 2808 2528 Nec
2835 2482 3059 2544 gustant
3115 2480 3342 2528 mortem
3369 2511 3384 2539 ,
3431 2474 3606 2528 donec

2012 2579 2138 2619 eum
2160 2565 2325 2620 talem
2363 2565 2614 2629 videant,
2646 2563 2739 2633 qui
2779 2564 3095 2634 priusquam
3125 2564 3319 2620 mortis
3363 2562 3605 2620 debitum

2014 2654 2247 2718 solvant,
2271 2654 2336 2708 ad
2365 2668 2615 2725 magn-am
2637 2652 2754 2722 eius
2771 2654 3146 2724 provehantur
3166 2652 3604 2723 intelligentiam,

2013 2758 2072 2800 et
2098 2759 2292 2816 magna
2321 2754 2446 2801 eum
2475 2745 2677 2800 virtute
2699 2730 2923 2815 operum
2951 2745 3263 2817 adimplent.
3289 2743 3400 2800 Nec
3427 2745 3607 2800 omni-

2019 2842 2122 2897 bus
2145 2841 2365 2897 Christo
2393 2840 2774 2896 assistentibus
2799 2880 2815 2906 ,
2856 2841 2961 2895 hoc
2989 2846 3108 2905 est,
3157 2839 3212 2892 in
3261 2838 3364 2892 lide
3402 2837 3605 2893 Christi

2015 2929 2390 2994 manentibus,
2422 2928 2474 2982 id
2509 2929 2832 2999 promissum
2875 2935 2957 2982 est
2998 2937 3056 2982 et
3094 2928 3298 2991 datum,
3347 2926 3444 2981 sed
3487 2926 3609 2996 qui-

1941 2989 1989 3052 C
2021 3023 2278 3078 busdam.
2313 2989 2448 3077 Huic
2500 2989 2682 3076 autem
2722 3019 3004 3075 sententia:
3047 2989 3339 3074 verborum
3395 2989 3604 3073 Domini

2019 3112 2202 3168 subdit
2237 3111 2569 3183 evangelista
2603 3129 2614 3162 :
2649 3110 2717 3163 Et
2749 3121 2862 3180 post
2889 3109 2999 3163 dies
3021 3125 3145 3175 sex,
3189 3110 3466 3178 assumpsit
3512 3107 3604 3161 Ie-

2015 3219 2108 3258 sus
2172 3199 2420 3264 Petrum,
2471 3210 2521 3254 et
2565 3199 2863 3264 Iacobum,
2924 3208 2972 3253 et
3010 3199 3303 3266 Joannem,
3352 3207 3401 3253 et
3453 3197 3608 3252 duxit

2017 3295 2136 3348 illos
2187 3294 2244 3347 in
2293 3301 2520 3347 montem
2575 3291 3143 3347 excelsum’searsum.
3190 3289 3283 3346 Vel
3329 3309 3342 3344 :
3381 3288 3608 3344 Factum

2017 3395 2090 3439 est
2146 3395 2258 3454 post
2311 3383 2422 3438 huic
2473 3381 2635 3437 verba
2693 3382 2805 3435 dies
2868 3390 2982 3436 octo
3009 3420 3024 3445 ,
3078 3388 3127 3433 e:
3180 3381 3462 3450 assumpsit
3509 3376 3609 3431 Pe-

2023 3486 2198 3540 trum,
2229 3486 2274 3529 et
2299 3473 2592 3537 Joannem,
2630 3483 2679 3528 et
2700 3471 2960 3526 Iacobum
2979 3511 2995 3538 ,
3041 3481 3088 3526 et
3120 3472 3353 3526 ascendit
3384 3473 3440 3526 in
3461 3486 3608 3525 mon-

2017 3575 2153 3631 tem,
2204 3577 2262 3619 ut
2301 3575 2471 3619 oraret
2524 3563 2676 3634 (Luc.
2710 3579 2800 3624 Ix.
2853 3562 2969 3634 28).
3009 3562 3165 3618 Iesus
3214 3577 3375 3630 vero,
3425 3562 3478 3618 id
3527 3575 3609 3618 εει

2017 3655 2269 3710 Salvator
2305 3664 2360 3708 et
2409 3652 2700 3720 salutaris,
2755 3660 2842 3705 est
2889 3666 3070 3708 sermo
3111 3651 3484 3722 evangelicus,
3543 3653 3609 3707 de

2019 3759 2128 3813 quo
2157 3744 2356 3799 dicitur
2381 3760 2394 3796 :
2425 3742 2683 3810 Suscipite
2711 3741 2918 3796 verbum
2968 3742 3183 3796 insitum
3215 3781 3230 3806 ,
3275 3742 3415 3812 quod
3442 3750 3606 3810 potest

2016 3837 2221 3890 salvere
2243 3837 2446 3890 animos
2469 3845 2664 3889 vestras
2684 3833 2892 3905 (Iacob.
2918 3849 2958 3898 ι,
2980 3833 3097 3905 21);
3126 3842 3182 3889 et
3205 3851 3218 3889 :
3252 3832 3444 3887 Notum
3466 3833 3608 3886 vobis

2020 3924 2159 3993 facio
2189 3923 2558 3994 Evangelinm,
2596 3923 2756 3994 ιω
2780 3923 2919 3992 quod
2941 3924 3226 3992 prtedicavi
3248 3925 3393 3978 vobis
3423 3961 3436 3988 ,
3467 3925 3604 3992 quod

2017 4027 2065 4070 et
2089 4015 2383 4084 accepistis,
2406 4017 2459 4069 in
2482 4031 2583 4085 quo
2603 4017 2880 4084 statis;per
2891 4016 3030 4085 quod
3045 4031 3090 4070 et
3112 4015 3390 4070 salvamini
3412 4014 3464 4085 (1
3479 4016 3603 4069 Cor.

2022 4121 2109 4170 xv,
2129 4105 2180 4169 Ι,
2195 4105 2275 4174 2).
2300 4104 2396 4159 llic
2411 4120 2541 4174 ergo
2569 4104 2821 4160 salutaris
2837 4113 2892 4160 et
2915 4104 3154 4160 salvator
3175 4119 3356 4159 sermo
3376 4105 3606 4174 gratiam

2021 4199 2076 4251 in
2102 4211 2160 4251 se
2195 4198 2367 4251 sancti
2393 4197 2626 4265 Spiritus
2668 4196 2954 4252 continens
2976 4236 2992 4262 ,
3026 4197 3307 4266 assumpsit
3349 4194 3563 4250 Petrum
3584 4237 3600 4261 ,

2023 4290 2114 4357 qui
2146 4287 2346 4342 dicitur
2379 4303 2705 4357 agnoscens;
2748 4299 2795 4342 et
2820 4288 3106 4353 Joannem,
3153 4287 3310 4355 cuius
3349 4288 3612 4357 interpre-

2029 4379 2160 4432 tatio
2186 4388 2340 4433 sonat
2363 4418 2380 4444 ,
2405 4380 2459 4432 in
2490 4394 2586 4448 quo
2612 4387 2686 4432 est
2709 4379 2880 4448 gratia
2903 4395 2924 4442 ;
2947 4388 2995 4430 et
3016 4378 3303 4445 Iacobum,
3330 4379 3422 4448 qui
3443 4379 3610 4433 inter-

2022 4482 2269 4541 pretatur
2295 4472 2660 4543 supplantator
2683 4488 2703 4537 ;
2739 4482 2784 4526 et
2803 4473 3082 4541 assumpsit
3109 4486 3202 4526 eos
3214 4481 3326 4542 post
3352 4470 3462 4524 dies
3487 4486 3608 4534 sex,

2025 4564 2110 4618 vel
2139 4573 2278 4618 octo.
2313 4563 2445 4618 Nam
2474 4564 2600 4633 quia
2647 4578 2739 4618 sex
2786 4564 2977 4619 diebus
3027 4574 3191 4634 opera
3242 4564 3426 4617 mlllldi
3482 4571 3609 4616 sunt

2019 4662 2205 4710 creata
2228 4694 2244 4720 ,
2272 4669 2370 4723 per
2389 4671 2483 4708 rex
2509 4654 2619 4707 dies
2648 4656 2904 4708 mundum
2932 4661 2986 4708 et
3019 4668 3183 4723 opera
3211 4653 3328 4721 eius
3358 4653 3610 4723 intelligi-

2024 4761 2185 4812 mus;
2217 4755 2274 4799 et
2301 4746 2428 4814 quia
2468 4755 2593 4800 octo
2625 4745 2713 4800 die
2761 4744 2905 4801 facta
2955 4755 3036 4800 est
3087 4746 3454 4809 resurrectio,
3513 4759 3611 4814 per

334 4848 466 4887 vero
487 4832 1026 4886 visionem‘ostensae
1073 4845 1184 4885 suae
1239 4831 1542 4900 maiestatis
1597 4835 1664 4887 ad
1709 4843 1925 4904 tempus
2019 4848 2138 4891 octo
2161 4837 2271 4890 dies
2297 4836 2474 4908 gratia
2500 4837 2919 4892 resurrectionis
2944 4837 3294 4906 exprimitur.
3346 4836 3451 4903 Qui
3479 4846 3609 4907 ergo

338 4923 504 4977 taceri
529 4921 724 4988 iussit,
757 4933 824 4974 ne
861 4920 905 4974 si
935 4918 1110 4988 palam
1141 4920 1452 4991 vulgaretur
1481 4922 1534 4975 in
1561 4922 1808 4993 populos,
1833 4932 1926 4978 aut
2019 4940 2182 4996 supra
2207 4925 2464 4980 mundum
2492 4926 2862 4993 ascenderint,
2918 4935 2974 4982 ct
3022 4927 3181 4997 huius
3217 4927 3399 4982 saeculi
3445 4941 3609 4995 opera

335 5013 795 5084 dispensationem
823 5012 1091 5082 passionis
1129 5013 1272 5068 illius
1306 5015 1445 5068 idem
1494 5015 1676 5084 populi
1713 5016 1922 5084 princi-

333 5105 496 5174 pibus
527 5104 873 5176 repugnando
911 5103 1256 5174 impedirent,
1278 5115 1334 5159 et
1354 5106 1434 5160 sic
1459 5105 1708 5159 humanae
1731 5106 1920 5160 salutis

335 5195 604 5264 cn‘ectus,
663 5197 754 5266 qni
803 5211 900 5265 per
953 5195 1268 5265 sanguinem
1305 5196 1430 5266 eius
1480 5207 1597 5251 erat
1658 5205 1920 5252 venturus

339 5291 752 5344 retardaretur:
791 5298 886 5344 aut
917 5297 1068 5344 certe
1092 5288 1180 5354 hi,
1215 5284 1333 5358 qui'
1359 5290 1605 5343 eamdem
1651 5288 1918 5343 visionem

339 5384 619 5439 audientes
642 5384 1032 5450 credidissent,
1071 5384 1185 5438 viso
1225 5383 1404 5438 crucis
1433 5383 1724 5453 opprobrio
1760 5397 1920 5438 scan-

337 5472 724 5528 dalizarentur.
759 5475 1128 5545 Opportunius
1162 5485 1342 5531 autem
1377 5474 1640 5545 completa
1668 5476 1918 5544 passione

340 5580 404 5619 ac
431 5568 828 5624 resurrectione
863 5579 921 5626 et
939 5569 1258 5627 ascensione
1281 5570 1398 5641 eius
1424 5570 1476 5624 in
1498 5569 1714 5633 cmlum.
1740 5569 1917 5639 reple-

2023 5019 2479 5084 transeenderint,
2507 5033 2569 5073 ac
2586 5017 2700 5072 fulu
2711 5034 2780 5073 rae
2805 5020 3223 5074 resurrectionis
3247 5019 3607 5074 immortalem

2023 5109 2259 5164 fructum
2290 5112 2428 5164 bona
2457 5110 2790 5165 conscientia
2824 5111 3264 5180 exspectaverint
3285 5151 3298 5175 ,
3331 5111 3384 5164 hi
3421 5118 3608 5180 potuc-

2023 5211 2152 5257 runt
2176 5218 2205 5256 a
2236 5204 2402 5258 verbo
2435 5203 2707 5274 Evangelii
2744 5203 2802 5256 in
2837 5212 3068 5257 montem
3108 5202 3359 5257 sublimis
3411 5199 3608 5255 intelli-

2023 5293 2218 5362 gentiae
2245 5293 2405 5360 duci;
2447 5303 2502 5349 et
2531 5309 2796 5359 seorsum,
2831 5302 2888 5346 ut
2919 5308 2948 5346 a
2988 5294 3220 5348 tumultu
3274 5301 3607 5346 terrenarum

2025 5385 2414 5452 cogitationum
2465 5387 2573 5440 sint
2600 5386 2792 5440 remoti
2821 5425 2835 5450 ,
2876 5385 3056 5455 ibique
3100 5385 3412 5444 claritatem,
3441 5382 3610 5452 ipsius

2024 5477 2189 5533 Verbi
2226 5479 2278 5532 in
2325 5479 2618 5549 gloriosum
2667 5489 2946 5550 aspectum
2988 5479 3359 5535 transformati
3403 5479 3605 5533 videre.

2036 5567 2092 5623 In
2137 5585 2326 5640 quem,
2370 5572 2606 5639 scilicet,
2661 5583 2886 5627 montem
2941 5573 3174 5628 ascendit
3219 5589 3414 5628 orare:
3481 5571 3606 5641 quia
