3940 6046
404 199 506 256 613

1517 201 1820 262 ΠΟΜΙΙΑΙΛΞ
1863 204 1949 258 ΕΤ
1993 203 2590 262 EXllOIlTATIONES.

3566 219 3670 273 Gib

401 317 574 385 ipsum
600 313 784 384 gratia:
825 313 1058 368 Verbum
1085 354 1098 376 ,
1165 315 1291 367 dum
1346 329 1530 369 coram
1577 318 1748 370 oculis
1783 325 1980 370 nostras
2011 325 2055 382 Α
2087 317 2682 388 redditJt‘terigilantes
2707 321 2943 374 vicerunt
2975 333 3448 395 majestatemejus,
3468 335 3664 384 etduos

398 404 597 458 mentis
633 404 684 456 in
726 402 892 456 altum
938 404 1184 458 celsioris
1219 413 1274 458 et
1307 405 1554 460 clarioris
1611 407 1980 478 intelligentia:

397 495 772 566 progreditur,
805 493 1098 564 interpellat
1125 494 1522 566 quodammodo
1541 511 1636 565 pro
1663 497 1829 560 nobis,
1853 511 1984 567 quo-

399 585 543 638 niam
583 582 852 652 spiritales
875 598 973 639 nos
1027 583 1191 649 facit,
1247 591 1304 640 et
1351 585 1460 640 Deo
1497 585 1977 642 commendabiles.

397 676 766 730 Ascendanms
793 691 923 746 ergo
944 691 1065 731 cum
1095 673 1273 730 Verbo
1295 675 1347 729 in
1378 687 1615 730 montem
1645 693 1662 731 ε
1695 687 1754 731 ut
1783 678 1834 731 in
1857 693 1980 747 spc-

399 768 485 822 cie
507 777 562 823 et
595 768 996 838 pulchritudine
1024 783 1118 822 sua
1149 769 1305 825 nobis
1327 779 1582 840 appareat
1601 811 1615 833 ,
1643 777 1695 823 et
1723 785 1982 840 prospere

395 861 652 930 procedat
684 869 737 915 et
773 869 980 930 regnet.
1013 859 1148 914 Nam
1168 859 1321 928 jm’cta
1345 861 1563 922 modum
1590 873 1788 917 nostrae
1820 877 1980 933 capa-

395 953 577 1007 citatis
602 951 836 1007 Verbum
869 952 1044 1022 ipsmn
1079 953 1233 1008 nobis
1266 962 1322 1008 et
1353 953 1616 1008 minuitur
1641 966 1695 1008 et
1738 955 1974 1018 crescit;

395 1051 450 1096 et
477 1041 582 1098 nisi
626 1042 870 1098 celsioris
920 1043 1220 1112 prudentia:
1269 1059 1530 1100 cacumen
1577 1046 1932 1100 ascendamus
1962 1086 1976 1110 ,

395 1147 502 1187 non
569 1133 725 1189 nobis
771 1141 998 1204 apparet
1049 1135 1356 1205 sapientia,
1407 1133 1512 1190 non
1563 1137 1719 1192 nobis
1756 1139 1980 1206 apparet

363 1223 774 1294 'mysteriorum
828 1223 1092 1291 cognitio,
1147 1237 1252 1278 non
1307 1224 1466 1280 nobis
1521 1234 1746 1295 apparet
1775 1233 1976 1294 quanta

393 1313 464 1367 sit
513 1311 719 1382 gloria,
774 1321 1010 1382 quantus
1057 1313 1222 1368 decor
1295 1315 1347 1369 in
1408 1315 1722 1384 evangelica
1775 1315 1974 1380 verbo,

393 1403 486 1458 sed
535 1403 778 1474 quaedam
834 1403 1012 1458 vilitas
1068 1411 1124 1459 et
1178 1405 1661 1476 contemptibit-itas
1715 1407 1872 1462 nobis
1921 1407 1974 1460 in

391 1507 458 1548 eo
515 1494 747 1548 videtur.
811 1491 1246 1565 Trans/iguratus
1295 1506 1370 1550 est
1411 1506 1532 1550 ante
1588 1513 1707 1560 eos,
1773 1497 1974 1566 inquit,

391 1591 438 1636 et
472 1583 612 1653 facta
662 1591 736 1636 est
761 1584 952 1652 species
998 1583 1168 1638 vultus
1207 1585 1322 1654 ejus
1361 1583 1528 1639 altera
1567 1584 1716 1657 (Luc.
1749 1601 1825 1649 Ix,
1855 1585 1971 1656 9.9),

2081 406 2220 459 uiros
2237 407 2327 476 qui
2344 409 2560 462 stabant
2575 423 2697 462 cum
2715 409 2833 473 illo,
2854 411 2980 479 quia
3001 427 3124 466 cum
3155 429 3310 469 mens
3331 415 3542 472 fortiter
3553 419 3665 473 elu-
3761 483 3772 490 ,

2059 504 2230 549 'ctata
2253 508 2522 566 torporem
2553 499 2892 570 negligentiae
2918 511 2971 555 et
2997 517 3243 557 somnum
3267 505 3550 575 imperitia:
3579 525 3667 564 su-

2081 591 2386 658 peraverit,
2421 599 2596 660 potest
2623 590 2808 646 videre
2855 591 3182 674 majegtatem
3229 610 3482 653 sensuum
3516 605 3661 656 sacri

2081 677 2280 748 eloquii
2305 721 2322 746 ,
2362 689 2417 734 et
2465 680 2635 751 legem
2676 695 2740 735 ac
2781 682 3117 750 prophetiam
3145 687 3502 756 persistentes
3540 707 3666 747 cum

2087 771 2256 825 verbo
2285 771 2473 841 gratiae
2501 771 2798 843 Evangelii.
2823 773 2994 828 Aliter
3023 791 3035 826 :
3065 773 3253 830 Petrus
3296 789 3350 833 et
3387 781 3518 835 socii
3549 782 3668 850 ejus

2083 869 2232 913 erant
2255 875 2437 913 somno
2459 863 2682 930 gravati.
2719 860 2923 916 Somno
2945 871 3242 932 gravantur
3281 867 3452 922 sancti
3480 908 3496 935 ,
3535 870 3666 926 dum

2081 950 2148 1003 ab
2170 949 2383 1004 actione
2407 957 2618 1005 terrena
2654 961 2707 1006 et
2743 952 2810 1006 ab
2848 967 3032 1007 amore
3059 955 3432 1025 temporalium
3477 975 3666 1014 rerum

2079 1039 2362 1107 quiescunt
2388 1081 2406 1107 ,
2448 1049 2502 1094 ct
2545 1039 2613 1095 ab
2644 1041 2884 1110 appetitu
2929 1041 3221 1098 visibilium
3255 1046 3452 1101 mentis
3483 1050 3674 1103 oculos

2079 1131 2358 1186 claudunt.
2387 1133 2486 1198 Qui
2513 1131 2716 1187 idcirco
2751 1135 2856 1186 non
2905 1133 3222 1203 simpliciter
3259 1137 3497 1192 dormire
3524 1182 3538 1204 ,
3569 1143 3666 1197 sed

2078 1235 2269 1276 somno
2295 1221 2508 1292 gravari
2532 1223 2814 1290 dicuntur,
2853 1225 2976 1294 quia
3025 1239 3133 1279 non
3165 1227 3282 1280 sine
3321 1231 3560 1297 pondere
3585 1231 3670 1284 la»

2079 1313 2227 1369 boris
2254 1315 2432 1384 agitur
2457 1314 2763 1382 hujusmodi
2793 1313 3082 1370 dormitio.'
3121 1315 3307 1372 Sancti
3352 1321 3497 1373 enim
3527 1321 3664 1386 viri,

2077 1405 2169 1472 qui
2194 1419 2222 1457 a
2254 1405 2436 1458 mundi
2463 1405 2717 1473 operibus
2739 1421 2844 1459 non
2875 1409 3208 1476 torpore‘sed
3231 1408 3429 1465 virtute
3449 1411 3670 1480 sopiun-

2077 1501 2192 1560 tur,
2217 1491 2546 1549 laboriosius
2577 1493 2871 1559 dormiunt,
2896 1509 3059 1563 quam
3083 1496 3308 1567 vigilare
3341 1509 3663 1567 potuerunt;

2077 1585 2200 1654 quia
2243 1585 2296 1639 in
2337 1597 2404 1640 eo
2447 1585 2590 1654 quod
2637 1585 2880 1640 actiones
2927 1586 3084 1655 hujus
3123 1587 3305 1642 saeculi
3352 1590 3670 1646 deserentes

389 1675 520 1743 quia
564 1673 676 1743 ipse
715 1673 807 1728 Dei
847 1687 1028 1730 sermo
1071 1674 1123 1730 in
1168 1675 1326 1756 aliam
1371 1675 1606 1745 speciem
1639 1677 1974 1731 admirandae
2005 1683 2050 1739 Β
2077 1682 2368 1744 superant,
2397 1675 2622 1728 robusto
2667 1673 2916 1729 conﬂicm
2961 1675 3204 1744 quotidie
3253 1691 3441 1732 contra
3466 1692 3666 1735 semet-

389 1765 806 1834 pulchritudinis
831 1765 1250 1822 transformatur
1293 1767 1346 1821 in
1387 1768 1560 1822 oculis
1583 1779 1802 1836 eorum,
1836 1783 1972 1838 quos

389 1855 652 1920 assumit,
694 1856 747 1910 id
782 1865 865 1912 est
892 1857 1049 1912 docet
1075 1875 1088 1910 :
1114 1858 1241 1912 etin
1267 1867 1503 1914 montem
1535 1860 1868 1916 sublimioris
1891 1861 1973 1914 in-

393 1947 704 2016 telligentiae
726 1947 900 2012 ducit,
927 1965 1087 2019 quam
1111 1949 1325 2004 videtur
1345 1950 1425 2005 eis
1448 1991 1463 2016 ,
1509 1965 1645 2020 quos
1679 1951 1734 2007 in
1759 1951 1973 2007 inﬁrmo

361 2047 557 2092 sensu
576 2039 828 2094 deorsum
869 2039 1148 2109 relinquit.
1197 2039 1264 2094 Et
1313 2041 1474 2109 facies
1515 2044 1631 2114 ejus
1655 2083 1672 2110 ,
1722 2045 1856 2098 sicut
1895 2042 1973 2097 sol

393 2129 710 2196 resplenduit
727 2170 746 2193 ,
777 2129 828 2182 id
851 2139 966 2196 est,
1011 2132 1159 2186 nitor
1179 2133 1836 2204 aspectupnlchritudinis
1857 2134 1974 2202 ejus

393 2219 802 2290 incomparabiii
845 2237 908 2275 ac
950 2221 1208 2292 singulari
1252 2221 1500 2278 claritate
1551 2221 1782 2280 refulsit.
1829 2223 1972 2279 Nihil

390 2311 534 2364 enim
558 2320 680 2365 sunt
703 2352 718 2374 ,
741 2311 795 2366 in
820 2312 935 2379 ejus
959 2313 1389 2382 comparatione,
1435 2313 1650 2382 eloquia
1681 2313 1973 2384 singularis

391 2403 668 2456 doctrinm.
703 2401 1018 2458 Vestimenta
1043 2419 1172 2458 vero
1193 2406 1306 2475 ejus
1346 2405 1486 2473 facta
1519 2415 1638 2460 sunt
1676 2405 1796 2460 alba
1837 2407 1970 2460 sicut

391 2493 480 2544 uix
503 2507 520 2546 :
543 2503 598 2548 et
619 2496 827 2548 restitns
849 2494 964 2564 ejus
986 2495 1136 2548 albus
1159 2494 1439 2564 refulgens.
1473 2493 1790 2549 Vestimenta
1815 2494 1972 2550 Chri-

389 2582 490 2646 sti,
519 2584 680 2637 verba
707 2591 834 2638 sunt
859 2584 1283 2653 Scripturarum,
1306 2594 1362 2639 et
1388 2585 1441 2639 in
1462 2585 1632 2640 oculis
1657 2585 1762 2640 alta
1783 2597 1968 2656 peten-

389 2675 522 2729 tium
545 2673 824 2732 albescunt
852 2684 910 2731 ut
935 2677 1050 2740 nix,
1097 2687 1154 2732 et
1201 2676 1467 2748 refulgent
1511 2693 1790 2734 sermones
1829 2679 1968 2733 divi-

385 2779 582 2820 narum
613 2767 924 2822 lectionum.
965 2769 1098 2823 Cum
1138 2778 1317 2824 autem
1369 2774 1462 2824 nix
1513 2769 1803 2834 ceciderit,
1844 2785 1970 2826 aves

387 2857 510 2912 cmli
541 2869 644 2913 non
673 2860 884 2914 habent
911 2861 1000 2915 ubi
1025 2861 1364 2925 inhabitant,
1397 2870 1452 2916 et
1473 2861 1648 2916 laetior
1672 2861 1832 2915 solito
1872 2862 1969 2915 tri-

388 2949 477 3002 tici
501 2957 762 3019 proventu
795 2947 1014 3022 [nomen
1041 2949 1256 3020 aliquod
1293 2950 1654 3010 amittitur,ut
1671 2965 1855 3019 seges,
1887 2949 1968 3004 vel

2077 1762 2224 1832 ipsos
2263 1771 2530 1834 pugnant,
2577 1777 2644 1818 ne
2687 1779 2842 1818 meus
2867 1779 2968 1834 per
2995 1765 3377 1837 negligentiam
3413 1777 3623 1839 torpeat
3649 1813 3664 1836 ,

2075 1863 2130 1909 et
2153 1869 2224 1909 ne
2249 1855 2684 1924 concupiscentia
2717 1856 2895 1910 carnis
2937 1857 3196 1913 adversus
3235 1871 3356 1913 eam
3400 1861 3452 1914 in
3485 1861 3670 1932 aliquo

2075 1943 2396 2012 praavaleat,
2423 1954 2481 1999 et
2509 1957 2576 1999 ne
2597 1945 2701 2014 ipsi
2727 1959 2757 1998 a
2795 1943 2940 2000 bono
2961 1961 3126 2015 opere
3151 1955 3210 2002 et
3229 1962 3261 2002 a
3283 1947 3491 2004 coalesti
3523 1953 3668 2006 desi-

2074 2035 2227 2090 derio
2257 2035 2395 2105 pigri
2447 2037 2600 2090 llaut.
2656 2035 2723 2089 Et
2769 2036 3109 2106 evigilantes,
3157 2038 3326 2110 inquit
3423 2042 3664 2097 uiderunt

2071 2126 2399 2196 majestatem
2423 2128 2571 2198 ejus,
2618 2127 2746 2196 quia
2781 2127 2873 2196 qui
2911 2130 3308 2198 exterioribus,
3351 2143 3410 2186 ut
3460 2135 3664 2189 dictum

2071 2225 2155 2270 est
2180 2256 2195 2282 ,
2223 2217 2568 2272 obdormiunt
2583 2257 2598 2282 ,
2617 2226 2673 2270 et
2696 2217 2748 2270 in
2767 2217 3118 2276 interioribus
3138 2209 3420 2292 evigilant,
3447 2226 3664 2281 interna

2073 2307 2455 2378 mysteriorum
2479 2315 2788 2376 penetrant.
2809 2306 2945 2364 Hinc
2977 2319 3058 2365 est
3080 2313 3222 2382 quod
3258 2328 3452 2384 sponsa
3483 2317 3615 2370 dicit
3646 2333 3662 2368 :

2075 2399 2188 2470 Ego
2217 2400 2420 2453 dormio
2440 2439 2455 2464 ,
2489 2407 2536 2452 et
2562 2413 2654 2452 cor
2685 2413 2861 2453 meum
2889 2399 3068 2471 uigilat
3103 2401 3280 2472 (Cant.
3309 2420 3376 2470 v,
3405 2403 3486 2476 2).
3516 2406 3593 2461 Ac
3617 2410 3662 2462 si

2071 2491 2218 2545 dicat
2247 2507 2261 2542 :
2291 2491 2432 2544 Dum
2463 2489 2764 2543 exteriores
2792 2503 2986 2544 sensus
3012 2491 3080 2546 ab
3111 2491 3274 2562 hujus
3300 2495 3428 2550 vitae
3461 2495 3662 2551 sollici-

2075 2581 2349 2636 tudinibus
2375 2580 2557 2650 sapio,
2591 2589 2818 2635 vacante
2845 2589 3026 2636 mente
3051 2582 3294 2640 vivacius
3324 2586 3534 2640 interna
3565 2603 3658 2642 co-

2071 2685 2296 2743 guOSt'O.
2312 2672 2436 2738 Agit
2458 2671 2601 2725 enim
2627 2671 2750 2725 talis
2773 2672 2956 2725 anima
2977 2681 3038 2726 ut
3059 2671 3218 2741 hujus
3249 2677 3432 2730 mandi
3459 2677 3660 2746 inquie-

2075 2772 2182 2816 tam
2205 2762 2704 2831 concupiscentiam
2737 2775 2766 2814 a
2791 2775 2850 2816 se
2879 2762 3098 2830 penitus
3135 2761 3350 2830 ejiciat,
3401 2775 3456 2820 et
3491 2775 3662 2822 tet-rc-

2071 2869 2264 2908 narum
2329 2853 2716 2923 cogitationum
2775 2853 3060 2923 strepitum
3121 2853 3370 2920 deserat;
3450 2873 3513 2911 ac
3565 2875 3661 2927 per

2071 2945 2268 3014 quietis
2293 2945 2530 3000 studium
2579 2945 2868 3000 virtutibus
2913 2945 3122 2999 intenta
3175 2945 3402 3015 vigilans
3437 2947 3656 3002 dorum.

385 3036 622 3109 annona]
646 3037 924 3093 exuberat.
957 3036 1054 3093 Cui
1081 3037 1156 3093 rei
1201 3039 1366 3093 verba
1411 3035 1813 3108 Scripturarum
1843 3047 1965 3107 apte
1995 3043 2040 3102 C
2069 3035 2254 3105 Neque
2289 3035 2432 3089 enim
2479 3035 2548 3089 ad
2593 3035 3004 3104 contemplanda
3047 3034 3261 3088 interna
3301 3037 3656 3103 perducitur,

385 3138 802 3199 comparantur,
832 3144 952 3200 quae
979 3129 1042 3184 de
1064 3129 1200 3184 catlo
1223 3130 1384 3184 missa
1409 3139 1534 3184 sunt
1561 3131 1616 3182 in
1650 3137 1848 3182 terram
1867 3171 1883 3195 ,
1913 3139 1968 3182 et

379 3217 564 3288 jejuna
593 3229 898 3274 nostrorum
923 3226 1202 3290 pectorum
1230 3235 1358 3274 arva
1405 3219 1832 3274 lecundavernnt
1859 3259 1874 3284 ,
1903 3235 1966 3274 ac

384 3310 668 3380 spiritibus
705 3311 880 3366 aereis
933 3319 1187 3381 tanquam
1231 3311 1421 3366 avibus
1457 3309 1752 3366 immundis
1787 3309 1963 3365 locum

385 3415 490 3454 non
517 3399 870 3470 reliquerunt.

455 3491 712 3560 Sequitur
767 3510 780 3545 :
830 3489 896 3545 Et
962 3507 1078 3546 ecce
1144 3499 1500 3561 apparuerunt
1563 3489 1669 3546 illis
1717 3490 1962 3562 Moyses,

382 3593 428 3635 et
481 3579 629 3635 Elius
674 3597 790 3634 cum
839 3595 898 3634 eo
943 3580 1228 3650 loquentes.
1276 3580 1367 3636 Vel
1399 3601 1410 3634 :
1440 3579 1576 3635 Ecce
1622 3583 1726 3636 duo
1765 3583 1962 3635 virilo-

383 3675 678 3740 quebantur
729 3687 848 3724 cum
893 3669 1004 3724 illo.
1037 3669 1205 3724 Erant
1253 3685 1428 3724 autem
1476 3670 1684 3741 Moyses
1729 3681 1776 3725 et
1814 3671 1964 3725 Elius

383 3762 480 3816 risi
513 3762 565 3814 in
595 3761 888 3830 majestate,
941 3771 988 3815 et
1037 3761 1273 3814 dicebant
1322 3777 1587 3814 excessum
1630 3762 1745 3830 ejus
1771 3802 1785 3826 ,
1813 3779 1964 3831 quem

381 3853 730 3922 completurus
776 3861 888 3906 erat
947 3853 1002 3906 in
1048 3849 1344 3906 Jerusalem
1399 3849 1551 3920 (Luc.
1595 3867 1670 3912 Ix,
1714 3849 1804 3916 50,
1848 3851 1962 3918 5t).

384 3943 592 4013 Moyses
627 3954 673 3996 et
717 3941 865 3996 Elius
905 3953 1258 4011 apparuerunt
1298 3942 1350 3995 in
1375 3952 1547 3995 monte
1569 3958 1687 3995 cum
1715 3943 1960 4010 Domino,

381 4035 644 4105 loquentes
672 4051 786 4089 cum
817 4051 876 4088 eo
902 4075 915 4098 ,
947 4035 1072 4104 quia
1096 4033 1183 4090 lex
1204 4044 1260 4089 et
1285 4035 1564 4104 propheta:
1609 4037 1662 4088 in
1711 4034 1820 4089 alto
1851 4035 1960 4090 cel-

380 4127 540 4181 sioris
565 4125 925 4196 intelligentiae
949 4135 1244 4180 cernuntur
1267 4141 1390 4179 cum
1414 4125 1725 4196 Evangelia,
1748 4141 1810 4182 ac
1833 4141 1962 4181 con-

381 4219 607 4271 cordant
633 4219 686 4272 in
712 4218 868 4272 dictis
897 4217 1011 4272 suis
1040 4231 1162 4271 cum
1200 4231 1285 4271 eo.
1335 4217 1442 4271 Sed
1482 4228 1536 4271 et
1586 4221 1640 4272 in
1685 4219 1962 4290 majestate

379 4325 498 4362 cum
547 4325 605 4362 eo
653 4309 749 4362 risi
797 4319 960 4364 sunt:
995 4311 1119 4378 quia
1149 4307 1479 4376 sapientibus
1507 4319 1560 4362 et
1591 4311 1962 4378 spiritualibus

2069 3126 2170 3178 nisi
2194 3125 2261 3178 ah
2297 3124 2384 3178 his
2414 3139 2534 3193 quas
2559 3125 2800 3178 exterius
2830 3123 3141 3193 implicant,
3171 3125 3415 3179 studiose
3445 3124 3665 3178 subtra-

2067 3216 2246 3270 hatur.
2283 3215 2470 3284 Itaque
2496 3215 2586 3284 qui
2610 3229 2800 3269 somno
2827 3215 3215 3285 gravabantur,
3241 3213 3655 3284 erigilavcruut,

2063 3321 2130 3361 ac
2181 3306 2510 3376 majestatem
2561 3307 2676 3376 ejus
2724 3306 2962 3360 viderunt
2994 3321 3014 3359 :
3071 3305 3199 3375 quia
3250 3307 3340 3376 qui
3389 3307 3458 3361 ab
3501 3307 3658 3378 hujus

2067 3395 2248 3450 mundi
2277 3395 2424 3450 curis
2449 3395 2792 3450 ohdormiant
2817 3435 2832 3460 ,
2865 3403 2920 3450 et
2955 3396 3208 3466 supernis
3249 3397 3440 3452 studiis
3485 3399 3654 3469 evigi-

2065 3485 2219 3551 lant,
2269 3487 2602 3556 majestatem
2649 3487 2792 3541 sacri
2827 3487 3040 3557 eloquii
3095 3475 3564 3559 contemplantur,
3605 3502 3660 3546 et

2065 3575 2339 3645 spiritales
2359 3575 2597 3630 visiones
2621 3576 2912 3646 aspiciunt.
2947 3576 3205 3645 Domine,
3237 3577 3413 3650 inquit
3439 3579 3660 3648 Petrus,

2065 3665 2257 3719 bonum
2283 3675 2490 3719 estnos
2534 3666 2618 3718 hic
2665 3681 2807 3732 esse,
2857 3667 2910 3721 id
2959 3675 3043 3721 est
3093 3668 3148 3721 in
3192 3670 3658 3738 contemplatione

2065 3755 2361 3824 majesmtis
2383 3756 2680 3828 evangelici
2721 3758 2993 3814 sermonis
3035 3759 3350 3826 immorari,
3399 3769 3454 3818 et
3486 3764 3660 3835 legem

2061 3847 2220 3902 simul
2253 3861 2317 3901 ac
2343 3847 2658 3917 prephetias
2681 3849 2734 3902 in
2763 3847 3013 3903 claritate
3035 3850 3298 3918 spiritalis
3341 3853 3654 3926 intelligen-

2063 3939 2152 3994 tiae
2193 3940 2463 3992 contueri.
2517 3937 2723 4006 Quem,
2775 3938 2982 3994 scilicet
3019 3955 3370 4009 sermonem,
3423 3949 3658 4004 vocabat
3709 3979 3734 3992 ου

2062 4030 2338 4084 dominum
2377 4037 2432 4082 et
2471 4039 2895 4099 praeceptorem:
2927 4031 3052 4100 quia
3099 4035 3387 4104 praeceptis
3429 4037 3544 4106 ejus
3585 4053 3649 4092 cx

2061 4121 2325 4176 charitate
2347 4123 2551 4176 servire
2574 4131 2792 4191 paratus
2815 4131 2936 4178 erat
2962 4164 2978 4189 ,
3019 4133 3074 4180 et
3102 4125 3221 4196 ejus
3245 4126 3504 4183 doctrinis
3528 4145 3656 4183 eru-

2061 4213 2164 4266 diri
2203 4213 2435 4267 volebat.
2462 4213 2566 4268 Sed
2589 4213 2642 4266 in
2673 4227 2739 4268 eo
2769 4215 2910 4284 quod
2941 4217 3044 4269 tria
3082 4217 3422 4280 tabernacula
3467 4218 3649 4274 facere

2071 4307 2242 4360 tribus
2268 4306 2548 4375 qumsivit,
2595 4307 2872 4362 nesciebat
2901 4311 3026 4378 quid
3058 4311 3248 4364 diceret
3275 4325 3294 4363 :
3334 4327 3456 4366 cum
3487 4330 3658 4368 unum

377 4399 632 4470 emulgent
667 4415 786 4454 cum
837 4399 928 4454 illo
986 4400 1038 4453 in
1080 4399 1248 4470 gloria
1275 4399 1473 4454 divinae
1516 4399 1878 4465 excellentite,
1907 4409 1964 4453 ct
1997 4387 2043 4444 Ι)
2069 4395 2142 4448 sit
2169 4391 2572 4449 tabernaculum
2596 4395 2905 4467 Evangelii,
2951 4401 3004 4451 in
3033 4413 3140 4467 quo
3167 4399 3248 4453 lex
3293 4410 3348 4453 et
3377 4403 3660 4471 propheue

378 4491 617 4544 dicebant
642 4491 898 4545 excelsum
923 4491 1036 4561 ejus
1062 4532 1077 4558 ,
1137 4505 1290 4559 quem
1335 4491 1686 4558 completurus
1737 4501 1850 4544 erat
1905 4493 1960 4546 in

376 4581 710 4638 Jerusalem:
752 4581 878 4652 quia
925 4583 1408 4651 pronuntiaverunt
1457 4580 1692 4636 futuram
1739 4581 1958 4636 celsitu-

377 4673 555 4726 dinem
585 4671 752 4741 ipsius
775 4671 1070 4742 evangelici
1097 4671 1386 4736 sermonis,
1413 4686 1524 4742 quo
1545 4671 1756 4727 scilicet
1781 4672 1957 4743 digni-

377 4775 488 4822 tate
508 4775 562 4821 et
591 4766 826 4836 potentia
851 4765 990 4819 foret
1011 4779 1333 4820 excessurus
1362 4763 1540 4820 omnia
1569 4767 1622 4818 in
1649 4765 1782 4819 urbe
1806 4765 1957 4834 pacis

374 4863 590 4908 aeterna:
613 4893 628 4920 ,
659 4847 723 4909 ac
753 4869 1040 4909 mansurus
1063 4854 1266 4923 absque
1287 4853 1414 4908 line.
1443 4853 1578 4909 llinc
1599 4865 1651 4908 et
1669 4853 1956 4910 Psalmista

377 4944 570 5000 cecinit
599 4961 613 4998 :
648 4943 716 4997 In
742 4953 991 4998 teternum
1019 4983 1035 5009 ,
1067 4941 1308 5008 Domine,
1337 4943 1544 4997 verbum
1574 4951 1720 4995 tuum
1747 4957 1957 5013 perma-

375 5045 458 5088 net
520 5035 576 5087 in
618 5033 745 5088 caelo
787 5031 959 5104 (Psal.
997 5049 1164 5089 cxvm
1193 5075 1206 5099 ,
1260 5033 1371 5104 89).
1431 5032 1692 5087 Dominus
1739 5047 1957 5103 quoque

376 5125 510 5180 dixit
536 5143 550 5179 :
583 5124 780 5178 Cailum
806 5135 854 5178 et
885 5134 1023 5179 terra
1054 5126 1404 5189 transibunt,
1433 5125 1584 5180 verba
1623 5134 1798 5179 autent
1841 5141 1958 5179 mea

377 5231 478 5271 non
504 5215 798 5270 transibunt
831 5215 980 5286 (Luc.
1013 5232 1138 5280 nt,
1169 5216 1281 5286 33).

449 5307 638 5361 Petrus
650 5323 768 5362 vero
780 5317 825 5360 et
838 5308 924 5376 qui
939 5323 1054 5362 cum
1075 5307 1166 5360 illo
1185 5317 1354 5374 erant,
1367 5308 1572 5376 gravati
1587 5317 1732 5361 erant
1755 5325 1954 5364 somno:

375 5400 499 5470 quia
513 5415 700 5466 corpus
714 5400 850 5469 quod
865 5400 1212 5468 corrumpitur
1235 5409 1482 5468 aggravet
1507 5401 1736 5452 animam
1762 5413 1780 5451 :
1805 5412 1851 5454 et
1865 5403 1956 5455 de-

373 5491 550 5560 primit
605 5501 806 5544 terrena
839 5489 1148 5544 inhabitatio
1182 5505 1392 5544 sensum
1434 5487 1598 5542 multa
1642 5491 1950 5558 cogitantem

375 5575 532 5648 (δερ.
551 5577 756 5650 ιι,15),
771 5593 834 5634 ac
849 5577 992 5633 velut
1005 5593 1196 5633 somno
1216 5577 1448 5648 quodam
1475 5579 1720 5648 corporis
1741 5579 1950 5648 pigrum

2067 4497 2370 4541 morantur.
2405 4485 2536 4540 Nam
2565 4497 2618 4541 et
2645 4501 2815 4556 usque
2858 4503 3001 4543 nunc
3055 4490 3338 4561 imperitia:
3388 4501 3656 4558 notatur,

2062 4577 2310 4647 quisquis
2343 4577 2620 4647 evangelio
2639 4587 2694 4630 ct
2717 4577 2818 4649 legi
2851 4591 2915 4633 ac
2941 4581 3219 4649 prophetis
3261 4582 3365 4637 tria
3402 4585 3650 4637 taberna-

2062 4669 2182 4723 cula
2214 4669 2391 4724 facere
2410 4671 2594 4739 cupit;
2639 4685 2760 4725 cum
2803 4671 2919 4726 haec
2961 4674 3028 4728 ab
3071 4672 3302 4728 invicem
3347 4675 3658 4731 nullatenus-

2068 4760 2285 4813 valcant
2313 4761 2581 4830 separari,
2615 4776 2778 4814 unum
2809 4760 3064 4817 habentia
3109 4763 3514 4819 tabernaculum
3538 4806 3552 4830 ,
3597 4765 3652 4819 id

2061 4861 2146 4904 eat
2177 4849 2474 4904 Ecclesium
2505 4849 2620 4905 Dei.
3299 4901 3304 4906 .

2139 4937 2436 5009 Sequitur:
2462 4941 2647 4994 Adhuc
2685 4958 2744 4996 eo
2773 4941 3014 5013 loquente
3039 4982 3053 5006 ,
3104 4959 3220 4996 ecce
3263 4943 3424 4998 nubes
3471 4943 3656 4998 lucida

2070 5032 2395 5086 obumbravit
2427 5049 2534 5087 eos.
2565 5031 2632 5087 Et
2667 5051 2782 5088 ecce
2824 5051 2926 5089 vos:
2985 5037 3048 5090 de
3092 5035 3249 5100 nube,
3292 5037 3468 5090 dicens
3490 5051 3510 5090 :
3546 5035 3648 5090 llic

2074 5137 2148 5181 est
2207 5123 2382 5181 Filius
2429 5144 2575 5182 meus
2641 5129 2897 5194 dilectus,
2953 5129 3007 5181 in
3035 5143 3136 5199 quo
3168 5129 3296 5182 mihi
3342 5129 3466 5182 bene
3503 5145 3648 5182 com-

2066 5219 2288 5290 placui,
2344 5221 2512 5290 ipsum
2572 5223 2769 5276 audite.
2829 5223 2964 5290 Quia
3031 5221 3398 5292 imprudenter
3441 5221 3650 5286 tribus,

2057 5311 2210 5380 quasi
2273 5311 2496 5380 paribus
2556 5327 2620 5366 ac
2651 5312 2868 5379 divisis,
2910 5311 3014 5367 tria
3063 5311 3400 5366 tabernacula
3451 5309 3648 5366 odere-

2059 5401 2182 5466 bat,
2216 5402 2364 5456 venit
2395 5403 2551 5456 nubes
2574 5404 2777 5468 lucida,
2825 5405 2876 5458 id
2906 5415 2989 5458 est
3027 5404 3406 5475 mysteriorum
3439 5403 3646 5457 inconi-

2059 5493 2495 5562 prehensiliilitas
2518 5507 2638 5562 qua:
2665 5503 2718 5548 et
2757 5491 3004 5562 splendet
3053 5503 3108 5548 ct
3151 5493 3470 5558 olnnuhrat,
3517 5493 3646 5563 quia

2058 5595 2111 5639 ct
2157 5593 2389 5640 mentem
2441 5585 2702 5640 illuminat
2731 5586 3044 5643 ostensione
3090 5587 3429 5654 divinorum,
3481 5597 3534 5642 ct
3575 5601 3647 5640 cx-
