3940 6046
319 170 424 228 615

684 173 742 227 5.
781 166 1079 228 ANSELMI
1118 170 1468 228 CANTUAR.
1511 167 1831 225 ARCHIEP.
1884 165 2038 225 OPP.
2076 165 2258 223 PARS
2294 165 2358 222 ll.
2388 194 2462 208 —
2493 164 2867 241 PARENET.
2910 167 2997 223 ET
3027 168 3265 227 ASCET.

3482 171 3586 227 διδ

323 295 437 342 ιοιο
468 285 624 341 Dent“
672 301 776 342 non
822 284 1172 349 manifestat;
1224 283 1318 338 sed
1356 282 1424 338 de
1463 297 1529 339 eo
1575 283 1728 353 plura
1776 281 1907 354 tegit
1934 280 2175 341 Asolum
2217 278 2425 345 Iesum,
2475 279 2530 334 id
2572 288 2659 335 est
2693 279 2900 336 Novum
2930 280 3360 339 Testamentum.
3395 286 3587 342 Ablata

320 395 483 450 quam
514 378 732 434 revelat.
771 376 956 440 Venit,
989 376 1209 444 inquam
1229 413 1245 441 ,
1298 372 1605 442 huiusmodi
1633 373 1795 429 nubes
1823 372 1904 427 lu-

322 471 444 524 cida
472 510 490 535 ,
512 462 564 523 'et
589 466 907 521 obumbravit
944 473 1155 519 mentes
1177 478 1365 519 eorum
1389 464 1618 537 obscura
1642 464 1761 519 luce
1782 479 1903 520 sua.

317 548 382 616 in
404 575 562 631 quam
591 559 854 612 intrantes
880 556 1214 622 timuerunt,
1245 564 1465 626 promer
1497 555 1904 625 incomprehen-

322 652 498 709 sibilia
529 642 622 705 Dei
647 644 882 717 iudicia,
921 656 978 703 et
1002 654 1222 717 propter
1249 655 1482 713 caetera,
1524 661 1647 717 qua:
1669 647 1721 703 in
1757 646 1906 702 Scri-

322 742 495 814 ptnris
546 747 725 795 mente
774 737 1135 806 nequiverunt
1181 736 1664 806 comprehendere.
1733 735 1801 789 Et
1839 735 1907 792 de

325 842 473 887 tanta
499 829 882 902 mysteriorum
925 826 1576 898 incomprehensibilitate
1617 826 1764 881 venit
1809 842 1908 881 vos:

326 924 418 978 Dei
441 921 671 979 dicentis
693 921 757 976 de
780 933 1031 976 sermone
1079 918 1359 995 Evangelii
1383 919 1509 988 quia
1528 915 1611 973 hic
1633 927 1709 974 est
1730 914 1907 973 Filius

323 1016 465 1069 nisus
509 1012 763 1077 dilectus,
806 1012 859 1065 in
905 1026 1006 1081 quo
1067 1009 1197 1063 mihi
1243 1009 1368 1064 bene
1415 1006 1726 1079 complacui.
1776 1006 1908 1064 Pto-

320 1104 484 1159 cessit
508 1102 650 1158 enim
673 1118 739 1157 ex
764 1101 874 1161 Deo
899 1140 916 1167 .
968 1108 1024 1155 et
1046 1115 1142 1172 per
1163 1101 1332 1156 Deum
1358 1100 1701 1156 incarnatum
1743 1098 1904 1155 datus

320 1204 403 1250 est
443 1195 583 1249 idem
626 1193 817 1264 gratia:
856 1207 1070 1258 sermo;
1143 1204 1469 1261 omnemque
1523 1189 1909 1261 perfectionem

318 1284 571 1355 iustitiae,
596 1299 758 1353 quam
792 1281 1045 1337 mortales
1084 1295 1281 1350 capere
1321 1288 1591 1351 possunt,
1638 1278 1902 1345 continet;

321 1388 377 1433 et
396 1392 556 1434 omne
586 1376 680 1431 Dei
702 1374 1096 1446 beneplacitum
1120 1373 1381 1430 declarat.
1434 1372 1664 1444 Propter
1687 1371 1831 1441 quod
1854 1378 1911 1428 et

319 1469 389 1525 de
424 1483 488 1524 eo
510 1467 667 1532 dicit,
709 1468 765 1521 in
801 1482 904 1538 quo
944 1465 1073 1519 mihi
1121 1463 1246 1519 bene
1292 1461 1603 1532 complacui.
1662 1461 1817 1518 Unde
1857 1468 1913 1516 et

320 1557 613 1628 Apostolus
654 1557 731 1611 ait
768 1574 782 1610 :
845 1554 1159 1625 Reprobatio
1199 1553 1407 1624 quidem
1446 1553 1506 1621 ﬁt
1566 1550 1909 1623 praecedentis

2006 370 2153 426 enim
2201 369 2364 436 nube,
2405 376 2462 425 et
2492 369 2944 426 evanescentibus
2972 370 3155 442 Moyse
3179 383 3235 429 et
3264 374 3401 440 Elia,
3434 375 3590 433 Clu-io

2006 470 2122 517 stus
2177 460 2327 517 solus
2373 461 2648 528 cernitur;
2717 461 2844 531 quia
2901 461 3038 531 legis
3090 472 3146 519 et
3202 466 3589 536 prophetarum

2006 550 2196 607 umbra
2227 550 2561 617 discedente,
2603 567 2790 607 verum
2820 551 3026 619 lumen,
3057 564 3389 611 coruscante
3413 558 3589 628 gratia

2009 642 2311 713 Evangelii,
2367 642 2633 713 splendet.
2689 643 2793 700 Ubi
2844 645 2988 700 enim
3037 644 3171 717 legis
3206 656 3263 703 et
3291 650 3590 721 prophetiae

2006 731 2197 787 umbra
2225 733 2452 797 recedit,
2480 748 2601 803 qua:
2630 747 2731 789 suo
2757 733 3021 790 velamine
3049 745 3262 793 mentes
3291 706 3588 799 hominum
3614 706 3633 860 ί

2011 822 2226 860 Inter)th
2305 833 2537 860 “annum
2587 824 2856 860 νοηονίιηι-
2893 826 2944 860 in
2976 825 3262 860 Εὐοηηοιιη
3313 827 3445 860 Νη...
3468 847 3585 860 ιη...

2011 822 2251 894 tegebat,
2305 833 2537 893 utraque
2587 824 2856 894 reperitur
2892 826 2945 880 in
2974 825 3281 897 Evangelio.
3313 827 3446 886 Nam
3467 847 3587 888 cum

2012 921 2120 967 tres
2160 921 2365 980 essent,
2413 929 2554 969 unus
2593 922 2679 969 est
2708 913 2904 970 factus.
2936 914 3072 971 Tres
3110 916 3163 971 in
3195 918 3460 990 principio
3486 921 3589 978 visi

2013 944 2120 967 ιιυδ
2160 944 2365 980 caecus,
2413 944 2554 969 uuua
2593 944 2679 969 cas
2708 944 2904 970 ηιυιυο.
2946 944 3072 971 “ca
3110 944 3163 971 Ill
3195 944 3460 990 pﬂllClplu
3487 944 3589 978 VISI

2008 1011 2157 1069 sunt,
2191 1018 2333 1057 unus
2354 1001 2407 1058 in
2441 1002 2567 1060 fine.
2598 1002 2734 1071 Quia
2769 1002 2876 1067 lex.
2917 1013 2972 1059 et
3000 1005 3310 1085 prophetia,
3335 1018 3392 1063 et
3414 944 3618 1083 Evan-i

2008 1090 2234 1166 gelium,
2289 1094 2508 1166 quando
2554 1093 2849 1150 secundum
2899 1094 3094 1151 litterae
3137 1097 3479 1168 superﬁciem
3507 1110 3589 1155 at-

2012 1186 2323 1250 tenduntur,
2356 1193 2468 1241 tres
2515 1185 2815 1241 videntur:
2859 1178 3079 1257 quando
3126 1190 3423 1246 secundum
3454 1191 3590 1246 inte-

2012 1281 2209 1337 riorem
2233 1293 2453 1336 sensum
2472 1279 2852 1350 inspiciuntur,
2880 1295 3021 1335 unus
3044 1291 3289 1352 apparet.
3317 1281 3430 1337 Lex
3443 1282 3588 1337 enim

2011 1378 2067 1426 et
2108 1368 2425 1440 prophetiae,
2480 1367 2637 1437 iuxta
2693 1367 2994 1439 spiritalem
3048 1368 3397 1436 intellectum,
3456 1374 3592 1429 nihil

2012 1457 2158 1514 aliud
2192 1465 2322 1512 sunt
2355 1471 2516 1528 quam
2555 1457 2801 1513 doctrina
2839 1456 3171 1528 evangelica.
3203 1457 3341 1515 Hinc
3377 1458 3492 1530 ian:
3522 1463 3591 1518 de

2012 1558 2199 1606 monte
2237 1547 2711 1616 descendentibus,
2768 1548 2822 1604 id
2845 1556 2932 1604 est
2978 1550 3045 1606 de
3093 1550 3375 1607 altitudine
3423 1554 3593 1609 subli-

321 1644 558 1707 mandnti
598 1657 810 1718 propter
871 1645 1233 1715 inﬁrmitatem
1272 1644 1387 1715 ejus
1443 1657 1492 1719 et
1539 1645 1908 1712 inutilitatem;
1938 1647 1985 1708 Β
2011 1640 2200 1697 mioris
2224 1639 2601 1712 intelligentia:
2628 1648 2683 1695 et
2710 1639 3181 1711 contemplationis
3204 1641 3273 1719 ad
3303 1642 3409 1697 ima
3441 1657 3591 1699 com-

320 1740 452 1795 nihil
488 1742 627 1795 enim
673 1740 741 1795 ad
803 1739 1093 1810 perfectum
1135 1736 1360 1792 adduxit
1402 1737 1487 1792 lea:
1526 1750 1546 1790 :
1588 1737 1908 1792 introductio

320 1846 439 1885 vero
479 1832 537 1900 fit
572 1830 801 1893 melioris
825 1830 963 1899 spei,
979 1847 1071 1899 per
1095 1848 1254 1901 quam
1274 1831 1632 1900 proximamus
1652 1830 1721 1885 ad
1744 1829 1911 1885 Deum

322 1905 515 1987 (Hebr.
556 1936 664 1983 vn,
714 1920 946 1992 13,19).
1002 1921 1068 1976 Et
1117 1922 1246 1979 item
1281 1939 1295 1976 ς
1334 1920 1541 1976 Namss'
1585 1920 1718 1975 illud
1760 1922 1911 1992 prius

322 2010 477 2081 culpa
522 2013 681 2083 167
722 2002 987 2080 vacasset,
1042 2028 1148 2071 non
1182 2013 1359 2083 utique
1393 2012 1610 2069 secundi
1646 2012 1794 2068 locus
1826 2012 1912 2069 in-

321 2103 618 2171 quireretur
652 2102 671 2174 (
700 2099 861 2157 Hebr.
920 2117 1049 2168 vm,
1091 2103 1183 2175 7).
1229 2102 1293 2158 Et
1343 2102 1465 2159 ideo
1504 2100 1909 2165 Testamentum

324 2188 525 2257 Vetus,
586 2193 730 2262 quod
782 2193 968 2249 datum
1019 2202 1102 2249 est
1146 2208 1243 2263 per
1292 2208 1549 2261 servum,
1610 2194 1810 2250 retinet
1855 2193 1910 2249 in

323 2298 382 2339 se
409 2282 668 2349 vilitatem
703 2285 1014 2350 servitutis;
1066 2284 1281 2342 Novum
1328 2299 1482 2352 vero,
1527 2286 1675 2355 quod
1726 2285 1910 2341 datum

324 2384 406 2430 est
455 2392 552 2445 per
601 2375 827 2443 Filium,
890 2377 1137 2447 possidet
1186 2378 1449 2432 honorem
1496 2377 1795 2442 filiationis,
1845 2376 1912 2433 de

326 2485 434 2537 quo
463 2468 663 2524 dicitur
693 2487 706 2521 :
740 2467 846 2522 Hic
896 2478 972 2523 est
1019 2466 1190 2523 Filius
1233 2484 1377 2523 meus
1413 2467 1668 2534 dilectus;
1725 2476 1780 2523 et
1817 2468 1912 2525 ad-

324 2560 471 2614 ditur
532 2559 601 2614 de
663 2574 760 2625 eo,
816 2560 986 2627 ipsum
1036 2558 1263 2613 audite:
1318 2559 1443 2628 quia
1507 2557 1765 2627 quidquid
1823 2558 1911 2613 le:

323 2642 548 2716 iustitiae
592 2656 649 2700 et
691 2645 971 2717 propheta:
1024 2644 1495 2716 promulgaverqu
1550 2647 1604 2702 in
1647 2661 1712 2717 eo
1741 2646 1914 2702 conti-

330 2749 512 2801 netur,
552 2744 610 2791 et
668 2736 836 2809 multo
876 2736 1130 2805 amplius.
1174 2738 1266 2793 Ait
1316 2736 1459 2792 enim
1496 2735 1758 2793 Dominus
1788 2737 1858 2793 ibi
1892 2754 1906 2790 :

332 2826 527 2881 Omnia
570 2842 892 2898 quacunque
924 2827 1077 2882 vultis
1112 2835 1167 2879 ut
1198 2826 1395 2895 faciant
1422 2827 1560 2881 vobis
1587 2826 1837 2891 homines,
1861 2836 1910 2883 et

327 2933 417 2971 vos
441 2917 600 2986 facite
628 2917 770 2983 illis;
805 2918 917 2989 ha'c
955 2929 1028 2972 est
1068 2919 1202 2972 enim
1230 2916 1314 2971 lex
1339 2926 1386 2972 et
1407 2917 1668 2987 prophetae
1691 2916 1904 2987 (Matth.

2014 1729 2194 1786 munis
2223 1729 2653 1786 conversationis
2683 1728 3052 1795 redeuntibus,
3085 1731 3393 1801 praecipitur
3428 1733 3593 1788 visio-

2012 1836 2139 1878 nem
2172 1822 2314 1878 hanc
2358 1819 2489 1876 nulli
2542 1820 2745 1887 dicere,
2780 1819 2888 1875 nisi
2917 1830 3047 1892 post
3086 1820 3298 1877 Domini
3348 1838 3592 1879 resurre-

2012 1911 2276 1968 ctionem.
2306 1908 2519 1966 Nemini
2545 1908 2689 1964 enim
2741 1909 3012 1964 narmda
3054 1919 3139 1984 est
3185 1910 3405 1967 claritas
3450 1912 3589 1968 sacri

2011 2004 2231 2077 eloquii,
2264 2018 2385 2074 qua:
2403 2002 2739 2075 sapientibus
2767 2001 2823 2057 in
2852 2000 2961 2058 alto
2990 2000 3093 2059 hoc
3121 2002 3592 2073 contemplationis

2004 2094 2119 2168 iam
2140 2103 2357 2151 ostensa
2378 2102 2492 2161 est,
2537 2092 2639 2148 nisi
2670 2093 2760 2164 qui
2793 2092 3066 2148 Christum
3096 2092 3457 2150 resurrexi.se
3476 2094 3591 2163 iam

2012 2182 2262 2250 credidit,
2294 2182 2420 2255 quia
2448 2198 2551 2239 nec
2576 2182 2693 2253 ipse
2736 2182 2841 2238 nisi
2879 2192 3002 2252 post
3036 2182 3452 2237 resurrectionis
3480 2189 3629 2239 suae‘

2013 2272 2346 2343 triumphum
2387 2272 2688 2342 discipulis,
2735 2281 2796 2326 ut
2843 2271 3159 2341 Scripturas
3205 2272 3589 2343 intelligerent,

2012 2382 2230 2422 sensum
2280 2368 2518 2437 aperuit.
2559 2360 2715 2422 Unde
2751 2374 2806 2422 et
2838 2367 3127 2437 Apostolus
3170 2367 3310 2422 hanc
3334 2366 3592 2438 speciosae

2012 2458 2281 2514 claritatis
2329 2456 2583 2530 gloriam,
2615 2473 2727 2531 qua
2758 2459 2974 2515 divinus
3022 2474 3204 2515 sermo
3250 2459 3485 2539 interius
3504 2475 3591 2516 rea

2014 2549 2203 2620 fulget,
2241 2550 2568 2619 quibusdam
2606 2550 2840 2617 celabat,
2882 2550 3069 2607 dicens
3101 2568 3114 2604 :
3158 2550 3309 2606 Nihil
3343 2567 3424 2606 me
3442 2550 3600 2620 judi-V

2018 2641 2133 2694 cavi
2167 2640 2301 2695 scire
2337 2642 2474 2695 inter
2508 2656 2618 2707 vos,
2658 2641 2763 2696 nisi
2788 2641 2993 2707 Jesum,
3022 2650 3071 2696 et
3106 2643 3243 2697 hunc
3277 2642 3592 2711 cruciﬁxum

2017 2729 2035 2800 (
2070 2729 2096 2783 l
2130 2729 2256 2784 Cor.
2287 2747 2348 2796 ιι,
2376 2729 2454 2800 2).
2493 2730 2630 2786 Aliis
2666 2745 2796 2786 vero
2837 2730 2951 2801 iam
2984 2730 3255 2802 provectis
3294 2731 3590 2802 aperiebat,

2016 2822 2087 2877 de
2103 2822 2398 2891 quibusait
2421 2840 2432 2875 :
2456 2822 2779 2892 Sapientiam
2811 2835 2985 2877 aufem
3016 2822 3279 2893 loquimur
3305 2822 3440 2878 inter
3470 2839 3594 2893 per-

2018 2909 2180 2977 ferto;
2218 2909 2407 2978 (ibid.,
2456 2909 2549 2981 6).
2599 2908 2894 2967 Minoribus
2945 2911 3087 2968 enim
3131 2912 3340 2967 minora
3398 2913 3595 2982 praedi-

323 3023 422 3075 vn,
480 3008 585 3081 i2).
638 3009 708 3065 Et
763 3010 829 3066 de
856 3007 1085 3080 'maiore
1128 3009 1339 3080 iustitia
1379 3025 1496 3079 quae
1539 3019 1624 3065 est
1660 3010 1712 3064 in
1738 3009 1907 3076 Novo,

2025 3002 2139 3056 cari
2193 3002 2412 3068 debent,
2468 3011 2525 3059 et
2571 3002 2865 3073 majoribus
2913 3004 3168 3074 majora:
3223 3005 3594 3075 unusquisque

326 3118 488 3172 quam
520 3103 574 3157 in
604 3094 785 3159 Veteri
817 3119 831 3156 :
866 3103 1124 3168 Audistis,
1166 3103 1360 3172 inquit,
1409 3102 1535 3172 quia
1588 3103 1786 3157 dictum
1833 3111 1908 3157 est

325 3193 596 3263 antiquis:
639 3191 767 3248 Non
833 3193 1155 3263 pet'jtu'abis,
1218 3193 1400 3248 reddes
1460 3204 1634 3247 autem
1689 3192 1912 3247 Domino

319 3282 638 3351 juramenta
690 3268 802 3336 tua.
854 3282 969 3351 Ego
1016 3291 1193 3337 autem
1242 3282 1358 3337 dico
1401 3281 1561 3347 vobis,
1601 3298 1704 3337 non
1724 3282 1913 3351 jurare

326 3372 544 3431 omnino
568 3371 789 3443 (Matth.
813 3388 866 3439 v,
887 3372 1002 3442 33).
1027 3372 1268 3442 Itemque
1285 3387 1299 3426 :
1317 3374 1550 3427 Audistis
1570 3374 1693 3441 quia
1714 3372 1911 3425 dictant

325 3472 402 3516 est
427 3476 445 3513 :
472 3462 674 3531 Diliges
705 3463 935 3517 amicum
962 3471 1135 3528 tuum,
1168 3471 1219 3516 et
1262 3461 1380 3515 odio
1408 3461 1619 3516 habebis
1642 3460 1912 3514 inimicum

330 3565 500 3608 tuum.
560 3553 671 3631 Ego
742 3563 917 3621 autem
979 3554 1096 3607 dico
1149 3554 1292 3609 nobis
1330 3570 1350 3608 ε
1400 3553 1611 3624 Diligite
1672 3553 1912 3609 inimicos

327 3654 544 3710 vestros,
582 3642 867 3712 Denefacite
897 3643 978 3699 his
999 3643 1089 3713 qui
1116 3643 1336 3697 oderunt
1357 3643 1677 3713 eos(ibid.v.
1701 3641 1907 3714 45,44),

326 3746 382 3790 et
413 3734 518 3789 alia
550 3734 716 3789 multa
763 3734 1093 3805 huiusmodi.
1125 3734 1264 3802 Quia
1307 3748 1437 3806 ergo
1481 3732 1689 3790 Novum
1721 3732 1911 3791 Testa-

331 3836 571 3882 mentum
599 3827 842 3883 continet
869 3827 1054 3882 omnia
1083 3840 1204 3896 quae
1228 3826 1393 3893 Vetus
1415 3824 1677 3897 iusserat,
1716 3835 1772 3882 et
1801 3826 1907 3882 alia

329 3917 493 3972 multa
520 3916 699 3972 adhuc
736 3916 1067 3983 sacratiora;
1110 3925 1166 3972 et
1195 3917 1316 3972 ideo
1342 3917 1516 3972 solum
1541 3916 1907 3985 novumiube-

331 4020 453 4060 mur
476 4006 687 4070 audire,
725 4006 778 4061 id
808 4016 894 4061 est
919 4006 1207 4076 praeceptis
1241 4004 1356 4074 eius
1382 4006 1624 4060 obedire.

399 4094 659 4163 Sequitur
693 4113 706 4148 :
742 4093 808 4148 Et
844 4095 1116 4149 audientes
1136 4096 1382 4167 discipuli
1413 4095 1707 4150 ceciderunt
1731 4097 1788 4150 in
1822 4096 1908 4165 fa-

326 4188 456 4241 ciem
480 4203 654 4251 suam,
703 4195 750 4239 et
780 4186 1065 4240 timuerunt
1106 4186 1271 4253 valde.
1323 4184 1460 4254 Quia
1505 4186 1756 4241 videlicet
1786 4201 1899 4254 nos,

327 4276 512 4329 audita
569 4271 737 4330 divini
785 4274 1056 4329 sermonis
1101 4272 1447 4339 excellentia,
1494 4289 1615 4344 quae
1662 4275 1716 4329 in
1755 4273 1907 4331 Novo

328 4364 678 4420 Testamento
704 4374 818 4430 est,
845 4366 1090 4421 cadimus
1139 4366 1193 4420 in
1214 4364 1425 4436 faciem,
1462 4338 1627 4421 id—est
1651 4367 1905 4424 humilia-
1935 4338 1985 4398 θ

327 4473 473 4520 mur,
510 4468 566 4511 et
609 4455 981 4512 erubescimus
1018 4456 1159 4525 quod
1207 4470 1312 4510 non
1359 4464 1418 4510 ut
1446 4458 1626 4512 decuit
1654 4471 1777 4512 eum
1811 4459 1909 4514 ho-

328 4546 644 4600 neravimus
682 4547 982 4601 obediendo
1028 4546 1104 4600 illi
1158 4555 1470 4602 reverenter
1527 4548 1580 4601 in
1632 4548 1906 4613 omnibus,

329 4639 557 4708 ideoque
585 4639 744 4693 nimis
795 4639 1051 4693 timemus
1110 4654 1177 4693 ne
1224 4640 1293 4694 ob
1339 4640 1391 4694 id
1448 4641 1789 4697 damnemur.
1840 4641 1907 4695 Et

329 4728 545 4781 accessit
574 4726 759 4792 Jesus,
790 4737 837 4781 et
876 4729 1040 4798 tetigit
1099 4745 1209 4793 eos,
1251 4731 1487 4800 dixitque
1528 4729 1603 4786 eis
1627 4746 1645 4785 :
1672 4729 1905 4803 Surgite,

330 4818 489 4874 nolite
512 4821 713 4874 timere.
741 4819 877 4888 Quia
918 4820 1174 4876 nimirum
1205 4823 1319 4891 ipse
1353 4836 1530 4877 sermo
1556 4824 1906 4893 evangelicus

330 4911 487 4967 nobis
532 4926 630 4982 per
672 4912 1037 4983 cognitionem
1080 4913 1251 4967 nostri
1286 4898 1479 4967 reatus
1507 4913 1559 4967 in
1585 4914 1903 4982 ptenitentia

323 5001 636 5070 iacentibus
667 5003 727 5057 lit
761 5003 1163 5071 quodammodo
1200 5003 1574 5072 propinquior,
1618 5017 1684 5056 ac
1736 5002 1906 5071 tangit

332 5108 432 5148 nos
464 5108 625 5147 manu
653 5093 1044 5148 sententiarum
1068 5106 1312 5157 suarum,
1340 5100 1394 5145 et
1425 5092 1491 5145 ad
1521 5093 1658 5146 bene
1685 5106 1908 5161 operan-

330 5187 457 5240 dnm
488 5201 709 5255 surgere
733 5187 1008 5260 praecipit,
1043 5199 1106 5240 ac
1134 5185 1202 5239 de
1225 5195 1424 5255 eastern
1461 5184 1707 5238 timorem
1739 5199 1907 5239 excu-

333 5273 419 5327 tit.
457 5273 569 5329 Cur
608 5275 752 5329 enim
775 5272 889 5343 jam
928 5274 1137 5340 timeat,
1185 5273 1277 5343 qui
1308 5288 1370 5327 es
1407 5274 1721 5342 pmnitentia
1746 5274 1907 5343 erigi-

334 5373 422 5418 tur
471 5365 538 5419 ad
593 5363 752 5420 fortia
810 5366 1069 5421 virtutum
1118 5364 1317 5434 opera?
1386 5364 1520 5418 Nam
1574 5376 1630 5419 et
1682 5365 1908 5434 perfecta

335 5454 569 5510 charitas
620 5456 766 5526 [oras
828 5458 984 5510 mittit
1037 5456 1279 5509 timorem
1309 5455 1328 5525 (
1358 5452 1386 5507 I
1421 5453 1582 5509 Joan.
1638 5470 1713 5520 tv,
1763 5455 1899 5523 18).

337 5545 592 5601 Levantes
628 5558 804 5603 autem
854 5547 1033 5603 oculos
1070 5564 1190 5604 suos
1240 5547 1494 5603 neminem
1521 5547 1780 5613 viderunt,
1812 5547 1910 5603 nisi

2007 3093 2160 3164 juxta
2199 3093 2414 3149 modum
2438 3095 2757 3165 capacitatis
2778 3110 2889 3150 suae
2915 3096 3194 3151 doceatur.
3227 3095 3316 3151 Eis
3345 3110 3474 3167 ergo
3495 3096 3592 3166 qui

2014 3203 2269 3260 magnum
2311 3204 2529 3245 sensum
2572 3190 2792 3257 habent,
2816 3200 2873 3248 et
2910 3192 2964 3246 in
2994 3193 3229 3247 novitate
3255 3193 3376 3248 vitae
3400 3193 3594 3246 ambu-

2012 3280 2148 3347 lant,
2199 3281 2426 3337 dicenda
2478 3293 2563 3343 est
2607 3282 2755 3339 celsa
2814 3285 2950 3339 visio
2988 3284 3389 3340 rlarilicationis
3423 3284 3589 3338 divini

2020 3374 2308 3428 sermonis.
2348 3371 2504 3428 Unde
2528 3382 2584 3429 et
2625 3389 2789 3442 nunc,
2832 3374 2975 3429 sicut
3013 3384 3067 3428 et
3110 3377 3372 3445 superius,
3416 3380 3594 3443 potest

2012 3462 2126 3533 ipse
2192 3478 2374 3519 sermo
2442 3463 2585 3519 filius
2633 3465 2871 3520 hominis
2928 3464 3174 3535 intelligi.
3232 3464 3333 3531 Qui
3383 3464 3594 3518 scilicet

2020 3569 2201 3611 sermo
2229 3555 2386 3627 quasi
2420 3556 2705 3626 perimitur
2730 3564 2787 3612 et
2820 3555 2963 3611 velut
3007 3557 3151 3613 inter
3181 3566 3419 3611 mortuos
3444 3569 3594 3609 com-

2013 3654 2236 3716 putatur
2265 3646 2492 3713 abillis,
2540 3647 2634 3717 qui
2692 3646 2937 3718 graviter
2975 3644 3031 3701 in
3076 3659 3198 3700 eum
3248 3651 3501 3716 peccant;
3537 3650 3596 3698 et

2012 3735 2170 3805 quasi
2217 3751 2327 3791 nou
2371 3736 2463 3798 sit,
2513 3749 2638 3792 eum
2688 3735 2988 3807 transgredi
3038 3744 3095 3790 et
3135 3734 3456 3791 conculcare
3483 3748 3592 3789 non

2011 3836 2292 3884 verentur.
2323 3827 2552 3895 Quibus,
2584 3828 2711 3884 dum
2755 3827 2887 3883 tales
2933 3836 3080 3893 sunt,
3131 3827 3313 3882 dicere
3354 3840 3463 3880 non
3499 3824 3593 3879 de-

2012 3920 2204 3976 bemus
2239 3920 2481 3990 eiusdem
2525 3919 2690 3975 divini
2722 3918 2990 3975 sermonis
3014 3916 3495 3980 clarilicationem;
3524 3929 3594 3969 ne

2009 4024 2249 4068 sanctum
2273 4012 2488 4066 canibus
2501 4021 2547 4066 et
2570 4012 2886 4082 margaritas
2917 4011 3096 4081 porcis
3132 4009 3347 4065 dedisse
3369 4006 3587 4079 (Matth.

2008 4119 2116 4169 vn,
2168 4103 2235 4173 6)
2285 4102 2584 4173 culpemur.
2632 4101 2737 4157 Sed
2768 4103 2817 4157 si
2859 4102 2999 4157 idem
3049 4116 3229 4157 sermo
3276 4112 3591 4156 resurrexeo

2015 4194 2094 4248 rit
2124 4193 2177 4248 in
2204 4192 2285 4247 eis
2316 4207 2411 4263 per
2438 4192 2811 4261 paenitentiam
2850 4192 3094 4261 ipsorum
3136 4200 3192 4247 et
3238 4190 3360 4245 vitae
3400 4186 3591 4243 melio-

2011 4284 2301 4347 rationem,
2356 4291 2485 4338 tunc
2533 4283 2646 4353 iam
2696 4282 2805 4338 dici
2852 4289 3030 4353 potest
3055 4281 3136 4337 eis
3161 4279 3297 4335 visio
3327 4276 3592 4334 claritatis

2011 4376 2151 4446 eius,
2175 4392 2294 4446 quae
2323 4390 2538 4431 rursum
2566 4382 2792 4445 apparet
2820 4376 2887 4430 ad
2935 4374 3045 4428 alta
3086 4371 3449 4428 tendentibus.
3482 4367 3593 4423 Sed

2011 4468 2153 4523 hanc
2209 4467 2517 4532 lectionem,
2547 4475 2708 4535 prout
2742 4465 2956 4522 cwlitus
2982 4464 3135 4520 nobis
3161 4464 3343 4517 datum
3365 4468 3467 4528 est,
3495 4474 3593 4514 ex-

2011 4558 2292 4627 posuimus
2330 4566 2386 4613 et
2427 4558 2545 4628 eius
2585 4556 2843 4627 mysteria
2890 4554 3282 4626 patefecimus,
3324 4560 3591 4623 quatenus

2012 4662 2203 4702 omnes
2231 4648 2323 4715 qui
2357 4648 2471 4702 llaec
2499 4653 2859 4719 agnoverunt,
2894 4645 3183 4715 adiuvante
3214 4642 3467 4704 Domino.
3508 4641 3591 4695 sic

2013 4737 2195 4793 vivere
2243 4738 2495 4793 studeant
2536 4745 2592 4791 et
2640 4736 2895 4805 supernis
2946 4735 3249 4798 intendant,
3298 4741 3358 4787 ut
3392 4732 3461 4787 de
3503 4730 3589 4786 his

2010 4842 2132 4899 qua:
2160 4829 2302 4884 dicta
2350 4837 2477 4885 sunt
2496 4828 2735 4899 gaudere
2777 4836 2833 4882 et
2869 4828 2923 4883 in
2952 4827 3205 4898 praesenti
3241 4824 3441 4880 saeculo
3469 4838 3588 4879 me-

2011 4928 2235 4975 reantur
2262 4928 2319 4975 et
2347 4921 2400 4974 in
2434 4919 2635 4983 futuro,
2674 4932 2772 4989 per
2813 4916 2997 4975 Jesum
3035 4917 3310 4975 Christum
3346 4915 3592 4971 Salvato-

2012 5027 2126 5067 rcm
2159 5021 2425 5079 nostrmn,
2450 5010 2542 5080 qui
2575 5025 2698 5066 cum
2729 5011 2892 5067 Patre
2930 5019 2983 5066 et
3011 5009 3215 5080 Spiritu
3239 5019 3430 5065 sancto
3459 5007 3593 5062 vivit

2014 5108 2071 5155 et
2106 5110 2303 5170 regnat
2333 5100 2497 5165 Dens,
2533 5108 2659 5155 ante
2688 5100 2870 5156 onmia
2906 5100 3123 5165 saecula,
3164 5110 3220 5155 et
3253 5114 3418 5164 nunc,
3448 5105 3506 5154 et
3533 5096 3589 5151 in

2011 5190 2190 5245 omnia
2222 5189 2437 5245 saecula.
2469 5191 2665 5244 Amen.

2606 5331 2886 5388 HOMILIA
2926 5329 2991 5386 V.

2013 5449 2067 5503 is
2098 5464 2436 5507 svucsuuu
2473 5466 2747 5508 secunnuu
2779 5466 3091 5508 υλττιυςωι
3126 5467 3137 5503 :
3169 5448 3312 5504 Dixit
3334 5444 3593 5503 Dominus

2062 5542 2243 5616 .Jesus
2278 5543 2558 5613 discipulis
2595 5544 2706 5599 suis
2746 5544 3056 5612 paralmlam
3097 5543 3235 5598 hanc
3266 5560 3280 5596 :
3320 5533 3593 5594 Assimila-
