3940 6046
234 261 332 318 617

1331 255 1628 314 ΙΙΟΜΙΙΛᾸΞ
1667 253 1754 310 ΕΤ
1795 243 2386 308 EXIIORTATIONES.
2475 251 2481 258 '

3376 252 3478 311 618

303 387 412 431 tum
455 385 528 430 est
561 390 772 446 regnum
821 374 1070 428 caelorum
1105 373 1304 427 homini
1348 374 1476 442 regi,
1516 372 1605 441 qui
1637 367 1798 424 uoluit
1832 368 1878 429 Α
1906 363 2222 416 inﬁrmitate
2267 375 2364 429 per
2405 357 2626 430 angelos
2655 357 2962 428 urgebatur.
2987 358 3119 413 Cum
3157 371 3331 416 autem
3375 381 3478 419 non

301 466 558 518 rationem
596 457 785 532 ponere
818 480 936 517 cum
965 464 1123 518 servis
1154 464 1284 517 suis.
1318 462 1386 515 Et
1416 476 1535 516 cum
1569 461 1802 528 coepisset

301 558 555 628 rationem
581 570 789 625 ponere,
812 554 1013 608 oblatus
1034 563 1108 608 est
1137 555 1185 608 ei
1214 570 1371 618 unus,
1399 556 1487 622 qui
1517 552 1733 606 debebat
1756 552 1803 606 ei

301 648 475 701 decem
505 646 671 700 millia
709 645 927 702 talenta.
958 647 1024 700 Et
1049 645 1253 715 reliqua
1283 644 1497 714 (Matth.
1526 652 1702 712 xvttt).

302 740 359 794 In
414 739 520 792 bac
579 737 816 793 lcetione
870 752 1152 791 monemur
1197 747 1254 790 ut
1299 736 1558 791 fratribus
1604 737 1656 790 in
1707 751 1806 792 nos

231 829 585 902 peccantibus
643 829 1008 893 dimittamus,
1063 828 1105 882 si
1144 827 1298 882 nobis
1345 843 1378 881 a
1423 828 1552 891 Deo,
1598 843 1716 897 quae
1751 827 1805 882 in

231 937 352 976 eum
382 919 745 990 peccavimus,
777 919 972 973 dimitti
1003 919 1285 987 volumus;
1330 927 1422 972 aut
1453 919 1631 987 potius
1667 920 1710 974 si
1738 933 1803 974 ea

233 1027 351 1083 quin
396 1010 508 1080 jam
541 1010 696 1064 nobis
731 1010 955 1074 dimisit,
1002 1025 1070 1064 ne
1099 1025 1313 1064 rursum
1342 1024 1372 1062 a
1400 1009 1556 1064 nobis
1600 1011 1805 1080 exigat,

231 1113 499 1173 Optamus.
526 1101 666 1156 Ecce
707 1101 850 1155 enim
881 1114 1089 1166 servus,
1119 1101 1207 1169 qui
1238 1099 1424 1154 decem
1466 1099 1694 1153 millium
1729 1111 1808 1152 ta-

232 1195 502 1250 lentormn
537 1203 656 1247 erat
687 1192 918 1256 debitor,
951 1191 1188 1246 universi
1223 1191 1390 1246 debiti
1420 1191 1806 1246 relaxationem

234 1301 263 1339 a
297 1284 516 1339 domino
557 1299 654 1338 suo
702 1291 1024 1337 consecutus
1069 1297 1189 1338 esse
1231 1291 1486 1336 narratur
1518 1299 1531 1335 :
1563 1283 1655 1336 sed
1682 1281 1807 1350 quia

236 1380 353 1446 ipse
380 1376 724 1446 postmodum
777 1389 1041 1428 conservo
1081 1390 1180 1430 suo
1229 1375 1469 1428 denarios
1498 1384 1700 1429 centum
1729 1374 1808 1428 di-

233 1470 448 1524 mittere
486 1469 676 1534 noluit,
715 1467 898 1522 omnia
941 1483 1062 1538 qua:
1107 1468 1207 1523 sibi
1248 1483 1278 1522 a
1332 1469 1550 1523 domino
1594 1467 1808 1522 fuerant

233 1561 458 1614 dimissa
490 1569 712 1614 coactus
758 1568 844 1614 est
893 1559 1136 1614 reddere.
1173 1559 1458 1614 Debuisset
1485 1559 1628 1614 enim
1681 1574 1809 1614 con-

232 1663 391 1702 servo
418 1648 655 1704 libenter
705 1648 978 1704 dimittere
1018 1649 1250 1715 minora,
1280 1649 1369 1718 qui
1400 1649 1501 1705 sibi
1527 1660 1750 1705 noverat
1775 1667 1804 1705 a

237 1739 463 1796 domino
486 1741 709 1796 dimissa
743 1739 910 1794 fuisse
944 1738 1170 1808 majora.
1192 1740 1294 1794 Sed
1310 1741 1424 1811 jam
1453 1741 1614 1796 verba
1641 1757 1808 1797 sacrm

232 1831 483 1886 lectionis
523 1832 769 1887 seriatim
821 1832 1119 1886 videamus.
1183 1831 1541 1886 Assimilatum
1588 1843 1685 1899 est,
1727 1833 1810 1887 in-

232 1921 369 1990 quit,
405 1936 620 1990 regnum
665 1921 911 1974 caelorum
959 1919 1157 1973 homini
1207 1920 1332 1990 regi,
1384 1920 1511 1990 quia
1558 1921 1810 1976 videlicet

233 2011 374 2066 sicut
399 2010 502 2065 iste
526 2025 620 2064 rex
646 2010 844 2065 fecisse
878 2009 1226 2073 describitur,
1259 2009 1340 2064 sic
1365 2009 1420 2064 in
1451 2023 1615 2080 regno
1642 2009 1807 2066 coelo-

231 2117 352 2157 rum
405 2102 521 2157 ﬁeri
570 2103 846 2158 decretum
910 2110 1016 2156 est.
1064 2099 1300 2172 Regnum
1351 2109 1530 2156 autem
1565 2102 1811 2158 caelorum

232 2203 459 2250 vocatur
483 2193 647 2250 etiam
679 2193 734 2247 in
765 2193 868 2249 hoc
898 2192 1093 2247 smculo
1120 2191 1360 2248 Ecclesia
1390 2192 1654 2248 ﬁdelium:
1682 2195 1810 2264 quia

235 2282 363 2336 dum
390 2287 669 2338 caelestem
712 2283 765 2336 in
811 2283 969 2337 terris
1000 2283 1165 2335 vitam
1189 2297 1287 2352 pro
1308 2296 1466 2351 posse
1493 2297 1592 2338 suo
1612 2282 1810 2340 ducere

234 2367 473 2437 student,
491 2370 602 2438 jam
633 2372 686 2426 in
710 2373 790 2426 eis
821 2371 1078 2427 Dominus
1098 2373 1252 2442 quasi
1285 2373 1336 2426 in
1365 2373 1569 2442 angelis
1596 2384 1807 2446 regnat.

237 2457 306 2512 Et
331 2458 401 2513 ob
434 2456 643 2527 insigne
673 2457 927 2512 meritum
955 2471 1168 2522 eorum,
1201 2465 1312 2511 tota
1348 2457 1508 2512 simul
1544 2458 1806 2525 Ecclesia,

234 2547 387 2618 cujus
427 2547 526 2617 ipsi
577 2548 820 2603 membra
863 2555 1012 2613 sunt,
1060 2545 1363 2617 appellatur
1400 2564 1614 2619 regnum
1656 2548 1811 2604 ctelo-

235 2654 384 2704 rum;
431 2637 558 2693 licet
603 2637 654 2692 in
699 2652 762 2692 ea
792 2635 971 2700 multi,
1001 2637 1091 2706 qui
1132 2637 1252 2706 plus
1274 2647 1485 2693 terrena
1512 2654 1672 2709 quam
1701 2655 1809 2695 cte-

234 2729 386 2786 lestia
427 2739 695 2799 quzcrunt,
752 2743 852 2782 nec
892 2730 944 2781 in
993 2729 1107 2783 suis
1151 2729 1390 2783 moribus
1429 2730 1606 2784 adhuc
1647 2730 1810 2785 Chri-

209 2833 396 2886 stum,
437 2822 578 2877 sicut
611 2830 842 2891 oportet,
894 2835 1119 2890 regnare
1155 2821 1359 2875 sinunt.
1406 2819 1578 2877 Homo
1628 2831 1808 2878 autem

235 2930 351 2978 rex,
425 2913 510 2968 cui
545 2929 788 2984 .regnum
831 2911 971 2966 istud
1020 2908 1366 2966 assimilatum
1411 2923 1507 2977 est,
1553 2915 1811 2968 mediator

232 3003 331 3056 Dei
357 3015 403 3055 et
432 3004 721 3068 hominum,
752 3003 906 3056 homo
935 3002 1174 3058 Christus
1193 3002 1349 3056 Iesus
1379 3003 1713 3072 intelligitur,
1741 3004 1810 3059 de

232 3115 341 3168 quo
380 3098 517 3154 alias
543 3100 805 3169 scriptum
838 3107 924 3154 est
963 3114 979 3155 :
1011 3097 1181 3152 Homo
1207 3099 1425 3168 quidam
1457 3085 1647 3152 nobilis.
1683 3099 1811 3152 abiit

231 3192 288 3245 in
337 3192 596 3262 regionem
643 3190 1002 3262 longinquam,
1056 3190 1288 3260 accipere
1337 3190 1436 3246 sibi
1481 3205 1717 3260 regnum,
1763 3202 1812 3245 et

231 3284 421 3338 reverti
445 3282 598 3355 (Luc.
628 3299 746 3349 xix,
782 3282 893 3352 12).

304 3374 410 3440 Qui
458 3374 618 3429 voluit
641 3375 918 3429 ‘rationem
948 3389 1137 3444 ponere
1167 3389 1282 3428 cum
1313 3373 1472 3429 servis
1517 3374 1648 3442 suis,
1688 3374 1812 3445 quia

233 3463 440 3533 placuit
476 3464 523 3519 ei
558 3464 833 3534 requirere
863 3464 914 3516 in
939 3455 1433 3532 judicio'rationem
1463 3479 1650 3519 eorum
1695 3479 1815 3535 quae

232 3553 464 3623 quisque
510 3553 672 3608 fuerit
717 3562 992 3622 operatus.
1038 3553 1107 3607 Et
1142 3570 1258 3607 cum
1299 3556 1530 3624 erupisset
1560 3557 1813 3610 rationem

230 3659 445 3713 ponere,
474 3642 678 3696 oblatus
701 3654 775 3698 est
805 3644 853 3697 ei
891 3634 1050 3708 unus,
1085 3647 1174 3714 qui
1211 3645 1421 3699 debebat
1445 3645 1618 3700 decem
1644 3646 1812 3701 millia

230 3733 451 3788 talenta.
479 3733 666 3803 Incipit
697 3750 841 3788 nunc
871 3736 1125 3788 rationem
1155 3750 1365 3803 ponere,
1393 3740 1645 3804 quoniam
1675 3737 1814 3790 sicut

228 3823 426 3879 Petrus
448 3824 524 3878 ait
553 3839 570 3879 :
603 3823 824 3892 Tempus
863 3834 961 3890 est,
993 3835 1046 3878 ut
1074 3824 1286 3893 incipiat
1307 3823 1569 3893 judicium
1598 3842 1630 3880 a
1658 3826 1812 3879 domo

230 3914 332 3968 Dei
358 3915 407 3984 (Ι
441 3913 560 3969 Pet.
592 3931 666 3982 tv,
702 3915 812 3984 l'l).
862 3913 1057 3984 Incipit
1083 3915 1339 3968 rationem
1362 3930 1574 3985 ponere,
1598 3916 1813 3986 quando

230 4022 331 4075 per
357 4006 686 4061 inﬁrmitatis
727 4007 1030 4062 molestiam
1081 4007 1147 4060 ad
1179 4006 1377 4061 lectum
1407 4015 1460 4060 et
1487 4007 1552 4060 ad
1585 4016 1811 4062 mortem

231 4095 502 4163 pertrahit
524 4096 789 4161 homines,
827 4106 885 4149 ut
907 4111 1002 4150 eos
1025 4097 1088 4150 de
1117 4096 1342 4165 singulis
1375 4095 1586 4152 actibus
1615 4097 1727 4152 suis
1757 4099 1811 4152 in

222 4187 432 4255 judicio
454 4188 767 4252 discutiens,
791 4189 1053 4242 rationem
1075 4189 1300 4243 reddere
1321 4198 1498 4254 cogat.
1524 4189 1656 4244 Dmn
1680 4205 1811 4259 ergo

230 4277 312 4330 sic
338 4278 565 4346 erupisset
601 4277 848 4330 rationem
881 4277 1042 4348 168
1070 4293 1277 4346 ponere,
1308 4277 1359 4330 id
1386 4287 1468 4332 est
1493 4277 1559 4331 ad
1583 4288 1809 4334 mortem

228 4366 507 4436 quoslibet
529 4382 624 4437 per
651 4368 1023 4438 a-gritudinem
1055 4381 1266 4438 urgere,
1298 4376 1358 4422 ut
1380 4369 1807 4441 cogitarentjam
1841 4405 1886 4460 Ι)

227 4456 387 4525 quasi
435 4465 559 4511 ante
608 4457 841 4512 tribunal
886 4473 945 4511 se
977 4469 1097 4513 esse
1127 4458 1332 4526 positos
1370 4466 1429 4512 ut
1454 4459 1503 4514 ei
1543 4461 1804 4518 rationem

230 4545 551 4611 redderent;
599 4547 800 4601 oblatus
858 4559 930 4601 est
972 4549 1041 4612 ei,
1075 4548 1177 4602 hoc
1205 4555 1290 4602 est
1320 4563 1418 4618 per
1444 4549 1804 4607 ministerium

227 4634 545 4707 angelorum
572 4636 637 4688 ad
664 4647 892 4690 mortem
932 4646 1152 4692 coactus
1185 4646 1270 4692 est
1302 4654 1438 4691 unus
1475 4639 1566 4708 qui
1594 4641 1806 4696 debebat

227 4727 280 4778 ei
315 4727 490 4779 decem
535 4727 703 4781 millia
753 4729 969 4794 talenta,
1013 4729 1064 4784 id
1107 4739 1192 4784 est.
1231 4729 1521 4786 multorum
1563 4732 1805 4801 gravium

228 4827 577 4886 peccatorum
615 4820 1031 4889 perpetrationis
1061 4835 1186 4875 reus
1214 4822 1513 4876 tenebatur.
1546 4823 1809 4877 Denarius

225 4911 378 4965 enim
429 4927 688 4966 numerus
736 4911 1124 4980 plenitudinem
1190 4913 1492 4969 divinorum
1540 4914 1811 4985 signiﬁcat

227 5001 632 5066 mandatorum,
664 5011 880 5070 propter
922 5000 1051 5070 legis
1097 5001 1433 5072 decalogum.
1474 5003 1806 5058 Millenarius

228 5107 362 5146 vero
391 5103 821 5148 consummatam
863 5092 1273 5163 perfectionem.
1310 5093 1592 5149 Talentum
1625 5102 1805 5148 autem

229 5182 432 5235 dicitur
448 5197 570 5236 esse
593 5184 882 5237 maximum
907 5183 1048 5238 inter
1067 5183 1244 5238 omnia
1269 5185 1562 5254 ponderum
1586 5201 1803 5254 genera.

228 5271 419 5325 Decem
471 5288 600 5342 ergo
649 5274 816 5328 millia
863 5274 1062 5328 talenta
1141 5274 1524 5344 perfectionem
1557 5278 1804 5344 gravium

232 5363 633 5434 multorumque
669 5366 955 5422 criminum
984 5367 1296 5438 designant,
1335 5384 1453 5437 quae
1497 5384 1593 5438 per
1621 5369 1806 5440 plena-

229 5455 369 5508 riam
413 5457 896 5525 transgressionem
935 5459 1314 5512 mandatorum
1347 5457 1439 5512 Dei
1488 5458 1598 5512 sint
1642 5459 1804 5515 facta.

226 5545 300 5598 Et
331 5555 440 5618 tam
468 5547 616 5616 gravi
647 5547 828 5602 debito
857 5549 1186 5604 constrictus
1220 5557 1339 5605 erat
1368 5549 1488 5616 iste,
1527 5551 1617 5620 qui
1663 5567 1806 5608 nunc

226 5632 434 5691 dicitur
463 5635 664 5692 oblatus
711 5637 880 5693 fuisse
917 5639 1043 5707 regi,
1075 5637 1126 5693 id
1155 5647 1240 5694 est
1265 5639 1355 5711 qui
1380 5639 1449 5696 ad
1489 5647 1717 5698 mortem
1750 5642 1804 5696 in

485 5733 758 5797 I’ATBOL.
797 5731 1067 5795 CLVIII.

1906 452 2112 506 haberet
2135 452 2272 505 unde
2295 450 2548 513 redderet,
2564 449 2722 518 jussit
2744 465 2861 503 eum
2905 451 3146 505 dominus
3167 454 3478 520 uenundari,

1905 555 1952 598 et
1982 558 2194 597 uxorem
2225 541 2360 610 ejus,
2399 550 2446 593 et
2483 539 2642 607 ﬁlios,
2672 549 2721 593 et
2766 541 2942 594 omnia
2992 558 3109 611 qua:
3157 544 3399 610 habebat,
3429 558 3479 600 et

1907 632 2077 685 reddi.
2117 629 2241 683 Non
2287 629 2521 682 habebat
2550 629 2688 682 unde
2718 630 2974 695 redderet,
3024 632 3148 700 quia
3196 647 3262 687 ex
3304 636 3480 704 seipse

1907 719 2141 774 habebat
2174 717 2315 772 unde
2347 717 2398 770 in
2431 716 2640 785 culpam
2672 718 2923 780 caderet;
2961 719 3053 774 sed
3080 736 3142 775 ex
3169 723 3346 792 seipse
3373 741 3477 779 non

1909 809 2139 864 habebat
2173 808 2313 862 unde
2361 807 2428 860 ad
2475 809 2684 860 veniam
2705 819 3028 879 resurgeret.
3067 812 3134 866 Et
3171 813 3289 868 ideo
3318 815 3480 884 jussit

1909 917 2027 953 eum
2058 900 2312 954 Dominus
2359 899 2667 965 uenundari,
2716 901 2768 955 id
2821 911 2904 956 est
2951 904 3335 972 possidendum
3371 907 3480 961 da:-

1908 991 2156 1046 monibus
2192 991 2246 1045 in
2291 999 2554 1045 aeternam
2585 993 2981 1046 damnationem
3016 996 3178 1061 tradi,
3211 1005 3265 1050 et
3291 1014 3478 1068 pmnas

1907 1084 1972 1138 de
1999 1083 2089 1138 illo
2119 1083 2280 1138 sumi.
2317 1081 2379 1135 Et
2405 1100 2642 1147 uxorem,
2665 1085 2716 1138 id
2749 1094 2833 1139 est
2855 1086 3125 1141 carnalem
3150 1089 3477 1160 voluptatem

1907 1177 2022 1243 ejus
2049 1185 2102 1231 et
2131 1178 2646 1247 concupiscentiam,
2680 1189 2726 1230 et
2747 1177 2909 1245 ﬁlios,
2952 1179 3004 1233 id
3035 1190 3118 1235 est
3147 1181 3332 1252 iniqua
3359 1186 3476 1255 ejus

1907 1284 2103 1340 opera;
2133 1280 2180 1324 et
2211 1272 2387 1324 omnia
2426 1286 2543 1341 qua:
2573 1270 2814 1336 habebat,
2855 1272 2907 1326 id
2945 1280 3028 1327 est
3059 1275 3220 1329 verba
3255 1287 3308 1331 et
3330 1279 3478 1349 cogi-

1911 1363 2141 1416 tationes
2167 1360 2303 1431 ejus.
2346 1362 2609 1416 Venditur
2631 1363 2794 1424 ,enim
2845 1379 2966 1418 cum
2999 1381 3166 1421 uxore
3193 1376 3249 1422 et
3278 1368 3402 1424 ﬁliis
3428 1381 3484 1424 et

1908 1453 2159 1507 omnibus
2201 1468 2320 1522 quae
2367 1453 2548 1519 habet,
2606 1462 2665 1507 ut
2705 1452 2946 1508 debitum
2991 1457 3200 1525 reddat,
3254 1460 3347 1530 qui
3388 1475 3481 1528 per

1908 1553 2144 1598 mortem
2176 1543 2421 1613 corporis
2467 1544 2533 1597 ab
2572 1543 2673 1597 hac
2713 1544 2822 1597 vita
2867 1539 3238 1614 subtrahitur;
3268 1558 3322 1602 et
3358 1565 3480 1604 cum

1909 1644 2062 1690 reatu
2122 1635 2356 1690 carnalis
2409 1651 2521 1690 sum
2591 1636 2884 1705 voluptatis
2932 1645 2989 1690 et
3042 1638 3376 1706 cupiditatis,
3431 1649 3486 1693 et

1908 1743 2129 1796 operum
2179 1737 2341 1798 atque
2385 1727 2676 1782 verborum
2719 1735 2773 1783 et
2822 1728 3208 1798 cogitationum
3256 1730 3486 1785 traditur

1909 1819 2160 1890 malignis
2190 1819 2466 1889 spiritibus
2491 1819 2542 1872 in
2571 1827 2831 1874 aeternum
2858 1821 3245 1890 possidendus;
3276 1832 3334 1876 ut
3361 1837 3486 1892 per-

1907 1919 2099 1980 petuas
2152 1910 2307 1965 luens
2371 1924 2583 1979 pmnas,
2639 1910 2834 1965 divinae
2886 1911 3113 1980 justitize
3160 1914 3481 1968 satisfaciat.

1909 1997 2197 2058 Procidens
2243 2010 2417 2054 autem
2455 2017 2634 2053 servus
2687 2001 2800 2065 ille,
2853 2003 3036 2057 orabat
3070 2020 3209 2070 eum,
3257 2005 3433 2060 dicens
3463 2019 3482 2057 :

1910 2089 2227 2147 Patientiam
2248 2091 2379 2145 habe
2425 2092 2479 2146 in
2518 2108 2618 2158 me,
2655 2101 2701 2145 et
2733 2091 2910 2145 omnia
2940 2093 3156 2146 reddam
3188 2093 3301 2146 tibi.
3333 2095 3483 2150 Tunc

1909 2198 2096 2238 servus
2142 2182 2358 2238 domino
2400 2182 2633 2251 procidit
2683 2191 2738 2236 et
2785 2191 2844 2235 ut
2889 2182 3282 2250 venditionem,
3318 2184 3371 2238 id
3398 2193 3485 2239 est

1909 2273 2309 2329 damnationem
2355 2271 2608 2343 effugiat,
2665 2271 2965 2327 submissus
3009 2273 3344 2330 obsecrando
3393 2275 3482 2332 de-

1908 2365 2111 2436 poscit;
2160 2378 2281 2419 cum
2324 2363 2372 2418 is
2404 2364 2495 2432 qui
2532 2371 2753 2432 propter
2792 2371 3015 2432 peccata
3053 2378 3150 2420 sua
3198 2364 3489 2421 imminen-

1907 2451 2018 2510 Iem
2050 2454 2148 2510 sibi
2185 2461 2438 2518 mortem,
2487 2461 2673 2522 utpote
2700 2453 3034 2508 damnandus
3065 2455 3275 2523 metuit,
3307 2457 3483 2512 humi-

1909 2544 2034 2600 liter
2060 2560 2120 2600 se
2142 2544 2322 2600 subdit
2349 2544 2542 2600 divina:
2578 2541 2898 2608 clementiae,
2928 2551 2984 2598 et
3007 2559 3104 2614 per
3147 2559 3328 2601 veram
3368 2563 3486 2618 pm-

1910 2636 2194 2691 nitenliam
2236 2651 2301 2692 ac
2325 2652 2514 2706 puram
2543 2638 2706 2692 animi
2740 2636 3094 2714 intentionem
3123 2639 3391 2695 convertit
3418 2639 3486 2694 ad

1910 2728 2102 2795 Deum,
2147 2729 2472 2798 promittens
2517 2744 2576 2784 se
2630 2729 2684 2784 in
2729 2728 2937 2798 reliquo
2984 2729 3319 2784 redditurum
3376 2729 3487 2786 Deo

1910 2819 2090 2875 omnia
2166 2834 2285 2889 qua:
2335 2820 2495 2876 debet
2541 2820 2638 2885 illi,
2671 2823 2714 2877 si
2765 2821 3164 2890 impendentem
3217 2821 3320 2877 sibi
3365 2836 3489 2877 sen-

1913 2910 2138 2966 tentiam
2181 2909 2374 2966 mortis
2420 2911 2676 2965 evaserit.
2726 2910 2826 2978 Qui
2880 2911 3024 2966 enim
3072 2912 3319 2966 universa
3367 2927 3487 2982 qum

1914 3001 2054 3057 male
2073 3002 2184 3072 egit
2211 3004 2486 3068 emendat,
2517 3011 2574 3058 et
2615 3003 2869 3074 deinceps
2900 3002 3152 3074 religiose
3183 3003 3345 3069 vivit,
3371 3017 3488 3058 om-

1913 3092 2002 3146 nia
2049 3107 2170 3162 qute
2221 3092 2451 3147 debebat
2509 3093 2737 3149 Domino
2776 3094 2974 3149 reddit.
3022 3092 3270 3147 Misertus
3313 3105 3487 3147 autem

1917 3183 2160 3238 dominus
2197 3185 2330 3238 servi
2359 3185 2525 3250 illius,
2559 3186 2757 3239 dimisit
2783 3202 2922 3250 eum,
2953 3194 3000 3238 et
3021 3184 3248 3240 debitum
3291 3185 3487 3240 dimisit

1912 3276 1981 3328 ei.
2011 3274 2211 3329 Servus
2238 3273 2514 3328 humiliter
2536 3276 2754 3345 petebat
2791 3275 3125 3341 dilationem,
3154 3284 3211 3330 et
3233 3275 3486 3330 dominus

1913 3347 2339 3418 misericorditer
2385 3364 2654 3418 concessit
2691 3363 3087 3420 remissionem.
3126 3363 3260 3418 Nam
3290 3364 3486 3418 dimisit

1912 3472 2052 3521 eum,
2086 3456 2136 3510 id
2164 3465 2250 3511 est
2271 3457 2491 3527 proprio
2517 3455 2743 3511 arbitrio
2785 3455 3072 3523 relaxavit,
3103 3455 3408 3511 concedens
3436 3455 3485 3509 ei

1913 3563 2102 3603 rursus
2157 3549 2395 3618 spatium
2441 3549 2678 3604 vivendi.
2734 3549 2798 3604 Et
2852 3563 2950 3618 per
2993 3547 3394 3604 concessionem
3424 3561 3488 3604 ac

1912 3639 2310 3708 pmnitentiam,
2353 3641 2551 3694 dimisit
2610 3641 2657 3694 ei
2701 3639 2931 3694 debitum
2979 3653 3140 3696 omne
3184 3640 3486 3711 culparum.

1913 3728 2168 3798 Egressus
2223 3741 2398 3784 autem
2454 3747 2631 3784 servus
2672 3729 2781 3796 ille,
2837 3731 3028 3785 invenit
3078 3748 3238 3785 unum
3270 3732 3334 3786 de
3362 3749 3490 3786 con-

1911 3823 2070 3876 servis
2092 3823 2220 3887 suis,
2253 3823 2342 3892 qui
2366 3821 2578 3876 debebat
2601 3824 2646 3876 ei
2677 3826 2882 3874 centum
2912 3821 3176 3876 denarios.
3215 3821 3283 3875 Et
3312 3831 3489 3877 tenens

1912 3911 2204 3980 suﬂ‘ocabat
2241 3927 2359 3964 eum
2391 3911 2567 3964 dicens
2599 3923 2618 3959 :
2651 3909 2823 3963 Redde
2843 3909 2982 3977 quod
3006 3910 3179 3963 debes.
3211 3909 3346 3963 Dum
3376 3925 3489 3964 ser-

1912 4018 2012 4058 vus
2044 4013 2188 4060 esset
2237 4005 2288 4059 in
2341 4005 2588 4075 angustia
2614 4004 2889 4074 prmdictae
2916 4003 3288 4068 districtionis,
3313 4005 3490 4059 stabat

1912 4095 2309 4164 quodammodo
2367 4097 2575 4164 positus
2636 4104 2762 4151 ante
2831 4093 3026 4151 faciem
3099 4095 3325 4152 domini.
3385 4094 3490 4151 Sed

1913 4186 2126 4252 quando
2175 4186 2427 4241 dimissus
2478 4195 2587 4250 est,
2639 4198 2697 4241 ut
2733 4186 2888 4254 juxta
2946 4186 3280 4241 voluntatem
3333 4185 3488 4242 liberi

1913 4276 2123 4330 arbitrii
2169 4276 2250 4330 sui
2299 4275 2497 4330 bonum
2533 4279 2714 4333 adhuc
2778 4279 2894 4334 sive
2923 4279 3121 4333 malum
3152 4278 3330 4333 facere
3368 4295 3490 4348 pos-

1914 4377 2030 4433 set;
2073 4377 2200 4422 tunc.
2230 4385 2258 4421 a
2288 4369 2507 4423 domino
2531 4385 2630 4424 suo
2659 4386 2892 4439 egressus
2918 4377 3021 4436 est,
3061 4370 3324 4426 Dominus
3343 4372 3486 4425 enim

1915 4461 2054 4514 Deus
2078 4461 2274 4530 ubique
2293 4469 2394 4525 est,
2421 4477 2522 4516 nec
2545 4469 2716 4530 potest
2739 4461 2935 4516 alicubi
2967 4463 3251 4532 quisquam
3282 4465 3486 4534 egredi,

1913 4550 2001 4605 ubi
2031 4551 2143 4620 ipse
2168 4566 2271 4605 non
2298 4551 2387 4606 sit.
2416 4551 2542 4615 Sed,
2573 4562 2630 4604 ut
2652 4551 2783 4618 dixi,
2819 4559 2944 4606 tunc
2984 4568 3218 4621 egressus
3243 4563 3346 4618 est,
3381 4571 3487 4609 non

1914 4640 2054 4708 loco,
2104 4644 2194 4698 sed
2233 4642 2566 4698 relaxatione
2597 4642 2678 4696 sui
2711 4657 2899 4698 servus
2932 4657 2961 4696 a
3005 4644 3242 4708 domino,
3278 4646 3492 4714 quando

1916 4746 2131 4784 rursum
2161 4733 2416 4787 dimissus
2436 4743 2518 4788 est
2540 4733 2766 4788 arbitrio
2789 4749 2906 4788 suo.
2939 4731 3190 4804 Egressus
3213 4747 3388 4790 autem
3409 4738 3492 4790 in-

1915 4824 2049 4876 venit
2084 4839 2244 4876 unum
2282 4825 2346 4877 de
2375 4827 2634 4879 conservis
2660 4827 2790 4892 suis,
2831 4827 2921 4896 qui
2955 4827 3169 4881 debebat
3208 4829 3254 4882 ei
3282 4840 3488 4883 centum

1910 4913 2171 4967 denarios.
2200 4914 2505 4970 Conservus
2530 4917 2630 4971 iste
2649 4917 2784 4972 alius
2809 4919 2972 4972 homo
2989 4926 3130 4981 erat,
3155 4919 3244 4987 qui
3271 4919 3490 4974 Christo

1911 5004 2023 5073 regi
2070 5019 2191 5057 cum
2233 5005 2334 5060 hoc
2377 5008 2579 5060 servire
2625 5017 3000 5077 proposuerat.
3043 5009 3147 5061 Sed
3187 5009 3403 5062 debebat
3443 5011 3490 5061 ei

1911 5105 2114 5148 centum
2144 5095 2406 5159 denarios,
2439 5099 2561 5166 quia
2589 5109 2927 5168 peccaverat,
2956 5099 3006 5151 iu
3031 5113 3152 5151 eum
3182 5097 3391 5166 aliquas
3414 5097 3484 5151 illi

1913 5185 2135 5254 injurias
2181 5186 2446 5242 faciendo.
2485 5190 2703 5245 Centum
2739 5193 2880 5247 enim
2923 5192 3129 5244 denarii
3183 5191 3489 5260 signiﬁcant

1911 5288 2131 5348 peccata
2153 5294 2273 5348 quae
2296 5281 2459 5334 homo
2490 5282 2540 5334 in
2573 5283 2844 5337 hominem
2872 5282 3199 5345 committit;
3231 5282 3372 5335 sicut
3398 5283 3488 5335 de-

1911 5386 2018 5424 cem
2046 5370 2210 5423 millia
2237 5371 2435 5424 talenta
2475 5373 2779 5442 signiﬁcant
2800 5388 2863 5428 ea
2892 5389 3013 5443 quae
3036 5373 3088 5426 in
3120 5374 3288 5426 Deum
3329 5374 3439 5444 agit
3469 5392 3481 5427 ;

1911 5460 2036 5530 quia
2077 5461 2215 5516 sicut
2247 5464 2521 5531 quantitas
2557 5475 2770 5521 centum
2801 5466 3145 5520 denariorum
3183 5465 3375 5534 exigua
3403 5476 3488 5520 est

1913 5551 1979 5606 ad
2003 5554 2458 5621 comparationem
2491 5558 2806 5625 quantitatis
2830 5567 2884 5612 et
2922 5557 3132 5612 numeri
3156 5557 3343 5613 decem
3368 5557 3489 5610 mil-

1911 5641 2039 5698 lium
2069 5640 2429 5712 talentorum;
2466 5644 2535 5699 ita
2580 5646 2834 5717 quidquid
2873 5645 2923 5702 in
2957 5663 3056 5701 nos
3088 5648 3248 5704 hamo
3275 5657 3484 5718 peccat,

3013 5743 3089 5801 20
