3910 6018
438 254 545 311 ’(319

825 256 882 310 s.
923 224 1216 311 ANSELMI
1246 253 1590 312 caurum.
1627 253 1944 311 ARCHIEP.
1976 254 2004 312 ε

2114 296 2124 308 .
2162 255 2339 310 PARS
2365 255 2428 309 li.
2465 284 2535 296 -—
2563 255 2929 335 PABJENET.
2968 256 3056 311 ET
3079 255 3320 314 ASCET.

3584 260 3690 315 620

445 373 697 442 exiguum
727 382 808 426 est
840 383 894 426 et
925 388 1104 426 rarum
1136 374 1199 425 ad
1226 373 1684 442 comparationem
1731 372 2008 444 culparum
2038 381 2087 440 Α
2113 377 2167 428 in
2197 373 2441 444 precibus
2469 375 2581 430 suis
2633 390 2815 429 coram
2841 390 2905 429 eo
2928 375 2993 430 de
3025 374 3110 429 bis
3131 375 3404 427 omnibus.
3433 373 3530 428 Vel
3559 360 3684 430 san-

445 479 581 533 quas
605 463 657 517 in
681 463 844 516 Deum
880 471 1039 517 nocte
1062 471 1117 516 et
1148 463 1232 516 die
1258 473 1311 516 et
1333 463 1558 532 singulis
1593 464 1740 519 horis
1764 465 2014 518 commit-

448 554 628 606 timus.
670 550 818 606 Licet
851 552 993 606 enim
1023 553 1364 608 centenarius
1389 551 1772 623 perfectionem
1802 555 2012 625 signifi-

445 654 556 707 cet;
584 641 750 696 multo
771 650 951 697 tamen
992 643 1285 711 pleniorem
1313 647 1833 700 consummationem
1871 648 2015 702 desi-

443 741 573 803 gnat
599 731 954 787 millenarius.
980 732 1260 788 Talentum
1293 748 1508 805 quoque
1538 735 1672 788 mira
1705 737 2012 808 granditate

443 831 660 891 superat
698 821 1045 893 exiguitatem
1073 824 1304 878 denarii.
1342 825 1418 878 Ex
1460 824 1652 892 quibus
1691 825 1892 895 liquido
1921 827 2013 881 de-

444 921 774 969 monstratur
815 915 956 983 quod
999 928 1059 968 ea
1102 930 1219 983 quae
1271 931 1366 970 nos
1408 915 1460 968 in
1508 917 1673 970 Deum
1726 933 2013 987 peccamus

445 1018 635 1073 magna
670 1012 724 1058 et
765 1006 926 1058 multa
972 1014 1116 1069 sunt,
1149 1021 1210 1060 ea
1237 1021 1364 1060 vero
1396 1023 1514 1076 quae
1549 1008 1792 1062 homines
1836 1011 1886 1064 in
1914 1026 2012 1066 nos

443 1099 672 1160 peccant
701 1091 890 1163 exigua
921 1102 1047 1148 sunt
1076 1102 1350 1162 et‘pauca.
1384 1095 1448 1148 Et
1473 1095 1671 1150 idcirco
1699 1097 1744 1150 si
1775 1096 1916 1152 Deus
1944 1098 2011 1152 li-

443 1181 631 1236 benter
659 1183 814 1236 nobis
848 1191 926 1237 tot
953 1192 1007 1237 et
1043 1192 1189 1238 tanta
1223 1183 1382 1250 mala,
1417 1199 1534 1253 qua:
1561 1185 1613 1239 in
1642 1201 1764 1240 eum
1791 1189 2012 1242 commi-

411 1313 414 1318 .
443 1269 629 1334 simus,
665 1270 919 1337 dimittit,
947 1273 1114 1326 multo
1145 1271 1352 1328 facilius
1378 1289 1475 1327 nos
1501 1275 1807 1330 hominibus
1838 1278 2013 1332 dimit-

443 1368 556 1415 tere
589 1361 846 1417 debemus
885 1377 1052 1432 pauca
1081 1373 1133 1416 et
1173 1380 1334 1434 parva
1361 1380 1481 1435 quae
1517 1367 1569 1420 in
1610 1381 1708 1420 nos
1752 1368 1850 1438 ipsi
1881 1368 2012 1423 deli-

441 1458 690 1520 querunt.
727 1450 833 1508 Sed
860 1452 958 1506 iste
981 1468 1156 1506 servus
1179 1467 1281 1508 non
1307 1455 1386 1508 sic
1409 1469 1565 1523 agere
1591 1455 1778 1508 voluit.
1809 1454 2012 1510 Invenit

441 1541 605 1609 enim,
634 1549 694 1595 ut
717 1541 917 1596 dictum
953 1552 1056 1608 est,
1088 1559 1247 1596 unum
1270 1543 1333 1597 de
1361 1546 1624 1598 conservis
1649 1547 1756 1600 suis
1789 1548 1878 1616 qui
1916 1548 2008 1600 de-

442 1631 587 1687 bebat
626 1633 674 1687 ei
706 1643 909 1686 centum
937 1633 1202 1697 denarios,
1242 1644 1288 1687 et
1328 1644 1500 1688 tenens
1539 1636 1829 1704 su/focabat
1871 1654 2008 1692 eum.

439 1720 678 1777 Tenebat
709 1736 854 1787 eum,
885 1723 1009 1792 quia
1054 1721 1273 1778 nolebat
1300 1723 1348 1778 ei
1391 1724 1664 1779 dimittere
1689 1727 1831 1795 quod
1865 1727 1917 1780 in
1955 1743 2011 1782 se

438 1824 778 1885 peccaverat.
820 1816 885 1869 Et
925 1816 1211 1884 su/focabat
1249 1833 1387 1881 eum,
1420 1817 1470 1871 id
1496 1825 1577 1872 est
1617 1821 2012 1890 coangustabat

439 1906 777 1976 Spiritaliter,
808 1915 860 1961 et
883 1907 1230 1975 exsunguere
1256 1908 1531 1962 nitebatur
1555 1910 1605 1963 in
1631 1920 1782 1963 reatu
1805 1911 2010 1978 peccati

438 1999 492 2051 in
534 2013 592 2052 se
617 1999 684 2052 ab
723 2013 787 2053 eo
817 1997 1108 2053 commissi.
1143 1998 1445 2054 Debitorem
1494 2001 1636 2054 enim
1667 2017 2008 2068 conservum,

423 2085 492 2142 id
520 2097 601 2142 cst
621 2087 852 2143 fratrem
884 2089 935 2142 i‘n
968 2102 1024 2143 se
1052 2097 1364 2158 peccantem
1390 2100 1552 2154 tenet,
1577 2091 1667 2159 qui
1701 2107 1805 2146 non
1835 2091 2012 2145 dimit-

439 2175 505 2229 tit
546 2176 593 2230 ei
641 2176 867 2246 quodin
909 2191 967 2230 se
1008 2176 1280 2246 peccavit;
1322 2178 1415 2232 sed
1458 2180 1772 2234 memoriam
1805 2169 2011 2249 injuria:

437 2280 598 2334 quam
621 2268 688 2322 ab
710 2281 774 2323 eo
799 2282 991 2338 passus
1023 2277 1108 2322 est
1134 2267 1188 2321 in
1229 2267 1393 2322 corde
1427 2283 1525 2323 suo
1553 2271 2009 2338 reservat.Quem

429 2365 494 2412 et
520 2355 766 2423 suﬂ'ocat,
793 2358 917 2414 dum
944 2358 1178 2411 animam
1209 2357 1323 2427 ejus
1347 2357 1657 2428 spiritaliter
1685 2362 2006 2432 strangulat,

437 2457 492 2502 et
519 2449 788 2518 opprimit,
841 2457 1002 2517 atque
1043 2455 1360 2518 coangustat
1403 2448 1454 2502 in
1494 2450 1734 2519 periculo
1779 2454 2006 2521 peccati,

436 2541 544 2594 non
578 2539 856 2594 dimittens
879 2540 929 2593 ei
968 2538 1109 2608 quod
1149 2539 1203 2592 in
1235 2553 1294 2594 se
1334 2541 1624 2606 commisit,
1655 2542 1749 2595 sed
1780 2542 2008 2613 alligans

421 2640 559 2683 eum
585 2628 637 2682 in
663 2629 839 2698 culpa.
878 2625 1075 2692 Redde,
1098 2627 1292 2697 inquit,
1324 2629 1461 2700 quod
1501 2629 1668 2694 debes,
1699 2631 1752 2686 id
1784 2642 1866 2688 est
1894 2635 2006 2704 jam

437 2730 586 2771 nunc
623 2715 740 2771 sine
770 2731 919 2771 mora
964 2715 1209 2785 persolve
1245 2717 1376 2782 mihi
1415 2725 1617 2772 rectum
1648 2720 1716 2774 de
1759 2723 2009 2778 omnibus

436 2807 645 2876 injuriis
673 2823 808 2879 quas
832 2809 959 2862 mihi
980 2808 1176 2864 fecisti.
1206 2808 1268 2863 Et
1290 2809 1563 2880 procidens
1577 2827 1850 2866 conservus
1871 2814 2003 2884 ejus,

425 2897 652 2968 rogabat
671 2898 997 2963 eum,dicens
1019 2913 1038 2951 :
1066 2895 1380 2951 Patientiam
1405 2899 1532 2953 habe
1560 2902 1610 2952 in
1633 2917 1736 2968 me,
1763 2911 1809 2955 et
1832 2904 2009 2956 omnia

434 2986 649 3040 reddam
680 2987 790 3040 tibi.
828 2984 1112 3040 Procidens
1142 3003 1413 3041 conservus
1448 2987 1582 3056 ejus,
1623 2992 1835 3060 rogabat
1867 2981 1987 3045 eum

433 3078 559 3148 quia
580 3078 857 3133 humiliter
871 3077 938 3132 ab
955 3092 1019 3134 eo
1042 3076 1232 3133 saltem
1252 3077 1562 3134 dilationem
1587 3079 1907 3150 postulabat,
1930 3084 2008 3136 di-

415 3185 562 3226 cens
587 3186 600 3223 :
626 3166 944 3224 Patientiam
969 3169 1119 3237 habe,
1153 3169 1202 3224 id
1226 3179 1310 3223 est
1327 3170 1598 3240 patienter
1621 3181 1872 3241 cx5pecta
1891 3189 2004 3241 me;

431 3270 482 3313 et
508 3261 684 3314 omnia
705 3260 918 3314 reddam
941 3259 1053 3325 tibi,
1081 3259 1183 3316 hoc
1211 3269 1292 3315 est
1317 3261 1568 3316 universa
1595 3275 1714 3330 qua:
1736 3263 1788 3316 in
1814 3271 1863 3317 te
1885 3279 2010 3333 pec-

420 3350 548 3403 cavi
576 3350 873 3405 emendabo
902 3350 1017 3417 tibi,
1047 3357 1102 3404 et
1129 3351 1263 3405 bene
1294 3350 1547 3420 deinceps
1576 3365 1663 3405 me
1688 3365 1815 3420 ergo
1840 3361 1889 3406 te
1914 3355 2009 3408 ha-

432 3438 591 3492 bebo.
621 3437 722 3491 Ille
766 3448 939 3491 autem
978 3437 1178 3502 noluit;
1219 3438 1308 3491 sed
1337 3437 1486 3505 abiit,
1527 3449 1573 3493 et
1620 3441 1757 3493 misit
1795 3457 1911 3496 eum
1950 3443 2008 3496 in

432 3542 713 3590 carcerem,
741 3527 901 3581 donec
930 3525 1162 3580 redderet
1190 3527 1442 3581 debitum.
1472 3527 1656 3582 Noluit
1683 3543 2005 3587 conservum

434 3630 590 3669 suum
608 3615 872 3684 patienter
897 3624 1217 3686 exspectare
1240 3624 1490 3686 atposset
1509 3619 1819 3686 emendare,
1837 3620 2007 3676 noluit

433 3707 676 3761 inducias
694 3706 768 3760 illi
789 3707 1112 3774 concedere;
1131 3708 1221 3761 sed
1244 3706 1447 3778 absque
1464 3710 1770 3764 reverentia
1795 3710 2004 3766 domini

433 3795 515 3850 sui
563 3795 710 3861 abiit,
747 3805 796 3850 et
837 3797 978 3851 misit
1004 3813 1120 3851 eum
1160 3798 1213 3852 in
1249 3814 1526 3854 carcerem.
1555 3800 1715 3868 Abiit,
1753 3802 1854 3857 hoc
1892 3811 1997 3870 est,

431 3887 784 3956 apostatando
809 3896 865 3942 et
899 3888 952 3942 in
989 3887 1256 3943 deteriora
1297 3897 1593 3945 retrorsum
1648 3891 1844 3956 eundo,
1875 3907 2001 3962 per-

432 3979 573 4034 rexit
596 3995 610 4044 ;
633 3987 681 4032 et
711 3974 852 4031 misit
881 3993 999 4032 eum
1028 3979 1083 4032 in
1101 3993 1380 4045 carcerem,
1404 3980 1568 4034 donec
1601 3981 1832 4035 redderet
1855 3983 2002 4036 debi-

430 4073 562 4130 tum,
589 4065 641 4120 id
689 4074 792 4130 est,
818 4075 1078 4134 quantum
1109 4066 1174 4118 ad
1208 4079 1319 4120 sua:
1373 4067 1664 4123 voluntatis
1709 4070 2000 4139 malignam

430 4156 849 4212 obstinationem
893 4157 1150 4211 demersit
1199 4172 1320 4211 eum
1380 4159 1434 4213 in
1492 4160 1780 4226 infernum,
1830 4164 2002 4220 donec

430 4263 529 4319 pro
570 4247 724 4316 culpa
783 4248 1140 4318 sempiternas
1200 4249 1533 4318 persolveret
1587 4266 1798 4320 poenas.
1863 4252 2000 4310 Sunt

2044 1707 2087 1765 Β

1989 3033 2003 3058 ’
2033 3036 2080 3098 C

2115 466 2186 520 cti
2235 466 2410 536 angeli
2463 476 2686 536 possunt
2764 466 2987 537 intelligi
3057 465 3305 519 conservi.
3353 463 3487 519 Cum
3539 467 3682 521 enim

2113 552 2345 608 Joannes
2373 554 2426 608 in
2453 555 2775 626 Apocalypsi
2802 554 2959 610 vellet
2984 554 3229 625 angelum
3255 553 3504 623 adorare,
3546 558 3683 610 dixit

2114 644 2160 698 ei
2186 643 2448 714 angelus:
2492 643 2618 698 Vide
2642 661 2704 698 ne
2741 643 2946 712 feceris.
2994 661 3268 698 conservus
3319 655 3441 698 tuus
3491 661 3604 698 sum
3636 654 3685 697 et

2113 731 2338 800 fratrum
2373 742 2577 784 tuorum
2609 732 2792 802 (Apoc.
2846 748 2981 799 xm,
3008 732 3084 803 9).
3120 729 3364 785 Conservi
3397 746 3525 802 ergo
3555 741 3681 784 sunt

2113 822 2308 893 angeli,
2356 824 2446 892 qui
2501 823 2754 878 viderunt
2784 838 2844 878 ea
2877 840 2992 893 qua:
3025 823 3217 887 ﬁebant
3251 837 3282 876 a
3313 823 3455 876 malo
3499 836 3679 885 servo,

2113 920 2166 964 et
2193 912 2483 965 contristati
2519 922 2638 964 sunt
2683 912 3020 982 valdezquia
3065 911 3220 966 nobis
3265 910 3332 965 ad
3379 911 3679 966 custodiam

2114 1001 2374 1070 deputati,
2406 1010 2595 1056 cuncta
2623 1017 2741 1071 qute
2789 1001 3015 1056 facimus
3065 1001 3346 1072 diligenter
3391 1002 3679 1070 aspiciunt,

2113 1100 2167 1146 et
2195 1091 2260 1146 de
2294 1091 2450 1147 bonis
2487 1093 2696 1147 actibus
2732 1093 2930 1146 nostris
2960 1091 3232 1158 laetantur,
3263 1092 3328 1147 de
3369 1093 3524 1147 malis
3557 1107 3682 1146 vero

2114 1183 2529 1237 contristantur.
2595 1182 2714 1238 Non
2761 1191 2940 1237 tamen
2995 1182 3214 1237 tristitia
3270 1192 3494 1253 possunt
3521 1181 3680 1246 allici,

2113 1273 2234 1341 quia
2266 1272 2502 1342 perfecte
2546 1273 2690 1329 beati
2739 1285 2908 1341 sunt;
2951 1274 3043 1329 sed
3097 1273 3217 1339 hoc,
3250 1273 3393 1343 quod
3437 1273 3517 1328 eis
3541 1273 3681 1328 mala

2113 1373 2295 1419 nostra
2336 1365 2644 1434 displicent,
2703 1375 2926 1421 vocatur
2972 1380 3157 1420 eorum
3223 1364 3458 1418 tristitia.
3517 1363 3681 1417 Valde

2112 1467 2240 1521 ergo
2281 1455 2571 1508 contristati
2596 1465 2738 1522 sunt,
2767 1454 2818 1510 id
2847 1463 2929 1509 est
2956 1453 3103 1509 valde
3133 1453 3404 1522 displicuit
3432 1453 3510 1508 eis
3536 1453 3680 1522 quod

2113 1541 2294 1610 inique
2339 1542 2456 1598 fieri
2505 1543 2774 1598 viderunt.
2833 1542 2899 1596 Et
2948 1552 3192 1597 venerunt
3239 1553 3285 1595 et
3340 1547 3682 1596 narraverunt

2113 1632 2322 1686 domino
2359 1649 2454 1687 suo
2508 1635 2682 1687 omnia
2740 1649 2858 1705 qua:
2918 1633 3059 1700 facta
3112 1633 3372 1701 fuerant:
3417 1645 3544 1701 quia
3583 1631 3681 1700 ipsi

2115 1731 2310 1777 cuncta
2356 1737 2477 1791 quae
2545 1723 2803 1793 gerimus,
2861 1722 2976 1777 sive
3025 1722 3188 1786 bona,
3236 1721 3349 1776 sive
3401 1718 3564 1784 mala,
3598 1735 3681 1774 re-

2113 1813 2360 1867 nuntiant
2386 1813 2516 1877 Deo,
2535 1821 2593 1866 ut
2609 1814 2781 1867 sciant
2798 1813 2922 1882 quid
2947 1812 3060 1883 ipse
3077 1813 3138 1867 de
3154 1812 3236 1865 bis
3253 1811 3500 1866 omnibus
3524 1809 3681 1881 169

2113 1902 2230 1958 fieri
2275 1903 2477 1974 jubeat.
2520 1902 2662 1956 Tunc
2700 1901 3056 1956 vocavitillum
3079 1902 3317 1956 dominus
3341 1915 3488 1963 suus,
3529 1908 3576 1953 et
3605 1901 3680 1952 ait

2111 1993 2189 2048 illi
2217 2009 2236 2048 :
2290 1993 2446 2049 Serve
2458 2011 2699 2065 nequam,
2714 2010 2862 2048 omne
2875 1993 3102 2047 debitum
3113 1992 3287 2045 dimisi
3307 1992 3417 2054 tibi,
3433 1991 3678 2061 quoniam

2113 2085 2308 2154 rogasti
2327 2101 2428 2138 me.
2458 2084 2646 2139 Nonne
2669 2101 2790 2155 ergo
2810 2085 3034 2154 aportuit
3056 2093 3102 2137 et
3125 2093 3173 2136 te
3195 2082 3427 2136 misereri
3449 2081 3679 2135 conservi

2111 2175 2215 2240 tui,
2255 2176 2387 2228 sicut
2412 2183 2457 2229 et
2483 2191 2574 2245 ego
2606 2174 2681 2227 tui
2713 2175 2952 2228 misertus
2981 2173 3136 2227 sum?
3157 2171 3429 2242 Ingratum
3461 2185 3675 2226 servum

2109 2264 2367 2320 Dominus
2393 2280 2604 2321 rursum
2638 2272 2828 2330 vocat;
2873 2271 2928 2320 et
2972 2279 3068 2318 cur
3115 2264 3224 2333 ipse
3251 2262 3674 2318 misericordiam

2111 2349 2448 2412 consecutus.
2479 2373 2508 2410 a
2573 2355 2802 2411 Domino
2845 2354 3088 2409 misereri
3136 2367 3398 2407 conservo
3439 2351 3672 2406 noluerit

2111 2448 2314 2518 arguit;
2348 2462 2467 2501 cum
2500 2447 2647 2501 illum
2670 2489 2684 2514 ,
2717 2445 2807 2516 qui
2838 2455 3105 2516 percepta:
3131 2460 3159 2497 a
3195 2446 3304 2500 Deo
3331 2444 3676 2515 indulgentias

2111 2539 2395 2594 immemor
2425 2539 2595 2592 noluit
2624 2537 2899 2606 indulgere
2929 2535 3084 2590 fratri
3117 2535 3259 2604 quod
3289 2536 3340 2590 in
3385 2549 3444 2590 se
3480 2548 3674 2604 pecca-

2109 2636 2280 2694 verat,
2306 2628 2371 2682 ad
2398 2636 2625 2682 mortem
2659 2641 2752 2696 per
2772 2625 3017 2694 corporis
3041 2623 3408 2678 infirmitatem
3433 2631 3672 2686 revocat,

2109 2729 2163 2775 et
2197 2720 2275 2774 sic
2300 2719 2366 2773 ad
2382 2717 2642 2786 judicium
2671 2735 2684 2770 :
2709 2726 2868 2786 atque
2890 2726 3107 2786 peccata
3129 2715 3293 2770 etiam
3321 2711 3408 2766 illa
3436 2712 3489 2766 in
3512 2719 3676 2782 caput

2109 2810 2226 2880 ejus
2255 2812 2430 2866 denuo
2467 2809 2720 2880 replicat,
2746 2824 2866 2877 qua:
2901 2808 3000 2863 sibi
3023 2806 3134 2876 jam
3163 2805 3327 2860 fuisse
3357 2818 3453 2874 per
3497 2802 3676 2873 poeni—

2110 2903 2334 2956 tentiam
2363 2901 2582 2955 dimissa
2615 2899 2906 2971 gaudebat.
2932 2898 3199 2952 Iudicium
3226 2896 3366 2950 enim
3393 2895 3505 2948 sine
3526 2893 3676 2946 mise-

2110 2992 2337 3045 ricordia
2359 2989 2437 3043 illi
2467 2991 2556 3057 qui
2588 3005 2690 3044 non
2716 2989 2836 3058 fecit
2862 2985 3274 3041 misericordiam
3301 2983 3439 3054 (Jac.
3471 2998 3532 3046 ll,
3561 2980 3671 3048 15).

2115 3079 2262 3136 Unde
2285 3088 2340 3135 et
2365 3078 2608 3134 subditur
2635 3095 2650 3132 :
2682 3078 2750 3132 Et
2797 3077 2963 3132 iratus
3010 3074 3255 3129 dominus
3283 3072 3425 3141 ejus,
3457 3069 3675 3125 tradidit

2105 3187 2230 3226 eum
2281 3170 2608 3234 tortoribus,
2662 3168 3011 3238 quoadusque
3071 3165 3316 3220 redderet
3365 3162 3672 3216 universum
3731 3160 3742 3169 '

2109 3262 2368 3317 debitum.
2397 3260 2497 3328 Qui
2521 3260 2666 3314 enim
2695 3259 2848 3314 fratri
2882 3257 3160 3326 indulgere
3191 3253 3394 3322 noluit,
3429 3253 3523 3310 sed
3547 3267 3670 3308 eum

2108 3351 2162 3406 in
2191 3366 2467 3408 carcerem
2499 3366 2597 3421 pro
2625 3351 2806 3407 debito
2836 3350 3004 3414 misit,
3027 3349 3221 3403 merito
3249 3347 3362 3417 ipse
3389 3345 3673 3414 indulgen-

2109 3443 2235 3497 tiam
2261 3459 2420 3514 quam
2451 3451 2784 3513 perceperat,
2801 3442 3005 3505 amisit,
3027 3450 3083 3495 et
3106 3439 3159 3494 in
3197 3453 3385 3492 manus
3409 3444 3673 3492 tortorum

2105 3534 2272 3588 venit.
2323 3532 2458 3588 Nam
2507 3533 2749 3604 quisquis
2798 3532 3066 3586 hominem
3131 3529 3196 3585 ad
3245 3527 3530 3598 imaginem
3576 3526 3672 3581 Dei

2106 3625 2307 3679 factum
2353 3641 2383 3679 a
2429 3634 2651 3695 peccato
2679 3640 2786 3679 non
2823 3622 2982 3678 solvit
3030 3627 3281 3688 rogatus,
3315 3619 3408 3673 sed
3441 3617 3675 3672 obdura-

2111 3715 2256 3771 tione
2287 3716 2484 3770 mentis
2521 3729 2657 3777 suae,
2692 3722 2950 3783 quantum
2987 3712 3037 3765 in
3070 3725 3128 3766 se
3158 3719 3260 3775 est,
3291 3716 3527 3762 tartareo
3555 3721 3674 3760 car-

2105 3808 2215 3862 ceri
2246 3807 2574 3877 puniendum
2598 3806 2794 3868 tradit,
2833 3807 2940 3860 Deo
2965 3813 3046 3859 est
3069 3802 3314 3866 odihilis,
3345 3809 3400 3855 et
3425 3799 3670 3854 eamdem

2104 3895 2203 3951 sibi
2250 3895 2648 3951 damnationem
2679 3893 3047 3948 indubitanter
3089 3891 3338 3961 acquirit.
3384 3888 3563 3942 Iratus
3585 3896 3672 3940 est

2103 4002 2231 4058 ergo
2258 3987 2498 4040 dominus
2526 3985 2640 4055 ejus
2659 3998 2686 4051 ,⁸
2708 3985 2762 4039 id
2792 3993 2878 4039 est
2901 3984 3244 4054 asperitatem
3269 3981 3425 4050 justa
3451 3979 3672 4033 ultionis

2103 4076 2155 4129 in
2181 4090 2303 4129 eum
2325 4073 2587 4129 exercuit.
2611 4073 2727 4129 Non
2757 4073 2900 4129 enim
2933 4074 2984 4127 in
3009 4081 3201 4127 natura
3225 4086 3319 4126 sua
3344 4071 3484 4124 Deus
3505 4067 3667 4121 irasci

2097 4173 2305 4236 potest,
2348 4166 2437 4234 qui
2491 4180 2703 4235 semper
2742 4164 3062 4234 tranquillus
3107 4173 3162 4218 et
3213 4157 3668 4217 incommutabilis

2100 4265 2407 4326 permanet;
2440 4257 2533 4312 sed
2576 4259 2743 4310 iratus
2771 4258 2982 4312 videtur
3026 4257 3104 4311 eis
3148 4255 3343 4323 quibus
3375 4249 3666 4305 vindictam

429 4338 575 4392 enim
614 4337 854 4393 nonnulli
912 4337 1159 4409 maligna:
1214 4340 1410 4394 mentis
1454 4340 1718 4406 homines,
1768 4359 1997 4413 quorum
2031 4369 2075 4423 ι)
2102 4350 2293 4404 reddit.
2343 4349 2571 4420 Ideoque
2600 4350 2834 4404 vindicta
2868 4350 2983 4419 ipsa
3016 4361 3237 4402 vocatur
3264 4345 3381 4415 ejus
3406 4344 3506 4398 ira.
3542 4340 3667 4394 Ira-

432 4431 533 4485 iste
579 4446 754 4484 servus
794 4429 1080 4499 imaginem
1132 4439 1296 4498 tenet,
1330 4432 1423 4502 qui
1480 4435 1724 4502 gravium
1755 4447 2000 4504 peccato-

429 4536 551 4574 rum
611 4536 732 4590 qua:
781 4521 880 4589 ipsi
948 4531 1394 4590 perpetraverunt
1443 4522 1806 4592 immemores,
1858 4529 1901 4582 si
1946 4537 2001 4584 et

428 4611 621 4666 leviter
647 4612 800 4681 culpa
847 4611 1034 4666 fratris
1064 4613 1118 4666 in
1141 4627 1201 4667 se
1233 4614 1509 4682 peccantis
1559 4613 1919 4683 oﬂ'endantur,
1945 4619 1997 4672 in

430 4710 636 4756 tantam
673 4703 1087 4756 obstinationem
1141 4714 1516 4774 prorumpunt,
1540 4716 1631 4772 ut,
1661 4708 1802 4777 quod
1851 4709 1996 4764 dictu

417 4810 641 4867 quoque
699 4795 848 4850 nefas
901 4805 1001 4859 εει,
1057 4806 1243 4867 eptent
1299 4797 1521 4852 fratrem
1571 4815 1726 4853 suum
1781 4801 1997 4857 teternis

427 4895 554 4941 ante
579 4887 754 4956 perire
784 4886 1080 4956 suppliciis,
1127 4902 1285 4955 quam
1318 4889 1460 4958 quod
1489 4888 1542 4941 in
1575 4904 1632 4942 se
1657 4901 1990 4957 peccaverat,

424 4985 753 5055 indulgeant.
794 4982 1033 5039 Videntes
1053 4995 1226 5039 autem
1255 4985 1484 5040 conservi
1501 4986 1613 5054 ejus
1633 5001 1748 5054 quae
1777 4986 1993 5053 ﬁebant,

423 5079 718 5132 contristati
754 5088 871 5130 sunt
896 5076 1066 5130 valde.
1102 5076 1166 5129 Et
1196 5087 1438 5131 venerunt
1463 5086 1511 5131 et
1542 5087 1880 5130 narraverunt
1902 5078 1994 5130 do-

423 5170 563 5222 mino
585 5185 680 5222 suo
711 5169 888 5221 omnia
917 5183 1034 5236 qum
1063 5167 1202 5236 facta
1225 5167 1454 5236 fuerant.
1483 5165 1727 5220 Conservi
1751 5167 1864 5236 ejus
1891 5168 1994 5222 hoc

421 5259 540 5313 loco
589 5258 898 5313 sacerdotes
949 5267 1004 5312 et
1048 5257 1284 5328 religiosi
1342 5258 1443 5312 viri
1491 5257 1876 5327 intelliguntur,
1901 5259 1992 5329 qui

420 5353 646 5406 videntes
695 5367 758 5408 ea
803 5369 920 5423 qua:
970 5352 1219 5420 nequiter
1254 5351 1306 5405 in
1337 5349 1561 5406 fratrem
1593 5351 1658 5406 ab
1685 5366 1750 5405 eo
1777 5352 1989 5418 ﬁebant,

423 5442 710 5496 contristati
738 5454 858 5498 sunt
888 5442 1058 5497 valde.
1117 5441 1182 5495 Et
1226 5451 1496 5508 venerunt,
1550 5453 1597 5496 et
1647 5453 1989 5496 narraverunt

419 5531 538 5586 haec
566 5536 739 5586 omnia
759 5534 970 5588 domino
987 5547 1082 5586 suo
1110 5547 1128 5586 :
1151 5531 1276 5603 quia
1306 5532 1578 5586 redierunt
1601 5533 1668 5587 ad
1697 5547 1792 5587 cor
1811 5547 1987 5598 suum,

421 5631 474 5677 et
513 5622 583 5676 ibi
610 5622 789 5679 divino
814 5621 1120 5692 conspectui
1151 5621 1507 5688 intendentes,
1540 5624 1818 5693 conquesti
1863 5629 1989 5678 sunt

2101 4452 2181 4495 tus
2215 4442 2394 4511 itaque
2425 4441 2642 4494 tradidit
2669 4457 2784 4495 eum
2825 4439 3106 4494 tortoribus
3126 4480 3140 4506 ,
3173 4438 3274 4492 hoc
3301 4444 3386 4490 est
3415 4433 3667 4503 malignis

2101 4535 2407 4604 spiritibus,
2457 4535 2545 4603 qui
2590 4543 2902 4605 torquerent
2931 4548 3051 4588 eum
3100 4533 3152 4586 in
3193 4531 3431 4594 inferno,
3461 4530 3669 4597 quoad-

2099 4641 2260 4695 usque
2286 4625 2517 4678 redderet
2563 4626 2858 4676 universum
2893 4623 3121 4676 debitum
3144 4661 3160 4685 ,
3202 4620 3254 4675 i'd
3281 4629 3363 4675 est
3389 4619 3506 4672 sine
3536 4618 3664 4670 fine.

2098 4713 2350 4783 Quisquis
2391 4713 2534 4767 enim
2580 4711 2743 4765 semel
2785 4711 3015 4764 traditus
3045 4707 3466 4762 irrevocabiliter
3498 4705 3666 4758 fuerit

2097 4803 2400 4857 crudelibus
2444 4801 2678 4871 angelis,
2724 4815 2952 4870 quorum
3001 4799 3229 4854 oliicium
3276 4807 3357 4852 est
3404 4798 3665 4867 reprobos

2101 4907 2383 4964 torquere,
2415 4909 2689 4962 nunquam
2719 4893 2942 4946 ulterius
2966 4891 3105 4946 valet
3123 4891 3359 4945 debitum
3391 4890 3615 4943 reddere
3645 4905 3659 4940 :

2095 4989 2219 5058 quia
2245 5001 2350 5040 non
2381 4993 2556 5054 potest
2577 5001 2670 5054 per
2695 4983 3066 5052 paenitentiam
3093 4993 3147 5038 et
3170 4997 3332 5052 opera
3357 4981 3492 5035 bona
3518 4982 3661 5050 quod

2094 5076 2233 5130 male
2258 5073 2425 5144 gessit
2451 5073 2771 5134 emendare,
2805 5081 2860 5126 et
2901 5079 3183 5140 propterea
3213 5083 3427 5138 semper
3455 5068 3664 5137 cogitur

2091 5181 2281 5238 poenas
2312 5165 2597 5220 sustinere.
2633 5165 2713 5218 Ad
2739 5163 2868 5233 quid
2895 5171 3071 5216 autem
3113 5163 3228 5217 haec
3251 5157 3505 5231 parabnla
3539 5166 3662 5211 ten-

2091 5259 2215 5323 dat,
2253 5265 2648 5326 consequenter
2680 5255 2939 5310 Dominus
2978 5253 3253 5308 subdendo
3304 5251 3612 5305 manifestat
3646 5267 3660 5301 :

2091 5348 2176 5403 Sic
2199 5359 2244 5402 et
2279 5345 2436 5401 Pater
2473 5363 2616 5401 meus
2637 5346 2853 5400 ctelestis
2892 5345 3048 5414 faciet
3077 5345 3250 5410 vobis,
3281 5345 3326 5398 si
3371 5358 3472 5395 non
3507 5341 3663 5394 remi-

2088 5441 2258 5494 scritis
2284 5441 2630 5511 unusquisque
2653 5437 2807 5507 fratri
2826 5452 2920 5489 suo
2942 5436 3004 5490 de
3025 5435 3272 5489 cordibus
3289 5433 3484 5488 vestris.
3510 5430 3664 5486 Sicut

2088 5539 2265 5586 autem
2295 5547 2323 5585 a
2355 5545 2511 5586 servo
2540 5536 2731 5584 cuncta
2757 5541 2877 5596 quae
2923 5527 3201 5582 dimiserat
3229 5524 3472 5595 repetiit,
3499 5538 3654 5579 eum-

2088 5638 2224 5693 que,
2254 5637 2376 5676 cum
2407 5635 2512 5676 non
2559 5628 2744 5689 posset
2784 5618 3007 5676 reddere
3030 5658 3046 5688 ,
3074 5617 3385 5680 damnavit,
3416 5615 3540 5684 quia
3573 5612 3663 5672 ille
