3940 6046
376 197 474 256 σει

1480 197 1779 254 ῐίυΜιῐιΙΑΞ
1810 196 1896 252 ET
1937 193 2536 250 EXIlORTATlONES.

3535 200 3638 254 ϐἓῖ

375 323 640 369 conservo
681 325 779 365 suo
808 309 1084 366 dimittere
1133 310 1338 376 noluit;
1373 313 1446 366 sic
1475 322 1523 366 et
1561 311 1724 366 Pater
1757 327 1902 365 meus
1928 324 1959 364 a
1987 314 2038 372 Α
2063 308 2293 379 quisque
2321 324 2506 363 eorum
2551 307 2719 378 magis
2750 321 2811 364 ac
2845 308 3012 375 magis
3044 309 3258 380 purgari
3291 320 3451 379 atque
3482 329 3641 372 mun-

375 401 617 472 quolibet
636 416 702 455 ex
731 400 886 454 vobis
915 401 1110 454 iterum
1133 401 1311 471 exiget
1341 400 1599 470 quidquid
1631 399 1703 454 illi
1731 415 1826 470 per
1846 414 1960 468 poe-

375 489 657 545 nitentiam
695 489 930 555 dimisit;
966 489 1056 545 ille
1087 488 1242 545 fratri
1272 506 1369 546 suo
1397 501 1595 546 cuncta
1639 505 1759 560 quae
1804 489 1858 544 in
1903 504 1960 546 se

375 582 625 652 peccavit
669 595 734 635 ex
783 581 949 637 corde
980 597 1086 637 non
1118 582 1408 637 dimiserit.
1458 581 1536 637 ita
1585 598 1679 638 vos
1719 581 1961 652 singulos

377 677 543 731 Pater
578 693 722 731 meus
754 678 820 730 ad
860 675 1128 745 judicium
1168 677 1476 742 revocabit,
1508 686 1564 731 et
1591 691 1712 746 qua:
1741 675 1960 731 miseri-

382 768 570 824 cordia
601 767 774 822 ilexus
800 768 1033 837 primum
1063 768 1297 832 dimisit,
1338 775 1579 835 repetet,
1611 781 1815 836 vosque
1861 777 1963 819 tor-

373 859 576 913 toribus
600 858 810 929 angelis
835 859 1010 913 tradet
1035 876 1048 912 :
1073 861 1118 914 si
1151 875 1252 913 non
1284 859 1586 913 remiseritis
1611 859 1962 928 unusquisque

376 950 532 1020 fratri
561 967 657 1003 suo
703 960 988 1019 peccatum
1020 966 1180 1006 omne
1225 949 1368 1020 quod
1415 950 1470 1005 in
1514 965 1610 1005 vos
1652 950 1822 1006 frater
1870 951 1962 1006 ille

375 1039 686 1105 commisiti;
732 1050 787 1095 et
832 1041 1135 1096 remiseritis
1166 1040 1291 1095 illud
1325 1057 1431 1096 non
1464 1040 1830 1107 simulatorie,
1867 1041 1963 1096 sed

375 1131 648 1188 veraciter
695 1132 759 1186 de
788 1134 1037 1187 cordibus
1067 1133 1248 1188 vestris
1269 1173 1284 1197 ,
1315 1141 1376 1187 ut
1419 1149 1526 1188 non
1558 1141 1875 1188 remaneant
1907 1133 1963 1187 in

374 1223 541 1278 corde
585 1238 708 1278 cum
760 1224 1062 1279 remiseritis
1119 1224 1252 1278 illud
1301 1239 1417 1280 ore.
1477 1223 1596 1280 Non
1644 1234 1823 1280 tamen
1866 1241 1963 1294 per

383 1317 626 1386 seipsum
656 1316 820 1371 Pater
845 1317 1150 1387 hujusmodi
1175 1317 1378 1388 judicia
1407 1316 1598 1383 faciet,
1627 1317 1721 1390 sed
1747 1332 1845 1388 per
1872 1317 1964 1372 Fi-

378 1407 548 1462 lium:
571 1408 719 1477 quia,
753 1409 892 1464 sicut
921 1409 1209 1479 Apostolus
1236 1419 1488 1475 testatur,
1517 1395 1787 1464 Iudicabit
1822 1409 1962 1466 Deus

377 1502 585 1554 occulta
611 1501 880 1555 hominum
908 1519 1001 1570 per
1021 1502 1204 1556 Jesum
1232 1501 1497 1556 Christum
1540 1500 1712 1571 (Rom.
1747 1517 1783 1555 ιι
1802 1543 1816 1566 ,
1848 1501 1958 1574 16).

377 1589 588 1646 Idcirco
614 1591 678 1645 de
704 1591 948 1644 cordibus
994 1594 1173 1645 vestris
1221 1592 1605 1646 remittendum
1649 1602 1734 1646 est
1777 1591 1962 1647 fratris

376 1687 696 1750 peccatum,
742 1679 868 1749 quia
907 1679 1166 1749 judicabit
1225 1679 1366 1734 Deus
1416 1680 1619 1734 occulta
1657 1680 1956 1746 hominum,
1993 1653 2036 1711 Β

380 1785 452 1825 ne
499 1785 646 1825 nunc
701 1769 756 1824 iu
805 1771 1034 1826 occultis
1097 1772 1340 1827 cordium
1413 1781 1735 1842 nostrorum‘
1789 1771 1962 1828 latere

376 1861 510 1917 illud
542 1863 750 1926 videat,
782 1871 836 1917 et
865 1871 992 1918 tunc
1026 1862 1370 1919 manifestam
1403 1878 1502 1932 pro
1534 1863 1636 1918 boc
1658 1863 1965 1918 damnatio-

379 1970 506 2011 nem
530 1954 746 2010 iuferat.
771 1955 1202 2011 Misericordiam
1222 1963 1276 2010 et
1291 1957 1612 2010 charitatem
1632 1971 1759 2026 erga
1779 1955 1962 2024 proxi-

380 2061 529 2100 mum
558 2045 761 2100 habere
809 2045 1156 2111 Studeamus,
1189 2046 1526 2100 remittentes
1570 2045 1618 2101 ei
1653 2046 1961 2101 misericor-

380 2134 526 2189 diter
549 2135 691 2206 quod
729 2135 782 2189 in
833 2151 931 2190 nos
972 2135 1234 2206 deliquit,
1264 2145 1320 2190 et
1343 2151 1480 2205 puro
1507 2135 1670 2190 corde
1701 2135 1849 2190 illum
1880 2136 1961 2190 dio

376 2222 635 2294 ligentes,
664 2231 724 2276 ut
791 2234 845 2277 et
891 2239 990 2278 nos
1035 2223 1268 2278 similem
1317 2223 1743 2279 vicissitudinem
1792 2240 1821 2278 a
1873 2224 1962 2295 pio

372 2314 556 2386 judice
586 2326 771 2371 nostro
800 2331 1220 2387 consequamur,
1269 2315 1361 2387 qui
1395 2317 1528 2373 vivit
1568 2325 1625 2371 et
1673 2327 1862 2387 regnat
1906 2318 1958 2373 in

376 2408 574 2464 srecula
597 2408 942 2465 saeculorum.
982 2409 1180 2464 Amen.

950 2499 1230 2556 HOMILIA
1280 2498 1367 2556 Vl.

373 2591 434 2647 ιι(
470 2608 805 2648 evsuceumt
846 2608 1123 2650 secuuouu
1172 2609 1345 2648 LUCAM
1379 2610 1393 2647 :
1442 2592 1723 2661 Postquam
1762 2593 1959 2663 impleti

446 2693 568 2737 sunt
615 2685 727 2738 dies
764 2683 1090 2753 purgationis
1123 2683 1237 2752 ejus
1266 2683 1550 2737 secundum
1578 2682 1741 2753 legem
1765 2681 1958 2754 Moysi,

446 2774 676 2828 tulerunt
708 2774 855 2828 illum
886 2776 941 2828 in
960 2773 1289 2836 Jerusalem,
1323 2783 1377 2827 ut
1408 2773 1646 2828 sisterent
1683 2789 1798 2826 eum
1847 2773 1958 2826 Do-

451 2865 618 2925 mino.
638 2865 768 2919 sicut
793 2866 1045 2932 scriptum
1071 2875 1143 2918 est
1167 2863 1222 2916 in
1241 2862 1350 2932 lege
1371 2862 1581 2916 Domini
1604 2875 1624 2914 :
1649 2861 1786 2928 Quia
1809 2877 1960 2915 omne

450 2954 1130 3022 masculinumadaperiens
1171 2952 1399 3020 uuluam,
1448 2964 1685 3007 sanctum
1733 2952 1958 3006 Domino

447 3047 735 3100 racabitur.
769 3045 836 3100 Et
861 3045 1066 3114 reliqua
1099 3045 1252 3114 (Luc.
1286 3061 1354 3110 tt,
1409 3043 1521 3114 29.).

445 3137 771 3192 Praeclaram
825 3135 988 3206 hujus
1051 3136 1155 3192 diei
1210 3135 1558 3192 festivitatem
1625 3135 1961 3191 celebrantes

375 3229 716 3301 gratulemur
743 3244 910 3299 super
953 3228 1239 3285 beneﬁciis
1286 3229 1340 3284 in
1391 3244 1456 3284 ea
1501 3229 1660 3284 nobis
1704 3228 1967 3301 divinitus

374 3319 675 3376 concessis.
700 3317 836 3372 Nam
866 3333 1040 3388 neque
1067 3317 1262 3390 Virgo,
1290 3335 1410 3389 qua:
1433 3319 1501 3375 de
1524 3328 1719 3374 sancto
1749 3318 1956 3390 Spiritu

376 3408 670 3478 concipere
697 3408 855 3478 digna
883 3407 1010 3474 fuit;
1038 3404 1212 3478 neque
1237 3408 1426 3474 Filius,
1456 3425 1615 3480 quem
1648 3410 1722 3465 ita
1750 3411 1958 3483 genuit,

376 3500 704 3571 purgatione
758 3500 990 3572 indiguit
1041 3518 1055 3553 :
1105 3500 1201 3554 sed
1268 3501 1323 3554 in
1391 3516 1579 3556 eorum
1641 3502 1962 3574 purgatione

377 3600 620 3646 nostram
658 3590 1033 3661 purgationem
1063 3590 1208 3650 Deus
1233 3592 1556 3660 praeparavit
1594 3606 1658 3645 ac
1711 3592 1960 3662 pra-ligu-

379 3681 546 3746 ravit,
577 3680 668 3750 qui
701 3679 886 3734 multis
916 3680 1170 3735 sordibus
1203 3679 1386 3735 infecti
1419 3680 1732 3734 multimoda
1765 3696 1960 3752 purga-

381 3769 532 3824 tione
559 3769 881 3839 indigemus.
917 3769 1045 3836 Quae
1076 3769 1241 3840 igitur
1269 3770 1335 3824 de
1362 3770 1590 3825 Domino
1621 3786 1761 3825 nunc
1785 3772 1959 3826 histo-

379 3862 589 3918 rialiter
615 3863 669 3916 in
708 3861 1020 3933 evangelica
1059 3849 1289 3918 lectione
1334 3871 1644 3925 narrantur,
1692 3863 1758 3918 de
1802 3865 1960 3920 nobis

379 3955 741 4025 spiritualiter
761 3955 1134 4026 intelligantur
1155 3971 1167 4008 :
1189 3955 1311 4024 quia
1333 3955 1376 4010 si
1401 3954 1639 4010 membra
1662 3955 1745 4009 vel
1763 3971 1959 4027 corpus

379 4047 498 4118 ejus
523 4061 732 4110 sumus,
758 4046 874 4116 ipse
899 4047 952 4100 in
980 4045 1138 4100 nobis
1166 4053 1277 4111 est;
1304 4054 1358 4099 et
1379 4060 1498 4116 quae
1526 4046 1592 4099 de
1619 4046 1773 4100 uobis
1802 4045 1958 4112 tium,

374 4148 432 4193 et
457 4138 525 4194 dc
549 4138 640 4192 illo
661 4146 808 4192 recte
832 4137 949 4192 fieri
974 4138 1252 4192 dicuntur.
1279 4134 1412 4189 Nam
1436 4145 1492 4190 et
1513 4152 1710 4204 corpus
1731 4135 1958 4204 Christi,

377 4231 521 4300 quod
569 4239 653 4286 est
700 4229 973 4294 Ecclesia,
1007 4237 1236 4284 vocatur
1280 4228 1562 4292 Christus,
1593 4228 1851 4298 Apostolo
1876 4229 1959 4282 di-

375 4329 536 4374 cente
587 4337 601 4373 ἶ

375 4413 576 4479 multa;
642 4415 818 4468 omnia
867 4423 1043 4466 autem
1099 4412 1330 4466 membra
1383 4413 1650 4480 corporis,
1694 4428 1812 4465 cum
1850 4414 1954 4466 sint

373 4507 573 4572 multa,
606 4523 768 4561 unum
795 4522 986 4574 corpus
1024 4513 1144 4559 sunt
1190 4520 1208 4558 .'
1246 4505 1318 4558 ita
1350 4514 1398 4558 et
1444 4503 1682 4558 Christus
1733 4502 1784 4574 (Ι
1828 4503 1952 4557 Cor.

373 4615 484 4664 xu,
520 4601 629 4670 12).
665 4597 822 4656 Unde
850 4609 999 4669 patet
1022 4599 1148 4668 quia
1170 4597 1328 4654 simul
1355 4598 1594 4652 universi
1630 4596 1811 4652 fideles
1832 4613 1954 4653 cum

373 4693 557 4762 capite
585 4707 685 4746 suo
732 4699 860 4746 sunt
901 4688 1183 4755 Christus,
1211 4689 1355 4759 quod
1399 4698 1454 4743 et
1497 4703 1564 4744 ex
1613 4688 1796 4742 multis
1835 4688 1956 4744 aliis

377 4783 783 4853 Scripturarum
831 4782 966 4837 locis
1006 4781 1223 4850 probari
1289 4788 1490 4849 potest.
1544 4779 1678 4834 Cum
1725 4795 1854 4851 ergo
1890 4780 1956 4834 de

371 4875 696 4945 purgatione
741 4872 942 4928 Christi
983 4871 1276 4941 loquimur,
1312 4873 1379 4927 ad
1410 4871 1556 4925 illam
1583 4871 1702 4939 ejus
1745 4880 1954 4942 partem

373 4979 494 5032 qua:
527 4963 853 5034 purgatione
875 4964 1076 5033 indiget
1101 4962 1423 5027 referamus,
1451 4964 1502 5017 id
1532 4972 1617 5017 est
1639 4963 1706 5016 ad
1735 4977 1953 5031 corpus.

372 5053 561 5124 itaque
591 5055 673 5109 vel
721 5057 788 5110 ad
819 5070 1045 5124 corpus,
1096 5053 1179 5108 vel
1225 5055 1290 5108 ad
1326 5054 1604 5124 quodlibet
1652 5054 1954 5108 membrum

369 5142 488 5212 ejus
533 5147 756 5216 mystice
790 5145 1056 5201 referatur
1103 5146 1247 5215 quod
1290 5160 1433 5199 nunc
1486 5143 1840 5198 bistorialiter
1889 5142 1955 5196 de

371 5235 549 5304 capite
579 5238 772 5308 legitur
805 5257 818 5292 :
847 5239 970 5306 quia
1003 5249 1276 5308 postquam
1307 5235 1507 5303 impleti
1537 5246 1658 5288 sunt
1703 5236 1813 5288 dies
1835 5249 1955 5302 pur-

368 5327 592 5396 gationis
623 5331 736 5398 ejus
755 5331 1037 5383 secundum
1061 5329 1223 5399 legent
1251 5328 1442 5399 Moysi,
1471 5326 1699 5380 tulerunt
1724 5325 1871 5378 illum
1899 5327 1953 5378 in

367 5416 696 5485 Jerusalem,
729 5429 784 5473 ut
807 5421 1044 5474 sisterent
1067 5437 1184 5474 eum
1209 5419 1449 5472 Domino.
1490 5418 1617 5472 Dies
1648 5417 1795 5470 enim
1826 5432 1953 5486 pur-

368 5509 602 5580 gationis
623 5510 801 5581 pepuli
826 5510 1064 5566 ﬁdelium
1093 5511 1178 5565 vel
1205 5511 1484 5576 Ecclesiae,
1511 5510 1561 5564 id
1588 5518 1674 5564 est
1710 5505 1952 5576 cerporis

366 5602 600 5674 Christi,
655 5604 943 5674 implentur
987 5603 1204 5674 quidem
1251 5603 1532 5672 quotidie,
1583 5601 1709 5656 dum
1781 5614 1951 5656 unus-

2061 397 2178 454 dari
2203 399 2406 471 jugiter
2430 399 2659 470 satagit;
2690 399 2782 453 sed
2814 397 3019 467 impleti
3065 414 3169 454 non
3217 409 3377 455 erunt
3405 417 3466 456 ex
3499 413 3640 473 toto,

2059 488 2165 544 nisi
2192 490 2244 543 in
2277 488 2384 544 ﬁne
2427 488 2630 543 saeculi.
2657 488 2805 543 Finis
2833 495 3014 542 tamen
3045 487 3225 543 saeculi
3248 500 3331 545 est
3355 491 3643 565 unicuique

2060 582 2194 636 hora
2221 582 2402 636 obitus
2424 581 2530 645 sui,
2555 589 2612 634 et
2636 579 2727 650 qui
2752 581 3042 634 mundatus
3070 595 3099 634 a
3134 583 3370 649 peccatis
3391 585 3642 641 omnibus

2063 675 2114 730 in
2145 675 2292 730 obitu
2324 691 2421 729 suo
2460 683 2709 742 repertus
2743 672 2937 740 fuerit,
2970 673 3167 742 impleti
3206 684 3324 728 sunt
3369 675 3480 748 dies
3517 697 3645 748 pur-

2061 767 2287 835 gationis
2335 765 2448 836 ejus
2495 765 2779 819 secundum
2812 765 2973 835 legem
3023 765 3213 838 Moysi.
3248 766 3379 822 Nam
3414 771 3647 838 quadra-

2063 857 2208 926 ginta
2240 857 2429 912 diebus
2459 857 2756 914 secundum
2798 856 2970 926 legem
3009 857 3165 912 fiebat
3207 858 3309 914 ista
3353 862 3604 932 purgatio
3629 905 3644 931 ,

2064 957 2120 1003 et
2190 948 2658 1020 quadragenarius
2729 965 2988 1004 numerus
3048 950 3132 1005 vel
3204 953 3436 1021 Spatium
3503 947 3646 1024 quod

2064 1047 2144 1093 est
2203 1054 2377 1109 usque
2446 1041 2514 1096 ad
2576 1040 2742 1096 ﬁnem
2805 1041 2983 1095 saeculi
3019 1082 3036 1108 ,
3109 1041 3194 1099 vel
3255 1052 3463 1116 tempus
3525 1047 3648 1100 vitae

2067 1129 2493 1200 uniuscujusque
2540 1140 2786 1187 nostrum
2841 1131 3130 1204 significat.
3187 1134 3412 1204 Expleto
3476 1135 3641 1206 igitur

2066 1221 2159 1274 tali
2209 1222 2675 1293 quadragenario,
2731 1222 2935 1293 impleti
3001 1232 3159 1278 erunt
3211 1224 3326 1280 dies
3373 1228 3649 1298 purgatio-

2065 1313 2150 1368 nis
2198 1313 2282 1368 vel
2330 1313 2588 1368 Ecclesia:
2633 1313 2718 1370 vel
2753 1315 3040 1386 cujuslibet
3063 1312 3354 1386 justoruin.
3388 1319 3465 1373 lta
3499 1321 3643 1375 enim

2064 1405 2152 1458 lex
2199 1403 2436 1474 loquitur
2485 1423 2499 1458 :
2547 1403 2744 1460 Mulier
2769 1409 2815 1461 si
2862 1419 3095 1478 suscepto
3148 1412 3344 1464 semine
3394 1413 3648 1483 pepererit

2063 1494 2387 1563 masculum,
2421 1497 2694 1552 immunda
2736 1499 2834 1553 erit
2871 1511 3064 1570 septem
3111 1502 3324 1567 diebus,
3347 1505 3508 1573 juxta
3538 1507 3647 1560 dies

2065 1588 2412 1653 separationis
2457 1600 2845 1656 menstrum;et
2895 1591 2979 1645 die
3021 1603 3202 1646 octavo
3246 1593 3648 1652 circumcidetur

2063 1678 2380 1748 infantulus.
2414 1679 2539 1751 Ipsa
2561 1698 2679 1735 vero
2708 1682 2926 1752 triginta
2953 1683 3134 1738 diebus
3167 1686 3395 1739 manebit
3425 1687 3478 1740 in
3522 1705 3646 1741 san-

2063 1769 2221 1841 guine
2243 1769 2627 1840 puriﬁcationis
2655 1788 2786 1824 sure.
2823 1770 2989 1824 Omne
3012 1785 3255 1826 sanctum
3292 1791 3395 1828 non
3441 1785 3644 1846 tanget,

2065 1879 2157 1917 nec
2200 1863 2524 1931 ingredietur
2559 1864 2957 1928 sanctuarium,
2999 1865 3161 1919 donec
3198 1867 3514 1936 impleantur
3538 1870 3648 1924 dies

2061 1952 2389 2021 purgationis
2436 1953 2551 2022 ejus
2613 1952 2806 2024 (Leuit.
2852 1971 2964 2020 xu,
3001 1951 3080 2024 ‘2).
3134 1956 3200 2010 Et
3245 1974 3364 2027 qua:
3412 1968 3492 2014 est
3538 1959 3641 2016 ista

2063 2044 2277 2107 mulier,
2307 2045 2409 2098 nisi
2445 2045 2738 2101 electorum
2769 2047 3010 2103 Ecclesia
3031 2088 3044 2112 ,
3097 2049 3179 2106 vel
3231 2051 3646 2119 przedicatorum

2061 2134 2329 2202 persona?
2361 2132 2486 2189 llaec
2515 2135 2662 2188 enim
2692 2145 2944 2206 suscepto
2968 2137 3124 2192 verbi
3155 2138 3250 2194 Dei
3276 2141 3484 2197 semine
3506 2128 3650 2212 parit

2061 2236 2127 2276 ex
2159 2237 2222 2277 eo
2253 2221 2579 2284 masculum,
2613 2223 2665 2278 id
2695 2235 2778 2278 ρει
2803 2239 2898 2296 per
2924 2227 3360 2296 prtedicationem
3389 2231 3646 2300 spiritua-

2062 2309 2186 2366 liter
2225 2311 2396 2383 gignit
2448 2312 2637 2368 fortem
2688 2323 2744 2370 et
2792 2331 2989 2370 novum
3039 2317 3292 2389 populum
3327 2319 3622 2378 electorum

2064 2402 2190 2457 Dies
2218 2403 2572 2473 quadraginta
2623 2400 2958 2476 purgationis
3003 2405 3152 2476 ejus,
3205 2409 3294 2481 qui
3331 2411 3647 2468 dividuntur

2062 2491 2116 2546 in
2150 2502 2356 2562 septem
2386 2503 2441 2548 et
2473 2493 2691 2562 triginta
2720 2501 2857 2559 tres,
2889 2491 2932 2550 si
2957 2499 3252 2568 separatim
3283 2511 3644 2570 exportantur,

2061 2593 2288 2654 possunt
2323 2583 2392 2638 ob
2430 2584 2896 2641 confirmationem
2930 2587 3011 2643 bis
3037 2588 3269 2658 idipsum
3301 2589 3646 2661 signiﬁcare,

2062 2676 2204 2747 quod
2234 2675 2503 2744 conjuncti
2556 2675 2724 2733 semel
2771 2671 3098 2748 significant.
3147 2679 3278 2734 Nam
3327 2683 3428 2738 ista
3472 2691 3649 2741 mater

2061 2784 2185 2824 cum
2212 2784 2308 2824 sua
2336 2770 2486 2840 prole
2507 2778 2590 2825 est
2618 2769 2890 2824 immunda
2921 2780 3126 2840 septem
3150 2772 3359 2838 diebus,
3385 2775 3639 2846 quoniam

2062 2869 2248 2915 sancta
2275 2859 2538 2925 Ecclesia,
2571 2858 2654 2914 vel
2683 2859 3088 2930 prtedicantium
3119 2875 3381 2932 persona,
3411 2880 3535 2920 cum
3561 2866 3648 2923 liis

2062 2966 2198 3021 quos
2239 2950 2290 3004 in
2345 2949 2450 3005 fide
2503 2950 2716 3018 genuit,
2760 2967 2865 3005 non
2902 2959 2986 3006 est
3022 2952 3226 3021 absque
3266 2954 3443 3023 aliqua
3488 2957 3648 3012 sorde

2063 3041 2268 3112 peccati
2325 3051 2435 3095 toto
2467 3052 2706 3111 tempore
2747 3043 3029 3112 prgesentis
3062 3039 3222 3109 vine,
3263 3046 3405 3115 quod
3431 3037 3642 3115 septem

2062 3134 2252 3190 diebus
2288 3134 2480 3204 agitur.
2514 3131 2672 3189 Videt
2724 3135 2866 3188 enim
2923 3127 3084 3188 aliam
3115 3135 3276 3206 legem
3318 3137 3371 3191 in
3401 3123 3644 3192 membris

2061 3226 2174 3280 suis
2197 3235 2562 3295 repugnantem
2593 3223 2692 3299 legi
2726 3226 2911 3280 men'is
2951 3222 3063 3281 sua:
3091 3225 3264 3298 (Rom.
3297 3245 3372 3283 vtt
3393 3267 3408 3294 ,
3435 3229 3549 3301 25).
3581 3232 3647 3286 Et

2062 3317 2186 3372 inde
2218 3325 2398 3370 manet
2428 3316 2912 3386 immunda,juxla
2961 3318 3072 3372 dies
3110 3311 3455 3390 separationis
3495 3339 3643 3377 men-

2060 3419 2222 3462 struw
2249 3424 2268 3462 :
2305 3409 2431 3478 quia
2459 3409 2598 3463 sicut
2647 3417 2922 3464 menstrua
2969 3421 3253 3482 separatur
3295 3427 3324 3466 a
3377 3427 3645 3469 conventu

2061 3501 2383 3555 mundorum
2431 3502 2485 3555 in
2532 3501 2720 3557 diebus
2763 3503 3119 3560 immundilize
3147 3521 3288 3572 suae,
3329 3507 3410 3562 sic
3454 3516 3508 3563 et
3544 3511 3644 3564 ista

2060 3602 2343 3660 separatur
2367 3607 2395 3645 τι
2431 3602 2698 3648 coitventu
2729 3594 3041 3664 angelorum
3085 3597 3138 3650 in
3179 3597 3368 3654 diebus
3400 3603 3645 3656 mortali-

2062 3683 2186 3736 tatis
2211 3697 2342 3736 suae.
2366 3681 2637 3737 Menstrua
2655 3686 2798 3738 enim
2825 3683 2999 3741 aliena
3023 3701 3185 3741 carne
3211 3704 3315 3744 non
3341 3669 3504 3762 170
3530 3700 3647 3747 tan-

2061 3770 2204 3840 gitur
2222 3812 2238 3836 ,
2263 3771 2357 3824 sed
2385 3769 2529 3825 ﬂuxu
2559 3772 2911 3828 immunditite
2933 3789 3045 3829 sua:
3075 3775 3367 3844 polluitur;
3399 3788 3455 3832 et
3476 3780 3647 3850 signi-

2061 3863 2190 3915 ﬁcat
2225 3861 2462 3916 animam
2499 3876 2618 3932 quae
2661 3878 2767 3918 non
2821 3874 2976 3930 actu,
3019 3865 3115 3920 sed
3154 3868 3388 3936 cogitatu
3425 3871 3646 3926 sordido

2063 3951 2294 4007 latenter
2324 3953 2656 4020 inquinatur.
2699 3953 2794 4024 Sic
2825 3964 2880 4010 et
2912 3963 3224 4010 sanctorum
3253 3955 3493 4013 Ecclesia
3513 3999 3530 4025 ,
3561 3961 3645 4022 vel

2059 4041 2230 4097 electa
2255 4043 2466 4112 anima,
2499 4047 2622 4099 dum
2655 4045 2708 4100 in
2738 4061 2904 4102 carne
2949 4047 3154 4116 peccati
3200 4048 3366 4114 vivit;
3394 4053 3643 4120 quamvis

2061 4148 2166 4188 non
2193 4149 2384 4202 Opere,
2421 4145 2594 4192 tamen
2618 4138 2944 4208 cogitatione
2978 4140 3182 4210 peccati
3213 4141 3488 4200 multoties
3521 4159 3642 4200 sor-

2061 4226 2308 4292 didatur;
2327 4237 2382 4282 et
2407 4229 2526 4284 ideo
2549 4229 2830 4288 beatorum
2853 4232 3116 4289 societate
3129 4233 3442 4303 angelorum
3468 4237 3646 4293 adhuc

655 4319 804 4373 Sicut
847 4335 1034 4389 corpus
1075 4335 1239 4373 unum
1282 4329 1357 4372 est
1385 4357 1400 4380 ,
1447 4328 1495 4372 et
1531 4319 1759 4373 membra
1802 4319 1954 4373 habet
1987 4333 2033 4395 ο
2061 4318 2275 4389 indigna
2299 4318 2597 4388 judicatur.
2639 4321 2877 4376 Octavus
2913 4331 3095 4378 autem
3133 4325 3284 4388 dies,
3316 4326 3369 4380 in
3401 4340 3506 4395 quo
3536 4328 3643 4382 cir-

2060 4411 2383 4465 cumciditur
2416 4411 2740 4477 infantulus,
2783 4414 2898 4468 dies
2926 4425 3014 4475 est
3038 4415 3417 4486 baptismatis,
3451 4418 3503 4472 in
3533 4435 3642 4489 quo

2059 4503 2363 4573 neopbytus
2397 4505 2626 4573 quisque
2679 4503 2913 4560 exuitur
2947 4507 3068 4562 tabe
3103 4507 3292 4576 primae
3329 4511 3644 4580 generatio-

2059 4594 2174 4658 nis,
2231 4606 2285 4648 et
2316 4595 2614 4650 ascendens
2652 4595 2717 4650 de
2755 4596 2974 4652 lavacro
2999 4597 3060 4653 fit
3079 4583 3366 4672 particeps
3401 4618 3642 4658 resurre-

2056 4685 2250 4739 ctionis
2288 4684 2517 4750 Clu-isti,
2551 4701 2669 4753 qua:
2700 4687 2786 4742 die
2815 4697 3007 4744 octavo
3033 4691 3290 4745 mundum
3328 4691 3638 4748 illustravit.

2056 4775 2191 4830 Nam
2219 4785 2502 4846 prepterea
2531 4777 2672 4832 diem
2699 4788 2974 4844 octavum,
2999 4796 3106 4850 quo
3128 4782 3383 4852 parvulus
3403 4785 3638 4840 circum-

2057 4871 2285 4935 ciditur,
2320 4886 2425 4926 non
2465 4871 2532 4924 ad
2581 4881 2789 4941 tempus
2833 4883 3048 4928 aeternae
3082 4878 3494 4934 resurrectionis
3520 4892 3637 4932 om-

2055 4963 2202 5018 nium
2226 5005 2243 5030 ,
2285 4963 2378 5019 sed
2409 4965 2475 5018 ad
2504 4965 2954 5020 resurrectionem
2983 4964 3180 5020 Christi
3205 5005 3221 5030 ,
3254 4966 3304 5020 id
3330 4976 3416 5022 est
3442 4966 3509 5021 ad
3541 4966 3636 5020 ba.-

2055 5053 2308 5121 ptismum
2337 5051 2621 5121 cujuslibet
2647 5054 2816 5109 nostri
2847 5053 3169 5117 retulimus;
3203 5055 3331 5123 quia
3363 5056 3475 5123 ipse
3505 5070 3633 5124 par-

2053 5139 2226 5204 vulus,
2242 5149 2526 5210 postquam
2551 5150 2666 5196 erat
2688 5143 3038 5198 circumcisus
3056 5181 3074 5207 ,
3095 5158 3201 5198 non
3232 5144 3633 5212 ingrediebatur

2054 5233 2420 5287 sanctuariqu
2497 5233 2601 5288 nisi
2649 5233 2882 5304 impletis
2927 5234 3120 5289 diebus
3164 5233 3386 5302 triginta
3429 5235 3631 5302 tribus;

2053 5323 2194 5379 sicut
2225 5333 2282 5378 et
2305 5325 2690 5398 unusquisque
2733 5333 3007 5387 nostrum,
3041 5323 3166 5380 licet
3195 5323 3266 5378 sit
3291 5323 3630 5394 baptizatus,

2053 5431 2162 5471 non
2212 5425 2389 5472 tamen
2441 5433 2688 5488 supernae
2733 5415 3080 5472 beatitudinis
3125 5416 3379 5487 templum
3422 5418 3629 5490 ingredi

2052 5508 2214 5574 valet,
2236 5509 2337 5564 nisi
2364 5510 2588 5566 decurso
2617 5507 2960 5564 mortalitatis
2989 5509 3110 5564 vita:
3139 5512 3334 5579 spatio,
3365 5512 3505 5582 quod
3537 5526 3628 5582 per

2055 5600 2170 5658 dies
2201 5602 2417 5668 triginta
2453 5610 2566 5657 tres
2609 5599 2938 5670 designatur.
2969 5597 3138 5657 Totus
3158 5601 3302 5656 enim
3331 5603 3418 5658 hic
3443 5619 3632 5661 nume-
