3910 6018
299 138 404 195 6'35

669 138 727 196 S.
766 139 1059 198 ANSELMI
1087 140 1434 198 CANTUAR.
1471 139 1786 196 ARClllEP.
1819 137 1967 195 OPP.
2009 139 2186 196 PARS
2219 140 2280 195 Il.
2303 171 2373 182 --
2395 141 2758 199 PARIENET.
2806 146 2892 200 ET
2922 145 3164 203 ASCE'I‘.

3439 152 3541 208 πει

301 266 395 308 rus
421 265 488 308 ex
519 254 774 309 ternariis
801 262 1047 319 constat,
1082 262 1138 310 et
1185 253 1307 308 ﬁdei
1336 262 1564 324 tempus
1585 254 1872 326 signiﬁcat.
1904 260 1950 317 Α
1979 268 2075 307 sua
2112 262 2336 307 noverat
2367 254 2573 310 futuros
2605 257 2674 310 ita
2701 258 3041 327 puriﬁcaret,
3083 269 3140 314 ut
3175 261 3239 315 ad
3264 261 3400 318 hanc
3426 265 3540 336 glo-

301 345 434 401 Cum
485 345 594 402 ﬁlio
626 346 786 418 igitur
827 347 1145 402 circumciso
1198 357 1380 403 manet
1423 349 1640 420 triginta
1701 349 1870 404 tribus

302 440 491 496 diebus
521 447 693 492 mater
737 438 786 492 in
817 440 1090 509 sanguine
1134 439 1526 509 puriﬁcationis
1570 455 1711 505 suae;
1742 441 1870 510 quia

304 546 425 586 cum
456 532 694 600 quolibet
715 530 886 584 electo
906 528 1176 597 baptizato
1211 536 1393 582 sancta
1422 530 1868 597 materEcclesia,

303 623 540 690 quandiu
567 636 662 691 per
687 619 846 676 ﬁdem
877 619 1115 674 ambulat
1147 629 1199 674 et
1225 635 1330 674 non
1356 636 1451 690 per
1474 623 1728 689 speciem,
1761 637 1870 677 non

298 719 474 782 potest
497 725 559 766 ex
577 719 688 765 toto
717 709 962 764 mundari
988 724 1016 763 a
1036 709 1294 780 sanguine
1317 710 1705 779 puriﬁcationis
1735 727 1865 779 suae,

301 804 353 858 id
383 812 467 858 est
494 818 523 858 a
544 811 769 872 peccato
792 817 896 871 quo
923 816 982 856 se
1005 801 1207 871 jugiter
1233 817 1463 872 purgare
1493 804 1696 868 studet,
1720 813 1774 857 et
1801 804 1868 858 ad

298 893 595 961 perfectura
627 892 844 960 nequit,
875 890 997 944 dum
1031 889 1204 943 adhuc
1239 893 1462 946 mortale
1491 907 1684 962 corpus
1709 893 1864 962 gerit.

299 983 451 1038 Unde
480 983 761 1038 Psalmista
794 1001 808 1037 ε
838 982 959 1036 Non
987 983 1364 1053 justi/imbitur
1401 983 1456 1036 in
1485 993 1757 1050 conspectu
1780 991 1866 1036 tuo

297 1075 465 1128 omnis
489 1074 661 1128 vivens
700 1073 941 1143 (Psalm.
985 1089 1151 1138 CXLII,
1183 1072 1218 1126 2
1240 1070 1281 1143 ).
1324 1072 1391 1127 Et
1421 1071 1712 1127 Salomon:
1746 1070 1868 1128 Non

294 1173 367 1218 est
415 1163 568 1218 homo
587 1161 766 1232 justus
805 1163 859 1217 in
915 1176 1088 1228 terra,
1114 1163 1203 1234 qui
1243 1162 1404 1231 faciat
1433 1164 1621 1216 bonum
1669 1173 1716 1217 et
1765 1180 1868 1217 non

291 1262 462 1324 peccet
488 1251 657 1324 (Eccl.
690 1269 792 1317 vn,
821 1252 934 1324 21).
968 1253 1036 1308 Et
1088 1252 1379 1324 discipulus
1413 1253 1528 1316 ille,
1554 1268 1712 1322 quem
1743 1252 1862 1307 dili-

293 1342 451 1410 gebat
477 1341 635 1397 Jesus
663 1359 676 1396 :
709 1340 772 1397 Si
808 1343 1096 1397 dixerimus
1120 1345 1243 1414 quia
1282 1354 1550 1412 peccatum
1577 1360 1679 1396 non
1707 1342 1866 1396 habe-

294 1450 436 1499 mus,
470 1450 563 1488 nos
601 1432 740 1504 ipsos
778 1432 1093 1498 seducimus,
1127 1443 1174 1487 et
1199 1434 1388 1487 veritas
1414 1433 1468 1486 in
1491 1432 1634 1486 nobis
1663 1449 1768 1486 non
1792 1440 1868 1486 est

292 1523 344 1592 (1
365 1523 526 1578 Joan.
553 1541 594 1588 ι,
627 1525 704 1592 8).
736 1523 961 1580 Constat
989 1539 1116 1596 ergo
1146 1525 1270 1594 quia
1298 1539 1484 1580 omnes
1505 1524 1597 1593 qui
1624 1524 1866 1579 in'carne

1972 344 2104 397 riam
2128 346 2407 412 pervenire
2433 346 2622 414 dignos
2649 347 2866 402 laceret.
2894 347 3006 418 lpsc
3032 351 3196 414 enim,
3222 361 3279 406 ut
3299 363 3354 406 et
3375 369 3538 423 supra

1971 433 2170 487 dictum
2204 442 2315 499 est,
2350 443 2441 487 aut
2474 436 2636 506 Virgo
2683 447 2856 493 mater
2884 437 3030 505 ejus,
3071 442 3391 511 purgatione
3433 461 3538 500 non

1970 521 2116 590 eguit
2146 539 2160 574 :
2190 523 2316 592 quia
2355 523 2588 592 Spiritus
2619 537 2843 582 sanctus
2872 542 2990 583 eam
3017 529 3085 583 ab
3113 531 3268 586 initio
3298 531 3410 600 jam
3444 551 3541 604 pu-

1970 611 2313 678 riﬁcaverat,
2341 623 2395 668 et
2429 615 2518 670 ille
2560 626 2666 670 tam
2711 620 2962 673 mundam
2997 620 3048 673 in
3079 620 3193 688 ejus
3222 631 3376 677 utero
3413 640 3538 678 car-

1968 717 2091 756 nem
2124 703 2223 757 sibi
2257 705 2482 771 creavit,
2507 716 2564 761 ut
2584 723 2680 776 per
2708 723 2826 764 eam
2858 710 3053 765 eﬁiciat
3079 728 3294 767 suorum
3318 729 3537 770 carnem

1979 789 2052 843 ita
2083 793 2335 846 mundam
2370 803 2572 850 utsunt
2608 797 2782 866 angeli
2815 815 2828 851 :
2861 799 2953 854 sed
2982 808 3037 854 et
3065 802 3302 855 animam
3331 801 3403 857 ibi
3428 814 3538 858 tam

1968 889 2209 936 sanctam
2259 885 2586 953 assumpsit,
2637 897 2694 941 ut
2745 903 2840 957 per
2881 904 2998 943 eam
3035 891 3222 945 reddat
3255 892 3538 950 animabus

1968 971 2209 1025 omnium
2247 987 2466 1027 suorum
2513 975 2658 1029 illam
2707 977 3050 1034 sanctitatem
3099 994 3220 1048 quae
3265 987 3451 1036 manet
3482 983 3536 1038 in

1968 1060 2193 1128 angelis.
2227 1059 2333 1115 Sed
2368 1064 2620 1130 quoniam
2653 1065 2767 1134 ipse
2804 1067 2856 1120 iu
2900 1068 3012 1122 suis
3039 1079 3119 1123 est
3145 1109 3160 1133 ,
3190 1073 3330 1139 quod
3360 1073 3539 1142 agitur

1967 1147 2034 1202 de
2066 1148 2210 1214 suis,
2242 1159 2303 1202 ut
2338 1158 2393 1204 et
2436 1154 2776 1220 praemissum
2809 1165 2922 1222 est,
2957 1157 3156 1212 dicitur
3175 1160 3257 1229 agi
3292 1160 3358 1215 de
3391 1161 3538 1232 ipso,

1967 1238 2092 1306 quia
2125 1239 2224 1308 ipsi
2251 1251 2376 1296 sunt
2404 1257 2598 1312 corpus
2623 1244 2756 1313 ejus.
2783 1235 2866 1301 'De
2896 1263 3000 1316 quo
3040 1249 3246 1304 scilicet
3309 1267 3538 1322 corpore

1967 1329 2351 1401 subjungitur:
2388 1333 2455 1386 Et
2490 1345 2543 1388 ut
2581 1337 2764 1390 darent
2813 1338 3040 1393 hostiam
3079 1344 3362 1396 secundum
3397 1345 3538 1414 quod

1967 1421 2162 1476 dictum
2190 1436 2263 1478 est
2301 1428 2354 1480 in
2399 1427 2509 1498 lege
2558 1427 2798 1496 Domini,
2827 1447 2924 1499 par
2954 1441 3214 1487 turturum
3235 1475 3250 1499 ,
3280 1445 3370 1488 aut
3407 1439 3537 1492 duos

1965 1512 2138 1581 pullos
2163 1515 2544 1574 columbarum.
2567 1518 2705 1574 Nam
2729 1521 2959 1576 tulerunt
2982 1523 3131 1578 illum
3149 1528 3202 1580 in
3217 1527 3534 1593 Jerusalem,

290 1615 498 1683 peccati
523 1615 730 1684 vivunt,
761 1615 969 1686 peccati
990 1615 1203 1670 sordem
1231 1616 1297 1670 ad
1319 1631 1513 1684 purum
1533 1630 1733 1671 exuere
1758 1631 1859 1670 non

1968 1612 2024 1658 ut
2072 1605 2308 1660 sisterent
2338 1624 2456 1662 eum
2493 1609 2750 1677 Domino,
2796 1614 2935 1668 sicut
2978 1616 3357 1685 disseruimus;
3398 1631 3446 1674 et
3481 1633 3534 1673 ut

291 1714 534 1774 possunt.
569 1705 720 1761 Unde
766 1706 943 1762 adhuc
979 1707 1045 1762 de
1086 1707 1326 1764 Ecclesia
1371 1717 1543 1763 matre
1571 1708 1817 1763 subditur
1847 1723 1862 1762 :

290 1798 416 1866 quia
451 1814 603 1852 omne
640 1809 876 1852 sanctum
903 1817 1005 1854 non
1035 1810 1207 1870 tanget
1240 1817 1255 1867 ;
1292 1799 1416 1854 illud
1445 1800 1707 1854 ‘videlicet
1740 1814 1866 1868 per-

293 1889 597 1944 fectissimae
618 1890 901 1958 puritatis,
943 1890 1082 1959 quod
1106 1890 1306 1945 habent
1335 1890 1538 1959 angeli;
1572 1906 1663 1943 nec
1687 1891 1864 1960 ingre-

278 1978 462 2032 dietur
485 1981 868 2044 sanctuarium,
899 1981 1217 2035 subauditur
1243 1981 1433 2050 patriae
1462 1980 1699 2036 caelestis
1722 2021 1738 2046 ,
1777 1981 1866 2034 do-

288 2084 380 2123 nec
420 2069 736 2138 impleantur
763 2070 873 2124 dies
912 2072 1237 2141 purgationis
1261 2071 1376 2141 ejus
1402 2070 1593 2140 (Leuit.
1622 2085 1700 2125 xu
1726 2112 1741 2136 ,
1771 2070 1861 2140 4),

288 2159 342 2214 id
371 2169 454 2216 est
475 2159 646 2216 donec
674 2169 950 2231 peractum
989 2162 1062 2217 sit
1097 2163 1144 2218 ei
1186 2172 1397 2233 tempus
1421 2164 1546 2217 vitae
1585 2161 1859 2228 mortalis,

289 2253 341 2306 in
377 2267 484 2323 quo
515 2262 776 2323 purgatur
801 2254 1046 2320 assidue,
1089 2255 1184 2309 sed
1229 2255 1615 2324 perfectionem
1659 2269 1859 2326 purga-

289 2343 450 2398 tionis
501 2343 552 2398 in
601 2359 668 2398 eo
719 2359 824 2398 non
879 2345 1206 2414 assequitur.
1249 2344 1422 2400 Tanta
1459 2346 1656 2416 quippe
1695 2353 1862 2400 estet

288 2445 396 2488 tam
426 2447 787 2502 perseverans
826 2433 1161 2502 inquinatio,
1201 2450 1363 2504 quam
1410 2435 1720 2489 immundus
1751 2435 1862 2504 spi-

286 2525 422 2580 ritus
450 2525 695 2580 ‘humano
725 2525 906 2595 generi
946 2540 1042 2594 per
1079 2525 1244 2581 Evam
1298 2525 1525 2591 infudit,
1559 2534 1617 2581 ut
1649 2541 1716 2580 ex
1747 2535 1860 2581 toto

286 2613 508 2682 purgari
539 2623 795 2682 nequeat,
825 2613 927 2668 nisi
966 2628 1090 2668 cum
1120 2614 1246 2670 vita:
1287 2615 1532 2670 mortalis
1557 2625 1650 2670 aut
1676 2615 1858 2670 smculi

287 2703 550 2757 termlnus
587 2702 882 2758 advenerit.
933 2703 1041 2760 Sed
1082 2705 1220 2759 sicut
1272 2719 1368 2775 per
1401 2703 1564 2759 Evam
1598 2705 1747 2759 venit
1773 2705 1860 2758 in-

285 2791 568 2862 quinatio,
616 2795 694 2849 sic
747 2811 844 2867 per
906 2795 1130 2850 Mariam
1185 2795 1475 2850 revertitur
1520 2794 1853 2850 emundatio.

284 2880 436 2937 Tunc
479 2894 659 2938 autem
686 2886 789 2939 erit
812 2885 1156 2957 purgationis
1193 2894 1248 2941 et
1291 2885 1690 2940 emundalionis
1737 2900 1859 2955 per-
1886 2924 1927 2981 Ο

284 2971 484 3040 lectio,
532 2989 656 3030 cum
701 2976 833 3047 justi
905 2978 957 3032 in
1011 2976 1411 3032 resurrectione
1464 2975 1859 3046 triumphantes

285 3067 548 3125 dixerint:
567 3067 664 3124 Ubi
688 3079 784 3137 est,
809 3087 971 3135 mors,
991 3071 1246 3126 contentio
1266 3079 1356 3124 tua
1375 3070 1399 3124 .’
1424 3067 1523 3124 Ubi
1531 3085 1719 3136 ,mors,
1737 3086 1861 3124 acu-

282 3158 395 3215 leus
427 3162 586 3216 luus.’
607 3162 830 3216 Aculeus
853 3163 985 3216 enim
1012 3163 1230 3227 mortis,
1261 3171 1528 3232 peccatum
1558 3170 1632 3215 est
1657 3160 1707 3230 (I
1735 3161 1857 3216 Cor.

283 3264 384 3315 xv,
426 3251 525 3318 55,
565 3250 681 3320 56).
714 3250 944 3306 Talibus
989 3252 1174 3322 itaque
1220 3251 1396 3305 modis
1431 3249 1720 3318 implentur
1747 3249 1859 3302 dies

280 3341 608 3409 purgationis
633 3339 811 3410 populi
849 3341 979 3405 Dei,
1005 3342 1300 3395 secundum
1331 3339 1494 3409 legem
1526 3337 1715 3407 Moysi.
1749 3337 1859 3392 Sed

286 3443 408 3482 cum
437 3428 546 3482 dies
580 3427 905 3497 purgationis
945 3428 1024 3483 sic
1073 3426 1271 3497 impleti
1322 3426 1563 3488 fuerint,
1613 3423 1860 3479 deferent

285 3533 406 3572 eum
441 3517 614 3588 angeli
643 3517 697 3572 in
737 3531 1024 3586 supernam
1053 3517 1353 3572 Jerusalem
1373 3558 1389 3583 ,
1421 3525 1480 3570 ut
1511 3515 1709 3570 sistant
1734 3529 1857 3570 eum

291 3609 544 3676 Domino,
593 3623 910 3662 mansurum
950 3607 1021 3664 ibi
1077 3608 1388 3678 perenniter
1431 3621 1612 3661 coram
1663 3620 1748 3660 eo.
1792 3606 1859 3661 Et

288 3699 387 3754 hoc
423 3698 540 3765 ﬁet;
577 3700 828 3768 scriptum
875 3708 950 3754 est
983 3699 1039 3753 in
1083 3697 1190 3768 lege
1242 3697 1451 3752 Domini
1492 3711 1510 3749 :
1545 3701 1669 3769 quia
1708 3712 1858 3752 omne

285 3789 633 3843 masculinum
687 3788 994 3858 adaperiens
1046 3787 1280 3852 vulvam,
1339 3799 1574 3843 sanctum
1630 3790 1856 3843 Domino

285 3879 568 3933 vocabitur.
609 3876 822 3932 Scimus
853 3879 995 3933 enim
1049 3879 1175 3946 quia
1227 3877 1311 3931 lex
1357 3879 1619 3948 Spiritalis
1661 3889 1775 3944 est;
1803 3890 1858 3936 et

285 3971 602 4040 spiritaliter
648 3955 870 4041 loquens
901 3969 1196 4040 spiritalem
1219 3969 1432 4024 vulva‘m
1464 3971 1772 4040 signiﬁcat,
1803 3983 1859 4028 et

283 4062 581 4132 spiritalem
645 4059 958 4115 masculum.
1025 4059 1123 4114 Hie
1173 4073 1404 4128 namque
1453 4061 1726 4118 masculus
1775 4073 1858 4118 est

281 4151 439 4207 fortis
476 4167 540 4206 ac
575 4165 744 4206 novus
781 4149 1074 4205 electorum
1115 4148 1548 4206 Christianorum
1590 4154 1851 4222 populus,

1965 1695 2149 1748 darent
2175 1697 2397 1751 hostiam
2437 1714 2535 1768 pro
2577 1716 2671 1767 eo,
2710 1702 2865 1772 juxta
2909 1706 2960 1760 id
2991 1707 3130 1776 quod
3156 1708 3350 1762 dictum
3378 1720 3452 1764 est
3481 1712 3536 1765 in

1965 1785 2073 1856 lege
2102 1782 2332 1854 Domini,
2362 1806 2460 1858 par
2491 1802 2774 1860 turturum,
2810 1795 2859 1848 id
2884 1804 2987 1861 est,
3013 1812 3195 1865 parem
3228 1800 3537 1856 castitatem

1964 1881 2207 1948 corporis
2235 1894 2289 1936 et
2313 1883 2507 1937 anima:
2527 1885 2643 1954 ejus
2668 1927 2680 1949 ,
2710 1896 2798 1939 aut
2823 1887 2954 1942 duos
2983 1889 3151 1958 pullos
3176 1890 3537 1946 columbarum

1965 1969 2152 2042 (Leuit.
2185 1988 2284 2037 xu,
2315 1973 2405 2044 8),
2444 1974 2494 2029 id
2527 1984 2610 2030 est
2639 1977 2820 2032 carnis
2859 1987 2912 2034 et
2949 1981 3127 2035 cordis
3164 1980 3280 2049 ejus
3328 1985 3540 2052 patien-

1965 2061 2117 2117 tiam.
2147 2063 2352 2118 Turtur
2390 2066 2534 2120 enim
2585 2069 2883 2124 castissima
2929 2071 3044 2126 avis
3087 2081 3201 2137 est,
3231 2082 3286 2128 et
3317 2075 3440 2129 vivo
3468 2091 3538 2130 ac

1964 2163 2175 2210 mortuo
2206 2156 2353 2210 socio
2404 2157 2829 2216 indissolubilem
2869 2161 3024 2217 ﬁdem
3055 2178 3421 2221 conservans:
3447 2182 3537 2222 co-

1964 2243 2144 2299 lumba
2170 2261 2299 2302 vero
2335 2247 2458 2304 felle
2487 2257 2541 2304 et
2573 2252 2930 2307 amaritudine
2976 2262 3144 2308 caret.
3176 2253 3406 2326 Ideoque
3440 2272 3540 2328 par

1966 2344 2237 2393 turturum
2261 2339 2508 2411 designat
2535 2341 2841 2397 castitatem
2867 2343 3139 2400 interioris
3171 2356 3223 2402 et
3250 2348 3537 2403 exterioris

1960 2425 2233 2494 hominis;
2266 2443 2330 2484 ac
2355 2429 2459 2482 duo
2487 2430 2844 2484 columbarum
2868 2432 3020 2502 pulli,
3046 2435 3358 2503 patientiam
3382 2435 3537 2491 l'ortis

1960 2525 2228 2572 ostensam
2257 2527 2313 2574 et
2350 2519 2494 2574 intus
2527 2518 2579 2573 in
2621 2530 2801 2576 mente
2835 2530 3124 2577 servatam.
3166 2522 3406 2580 Oﬁ‘erunt
3439 2526 3538 2596 igi-

1962 2613 2049 2660 tur
2073 2607 2248 2678 angeli
2290 2609 2515 2663 hostiam
2557 2611 2839 2665 secundum
2872 2612 3074 2682 legem,
3107 2615 3157 2669 id
3182 2598 3265 2670 est
3297 2633 3396 2685 par
3418 2627 3536 2670 tur-

1960 2707 2167 2765 turum,
2198 2698 2282 2754 vel
2310 2699 2442 2754 duos
2469 2701 2642 2769 pullos
2672 2701 3060 2766 columbarum,
3094 2720 3193 2774 pro
3221 2716 3534 2763 sanctorum

1959 2788 2156 2860 p0pulo
2173 2830 2186 2854 ,
2213 2789 2294 2845 vel
2314 2805 2412 2860 pro
2438 2789 2676 2859 quolibet
2703 2791 2895 2856 electo,
2918 2808 3075 2862 quem
3105 2794 3363 2849 exhibent
3383 2795 3493 2851 Deo
3515 2837 3532 2860 ,

1959 2892 2079 2932 cum
2110 2879 2303 2934 merita
2349 2879 2612 2935 castitatis
2639 2879 2755 2949 ejus
2796 2896 2958 2950 quam
3001 2897 3226 2952 corpore
3272 2895 3326 2938 et
3371 2887 3536 2940 corde

1963 2969 2230 3034 servavit,
2259 2978 2350 3024 ant
2371 2969 2642 3040 patientiae
2687 2987 2847 3041 quam
2883 2973 3029 3028 intus
3055 2984 3108 3028 et
3140 2974 3268 3029 foris
3297 2977 3534 3031 custodi-

1960 3063 2076 3126 vit,
2105 3071 2493 3132 repraesentant
2536 3064 2780 3118 Domino.
2828 3065 3062 3120 Castitas
3089 3082 3218 3121 vero
3265 3069 3435 3139 magis
3466 3070 3533 3122 ad

1961 3153 2328 3217 confessores,
2361 3164 2416 3209 et
2460 3155 2719 3225 patientia
2759 3156 2879 3224 plus
2921 3158 3194 3226 pertinere
3223 3158 3438 3212 videtur
3465 3159 3534 3213 ad

1959 3255 2246 3316 martyres.
2288 3245 2352 3299 Et
2376 3247 2500 3314 quia
2539 3246 2716 3302 nullus
2759 3247 3050 3304 electorum
3093 3260 3208 3315 est,
3237 3250 3327 3320 qui
3351 3258 3442 3304 aut
3477 3251 3533 3306 in

1957 3335 2145 3390 ordine
2187 3336 2552 3395 coulessorum
2577 3380 2591 3404 ,
2634 3347 2726 3394 aut
2778 3340 2832 3394 in
2859 3341 3048 3394 ordine
3089 3349 3383 3411 martyrum
3423 3357 3529 3396 non

1958 3433 2318 3495 computetur,
2369 3430 2488 3485 ideo
2521 3431 2587 3484 ad
2619 3430 2847 3485 hostiam
2877 3430 3058 3501 populi
3097 3429 3190 3486 Dei
3219 3431 3412 3486 sullicit
3433 3448 3535 3503 par

1960 3521 2262 3580 turturum,
2313 3526 2408 3571 aut
2455 3519 2559 3573 duo
2605 3518 2734 3589 pulli
2784 3519 3173 3574 columbarum.
3213 3517 3317 3574 Per
3360 3519 3532 3589 pullos

1956 3605 2098 3659 enim
2150 3606 2503 3662 columbarum
2550 3611 2726 3679 potius
2765 3599 2926 3680 quam
2975 3626 3073 3680 per
3117 3610 3390 3666 columbas
3429 3611 3533 3666 hoc

1957 3695 2074 3750 loco
2119 3698 2377 3766 patientia
2431 3701 2779 3772 designatur,
2827 3701 2951 3770 quia
3006 3701 3096 3770 qui
3138 3702 3277 3756 sicut
3319 3711 3534 3771 oportet

1956 3787 2272 3855 patientiam
2315 3790 2651 3857 custodiunt,
2687 3793 2740 3846 hi
2775 3792 2912 3861 apud
2943 3806 3001 3847 se
3039 3792 3244 3864 parvuli
3269 3802 3322 3848 et
3362 3795 3530 3848 inﬁmi

1957 3887 2112 3943 sunt,
2156 3888 2211 3934 et
2253 3881 2483 3951 majores
2515 3882 2773 3936 imitando
2802 3883 3000 3952 iugiter
3035 3893 3306 3938 crescunt.
3334 3884 3528 3938 Totum

1957 3982 2086 4037 ergo
2129 3969 2289 4023 simul
2335 3971 2588 4040 populum
2632 3972 2922 4027 electorum
2973 3973 3235 4043 completa
3290 3975 3528 4041 generali

1955 4062 2348 4116 resurrectione
2368 4063 2611 4118 deferent
2632 4065 2803 4134 angeli
2829 4067 3122 4136 gaudentes
3154 4066 3205 4119 in
3235 4080 3527 4136 supernam

1953 4149 2248 4204 Jerusalem
2267 4192 2280 4213 ,
2315 4167 2436 4206 cum
2464 4153 2652 4208 hostiis
2680 4154 2938 4209 bonorum
2964 4171 3182 4225 operum
3200 4195 3217 4224 ,
3251 4165 3309 4210 ut
3335 4157 3481 4211 sista.
3507 4164 3530 4211 t

279 4243 366 4302 vel
393 4243 764 4313 unusquisque
797 4255 1004 4296 eorum.
1052 4239 1119 4295 Et
1167 4240 1419 4310 quoniam
1459 4241 1696 4298 Ecclesia
1721 4284 1737 4310 ,
1769 4259 1854 4300 se-
1885 4252 1932 4311 ι)
1956 4255 2075 4295 eum
2117 4240 2376 4307 Domino;
2426 4253 2480 4297 et
2525 4244 2593 4296 ab
2640 4246 2955 4300 ascensione
3007 4247 3382 4317 Redemptoris
3417 4263 3526 4303 non

279 4333 514 4389 cundum
558 4329 750 4386 Isaiam
800 4331 937 4400 (cap.
981 4329 1124 4398 uv),
1156 4328 1246 4384 diu
1275 4329 1476 4385 sterilis
1501 4330 1708 4397 fuerat;
1751 4334 1854 4389 iste

280 4422 508 4492 populus
545 4435 612 4476 ex
663 4433 726 4477 ea
762 4419 1077 4490 spiritaliter
1108 4433 1365 4483 nascens,
1403 4421 1613 4490 aperuit
1639 4423 1851 4478 vulvam

279 4511 428 4581 ejus,
473 4512 526 4567 id
564 4521 650 4567 est
694 4511 926 4582 genitale
955 4519 1225 4566 secretum
1263 4511 1474 4580 ipsius:
1502 4511 1643 4569 unde
1691 4529 1854 4570 nemo

280 4603 461 4659 taliter
487 4612 647 4658 antea
678 4612 835 4658 natus
864 4602 1060 4659 fuerat.
1097 4602 1262 4657 Omne
1283 4618 1411 4659 vero
1441 4603 1714 4672 signiﬁcat
1739 4607 1855 4661 uni-

278 4697 590 4751 versitatem
625 4695 810 4766 :vquod
855 4695 944 4752 hic
994 4695 1244 4765 ponitur,
1292 4709 1415 4750 cum
1451 4697 1654 4753 dicitur
1704 4716 1854 4753 omne

278 4786 659 4851 inasculinum;
703 4785 829 4855 quia
882 4785 1107 4856 populus
1155 4786 1258 4842 iste
1298 4787 1598 4844 catholicus
1641 4798 1746 4854 est,
1797 4799 1852 4844 et

276 4892 468 4934 omnes
501 4875 701 4933 electos
753 4876 806 4931 in
847 4890 906 4932 se
951 4877 1210 4932 continet.
1253 4877 1352 4934 llic
1388 4893 1520 4950 ergo
1554 4880 1850 4948 spiritalem

277 4966 531 5022 Ecclesiae
565 4965 800 5034 vulvam,
830 4966 974 5021 sicut
1011 4966 1273 5032 diximus,
1305 4969 1556 5038 aperiens
1587 4971 1854 5025 vocabitur

278 5065 497 5113 sanctus
545 5055 805 5121 Domino,
843 5057 899 5111 id
937 5065 1020 5112 est
1045 5057 1366 5112 vocabulum
1397 5068 1451 5114 et
1487 5059 1699 5114 laudem
1728 5075 1852 5116 san-

278 5147 482 5202 ctitatis
521 5146 576 5201 in
609 5161 778 5220 regno
807 5159 1054 5216 superna:
1080 5145 1430 5202 beatitudinis
1466 5147 1762 5212 obtinebit;
1795 5158 1855 5203 ut

281 5238 334 5291 in
360 5238 505 5292 omni
526 5238 817 5293 sanctitate
840 5236 1010 5292 beatis
1024 5246 1266 5306 aequatus
1297 5237 1520 5307 angelis,
1544 5239 1854 5308 perenniter

280 5329 502 5382 assistat
547 5328 857 5399 conspectui
881 5327 1065 5399 gloriae
1101 5327 1398 5384 Creatoris.
1443 5329 1512 5384 Et
1549 5329 1671 5384 ideo
1695 5329 1852 5386 Chri-

282 5426 398 5472 stus
424 5416 714 5483 Dominus,
737 5428 791 5472 et
829 5418 1167 5474 sanctissima
1199 5420 1366 5490 ipsius
1393 5421 1625 5490 genitrix
1655 5437 1852 5492 purga-

285 5509 486 5564 tionem
538 5507 669 5576 legis
717 5509 1048 5574 observavit,
1104 5517 1160 5564 ut
1205 5525 1397 5566 omnes
1425 5522 1563 5581 quos
1607 5513 1849 5569 membra

1955 4341 2298 4388 cessaverunt
2331 4348 2452 4389 eum
2488 4335 2538 4388 in
2567 4336 2786 4404 singulis
2810 4377 2824 4399 ,
2863 4336 2946 4390 cui
2990 4338 3249 4407 migrant,
3283 4339 3406 4392 illuc
3433 4340 3528 4394 de-

1953 4420 2120 4488 ferre,
2147 4423 2358 4492 quando
2394 4424 2590 4495 impleti
2611 4437 2728 4478 sunt
2761 4426 2869 4479 dies
2891 4428 3214 4496 purgationis
3241 4427 3524 4497 cujusque.

2025 4509 2090 4562 Et
2113 4528 2226 4565 ecce
2251 4513 2402 4566 homo
2424 4523 2533 4566 erat
2562 4515 2615 4566 in
2635 4511 2949 4578 Jerusalem,
2978 4515 3061 4566 cui
3083 4531 3267 4568 nomen
3290 4514 3524 4572 Simeon.

1955 4600 2021 4654 Et
2048 4603 2199 4656 homo
2220 4605 2316 4656 iste
2334 4604 2513 4672 justus
2537 4614 2583 4657 et
2613 4606 2887 4658 timoratus
2906 4645 2922 4670 ,
2958 4616 3257 4673 exspectans
3287 4606 3528 4661 consola-

1953 4693 2142 4745 tionem
2168 4691 2375 4757 Israel;
2403 4704 2451 4746 et
2485 4692 2712 4762 Spiritus
2747 4704 2957 4749 sanctus
2993 4707 3103 4748 erat
3133 4696 3186 4747 in
3222 4711 3302 4748 eo.
3348 4696 3416 4750 Et
3445 4715 3527 4752 re-

1953 4797 2198 4851 sponsum
2227 4793 2494 4849 acceperat
2524 4800 2555 4836 a
2595 4784 2796 4852 Spiritu
2844 4795 3023 4840 sancto
3068 4804 3171 4842 non
3210 4791 3438 4843 visurum
3475 4807 3530 4844 se

1954 4880 2191 4937 mortem,
2223 4871 2322 4925 nisi
2342 4874 2488 4941 prius
2517 4873 2707 4927 videret
2746 4873 3009 4929 Christum
3040 4877 3270 4934 Domini.
3302 4877 3369 4931 Et
3394 4884 3527 4934 venit

1953 4963 2008 5016 in
2031 4963 2217 5032 spiritu
2244 4963 2296 5016 in
2319 4963 2583 5032 templum.
2615 4962 2786 5019 Homo
2817 4967 2910 5021 iste
2936 4979 3184 5024 sanctum
3216 4968 3528 5025 Israelitica:

1954 5055 2129 5125 gentis
2152 5055 2402 5124 populum
2429 5055 2692 5127 designat,
2719 5059 2807 5128 qui
2835 5059 3121 5115 adVentum
3151 5061 3465 5131 Redemptoi
3482 5064 3525 5118 is

1955 5145 2155 5199 diutius
2182 5146 2516 5214 exspectavit
2543 5155 2598 5201 et
2628 5147 2696 5203 ab
2720 5163 2784 5202 eo
2806 5149 2873 5202 de
2902 5150 3132 5206 miseriis
3154 5152 3328 5207 exsilii
3361 5152 3523 5221 hujus

1956 5234 2172 5288 liberari
2199 5238 2453 5304 speravit.
2484 5237 2636 5293 Unde
2663 5247 2717 5292 et
2754 5238 2964 5293 Simeon
2998 5251 3239 5305 vocatur,
3276 5243 3417 5311 quod
3438 5252 3522 5296 est

1953 5326 2170 5380 audiens
2210 5328 2519 5382 tristitiam:
2555 5329 2678 5398 quia
2725 5328 2950 5398 populus
2999 5330 3087 5386 ille
3138 5332 3308 5387 ﬁdelis
3350 5332 3518 5386 tristi-

1955 5419 2083 5471 tiam
2128 5417 2456 5487 cxpulsionis
2502 5433 2610 5473 suae
2660 5418 2726 5472 de
2774 5419 3054 5487 paradiso,
3107 5429 3162 5475 et
3213 5421 3521 5476 amissiouis

1953 5509 2282 5565 teternalium
2310 5509 2571 5566 bonorum
2608 5524 2703 5580 per
2731 5508 3039 5580 Scripturas
3069 5510 3255 5568 audire
3287 5527 3514 5568 consue-
