3910 6018
323 344 429 400 625

1408 341 1708 399 HOMILUE
1741 343 1830 402 ΕΤ
1869 341 2467 402 EXIIORTATIONES.

3441 343 3547 400 626

317 465 500 520 verat;
555 457 782 525 ideoque
829 469 991 526 super
1036 456 1123 511 his
1172 453 1577 511 consolationem
1631 459 1890 515 divinitus
1919 462 1966 519 A
1990 466 2094 523 est,
2121 458 2420 528 intelligere
2442 457 2698 513 debemus
2726 458 2779 512 in
2805 471 2944 512 novo
2963 457 3296 513 credentium
3325 455 3550 527 populo.

319 551 418 606 sibi
471 560 752 604 venturam
805 549 1172 616 exspectabat.
1214 548 1332 602 Alia
1381 550 1752 620 interpretatio
1800 549 1890 604 Si-

319 640 524 695 meonis
574 647 695 702 est,
749 638 1046 702 exauditio,
1095 637 1220 705 quia
1269 637 1494 706 populus
1543 639 1888 694 iiebrzeorum

319 731 574 785 exaudire
616 728 827 783 solebat
881 727 1047 782 Deum
1094 726 1400 796 jubentem,
1461 737 1526 783 ut
1580 729 1721 784 Deus
1766 744 1888 784 eum

319 821 603 876 exaudiret
630 828 872 874 orantem
900 835 914 872 :
947 835 1050 872 non
1081 819 1223 872 enim
1253 827 1335 873 est
1372 834 1512 875 nunc
1557 834 1735 875 sermo
1788 819 1890 873 nisi

320 916 385 966 de
415 911 583 966 electa
616 918 768 978 parte
792 909 924 979 ejus.
955 908 1185 977 Propter
1227 909 1367 977 quod
1402 920 1457 964 et.
1485 909 1645 963 homo
1673 907 1889 974 dicitur,

320 1002 448 1071 quia
482 1000 560 1054 uti
594 1000 804 1054 ratione
851 1009 1074 1054 noverat
1117 1000 1171 1054 in
1214 999 1522 1068 cognitione
1556 1000 1888 1064 divinorum,

322 1093 459 1146 etin
493 1092 852 1161 exquisitione
897 1091 1165 1146 evasionis
1208 1090 1368 1158 hujus
1409 1092 1658 1147 miserim.
1708 1093 1773 1146 Et
1806 1092 1893 1146 hic

323 1191 435 1234 erat
463 1181 518 1234 in
552 1179 846 1234 Jerusalem
871 1222 886 1247 ,
914 1181 1018 1235 hoc
1051 1189 1136 1235 est
1168 1180 1220 1234 in
1247 1180 1468 1235 civitate
1510 1182 1685 1251 magni
1718 1181 1890 1250 regis,

327 1288 420 1342 per
445 1288 604 1342 quam
644 1272 829 1343 jurare
858 1272 1242 1341 prohibemus;
1272 1272 1564 1327 incivitate
1608 1273 1741 1338 Dei,
1774 1288 1896 1342 quae

326 1372 409 1416 est
441 1363 702 1418 Ecclesia.
751 1360 1048 1416 Jerusalem
1096 1363 1236 1416 enim
1286 1369 1340 1417 et
1387 1376 1631 1431 superare
1666 1362 1895 1417 beatitu-

327 1452 466 1506 dinis
496 1466 749 1522 regnum,
778 1459 839 1505 ut
864 1466 1024 1520 supra
1052 1451 1316 1518 diximus,
1358 1451 1664 1521 signiﬁcat,
1695 1463 1750 1508 et
1789 1453 1893 1508 Ec-

329 1543 545 1598 clesium
611 1543 878 1613 justorum
950 1542 1124 1598 adhuc
1200 1543 1252 1597 in
1321 1543 1481 1598 terris
1546 1544 1896 1614 peregrinan-

333 1636 483 1688 tium.
533 1634 589 1689 ln
646 1635 746 1688 hac
795 1648 924 1704 ergo
950 1633 1273 1699 Jerusalem,
1321 1635 1421 1689 hoc
1454 1643 1538 1690 est
1573 1635 1628 1690 in
1671 1649 1896 1690 numero

334 1726 485 1795 171
537 1725 794 1790 ﬁdelium,
847 1732 965 1779 erat
997 1723 1203 1792 jamdiu
1249 1725 1476 1795 populus
1522 1726 1893 1792 Hebraaorum,

329 1792 545 1883 «plaudo
595 1829 726 1883 puer
771 1815 839 1868 ad
887 1815 1143 1883 templum
1192 1792 1540 1885 portabatur;
1596 1817 1698 1872 hoc
1739 1817 1899 1872 estin
1928 1792 1972 1852 Β

329 1904 564 1959 exordiis
591 1903 897 1972 apostolica:
926 1904 1336 1973 praedicationis,
1367 1907 1600 1976 quando,
1629 1921 1723 1976 per
1743 1906 1900 1962 Chri-

329 2005 474 2050 stum
506 1993 774 2064 patel‘acto
795 1994 1052 2050 caelorum
1081 1997 1347 2065 ingressu,
1375 1998 1618 2053 novellus
1639 1998 1902 2055 Christia-

332 2101 522 2140 norum
554 2085 779 2156 populus
831 2085 885 2139 in
934 2085 1067 2151 suis,
1087 2087 1190 2155 'qui
1233 2087 1300 2143 de
1342 2088 1448 2143 hoc
1481 2088 1679 2144 smculo
1709 2089 1903 2160 migra-

330 2176 483 2238 bant,
505 2173 974 2242 delerebaturjam
1006 2173 1133 2229 illnc
1159 2189 1256 2244 per
1279 2177 1514 2247 angelos.
1544 2175 1678 2231 Nam
1701 2178 1902 2235 electus

332 2262 420 2318 ille
463 2262 804 2317 Hebraeorum
843 2263 1068 2333 populus
1097 2265 1280 2319 tandiu
1310 2269 1696 2335 perseveravit,
1733 2269 1904 2325 donec

331 2355 502 2424 gratia
543 2353 674 2408 Novi
704 2353 1032 2408 Testamenti
1077 2370 1172 2425 per
1217 2372 1386 2414 novos
1415 2358 1663 2415 doctores
1703 2359 1906 2430 ubique

333 2445 608 2514 praedicari
663 2446 938 2515 coepisset,
990 2455 1044 2500 et
1094 2446 1246 2500 multi
1295 2448 1625 2502 credentium
1675 2451 1902 2518 patriam

334 2545 548 2590 mterna:
577 2534 851 2592 felicitatis
893 2538 1117 2592 transitu
1150 2537 1307 2594 beato
1340 2539 1626 2594 intrarent.
1660 2539 1725 2592 Et
1751 2541 1904 2594 homo

334 2627 450 2690 iste,
482 2642 576 2695 per
601 2641 759 2696 quem
807 2627 1029 2696 mystice
1057 2626 1283 2698 populus
1315 2627 1402 2682 ille
1446 2637 1665 2682 sanctus
1703 2628 1904 2683 intelli-

334 2721 497 2787 gitur,
517 2721 697 2790 justus
721 2729 868 2786 erat;
917 2721 1042 2791 quia
1072 2722 1210 2777 idem
1241 2722 1471 2793 populus
1502 2723 1612 2778 Deo
1637 2723 1904 2786 serviens,

334 2824 454 2878 quite
495 2809 588 2864 Dei
611 2819 769 2865 erant
796 2811 904 2866 Deo
947 2811 1219 2867 reddebat.
1248 2811 1463 2868 Iustitia
1489 2815 1632 2868 enim
1661 2815 1754 2870 dat
1782 2815 1907 2869 uni-

335 2897 531 2966 cuique
555 2900 695 2968 quod
741 2914 896 2954 suum
947 2910 1060 2967 est;
1090 2908 1145 2954 et
1177 2901 1269 2955 Dei
1309 2910 1393 2957 est
1421 2903 1653 2957 humana
1693 2910 1904 2970 natura,

339 2995 394 3038 ut
416 2986 532 3056 ejus
560 2985 820 3042 voluntati
853 2988 1152 3053 deserviat;
1178 2989 1403 3059 ideoque
1421 2990 1566 3061 justc
1595 2991 1703 3060 agit
1731 2991 1908 3046 omnis

339 3080 498 3132 homo
539 3078 629 3148 qui
687 3078 1028 3149 obtemperat
1068 3081 1198 3136 Deo.
1238 3078 1306 3134 Et
1349 3083 1622 3136 timoratus
1651 3091 1768 3136 erat
1794 3082 1908 3152 ipse
1937 3123 1980 3152 ,η

340 3169 598 3240 populus;
623 3170 748 3240 quia
775 3170 857 3224 vel
891 3173 1083 3226 timore
1111 3171 1260 3242 legis,
1294 3173 1378 3227 vel
1405 3173 1596 3227 timore
1630 3173 1911 3228 charitatis

343 3261 508 3313 Deum
554 3261 842 3316 metuebat.
873 3260 976 3316 Sed
1006 3270 1060 3316 et
1088 3262 1489 3317 consolationem
1517 3262 1688 3318 Israel
1716 3279 1912 3334 exspe-

341 3349 545 3415 ctabat,
572 3350 698 3418 quia
743 3350 1002 3406 sollicitus
1028 3351 1439 3421 prtestolabatur
1465 3352 1606 3407 inter
1626 3368 1914 3423 pressuras

343 3438 502 3508 hujus
555 3439 729 3494 exsilii
783 3441 998 3509 quando
1042 3442 1294 3511 pepnlum
1317 3457 1472 3497 suum
1522 3443 1781 3499 Dominus
1821 3445 1918 3498 ad-

344 3541 507 3586 ventu
535 3547 632 3587 suo
662 3533 925 3587 consolari
957 3534 1285 3603 dignaretur.
1314 3534 1447 3588 Nam
1472 3545 1517 3589 et
1545 3536 1776 3604 Spiritus
1799 3552 1920 3590 san-

344 3629 457 3673 rtus
485 3630 597 3673 erat
625 3623 678 3676 in
701 3638 777 3685 eo,
811 3621 934 3691 quia
953 3622 1236 3692 justiticari
1261 3638 1357 3692 per
1385 3623 1554 3694 legem
1585 3640 1689 3679 non
1718 3624 1918 3680 viduis-.-

346 3719 449 3775 set,
499 3711 600 3765 nisi
638 3711 844 3767 occulta
893 3713 1062 3767 sancti
1113 3713 1346 3782 Spiritus
1389 3714 1561 3783 gratia
1603 3729 1697 3782 per
1719 3714 1920 3769 Christi

348 3803 506 3856 ﬁdem
554 3818 675 3857 eum
721 3803 1093 3873 justiﬁcassel.
1141 3804 1206 3857 Et
1244 3821 1542 3872 responsum
1588 3815 1852 3875 acceperat
1889 3822 1922 3858 a

349 3885 551 3961 Spiritu
577 3905 778 3959 sancto,
815 3912 916 3948 non
945 3897 1171 3950 visurum
1197 3913 1249 3949 se
1276 3905 1514 3962 mortem,
1543 3897 1642 3950 nisi
1668 3897 1812 3966 prius
1842 3896 1920 3950 vi-

349 3987 491 4037 deret
516 3983 780 4039 Christum
833 3986 1074 4053 Domini;
1109 3987 1233 4057 quia
1275 3989 1376 4043 hoc
1413 3988 1529 4054 ejus
1558 3989 1839 4043 desideriis
1869 3997 1926 4042 et

350 4078 687 4132 orationibus
734 4078 969 4134 caelestis
1011 4080 1292 4149 inspiratio
1331 4080 1660 4134 revelaverat
1689 4081 1829 4150 quod
1871 4080 1922 4133 in

355 4164 457 4217 tide
486 4166 725 4221 victurus
773 4176 932 4229 esset,
967 4182 1062 4221 nec
1093 4176 1316 4222 mortem
1342 4168 1579 4237 perﬁdiae
1619 4169 1922 4232 subiturus,

353 4258 523 4309 donec
550 4256 753 4312 videret
788 4257 840 4312 in
865 4273 1028 4312 carne
1063 4266 1380 4326 praesentem
1420 4259 1587 4314 Deum
1618 4276 1647 4314 a
1679 4261 1786 4316 Deo
1818 4275 1928 4329 prae

353 4345 468 4398 suis
502 4347 851 4415 participibus
880 4357 1117 4411 unctum,
1143 4350 1233 4418 qui
1261 4350 1724 4419 participationem
1757 4351 1926 4420 ipsam

1992 545 2246 616 quoniam
2291 545 2529 602 Ecclesia
2575 554 2657 600 est
2686 560 2881 617 corpus
2919 545 3054 614 ejus,
3087 554 3140 600 et
3165 560 3354 601 omnes
3382 547 3558 601 sancti

1992 636 2231 692 membra
2278 636 2446 705 ipsius
2488 653 2502 690 :
2547 635 2774 706 ideoque
2819 639 2960 706 quod
2991 637 3055 692 de
3085 637 3259 706 capite
3285 645 3556 703 narratur,

1993 726 2059 781 de
2089 741 2313 795 corpore
2351 726 2431 779 vel
2478 727 2736 782 membris
2780 740 2924 782 nunc
2955 726 3303 797 intelligatur.
3335 728 3418 782 Ad
3456 728 3561 783 hoc

1991 817 2136 870 enim
2160 825 2368 886 spectat
2423 825 2478 871 et
2501 817 2642 885 quod
2669 817 2781 886 ipse
2805 816 3181 872 dicturusest’:
3202 815 3354 883 Quod
3380 818 3470 871 uni
3496 834 3562 872 ea:

1995 904 2222 959 minimis
2251 905 2378 959 meis
2425 905 2640 974 fecistis,
2672 905 2800 959 mihi
2834 905 3027 975 fecistis
3058 905 3272 976 (Matth.
3293 921 3417 970 xxv,
3445 907 3556 980 ιο).

1991 995 2178 1065 Itaque
2212 1011 2344 1067 puer
2383 994 2539 1051 Iesus
2568 997 2646 1052 sic
2681 1011 2828 1051 nunc
2861 997 3158 1067 accipiatur
3191 1012 3254 1053 ac
3281 998 3325 1054 si
3355 999 3560 1054 dicere-

1995 1094 2102 1151 tur,
2138 1086 2380 1142 novellus
2429 1086 2858 1144 Christianorum
2890 1087 3137 1160 populus.
3171 1087 3278 1144 Sed
3311 1088 3402 1158 qui
3437 1097 3564 1144 sunt

1992 1186 2231 1248 parentes
2277 1183 2414 1248 ejus,
2469 1178 2574 1234 nisi
2627 1178 2836 1248 angeli?
2870 1177 3001 1233 Nam
3029 1187 3085 1234 et
3142 1179 3243 1250 ipsi
3271 1179 3562 1250 quamdam

1993 1267 2249 1338 spiritalis
2301 1268 2782 1340 consanguinitatis
2831 1268 3162 1339 parentelam
3228 1284 3288 1324 se
3337 1269 3564 1324 demon-

1995 1369 2170 1416 strant
2197 1362 2397 1418 habere
2417 1362 2714 1428 nobiscum,
2738 1362 2829 1418 ubi
2853 1378 2954 1419 nos
2968 1362 3165 1419 fratres
3190 1377 3318 1419 suos
3341 1363 3395 1418 in
3424 1364 3566 1433 Apo-

1995 1451 2200 1522 Calypsi
2225 1461 2436 1518 vocant,
2458 1452 2684 1509 dicendo
2717 1467 2733 1508 :
2758 1453 3029 1524 Projectus
3050 1464 3123 1509 est
3166 1465 3437 1509 accusator
3456 1455 3565 1524 fra-

1995 1550 2134 1595 trum
2160 1543 2473 1605 nostrofum,
2505 1543 2594 1613 qui
2625 1543 2906 1597 accusabat
2938 1543 3056 1596 illos
3087 1552 3206 1596 ante
3235 1553 3563 1612 conspectum

2001 1631 2093 1687 Dei
2115 1637 2280 1687 nostri
2304 1633 2490 1703 (Apoc.
2530 1649 2630 1697 xu,
2663 1633 2772 1704 l0).
2805 1632 2872 1687 Hi
2901 1647 3030 1703 ergo
3049 1642 3282 1702 parentes
3309 1632 3569 1686 inducunt

1997 1732 2242 1778 nostrum
2295 1739 2544 1794 puerum,
2572 1724 2714 1779 sicut
2739 1734 2794 1780 et
2830 1725 3079 1794 superius
3107 1723 3436 1778 declaratum
3462 1732 3567 1790 est,

1999 1815 2054 1870 in
2076 1815 2311 1872 caelestis
2355 1817 2650 1871 sanctuarii
2697 1816 2973 1887 templum,
3005 1816 3089 1872 vel
3119 1817 3170 1870 in
3200 1816 3347 1872 obitu
3381 1815 3567 1884 singu-

1999 1904 2193 1970 lorum,
2225 1905 2310 1959 vel
2334 1905 2387 1959 in
2417 1903 2810 1959 resurrectione
2847 1904 3110 1960 omnium.
3152 1903 3220 1958 Et
3256 1903 3379 1969 hoc,
3409 1912 3470 1957 ut
3491 1902 3572 1958 fa-
3641 1947 3644 1950 .

2000 1998 2148 2053 ciant
2173 1999 2456 2052 secundum
2485 1997 2908 2051 consuetudinem
2932 1996 3170 2067 legispro
3199 2012 3258 2050 eo
3272 2013 3302 2062 ;'
3320 1995 3446 2066 quia
3461 1995 3570 2050 ritu

2001 2086 2134 2158 legis
2183 2085 2395 2156 expleta
2439 2087 2756 2156 purgatione
2802 2094 3132 2156 praesentiant
3170 2101 3294 2142 eum
3345 2085 3572 2140 Domino

2003 2190 2125 2231 cum
2158 2173 2421 2230 bonorum
2450 2175 2811 2230 oblationibus
2849 2175 3185 2230 meritorum.
3217 2173 3311 2231 Vel
3339 2174 3426 2228 isti
3469 2190 3570 2244 pa-

2003 2274 2168 2320 rentes
2192 2264 2414 2336 intelligi
2445 2274 2667 2336 possunt
2690 2265 2861 2320 sancti
2887 2265 3287 2336 praedicatores,
3314 2263 3406 2334 qui
3435 2277 3573 2333 quo-

2003 2358 2148 2413 niam
2208 2358 2261 2413 in
2289 2357 2452 2413 Petro
2493 2358 2670 2414 claves
2709 2357 2860 2429 regni
2909 2359 3171 2414 cmlorum
3220 2364 3570 2428 acceperunt,

2005 2448 2256 2516 aperiunt
2281 2447 2409 2502 illud
2436 2462 2574 2503 novo
2609 2446 2842 2502 ﬁdelium
2887 2447 3113 2518 populo;
3142 2447 3279 2502 etin
3318 2445 3574 2517 templum

2005 2536 2242 2607 ejusdem
2293 2538 2444 2608 regni
2487 2537 2724 2593 cmlestis
2768 2523 2890 2592 cuin
2922 2537 3204 2604 inducunt,
3240 2537 3366 2592 dum
3397 2535 3581 2593 absol-

2005 2637 2140 2683 vunt
2169 2641 2291 2682 eum
2321 2635 2376 2683 et
2411 2627 2737 2683 benedicunt
2777 2635 2938 2696 atque
2977 2636 3172 2699 rogant
3216 2637 3275 2683 ut
3307 2627 3435 2683 hinc
3477 2627 3582 2682 mi-

2006 2731 2171 2788 grans
2201 2716 2312 2772 illic
2344 2716 2691 2787 suscipiatur.
2723 2717 2792 2772 Et
2837 2719 2940 2774 hoc
2975 2727 3140 2789 agunt
3167 2727 3228 2773 ut
3255 2719 3418 2773 ritum
3448 2717 3581 2790 legis

2006 2808 2278 2878 expleant,
2309 2808 2436 2878 quia
2483 2807 2665 2864 taliter
2707 2823 2830 2864 eum
2860 2808 2973 2865 suis
2998 2809 3332 2864 orationibus
3359 2808 3414 2864 in
3449 2807 3582 2862 illud

2006 2897 2352 2953 beatitudinis
2366 2896 2729 2953 sanctuarium
2751 2897 3029 2965 inducunt,
3050 2905 3112 2953 ut
3131 2897 3271 2980 sicut
3288 2897 3374 2953 lex
3395 2897 3582 2952 decre-

2009 2996 2164 3043 verat
2209 2988 2436 3058 expletis
2481 2989 2534 3044 in
2582 2989 2691 3045 ﬁne
2733 2989 2923 3046 diebus
2969 2991 3295 3061 purgationis
3329 3005 3348 3044 :
3386 2989 3586 3044 sistant

2011 3094 2129 3132 eum
2160 3078 2381 3133 Domino
2431 3079 2854 3136 cum-oblatione
2889 3081 3204 3136 meritorum
3234 3079 3368 3149 ejus.
3399 3078 3584 3134 Potest

2012 3169 2174 3224 etiam
2195 3183 2330 3238 puer
2358 3169 2482 3236 iste,
2513 3170 2606 3240 qui
2628 3171 2682 3224 in
2711 3171 2963 3241 templum
2980 3170 3272 3235 inducitur,
3305 3169 3428 3225 illos
3440 3183 3583 3244 nunc

2013 3259 2339 3328 signiﬁcare,
2369 3261 2461 3330 qui
2490 3261 2556 3316 ad
2586 3261 2746 3316 ﬁdem
2771 3261 3050 3316 venientes
3077 3261 3131 3316 in
3162 3259 3458 3315 Eeclesiam
3498 3259 3586 3314 in-

2014 3352 2306 3408 ducuntur.
2327 3352 2462 3407 Nam
2493 3341 2552 3408 et“
2575 3354 2715 3408 hanc
2759 3353 3125 3408 inductionem
3153 3353 3234 3408 sic
3263 3361 3433 3420 agunt
3459 3365 3588 3408 san-

2015 3444 2088 3498 cti
2117 3442 2326 3511 Patres,
2361 3451 2420 3498 ut
2449 3443 2890 3500 consuetudinem
2926 3443 3058 3514 legis
3087 3445 3408 3512 observent;
3429 3441 3581 3513 quia,

2017 3535 2230 3604 expleta
2279 3534 2332 3588 in
2360 3535 2628 3604 baptismo
2649 3533 2984 3605 purgatione,
3018 3534 3367 3590 introducunt
3400 3547 3496 3590 eos
3522 3533 3600 3587 ad.

2019 3634 2263 3682 sanctum
2313 3625 2486 3681 altare
2523 3625 2921 3681 consecrandos
2939 3625 3157 3680 victima
3181 3625 3376 3681 divinae
3392 3623 3594 3680 euebae

2021 3717 2206 3772 ristiaa.
2236 3715 2420 3784 Itaque
2445 3715 2569 3770 dum
2598 3730 2629 3768 a
2655 3715 2767 3769 suis
2795 3714 3129 3785 parentibus,
3154 3715 3208 3769 id
3232 3722 3314 3770 est
3336 3715 3404 3770 ab
3427 3728 3594 3784 auges

2022 3807 2109 3872 lis,
2137 3805 2222 3859 vel
2258 3819 2290 3858 a
2325 3805 2767 3874 praedicatoribus
2796 3813 3038 3875 tempore
3073 3805 3332 3874 fulgentis
3359 3794 3594 3874 evange-

2024 3897 2080 3952 lii
2130 3897 2371 3952 novellus
2411 3895 2644 3951 ﬁdelium
2681 3897 2930 3966 pepulus,
2959 3897 3112 3967 quasi
3145 3911 3299 3964 puer,
3337 3897 3594 3965 cmpisset

2025 3989 2081 4044 in
2117 3988 2228 4044 suis
2250 3987 2418 4057 quide
2437 3987 2540 4041 hac
2569 3986 2687 4041 luce
2700 3987 3024 4058 migrabant,
3057 3987 3198 4042 sicut
3218 3987 3589 4048 disseruimus,

2027 4081 2078 4134 in
2108 4093 2354 4148 superna:
2397 4079 2698 4133 sanctitatis
2736 4093 2798 4134 ac
2824 4078 3171 4133 beatitudinis
3209 4076 3463 4146 templum
3512 4075 3596 4130 in-

2027 4168 2168 4231 duci,
2195 4166 2279 4220 vel
2303 4167 2355 4220 in
2382 4166 2467 4222 his
2492 4168 2582 4239 qui
2606 4167 2672 4221 ad
2702 4167 2859 4222 ﬁdem
2883 4167 3192 4232 veniebant,
3223 4167 3274 4221 in
3299 4165 3591 4221 Ecelesiam

2027 4257 2253 4322 adduci;
2305 4257 2505 4327 accepit
2542 4273 2660 4312 eum
2701 4267 2750 4312 et
2779 4258 2888 4327 ipse
2918 4257 3131 4314 Simeon
3181 4258 3251 4312 in‘
3266 4258 3420 4312 ulnas
3447 4274 3592 4326 suas,

2027 4351 2129 4406 hoc
2146 4358 2228 4404 est
2271 4357 2318 4402 et
2360 4349 2468 4418 ipse
2505 4349 2789 4420 religiosus
2827 4349 3170 4405 Hebraeorum
3198 4348 3426 4418 populus
3453 4348 3616 4404 ulnis.

354 4446 410 4490 et
436 4437 490 4490 in
516 4438 778 4494 vocabulo
829 4440 1282 4505 demonstrarent,
1338 4449 1397 4495 ut
1451 4455 1480 4494 a
1523 4440 1738 4495 Christo
1766 4441 1928 4496 Chri-
1959 4439 2312 4517 Dcharitatis
2355 4437 2634 4507 amplexus
2681 4445 2766 4493 est
2816 4453 2942 4493 eum
2982 4439 3132 4494 sicut
3165 4437 3594 4494 dilectissimum.

355 4527 519 4580 stiani
566 4537 906 4584 vocarentur.
958 4528 1025 4581 Et
1048 4530 1180 4581 venit
1221 4533 1273 4582 in
1325 4527 1524 4598 Spiritu
1565 4530 1618 4583 in
1649 4529 1928 4599 templum;

357 4619 482 4689 quia
528 4635 634 4689 quo
668 4636 856 4675 omnes
891 4619 1021 4688 justi
1071 4627 1189 4688 post
1224 4621 1672 4675 resurrectionem
1719 4621 1772 4674 in
1817 4621 1932 4675 suis

358 4712 678 4780 corporibus
706 4711 916 4765 venturi
963 4719 1107 4774 sunt,
1159 4711 1280 4765 illuc
1320 4711 1434 4780 ipse
1464 4711 1652 4780 spiritu
1690 4727 1782 4780 per
1809 4726 1932 4766 con-

361 4802 763 4871 templationem
808 4809 863 4855 et
907 4801 1275 4870 propheticum
1318 4802 1576 4857 visionem
1622 4803 1934 4872 frequenter

361 4895 524 4957 venit,
553 4894 782 4957 intrans,
808 4891 1012 4947 scilicet
1064 4891 1117 4945 in
1148 4893 1513 4948 sanctuarium
1547 4893 1663 4958 Dei,
1694 4901 1744 4947 et
1777 4891 1934 4946 intel-

361 4987 533 5057 ligens
558 4991 610 5041 in
642 4987 960 5043 novissima.

439 5076 641 5132 Etcum
669 5081 971 5132 inducerent
996 5091 1216 5147 puerum
1243 5073 1426 5128 Iesum
1446 5084 1687 5144 parentes
1718 5075 1853 5144 ejus,
1879 5087 1932 5130 ut

364 5169 594 5239 facerent
619 5170 900 5224 secundum
928 5167 1352 5221 consuetudinem
1384 5165 1511 5235 legis
1538 5183 1631 5235 pro
1654 5183 1734 5230 eo,
1757 5178 1802 5220 et
1826 5169 1933 5236 ipse

365 5261 560 5328 accepit
577 5261 758 5314 eumin
788 5259 937 5316 ulnas
961 5267 1163 5322 suas,et
1189 5256 1445 5310 benedixit
1470 5255 1657 5310 Deum.
1689 5257 1752 5310 Et
1769 5259 1932 5315 dixit:

370 5346 529 5403 Nunc
550 5349 767 5402 dimittis
792 5364 994 5402 servum
1033 5357 1198 5409 tuum,
1242 5346 1480 5407 Domine,
1516 5347 1798 5400 secumlum
1825 5365 1936 5402 ver-

369 5440 654 5492 bumtuum
684 5440 736 5492 in
760 5455 903 5508 pace.
948 5438 1084 5502 Quia
1135 5441 1372 5490 viderunt
1399 5434 1536 5488 oculi
1569 5436 1667 5488 mei
1702 5437 1934 5490 salutare

368 5539 533 5584 tuum.
567 5531 720 5596 Quod
754 5531 952 5600 parasti
992 5539 1110 5583 ante
1137 5529 1320 5598 [aciem
1345 5527 1573 5580 omnium
1603 5526 1931 5596 populorum.

371 5620 570 5675 Lumen
595 5623 662 5675 ad
679 5621 1038 5676 reuelationem
1061 5622 1310 5690 gentium,
1333 5628 1380 5672 et
1402 5618 1620 5689 gloriam
1644 5617 1805 5686 plebis
1830 5628 1932 5670 tua:

373 5712 560 5769 Israel.
579 5713 806 5772 Puerum
829 5715 1027 5780 Jesum,
1038 5716 1189 5784 juxta
1211 5713 1351 5784 quod
1378 5711 1622 5781 superius
1647 5718 1931 5765 tractatum

2031 4533 2314 4604 Amplexio
2355 4532 2554 4603 quippe
2581 4531 2922 4594 charitatem,
2958 4538 3014 4586 et
3054 4529 3194 4584 uiam
3240 4529 3399 4585 fortia
3452 4529 3603 4585 desio

2033 4631 2200 4690 gnam
2223 4635 2386 4691 opera
2413 4639 2427 4674 :
2454 4619 2679 4687 ideoque
2700 4615 2753 4669 in
2786 4614 2938 4670 ulnas
2963 4615 3260 4686 suscipere,
3277 4624 3335 4670 et
3362 4614 3607 4671 robustis.

2033 4712 2284 4780 operibus
2332 4707 2636 4767 dilectionis
2672 4705 2943 4775 amplecti.
2975 4705 3178 4761 Taliter
3208 4720 3338 4776 ergo
3364 4704 3602 4774 suscepit

2033 4815 2149 4854 eum
2174 4800 2227 4853 in
2254 4799 2405 4854 ulnas
2429 4814 2575 4864 suas,
2605 4796 2708 4851 hoc
2727 4803 2808 4850 est
2831 4794 2884 4848 in
2915 4794 3135 4849 brachia
3151 4803 3378 4865 portans
3399 4807 3522 4848 eum
3544 4793 3600 4846 in

2035 4891 2264 4945 fortibus
2317 4904 2525 4960 magna:
2560 4885 2843 4943 charitatis
2885 4885 3141 4955 operibus
3187 4904 3201 4940 :
3245 4894 3294 4939 et
3339 4881 3599 4937 benedixit

2033 4981 2221 5046 Deum,
2250 4981 2340 5051 qui
2369 4981 2470 5035 sibi
2522 4984 2840 5048 praesentem
2882 4976 3194 5031 ostenderat
3239 4987 3388 5026 nova:
3414 4971 3600 5041 gratiae

2033 5070 2305 5144 populum,
2350 5068 2742 5140 ingredientem
2776 5066 2976 5137 jugiter
3005 5063 3152 5134 regni
3182 5061 3423 5118 cmlestis
3444 5058 3600 5113 habi-

2038 5162 2296 5226 taculum,
2337 5169 2392 5216 et
2440 5160 2551 5214 ait:
2581 5157 2760 5222 Nunc,
2792 5157 2843 5210 id
2878 5164 2961 5211 est
2998 5161 3119 5224 post
3143 5152 3318 5207 datam
3347 5149 3602 5219 gratiam,

2036 5253 2274 5317 dimittis,
2297 5251 2538 5317 Domine,
2560 5264 2762 5304 servum
2784 5259 2929 5299 tuum
2952 5246 3004 5298 in
3023 5260 3172 5314 pace,
3197 5241 3249 5297 id
3276 5249 3357 5296 est
3388 5240 3602 5296 relaxas

2037 5345 2102 5399 de
2132 5341 2402 5412 ergastulo
2435 5339 2718 5410 praesentis
2761 5334 2934 5390 exsilii
2962 5347 3067 5396 me,
3095 5333 3184 5402 qui
3210 5332 3309 5386 sub
3332 5331 3465 5402 legis
3485 5346 3602 5386 ser-

2035 5433 2205 5486 vitute
2230 5429 2526 5499 premebat,
2548 5435 2609 5480 ut
2629 5425 2738 5494 jam
2769 5425 2836 5477 ad
2866 5421 3100 5477 emlestis
3137 5421 3484 5477 habitationis
3510 5438 3606 5493 pa-

2036 5523 2194 5576 triam
2223 5520 2275 5574 in
2302 5533 2432 5589 pace
2459 5527 2749 5580 transeam,
2779 5514 2941 5582 ligato
2962 5525 3057 5579 per
3077 5510 3276 5565 Christi
3303 5513 3600 5582 troplueum

2036 5610 2224 5665 mortis
2255 5608 2512 5679 principe,
2545 5604 2828 5658 secundum
2853 5604 3081 5670 verbum,
3112 5607 3253 5676 quod
3287 5605 3418 5659 mihi
3446 5604 3600 5656 dixe-

2036 5717 2125 5759 ras
2156 5701 2220 5758 de
2241 5701 2471 5756 adventu
2499 5690 2706 5767 gratiae.
2729 5693 2860 5762 Quia
2887 5712 3013 5752 ecce
3027 5699 3138 5769 jam
3152 5698 3235 5754 vel
3257 5699 3311 5752 in
3341 5710 3419 5764 se,
3453 5692 3534 5748 vel
3551 5693 3601 5746 in
