3910 6018
295 183 398 240 629

1436 177 1739 236 IIOMILUE
1775 177 1863 234 ΕΤ
1889 173 2486 234 EXHORTATIONES.

3445 177 3547 236 630

302 304 626 359 dicatorum.
675 297 752 354 Ibi
789 297 1060 368 reperitur
1111 297 1334 355 audiens
1374 312 1489 363 eos,
1545 306 1600 352 et
1656 299 1881 352 interro-
1908 309 1952 367 Α
1985 294 2119 348 bolis
2154 293 2277 362 quia
2300 293 2356 345 in
2397 291 2477 345 his
2520 305 2634 359 qua!
2664 287 2840 346 Patris
2870 291 2970 344 mei
3015 299 3154 352 sunt,
3179 301 3233 346 et
3262 291 3404 348 inter
3431 293 3548 352 illos

292 411 447 466 gans.
499 392 701 447 Audire
747 401 992 447 nostrum
1020 399 1124 455 est,
1173 405 1310 446 sono
1361 390 1579 444 aliunde
1635 388 1873 444 venienti

294 497 483 538 aurem
535 481 643 536 alio
686 481 916 551 positam
957 481 1324 536 commodare.
1370 480 1440 533 At
1487 488 1694 544 contra,
1742 479 1874 546 Deo,

294 573 382 631 cui
409 573 541 628 nihil
568 582 721 626 extra
751 580 854 636 est,
875 571 1063 625 audire
1090 571 1305 640 proprie
1337 579 1438 635 est,
1470 571 1742 642 surgentia
1774 573 1874 627 sub

294 662 590 732 semetipso
616 661 882 716 desideria
925 670 1108 716 nostra
1140 661 1435 730 percipere.
1470 660 1666 715 Tribus
1695 669 1875 714 autem

293 751 471 807 modis
504 766 601 806 nos
643 751 980 819 interrogare
1024 749 1322 816 consuevit,
1377 765 1500 804 cum
1544 758 1638 804 aut
1683 749 1877 820 ﬂagelli

292 843 636 899 districtione
662 843 912 913 percutit,
949 850 1002 897 et
1044 851 1246 910 quanta
1278 842 1433 896 nobis
1473 843 1600 897 insit
1629 843 1710 896 vel
1739 843 1880 896 desit

295 933 557 1004 patientia
584 933 850 996 ostendit;
884 939 975 986 aut
999 932 1241 1000 quaedam
1273 947 1392 1000 qute
1416 931 1662 985 nolumus
1691 931 1880 1001 przeci-

296 1027 396 1096 pit,
430 1033 486 1079 et
505 1035 745 1081 nostram
775 1024 930 1079 nobis
958 1023 1320 1079 obedientiam
1347 1023 1429 1078 vel
1463 1022 1879 1077 inobedientiam

298 1116 587 1189 patefacit;
633 1124 725 1171 aut
752 1116 933 1187 aliqua
975 1115 1132 1171 nobis
1160 1115 1369 1170 occulta
1401 1115 1574 1185 aperit
1610 1122 1665 1168 et
1691 1113 1873 1183 aliqua

297 1209 604 1277 abscondit,
656 1217 711 1263 et
752 1222 1059 1263 mensuram
1109 1207 1264 1262 nobis
1319 1217 1517 1260 nostrae
1560 1204 1881 1260 humilitatis

299 1301 614 1357 innotescit.
649 1301 718 1356 Et
755 1301 856 1356 hoc
891 1299 1056 1355 tertio
1085 1299 1245 1354 modo
1296 1298 1467 1369 magis
1501 1297 1754 1352 doctores
1800 1297 1882 1351 in-

297 1400 560 1462 tet-rogat.

371 1486 682 1558 Stupebant,
721 1488 924 1558 inquit,
953 1503 1150 1555 omnes,
1176 1503 1266 1558 qut
1301 1503 1418 1541 eum
1453 1486 1758 1551 audiebant,
1788 1502 1882 1538 su-

297 1593 393 1646 per
421 1578 697 1646 prudentia
739 1584 788 1631 et
846 1577 1104 1645 responsis
1162 1576 1301 1646 ejus.
1341 1575 1659 1644 Quicunque
1702 1574 1883 1630 cordis

1975 387 2066 457 qui
2097 385 2274 440 Patris
2314 383 2418 438 mei
2461 381 2790 438 voluntatem
2822 381 3027 437 faciunt
3075 393 3274 454 oportet
3293 401 3379 438 me
3403 387 3551 440 esse?

1979 479 2046 532 Et
2088 479 2190 548 ipsi
2223 493 2324 530 non
2363 474 2727 529 intellexerunt
2754 474 2961 529 verbum
2992 475 3130 544 quod
3162 475 3364 529 locutus
3385 487 3458 532 est
3482 478 3550 531 ad

1976 584 2082 621 eos.
2119 567 2240 620 Non
2282 563 2668 630 intellexerunt,
2691 563 2816 632 quia
2843 578 2938 618 cor
2963 572 3222 617 caecatum
3258 564 3550 630 habebant,

1978 665 2031 711 et
2066 658 2118 710 in
2156 656 2398 711 Ecclesia
2427 655 2662 726 gentium
2703 668 2824 708 esse
2855 654 3131 708 Christum
3159 669 3264 708 non
3296 669 3554 726 agnosce-

1978 749 2142 811 bant;
2174 747 2426 818 quoniam
2456 747 2661 801 ccecitas
2688 762 2751 800 ex
2771 755 2920 815 parte
2942 745 3152 814 contigit
3175 746 3227 798 in
3254 744 3448 812 Israel,
3466 748 3556 800 do-

1979 853 2072 890 nec
2115 835 2381 907 plenitudo
2428 837 2656 906 gentium
2699 838 2938 900 intraret,
2976 844 3023 890 et
3067 836 3141 890 sic
3175 837 3342 890 omnis
3385 835 3556 890 Israel

1981 928 2155 982 salvus
2196 928 2341 996 ﬁeret
2396 927 2569 996 (Rom.
2609 944 2687 991 χι,
2713 925 2827 996 25).
2859 927 2996 1001 Nam
3042 927 3166 997 quia
3205 929 3256 982 in
3311 936 3556 983 extremo

1981 1029 2222 1090 tempore
2241 1019 2487 1074 Salvator
2515 1017 2578 1072 ad
2609 1016 2862 1088 reliquias
2887 1017 3052 1073 Israel
3075 1027 3399 1084 revertetur,
3431 1031 3557 1089 apte

1982 1112 2324 1183 subjungitur
2357 1129 2371 1164 :
2407 1111 2473 1164 Et
2511 1111 2772 1165 descendit
2812 1127 2930 1164 cum
2976 1111 3070 1175 eis,
3117 1120 3165 1164 et
3208 1110 3342 1164 venit
3381 1109 3560 1164 Naza-

1984 1200 2094 1253 retls
2119 1213 2137 1250 .'
2166 1209 2213 1253 et
2243 1208 2354 1252 erat
2375 1199 2615 1252 subditus
2638 1197 2762 1252 illis.
2791 1198 3066 1252 Descendit
3099 1198 3240 1252 enim
3266 1198 3555 1254 novissime

1983 1309 2100 1345 cum
2129 1290 2368 1346 Hebrreis
2395 1308 2407 1345 :
2430 1301 2477 1345 et
2500 1292 2633 1345 venit
2656 1288 2949 1355 Nazareth,
2977 1289 3067 1344 ubi
3095 1289 3331 1344 nutritus
3354 1289 3556 1354 fuerat;

1984 1383 2108 1452 quia
2139 1396 2265 1437 cum
2315 1382 2400 1437 his
2426 1382 2516 1452 qui
2563 1381 2629 1437 de
2670 1380 3085 1436 circumcisione
3111 1380 3470 1446 crediderant,
3501 1395 3561 1435 se

1984 1475 2408 1530 misericorditer
2461 1473 2737 1528 inclinavit
2804 1472 2870 1526 ad
2919 1472 3127 1540 plebem
3176 1471 3557 1526 Isracliticam.

1985 1565 2136 1633 Quod
2165 1574 2342 1621 tamen
2373 1565 2546 1620 adhuc
2574 1574 2660 1619 est
2684 1563 2944 1629 futurum,
2969 1563 3096 1618 licet
3121 1576 3405 1617 narremus
3431 1561 3562 1616 illud

302 1645 434 1722 attre
459 1681 582 1723 eum
616 1667 793 1722 arlhuc
837 1667 1084 1731 audiunt,
1131 1645 1347 1735 stupent
1379 1665 1446 1720 ad
1495 1663 1610 1733 ejus
1655 1664 1888 1734 prudcn-
1917 1645 1960 1706 Β
1987 1656 2140 1724 quasi
2173 1656 2526 1725 praeteritum.
2552 1653 2620 1707 Et
2660 1665 2769 1708 erat
2798 1653 3038 1708 subditus
3075 1651 3233 1722 173
3265 1651 3390 1715 illis,
3425 1651 3563 1706 sicut

300 1759 434 1811 tiam
464 1774 477 1810 :
506 1756 647 1811 sicut
668 1764 721 1812 et
749 1757 940 1810 beatus
969 1755 1090 1822 Job,
1111 1755 1200 1823 qui
1230 1755 1370 1808 inter
1398 1754 1644 1808 homines
1671 1753 1886 1823 sapien-

305 1856 392 1901 ter
419 1847 632 1902 Iocutus
669 1844 882 1912 fuerat;
928 1846 1024 1900 sed
1068 1845 1268 1900 auditis
1311 1844 1404 1899 Dei
1443 1844 1784 1899 sermonibus
1831 1857 1888 1898 se

304 1939 444 1995 dixit
488 1938 808 2008 insipienter
859 1937 1117 1992 locutum.
1174 1935 1458 2006 Responsa
1514 1951 1727 2007 quoque
1773 1934 1889 2005 ejus

305 2037 435 2085 sunt
458 2028 749 2098 smpenda.
786 2027 1133 2097 Respondere
1166 2028 1309 2082 enim
1340 2026 1483 2082 illius
1505 2034 1607 2089 est,
1641 2040 1764 2079 eum
1796 2023 1888 2095 qui

267 2147 272 2152 ο
307 2133 368 2173 se
399 2117 674 2174 humiliter
701 2117 1031 2172 nescientem
1061 2117 1398 2188 cognoverit,
1447 2114 1674 2171 occultis
1723 2113 1891 2184 inspi-

308 2209 613 2265 rationibus
657 2211 890 2265 erudire.
946 2208 1255 2280 Respondet
1288 2208 1432 2262 enim
1469 2221 1535 2260 ex
1580 2205 1892 2274 magisterio

310 2303 686 2372 aspirationis,
732 2313 787 2359 et
835 2311 1070 2358 mentem
1109 2300 1392 2357 humilium
1436 2297 1761 2353 mirabiliter
1800 2297 1893 2350 do—

311 2402 420 2450 eet.
457 2393 787 2462 Respondet,
821 2394 961 2450 sicut
991 2400 1046 2446 et
1094 2390 1219 2446 alibi
1269 2390 1471 2446 dictum
1505 2395 1588 2443 est
1614 2387 1664 2440 ei
1699 2403 1713 2439 :
1753 2385 1894 2439 Voca

311 2502 414 2550 me,
443 2496 488 2539 et
505 2487 821 2554 respondebo
853 2487 980 2550 tibi;
1005 2492 1095 2537 aut
1112 2492 1248 2538 certe
1268 2481 1473 2551 loquar,
1503 2490 1548 2534 et
1566 2489 1621 2533 tu
1643 2477 1895 2546 responde

314 2577 443 2632 mihi
467 2577 591 2646 (Job
644 2594 761 2638 xm.
790 2577 905 2647 22).
930 2578 1138 2633 Vocare
1159 2576 1301 2630 enim
1333 2575 1424 2629 Dei
1455 2581 1560 2638 est,
1585 2587 1684 2627 nos
1709 2584 1896 2625 aman-

315 2668 385 2722 do
446 2676 500 2722 et
545 2667 794 2739 eligendo
848 2668 1142 2738 respicere.
1182 2665 1530 2734 Respondere
1568 2670 1746 2717 autem
1801 2676 1895 2715 no-

317 2768 489 2812 strum
525 2765 624 2823 est,
679 2758 849 2812 amori
888 2757 1030 2812 illius
1055 2755 1214 2812 bonis
1240 2753 1494 2823 operibus
1537 2765 1748 2821 parere.
1789 2747 1896 2802 Lo-

317 2851 536 2920 quimur
585 2849 770 2915 etiam,
841 2864 962 2904 cum
1014 2846 1132 2916 ejus
1182 2845 1375 2900 faciem
1425 2859 1524 2915 per
1572 2841 1896 2898 desiderium

319 2942 673 3014 postulamus.
699 2941 765 2994 Et
795 2941 908 3011 ipse
952 2941 1240 3009 respondet
1266 2937 1629 3009 loquentibus,
1652 2951 1775 2992 cum
1801 2950 1899 2988 no-

319 3032 405 3089 bis
431 3047 490 3087 se
521 3032 825 3086 amantibus
861 3039 1106 3100 apparet.

393 3120 693 3189 Sequitur:
731 3119 798 3172 Et
849 3119 1077 3173 videntes
1133 3117 1384 3172 admirati
1441 3124 1580 3171 sunt.
1634 3112 1898 3168 Admirati

322 3220 449 3268 sunt
492 3220 748 3282 parentes
795 3208 932 3279 ejus,
971 3225 1094 3265 cum
1143 3223 1265 3264 eum
1299 3208 1353 3262 in
1386 3206 1586 3278 templo
1615 3207 1671 3262 in
1720 3205 1900 3260 medio

323 3301 606 3356 doctorum
636 3300 826 3355 sedere
860 3299 1144 3355 vidissent.
1173 3298 1525 3353 Admirantur
1549 3311 1718 3366 usque
1741 3295 1901 3350 hodie

323 3390 494 3446 Judaei
521 3391 832 3461 quicunque
859 3391 926 3446 ad
962 3391 1258 3446 Ecclesiam
1285 3391 1533 3455 veniunt,
1563 3396 1619 3442 et
1648 3388 1715 3441 ad
1739 3385 1900 3440 ﬁdem

327 3493 758 3538 convertuntur:
790 3482 916 3537 dum
973 3481 1044 3537 ibi
1072 3481 1345 3547 Messium,
1404 3481 1456 3536 id
1505 3489 1591 3536 est
1627 3477 1904 3534 Christum

326 3575 530 3640 vident,
564 3589 724 3644 quem
749 3574 802 3629 in
833 3574 1134 3644 Synagoga,
1159 3581 1215 3626 et
1239 3574 1374 3626 inter
1395 3581 1641 3640 cognatos
1661 3578 1710 3623 et
1735 3577 1902 3633 notos,

329 3666 477 3721 nulla
527 3681 713 3721 eorum
758 3665 1094 3734 expositione
1136 3663 1321 3719 videre
1364 3663 1449 3718 vel
1481 3661 1782 3732 intelligere
1809 3675 1908 3730 po-

330 3766 569 3812 tuerunt.

400 3848 470 3901 Et
505 3849 634 3902 dixit
657 3856 824 3900 mater
842 3847 955 3916 ejus
983 3849 1050 3900 ad
1077 3845 1266 3900 illum:
1297 3843 1424 3910 Fili,
1471 3844 1597 3913 quid
1627 3841 1795 3910 fecisti
1816 3856 1910 3894 no-

333 3941 411 3995 bis
434 3943 507 3995 sic
531 3943 555 3994 ?
592 3941 727 3997 Ecce
754 3953 902 4015 pater
941 3951 1061 3995 tuus
1094 3949 1143 3994 et
1171 3955 1262 4010 ego
1300 3937 1530 3991 dolentes
1549 3933 1909 4006 quaerebamus

335 4043 405 4085 te.
440 4033 684 4088 Diximus
715 4050 811 4103 per
843 4041 1068 4087 matrem
1109 4029 1320 4084 Domini
1359 4028 1698 4100 Synagogam
1743 4024 1911 4096 signi-

337 4122 510 4189 ficari,
543 4123 608 4178 de
634 4140 738 4193 qua
774 4124 1031 4178 Dominus
1076 4121 1370 4177 secundum
1395 4133 1615 4175 carnem
1645 4117 1910 4189 originem

338 4217 508 4270 duxit.
538 4215 660 4271 [hec
682 4225 859 4272 autem
889 4229 1208 4285 quocunque
1239 4223 1480 4281 tempore
1507 4213 1574 4265 ad
1613 4209 1914 4264 Ecclesiam

1987 1756 2040 1802 et
2071 1747 2138 1802 de
2177 1747 2382 1818 Spiritu
2411 1754 2598 1802 sancto
2649 1745 2780 1819 dicit
2820 1743 3128 1815 Apostolus,
3176 1744 3301 1812 quia
3343 1743 3564 1814 spiritus

1987 1838 2373 1907 prophetarum
2395 1837 2674 1909 prophetis
2703 1834 2975 1904 subjectus
3007 1844 3111 1901 est,
3146 1846 3204 1888 ut
3233 1834 3439 1890 scilicet
3471 1848 3565 1889 vo-

1990 1931 2248 1985 luntatem
2293 1945 2478 1985 eorum
2529 1929 2754 1994 faceret,
2800 1943 2900 1983 nec
2928 1941 3115 1982 eorum
3156 1925 3385 1981 arbitrio
3408 1940 3567 1995 repu-

1991 2030 2200 2094 gnaret.
2225 2022 2338 2078 Iloc
2368 2023 2511 2077 enim
2551 2023 2732 2087 modo,
2769 2021 2909 2076 sicut
2933 2020 3156 2090 spiritus
3183 2021 3567 2092 prophetarum

1991 2113 2275 2186 prophetis
2300 2113 2570 2182 subjectus
2596 2123 2707 2179 est;
2747 2114 2824 2168 sic
2852 2113 3115 2182 sapientia
3162 2113 3568 2182 praedicantium

1992 2204 2412 2276 praedicantibus
2455 2204 2698 2274 subjecta
2739 2210 2842 2258 est.
2889 2201 3165 2271 Sapientia
3216 2215 3345 2256 vero
3376 2200 3572 2272 praedi-

1995 2297 2229 2352 cantium
2287 2295 2371 2350 vel
2401 2295 2804 2366 magistrorum,
2845 2293 3093 2349 Christus
3137 2301 3236 2346 est.
3295 2291 3360 2344 Et
3406 2300 3573 2344 mater

1996 2384 2110 2455 ejus
2137 2383 2473 2438 conservabat
2503 2385 2679 2437 omnia
2727 2384 2878 2436 verba
2910 2384 3022 2436 lucc
3057 2383 3112 2436 in
3149 2382 3304 2436 corde
3328 2396 3446 2437 suo.
3474 2379 3572 2433 Pia

1997 2477 2147 2547 plebs
2173 2474 2604 2532 circumcisionis
2643 2473 2831 2528 sedqu
2859 2473 3022 2528 corde
3051 2471 3336 2534 retinebat,
3373 2470 3453 2525 vel
3479 2485 3575 2540 po-

2001 2566 2104 2622 tius
2131 2566 2387 2621 retinebit
2413 2565 2672 2636 mysteria
2701 2564 2920 2620 Chrisri.

2070 2657 2138 2711 Et
2164 2658 2318 2712 Jcsus
2347 2658 2648 2728 proficiebat
2674 2658 2950 2726 sapientia,
2978 2664 3024 2708 et
3055 2665 3207 2709 astate
3226 2696 3240 2719 ,
3279 2663 3324 2707 et
3370 2654 3572 2721 gratia,

2000 2749 2137 2820 apud
2164 2749 2326 2803 Deum
2351 2758 2396 2803 et
2422 2749 2676 2803 homines.
2710 2748 2866 2802 Jestts
2890 2746 3225 2816 proﬁciebat;
3249 2744 3374 2816 quia
3397 2756 3580 2797 sermo

1999 2839 2400 2907 praedicationis
2447 2839 2564 2910 ejus
2613 2839 2915 2894 crescebat.
2963 2836 3276 2906 Proﬁciebat
3321 2834 3579 2902 sapientia

2001 2933 2256 3003 quoniam
2305 2933 2480 3002 major
2529 2931 2792 3002 sapientia
2840 2930 3212 2999 reperiebatur
3260 2941 3475 2996 semper
3524 2925 3577 2977 in

2001 3026 2116 3096 ejus
2165 3025 2429 3080 doctrina.
2479 3021 2791 3092 Proﬁciebat
2826 3033 2872 3075 et
2897 3030 3078 3086 a'tate,
3109 3018 3361 3090 quoniam
3387 3015 3580 3069 animae

2000 3114 2332 3186 prolicientis
2378 3121 2511 3168 tetas
2563 3113 2825 3166 maturior
2864 3110 3064 3180 jugiter
3114 3106 3490 3162 inveniebatur
3526 3104 3578 3156 in

2001 3207 2118 3277 ejus
2145 3219 2416 3261 sermone.
2442 3202 2755 3272 Proﬁciebat
2773 3203 3026 3271 etgratia,
3046 3199 3296 3270 quoniam
3323 3195 3581 3264 majorem

2004 3297 2114 3352 suis
2150 3296 2380 3367 gratiam
2411 3294 2722 3364 quotidiano
2769 3293 3011 3362 profectu
3061 3290 3240 3344 dabat.
3278 3286 3394 3342 Non
3434 3285 3578 3340 enim

2005 3389 2126 3453 sibi,
2158 3389 2250 3445 sed
2284 3396 2337 3442 et
2368 3388 2499 3450 suis,
2530 3385 2803 3455 profectus
2826 3385 2928 3439 iste
2959 3383 3135 3438 fiebat.
3169 3381 3317 3450 Apud
3342 3379 3507 3433 Deum
3533 3385 3580 3430 et

2007 3479 2238 3533 homines
2270 3478 2342 3532 ita
2372 3477 2692 3548 proficiebat,
2725 3476 2848 3545 quia
2872 3484 2926 3528 et
2955 3474 3020 3527 ad
3053 3473 3142 3527 Dei
3165 3471 3399 3542 gloriam
3433 3477 3488 3523 et
3513 3467 3582 3521 ad

2010 3571 2286 3626 hominum
2313 3569 2538 3646 salutem
2567 3568 2679 3622 haec
2708 3567 3035 3637 gerebantur
3064 3583 3076 3618 :
3103 3573 3157 3619 et
3179 3563 3347 3632 magis
3379 3577 3442 3616 ac
3472 3574 3584 3614 ma-

2009 3660 2091 3728 gis
2135 3657 2544 3713 innotescebant
2589 3656 2792 3725 angelis
2821 3655 2913 3725 qui
2956 3663 3080 3708 sunt
3119 3653 3258 3722 apud
3295 3652 3458 3704 Deum
3483 3691 3496 3712 ,
3531 3657 3593 3703 et.

2010 3748 2318 3804 hominibus
2363 3747 2429 3800 ad
2478 3745 2804 3814 exemplum.
2843 3743 2995 3798 Uude
3043 3743 3160 3795 laus
3199 3749 3253 3793 ct
3300 3740 3473 3793 honor
3519 3738 3591 3791 sit

2012 3839 2186 3893 eidem
2231 3837 2320 3906 pio
2363 3835 2631 3890 Salvatori
2678 3848 2799 3888 cum
2849 3833 3009 3886 Patre
3039 3840 3094 3888 et
3134 3829 3337 3899 Spiritu
3370 3835 3598 3891 sancto,

2013 3944 2109 4000 per
2139 3928 2344 3983 infinita
2370 3925 2588 3982 saecula.
2621 3924 2811 3978 Amen.

2580 4013 2862 4071 IIOMILIA
2903 4011 3033 4068 VIII.

2015 4114 2070 4168 ΙΝ
2108 4124 2444 4166 EVANGELIUM
2479 4122 2752 4164 SECUNDUM
2801 4120 2985 4160 ιυολιι-
3024 4120 3036 4155 ε
3090 4099 3311 4154 Factum
3346 4109 3422 4152 est
3474 4115 3595 4151 cum

2089 4203 2443 4270 baptizaretur
2482 4199 2649 4251 omnis
2682 4193 2935 4266 populus,
2990 4202 3037 4248 et
3077 4191 3206 4245 Iesu
3250 4189 3512 4258 baptizata
3546 4197 3593 4240 ει

336 4308 582 4372 veniens,
609 4306 789 4375 ibique
812 4307 1096 4360 veritatem
1124 4303 1450 4372 intelligens,
1482 4316 1636 4356 suam
1661 4300 1914 4368 ignoran-
1950 4326 1995 4380 ι)
2090 4298 2305 4353 οναηιε,
2362 4297 2598 4358 apertum
2644 4294 2717 4339 est
2779 4282 2980 4338 caelum.
3049 4280 3117 4334 Et
3169 4278 3373 4348 reliqua
3431 4275 3592 4340 (LW-

342 4399 472 4452 tiam
503 4407 556 4453 et
589 4399 788 4453 Christi
834 4396 1131 4453 absentiam
1165 4395 1482 4459 admiratur,
1519 4400 1574 4448 et
1599 4392 1918 4446 admirando

340 4491 472 4546 dicit
497 4505 512 4545 :
543 4490 677 4558 Fili,
721 4491 845 4558 quid
878 4490 1045 4560 fecisti
1076 4489 1221 4542 nobis
1243 4487 1473 4541 sic?cur
1501 4499 1599 4539 nos
1627 4473 1918 4552 reIiQuisti,

341 4593 397 4638 et
432 4585 498 4637 ad
547 4584 786 4654 gentium
835 4581 1129 4636 Ecclesium
1175 4576 1553 4648 pcrtransisti?
1599 4575 1735 4629 Ecce
1775 4583 1924 4644 pater

344 4682 488 4738 tuus,
528 4672 756 4743 populus
784 4669 1061 4732 Judaicus,
1089 4676 1136 4720 et
1172 4684 1263 4736 ego
1295 4665 1526 4743 dolentes
1563 4663 1923 4734 quazrebamus

345 4776 415 4819 te.
451 4742 563 4819 IIoc
593 4742 677 4818 est
713 4762 880 4825 enim,
905 4758 1045 4828 quod
1076 4755 1362 4826 Apostolus
1391 4742 1466 4809 ait
1503 4773 1515 4808 :
1549 4753 1924 4808 Testimonium

346 4853 455 4907 illis
484 4853 722 4922 perhibeo
752 4851 875 4921 quia
912 4846 1080 4900 zelum
1120 4845 1220 4899 Dei
1252 4845 1458 4908 habent,
1488 4845 1576 4898 sed
1623 4861 1724 4898 non
1751 4859 1929 4897 secun-

349 4946 474 4998 dum
504 4945 773 4998 scientiam
803 4939 980 5011 (Rom.
1013 4955 1068 5002 x,
1097 4938 1178 5008 9.).
1207 4937 1467 5004 Qumrunt
1487 4935 1698 5000 Jesum,
1733 4943 1788 4988 et
1820 4948 1926 4987 non

352 5037 673 5101 inveniunt;
705 5035 828 5105 quia
868 5033 1106 5088 nondum
1146 5031 1212 5084 ad
1249 5029 1503 5100 templum
1534 5037 1588 5083 ct
1631 5025 1928 5082 Ecclesium

354 5141 737 5204 pervenerunt.

431 5223 494 5278 Et
523 5226 593 5278 ait
619 5224 688 5278 ad
712 5222 829 5275 illos
851 5239 870 5276 :
894 5219 1033 5285 Quid
1057 5227 1131 5271 est
1175 5216 1312 5286 quod
1338 5231 1420 5268 me
1442 5211 1792 5285 querebatis?
1820 5206 1931 5262 Ne-

355 5317 595 5372 sciebatis
615 5315 739 5385 quia
765 5315 821 5366 in
852 5312 930 5364 liis
953 5326 1071 5378 qua!
1106 5305 1286 5359 Patris
1318 5306 1418 5358 mei
1446 5314 1587 5366 sunt,
1631 5310 1828 5370 oportet
1856 5313 1935 5352 me

357 5411 505 5464 esse?
531 5408 670 5473 Quid
705 5416 803 5470 est,
839 5403 1033 5472 inquit,
1066 5401 1205 5471 quod
1235 5415 1314 5452 me
1360 5397 1412 5450 in
1441 5405 1702 5450 conventu
1741 5392 1934 5447 inlide-

358 5504 490 5556 Iium
523 5499 854 5571 qitterebatis,
879 5505 934 5551 et
971 5504 1121 5550 extra
1150 5489 1451 5547 Ecclesiam
1479 5502 1598 5541 esse
1625 5483 1938 5555 putabatis?

362 5595 462 5650 llic
483 5593 650 5660 enim,
683 5606 768 5646 me
809 5596 1030 5660 quaerat,
1071 5586 1161 5656 qui
1199 5596 1445 5654 quaerere
1472 5579 1601 5636 vult.
1630 5578 1711 5634 An
1745 5575 1938 5630 nescie-

2097 4397 2179 4444 nt,
2213 4378 2324 4447 21).

2093 4469 2393 4541 Baptizavit
2425 4467 2662 4522 Joannes
2692 4463 3000 4516 universum
3033 4459 3285 4530 populum
3319 4457 3383 4510 ad
3420 4471 3478 4510 se
3508 4469 3599 4507 ve-

2025 4564 2293 4622 nientem;
2323 4559 2447 4628 quia
2477 4559 2521 4612 si
2552 4556 2723 4611 solum
2772 4551 3059 4607 Dominum
3094 4549 3420 4620 haptizasset
3443 4587 3458 4611 ,
3494 4560 3606 4600 non

2027 4656 2278 4709 deessent
2333 4649 2424 4720 qui
2485 4655 2741 4718 putarent
2801 4645 3042 4702 sanctius
3111 4641 3276 4696 fuisse
3332 4638 3600 4708 baptisma

2027 4745 2251 4801 Joannis
2303 4755 2464 4813 quam
2492 4739 2717 4804 Christi,
2742 4738 2894 4807 quasi
2917 4736 3186 4806 baptismo
3211 4731 3436 4787 Joannis
3457 4727 3605 4783 solus

2030 4836 2278 4892 Christus
2304 4832 2591 4887 meruisset
2617 4829 2910 4900 baptizari;
2942 4827 3212 4895 baptismo
3243 4829 3423 4876 autem
3448 4816 3606 4871 Chri-

2033 4932 2124 4997 sti,
2148 4945 2316 5001 genus
2353 4929 2666 4982 humanum.
2693 4926 2749 4979 Si
2780 4923 2923 4979 enim
2966 4921 3110 4975 solus
3138 4915 3388 4972 Christus
3425 4907 3606 5001 baptio

2034 4999 2171 5078 smo‘
2191 5020 2414 5075 Joannis
2459 5026 2602 5071 esset
2651 5016 2983 5086 baptizatus,
3028 5009 3268 5064 dicerent
3313 4999 3605 5055 homines:

2034 5111 2260 5180 Qualem
2303 5108 2626 5179 baptismum
2676 5105 2865 5161 habuit
2907 5097 3171 5157 Joannes?
3215 5093 3466 5162 Magnum
3515 5089 3608 5142 ba-

2034 5206 2288 5276 ptismum
2318 5201 2524 5264 habuit,
2549 5196 2814 5253 ineﬂ‘abile
2835 5195 3256 5250 sacramentum,
3278 5183 3460 5276 videte
3481 5181 3608 5250 quia

2037 5272 2182 5353 solus
2209 5293 2456 5348 Christus
2500 5289 2697 5345 meruit
2751 5281 3012 5353 baptizari
3061 5278 3328 5347 baptismo
3364 5272 3608 5328 Joannis.

2039 5390 2215 5457 Atque
2267 5385 2339 5438 ita
2379 5380 2550 5450 major
2597 5379 2869 5433 videretur
2913 5370 3212 5441 baptismus
3257 5363 3399 5420 servi
3449 5375 3610 5430 quam

2040 5453 2339 5549 baptismus
2371 5471 2603 5530 Domini.
2631 5464 2896 5538 Baptizati
2927 5469 3054 5518 sunt
3103 5458 3265 5530 igitur
3301 5463 3356 5511 et
3395 5454 3482 5508 alii
3517 5453 3613 5508 ba-

2040 5545 2242 5644 ptismo
2275 5567 2529 5634 Joannis,
2582 5577 2648 5618 ne
2695 5557 2884 5616 melior
2914 5554 3184 5626 baptimus
3215 5548 3436 5607 Joannis
3468 5545 3611 5602 vide-
