3884 6052
295 276 391 333 (ibi

630 276 686 332 S.
727 275 1026 332 ANSELMI
1068 275 1414 334 CANTUAR.
1456 272 1772 331 ARCIIIEP.
1812 271 1963 330 OPP.
1999 272 2180 333 PARS
2204 274 2271 332 ll.
2308 306 2376 318 —-
2413 273 2784 331 ΡΑΜΞΝΕΤ.
2827 273 2916 330 ΕΤ
2950 272 3193 332 ASCET.

3452 276 3557 334 6'59.

296 403 448 446 retur
471 406 634 475 quam
663 391 886 446 Christi.
919 391 1230 462 Baptizatus
1280 401 1364 447 est
1403 399 1579 446 autem
1612 391 1871 447 Dominus
1899 395 1946 454 Α
1975 391 2080 446 hoc
2117 399 2201 447 est
2244 391 2406 446 simul
2431 391 2498 447 de
2529 391 2816 454 omnibus,
2848 406 2966 460 quae
2991 392 3044 446 in
3071 401 3122 446 te
3148 399 3301 456 sunt,
3328 389 3411 445 vel
3435 407 3556 460 qua:

295 489 386 548 ut,
417 480 642 536 Domino
670 482 998 551 suscipiente
1026 484 1351 552 baptismum
1377 484 1548 550 servi,
1577 499 1684 538 non
1715 483 1866 538 dedi-

295 581 592 640 gnarentur
636 571 726 626 alii
770 573 910 628 servi
961 576 1234 644 suscipere
1267 575 1591 646 baptismum
1635 576 1867 633 Domini.

295 663 606 732 Baptizatus
630 673 712 716 est
739 662 1034 730 Dominus,
1078 681 1184 720 non
1233 666 1348 736 ipse
1399 668 1554 738 aquis
1589 668 1861 734 mandari,

297 754 390 808 sed
426 752 572 822 ipsas
609 753 870 809 mundare
896 755 1120 824 cupiens
1163 772 1361 826 aquas;
1407 773 1526 828 qua:
1554 758 1749 814 abluta:
1774 770 1877 828 per”

296 859 518 899 carnem
549 843 694 914 ejus,
727 847 932 915 peccati
965 848 1150 917 utique
1198 851 1464 914 nesciam,
1508 851 1758 921 baptismi
1784 853 1873 922 jus

295 945 662 1004 assumerent;
687 949 742 992 et
768 939 910 1006 quod
947 948 1024 993 tot
1049 941 1148 994 sub
1178 941 1294 1013 lege
1332 942 1656 1012 baptismata
1683 945 1875 1014 nequi-

293 1033 515 1090 verant,
547 1037 736 1081 contra
766 1030 1225 1098 praevaricationis
1274 1034 1470 1087 mahnn
1514 1037 1622 1089 vim
1649 1051 1875 1104 regene-

295 1115 480 1169 rativa
504 1115 951 1172 sanctificationis
979 1121 1352 1192 conciperent.
1381 1123 1530 1179 Unde
1554 1125 1690 1180 bene
1714 1141 1873 1182 evan-

287 1206 486 1279 gelista
540 1223 662 1263 cum
715 1209 1044 1278 baptizatum
1086 1215 1290 1270 diceret
1328 1231 1541 1272 omnem
1588 1219 1871 1288 populum,

293 1298 430 1352 nihil
474 1299 654 1370 magni
703 1301 943 1370 addidit;
973 1306 1066 1360 sed
1099 1305 1225 1360 .lesu
1267 1309 1540 1378 baptizato
1569 1319 1623 1364 et
1649 1320 1874 1376 orante.

295 1399 543 1458 apertum
571 1405 693 1445 mox
725 1393 920 1448 caelum
957 1412 1072 1450 esse
1115 1399 1404 1467 perhibuit.
1443 1400 1576 1466 Quia
1601 1402 1725 1456 dum
1756 1418 1878 1458 cor-

296 1483 442 1551 poris
461 1483 768 1540 humilitate
797 1487 1044 1542 Salvator
1073 1491 1240 1544 undas
1269 1490 1506 1546 ﬂuminis
1527 1493 1712 1559 subiit,
1741 1495 1878 1548 divi-

297 1571 482 1626 nitatis
509 1588 619 1627 suae
651 1576 895 1643 potentia
929 1576 1085 1632 nobis
1137 1579 1257 1633 αα)ιί
1306 1576 1504 1647 jauuas
1551 1583 1780 1651 aperuit.
1811 1583 1878 1638 Et

296 1662 425 1715 dum
457 1677 679 1718 carnem
723 1665 1000 1721 innoxiam
1055 1667 1375 1740 frigentibus
1405 1673 1560 1741 aquis
1614 1674 1873 1743 lingeret,

297 1761 600 1825 oppositum
633 1758 904 1827 quondam
947 1759 1125 1815 noxiis
1167 1762 1394 1832 ignitum
1435 1775 1603 1833 portae
1636 1767 1875 1834 paradisi

297 1846 533 1915 gladium
561 1850 844 1905 exstinxit.
879 1848 1011 1904 Nam
1039 1861 1147 1908 tota
1190 1863 1396 1908 naturze
1423 1856 1672 1910 lmmanaa
1699 1871 1876 1912 massa

299 1939 350 1992 in
380 1939 907 2011 primisparentibus
937 1941 1106 2010 ejecta
1135 1943 1201 1999 de
1222 1946 1474 2014 paradiso
1503 1944 1703 2013 fuerat,
1731 1956 1783 2002 et
1810 1964 1877 2003 ex

296 2026 391 2082 illo
447 2038 690 2100 tempore
737 2030 920 2085 clausa
971 2032 1044 2086 illi
1093 2042 1214 2088 erat
1257 2034 1496 2090 ctelestis
1534 2035 1720 2104 janua.
1771 2037 1877 2095 Sed

299 2117 456 2187 hujus
483 2128 693 2175 naturae
716 2123 990 2194 particeps
1023 2124 1140 2180 fieri
1184 2125 1481 2182 clementer
1519 2129 1771 2200 dignatus
1796 2142 1880 2186 est

296 2210 591 2279 Dominus;
621 2228 718 2283 per
744 2218 885 2274 hanc
917 2217 1080 2272 totius
1119 2216 1340 2272 humani
1381 2219 1597 2290 generis
1623 2236 1877 2289 causam,

294 2310 356 2355 ut
379 2316 541 2358 verus
560 2307 860 2362 advocatus
882 2348 898 2373 ,
931 2322 1208 2378 perorare.
1239 2306 1376 2364 Hinc
1403 2320 1517 2374 est,
1568 2312 1710 2380 quod
1737 2327 1881 2367 nunc

296 2391 602 2462 baptizatus
631 2399 1001 2468 cmpitorare.
1052 2397 1217 2466 Nam,
1265 2401 1404 2455 sicut
1450 2417 1548 2470 pro
1589 2403 1747 2458 nobis
1796 2412 1881 2459 est

299 2486 629 2556 baptizatus,
651 2490 731 2546 sic
757 2500 811 2545 et
852 2507 949 2560 pro
989 2493 1144 2548 nobis
1192 2494 1401 2558 oravit;
1425 2495 1548 2562 quia
1581 2505 1767 2550 noster
1796 2505 1880 2552 est

294 2577 562 2645 pontifex,
589 2595 653 2634 ac
676 2595 774 2651 pro
803 2583 957 2636 nobis
985 2583 1309 2637 humanitati
1331 2599 1441 2638 sua:
1463 2584 1684 2650 caelum,
1710 2587 1875 2654 quod,

296 2676 358 2721 ut
401 2668 634 2723 diximus
660 2711 674 2733 ,
714 2671 811 2726 toti
865 2687 1055 2727 massae
1095 2673 1313 2743 generis
1363 2675 1583 2728 humani
1637 2675 1876 2732 clausum

293 2767 446 2823 erat,
477 2761 718 2828 aperuit;
749 2771 804 2816 et
852 2778 948 2832 per
997 2779 1115 2819 eam
1145 2765 1358 2820 cunctis
1403 2766 1713 2822 hominibus
1739 2808 1754 2834 ,
1785 2769 1876 2838 qui

300 2849 541 2904 membra
571 2851 687 2922 ejus
717 2853 894 2909 all‘ecti
922 2853 1140 2910 fuerint.

372 2940 670 3012 Sequitur:
698 2944 766 2998 Et
804 2945 1067 3001 descendit
1103 2945 1334 3016 Spiritus
1371 2958 1584 3004 sanctus
1617 2951 1879 3018 corporali

1969 482 2149 552 egisti,
2174 481 2351 552 placui
2383 481 2544 548 mibi;
2569 481 2693 550 quia
2734 481 2868 536 nihil
2903 483 2957 535 in
2999 489 3053 535 te
3093 496 3333 550 unquam
3371 481 3554 535 iuveni

1918 580 1922 586 '
1971 573 2076 627 nisi
2102 574 2246 643 quod
2274 588 2488 643 semper
2519 573 2699 642 placet
2736 573 2868 627 mihi
2888 612 2905 637 ,
2937 581 2992 628 et
3020 582 3307 642 propterea
3341 582 3555 642 gratum

1971 663 2105 718 mihi
2140 672 2226 717 est
2251 665 2375 733 quia
2401 672 2453 718 te
2484 663 2799 718 humanavi.
2829 663 2887 717 ln
2918 662 3025 717 illis
3051 673 3230 718 autem
3262 664 3392 717 mihi
3423 678 3559 732 quo-

1973 753 2262 811 dammodo
2285 755 2568 824 displicui,
2601 755 2668 808 de
2689 755 2885 823 quibus
2924 755 3164 808 lmmano
3210 769 3360 808 more
3384 770 3557 823 quou-

1972 843 2094 898 dam
2127 845 2338 902 locutus
2374 860 2492 900 sum
2539 863 2553 898 :
2603 842 2823 899 Paenitet
2855 859 2937 899 me
2985 845 3170 913 fecisse
3206 861 3294 899 eos
3337 843 3554 915 (Cenes.

1977 951 2050 1000 vt,
2074 935 2148 1006 7).

2046 1027 2200 1094 Quod
2223 1035 2403 1082 autem
2427 1027 2494 1081 de
2522 1026 2703 1096 capite
2727 1026 2982 1090 diximus,
3013 1025 3357 1081 referendum
3377 1035 3464 1082 est
3487 1027 3558 1083 ad

1975 1119 2219 1174 membra
2243 1119 2324 1174 vel
2350 1134 2568 1188 corpus.
2602 1117 2739 1172 Nam
2789 1118 2918 1172 Jesu
2954 1118 3216 1186 baptizata
3259 1129 3306 1172 et
3347 1131 3555 1186 orante,

1977 1219 2213 1278 apertum
2240 1221 2314 1264 est
2342 1210 2558 1273 caelum;
2585 1209 2710 1278 quia
2735 1224 2857 1263 cum
2883 1209 3107 1278 quilibet
3130 1209 3421 1265 electorum
3443 1210 3560 1280 ejus

1977 1301 2284 1368 baptizatus
2313 1310 2398 1354 est
2420 1340 2436 1362 ,
2466 1309 2522 1354 et
2551 1317 2656 1355 non
2695 1301 2805 1355 otio
2827 1310 3011 1365 vacat,
3061 1301 3157 1355 sed
3199 1301 3410 1356 devotis
3436 1318 3561 1374 pre-

1978 1391 2132 1444 cibus
2165 1399 2489 1463 occupatur,
2538 1401 2592 1446 et
2641 1392 2743 1446 iter
2770 1392 3028 1446 virtutum
3077 1393 3306 1462 arripit;
3356 1402 3484 1448 tunc
3510 1395 3561 1448 ei

1978 1490 2132 1551 porta
2167 1482 2314 1550 regni
2367 1482 2605 1536 cmlestis
2642 1483 2914 1551 panditur.
2948 1481 3015 1534 Et
3038 1482 3302 1537 descendit
3331 1483 3562 1554 Spiritus

1978 1580 2190 1626 sanctus
2217 1572 2271 1625 in
2298 1573 2501 1641 ipsum;
2527 1573 2651 1641 quia
2676 1573 2728 1626 in
2761 1589 2883 1628 eum
2931 1574 3021 1642 qui
3070 1575 3376 1644 baptizatus
3401 1583 3563 1631 estet

1980 1671 2141 1727 orat,
2173 1662 2322 1718 venit
2365 1663 2540 1718 almus
2564 1663 2796 1733 Spiritus
2841 1665 3101 1734 corporali
3133 1667 3324 1735 specie,
3366 1675 3426 1720 ut
3467 1668 3563 1722 de-

1911 1731 1952 1790 Β
1980 1753 2155 1822 signet
2185 1753 2497 1807 ﬁrmitatem
2529 1731 2837 1809 donationis
2870 1731 3001 1810 suaa.
3029 1731 3179 1810 Sicut
3212 1756 3475 1824 columba,
3496 1764 3564 1813 ut

1979 1847 2346 1902 innocentiam
2397 1856 2451 1903 et
2493 1847 2896 1917 simplicitatem
2919 1863 2977 1903 se
3006 1847 3204 1903 talibus
3230 1847 3427 1904 afferre
3453 1852 3552 1905 de-

1981 1947 2266 1995 monstret.
2324 1938 2393 1993 Et
2443 1956 2541 1994 vox
2567 1941 2630 1994 de
2673 1940 2800 1995 caelo
2838 1941 2982 2008 facta
3027 1951 3101 1994 est
3135 1957 3154 1995 :
3191 1939 3269 1994 Tn
3302 1957 3356 1994 es
3385 1939 3560 1998 Filius

1980 2047 2159 2094 meus;
2181 2018 2306 2098 quia
2331 2039 2459 2085 tunc
2481 2030 2714 2100 primum
2743 2031 2975 2100 quisque
2990 2039 3074 2085 est
3095 2030 3262 2084 Filius
3285 2031 3402 2097 Dei,
3429 2047 3555 2087 cum

1980 2123 2046 2176 de
2077 2122 2345 2191 baptismo
2378 2123 2644 2177 ascendit.
2677 2120 2745 2177 Et
2775 2122 2994 2176 dilectus
3025 2139 3169 2176 meus
3188 2163 3204 2188 ,
3234 2137 3328 2192 per
3349 2138 3562 2192 praeve-

1981 2213 2218 2268 nientem
2248 2215 2478 2284 gratiam
2530 2230 2736 2278 meam,
2764 2215 2854 2283 qui
2891 2215 3044 2284 prius
3084 2228 3208 2269 eras
3255 2215 3472 2270 odibilis
3499 2216 3556 2271 in

1980 2303 2184 2358 malitia
2237 2313 2347 2358 tua.
2380 2303 2447 2357 In
2496 2314 2546 2358 te
2599 2305 2890 2373 complaeui
2943 2307 3101 2370 mihi,
3152 2313 3321 2360 totum
3387 2305 3567 2375 placet

1979 2395 2124 2466 quod
2158 2395 2211 2449 in
2249 2405 2302 2450 te
2322 2396 2500 2465 gessi;
2531 2410 2654 2451 eum
2683 2397 2788 2451 huc
2823 2409 2992 2466 usque
3017 2396 3379 2466 displicuisset
3397 2395 3558 2467 quid-

1981 2486 2109 2556 quid
2144 2486 2256 2556 ipse
2281 2501 2545 2557 gesseras.
2585 2486 2642 2540 In
2664 2500 2731 2542 eo
2761 2494 2943 2540 autem
2984 2487 3128 2556 quod
3162 2486 3324 2540 Pater
3347 2486 3400 2540 in
3436 2501 3567 2541 voce

1982 2592 2170 2648 sonat,
2212 2590 2268 2638 et
2321 2582 2555 2653 Spiritus
2599 2588 2817 2637 sanctus
2869 2579 2920 2633 in
2951 2578 3197 2634 columba
3241 2579 3563 2644 descendit,

1980 2675 2256 2746 Filiusque
2285 2675 2592 2747 baptizatur
2620 2675 2673 2730 in
2707 2671 2957 2738 homine,
3018 2670 3258 2726 Trinitas
3284 2669 3566 2725 evidenter

1982 2765 2317 2831 declaratur,
2349 2766 2400 2820 in
2445 2763 2600 2833 cujus
2649 2763 2870 2818 nomine
2917 2771 2973 2815 et
3027 2759 3134 2815 ﬁde
3185 2758 3558 2828 unusquisque

1981 2870 2226 2916 nostrum
2253 2858 2573 2928 baptizatur.

2053 2952 2311 3021 Sequitur
2338 2965 2352 3004 :
2381 2950 2443 3004 Et
2475 2950 2584 3019 ipse
2611 2946 2769 3002 Jesus
2794 2953 2906 2999 erat
2945 2943 3194 3012 incipiens
3222 2943 3373 3014 quasi
3396 2959 3566 2998 anno-

299 3035 469 3104 specie
491 3075 507 3100 ,
538 3036 671 3090 sicut
702 3036 973 3102 columba,
1003 3039 1056 3092 in
1086 3041 1274 3109 ipsum.
1302 3039 1468 3095 Recte
1498 3039 1726 3110 Spiritus
1756 3059 1880 3097 san-
1907 3075 1952 3137 ε
1984 3060 2100 3097 rum
2127 3041 2388 3112 triginta:
2417 3048 2474 3094 ut
2505 3038 2813 3109 putabatur,
2847 3033 2894 3087 F
2897 3035 3020 3088 ilius
3051 3033 3263 3137 Ioseph.
3291 3033 3447 3136 Iesus
3469 3051 3574 3136 an-

299 3134 412 3181 ctus
438 3125 490 3180 in
513 3127 680 3195 specie
708 3130 972 3198 corporali
1013 3131 1310 3197 descendit;
1343 3133 1466 3202 quia
1511 3132 1681 3187 Filius
1728 3149 1881 3188 assu-

299 3219 498 3274 mendo
527 3221 775 3291 corporis
823 3222 1130 3286 veritatem,
1161 3222 1274 3290 jam
1304 3224 1680 3279 descenderat.
1715 3224 1884 3280 Recte

297 3318 354 3362 et
378 3309 516 3363 sicut
551 3308 794 3365 columba
834 3312 888 3365 in
926 3327 1048 3367 eum
1095 3311 1322 3378 Spiritus
1346 3314 1652 3380 descendit,
1679 3323 1738 3368 ut
1765 3313 1883 3382 ejus

300 3401 767 3457 mansuetudinem
816 3403 973 3458 nobis
1019 3404 1315 3459 intimaret.
1367 3406 1485 3473 lpse
1525 3406 1668 3460 enim
1713 3405 1880 3473 judex

300 3497 385 3544 est
411 3491 628 3559 generis
651 3492 894 3547 humani.
929 3493 1035 3548 Sed
1061 3495 1184 3563 quis
1221 3495 1338 3563 ejus
1380 3495 1549 3553 ferret
1577 3498 1877 3567 justitiam,

297 3581 344 3636 si
377 3582 692 3653 priusquam
739 3598 838 3639 nos
889 3598 986 3652 per
1026 3586 1493 3650 mansuetudinem
1541 3589 1876 3659 corrigeret,

297 3669 486 3740 culpas
507 3679 721 3728 nostras
749 3687 846 3742 per
875 3673 1048 3728 zelum
1078 3674 1416 3730 rectitudinis
1444 3677 1759 3732 examinare
1785 3684 1879 3731 v‘o-

298 3760 524 3817 luisset?
556 3762 729 3819 Homo
754 3780 884 3836 ergo
913 3781 1012 3836 pro
1045 3765 1352 3822 hominibus
1383 3766 1577 3832 factus,
1605 3771 1787 3825 mitem
1819 3786 1880 3828 se

298 3852 574 3908 hominem
601 3854 848 3924 przebuit.
878 3854 1057 3910 Noluit
1087 3866 1400 3925 peccatores
1421 3856 1606 3923 ferire,
1637 3860 1731 3914 sed
1763 3876 1879 3915 cor-

297 3944 498 4014 rigere.
531 3943 688 4000 Prius
711 3945 881 4001 voluit
909 3959 1192 4004 mansuete
1223 3951 1499 4021 corrigere
1523 3994 1536 4016 ,
1571 3961 1630 4006 ut
1658 3954 1880 4008 haberet

297 4050 436 4106 quos
473 4043 594 4106 post
642 4039 902 4114 mundum
946 4039 997 4092 in
1020 4039 1225 4109 judicio
1267 4041 1520 4095 salvaret.
1549 4041 1602 4095 In
1629 4041 1876 4097 columba

297 4141 426 4197 ergo
451 4141 713 4196 apparere
748 4143 912 4195 super
952 4142 1074 4182 eum
1117 4129 1302 4183 debuit
1337 4130 1601 4200 Spiritus,
1640 4132 1730 4200 qui
1770 4147 1878 4185 non

299 4226 522 4272 venerat
553 4227 612 4272 ut
650 4227 870 4286 peccata
902 4233 998 4287 per
1041 4218 1213 4272 zelum
1254 4219 1368 4287 jam
1409 4230 1752 4289 percuteret,
1780 4224 1877 4277 sed

294 4305 474 4360 adhuc
524 4320 622 4375 per
672 4307 1140 4362 mansuetudinem
1203 4309 1478 4363 toleraret.
1549 4310 1665 4365 Non
1728 4316 1873 4366 enim

1989 3152 2176 3190 norum
2220 3135 2436 3205 triginta
2490 3130 2790 3200 baptizatur
2818 3135 2918 3183 :et
2961 3135 3087 3185 tunc
3123 3125 3338 3180 demum
3380 3123 3568 3193 incipit

1986 3230 2136 3298 signa
2165 3226 2374 3290 facere,
2421 3232 2478 3279 et
2518 3221 2867 3291 Evangelium
2907 3217 3200 3288 praedicare
3221 3255 3236 3280 ,
3265 3215 3566 3286 legitimum

1984 3320 2236 3376 videlicet
2261 3327 2316 3374 et
2339 3325 2611 3372 maturum
2654 3323 2863 3382 tempus
2904 3309 3082 3365 aetatis
3121 3309 3413 3365 ostendens
3438 3308 3523 3362 bis
3548 3349 3565 3373 ,

1984 3413 2074 3483 qui
2110 3426 2322 3466 omnem
2347 3419 2560 3464 aetatem
2581 3406 2664 3462 vel
2687 3407 2754 3460 ad
2793 3405 3188 3469 sacerdotium,
3235 3400 3318 3456 vel
3358 3399 3424 3454 ad
3453 3415 3567 3453 ma-

1981 3502 2261 3573 gisterium
2294 3507 2486 3570 putant
2513 3506 2893 3568 opportunam.
2919 3495 3053 3548 Nam
3087 3502 3143 3550 et
3178 3491 3375 3562 Joseph
3401 3490 3452 3544 in
3477 3498 3575 3560 ty--

1979 3607 2105 3662 pum
2135 3589 2292 3658 hujus
2321 3587 2492 3643 nostri
2527 3585 2826 3641 Salvator-is
2856 3585 3074 3654 triginta
3115 3595 3379 3636 annorum
3403 3588 3522 3634 erat
3546 3619 3564 3643 ,

1979 3684 2195 3755 quando
2220 3681 2367 3751 regni
2399 3677 2762 3751 gubernacula
2794 3676 3052 3744 suscepit,
3082 3683 3244 3744 atque
3269 3671 3432 3725 David
3458 3671 3558 3724 tri-

1979 3774 2230 3831 cenarius
2260 3788 2483 3842 regnare
2523 3771 2688 3839 cmpit
2710 3809 2724 3833 ,
2758 3767 2917 3839 174
2948 3776 3001 3822 et
3035 3764 3279 3820 Ezechiel
3322 3761 3566 3830 ejusdem

1979 3868 2156 3923 aetatis
2174 3875 2292 3921 erat
2333 3863 2550 3934 quando
2589 3860 2902 3916 vaticinium
2933 3857 3226 3912 inchoavit.
3255 3855 3439 3910 Talem
3464 3855 3568 3922 igi-

1981 3968 2070 4013 tur
2091 3968 2302 4013 actatem
2327 3955 2573 4025 exemplo
2595 3953 2792 4007 Christi
2817 3952 3012 4006 debent
3041 3950 3239 4004 habere
3263 3949 3353 4017 qui
3377 3962 3562 4003 sacer-
3592 3987 3598 3993 -

1979 4049 2133 4104 dotes
2177 4048 2346 4110 fiunt,
2389 4045 2473 4099 vel
2521 4045 2796 4105 doctores,
2843 4047 2935 4094 aut
2987 4038 3219 4108 aliquem
3252 4036 3559 4105 hujusmodi

1980 4142 2266 4210 primatum
2297 4137 2586 4207 accipiunt.
2611 4135 2793 4190 Potest
2835 4146 2964 4185 vero
3009 4129 3283 4185 tricenalis
3317 4142 3450 4184 tetas
3471 4130 3564 4184 ba-

1979 4233 2164 4304 ptizati
2188 4230 2514 4292 Salvatoris,
2540 4228 2703 4282 etiam
2738 4224 2907 4279 nostri
2949 4222 3284 4292 baptismatis
3309 4222 3563 4275 intimare

1981 4324 2317 4396 mysterium,
2342 4329 2562 4391 propter
2583 4319 2766 4384 fidem,
2796 4316 3003 4371 scilicet
3028 4323 3230 4369 sanctze
3254 4313 3558 4374 Trinitatis,

297 4406 582 4467 promerea
613 4407 741 4454 tunc
785 4398 1020 4468 Spiritus
1061 4409 1283 4455 sanctus
1310 4400 1363 4454 in
1393 4416 1515 4455 eum
1559 4402 1874 4469 descendit,
1904 4414 1954 4474 ι)
1979 4426 2035 4472 ει
2054 4415 2424 4486 operationem
2469 4410 2718 4480 Decatogi
2771 4407 2925 4478 tegis.
2960 4406 3094 4460 Tres
3137 4405 3280 4459 enim
3306 4404 3519 4458 decadas
3544 4447 3560 4470 ,

296 4498 358 4544 ut
382 4492 496 4558 ipse
520 4498 649 4546 tunc
675 4491 851 4561 primo
885 4491 1146 4562 Spiritum
1178 4503 1428 4549 sanctum
1457 4494 1752 4563 acciperet,
1783 4497 1874 4565 qui

297 4595 513 4649 semper
554 4583 623 4636 ab
652 4571 877 4646 exordio
902 4598 1011 4638 sua:
1048 4585 1421 4655 conecptionis
1452 4586 1656 4656 Spiritu
1688 4596 1876 4644 sancto

296 4673 492 4742 plenus
521 4683 916 4742 permanserat.

367 4771 670 4841 Sequitur:
701 4773 770 4828 Et
809 4792 907 4830 vox
952 4779 1016 4830 de
1052 4777 1178 4832 caelo
1205 4779 1346 4846 facta
1366 4789 1462 4834 est.
1499 4778 1578 4834 Tn
1617 4797 1672 4835 es
1707 4782 1751 4832 F
1754 4782 1877 4834 ilius

294 4881 439 4921 meus
479 4866 722 4928 dilectus.
767 4868 822 4922 in
869 4880 918 4923 te
965 4870 1258 4942 complacui
1323 4872 1470 4925 mihi.
1513 4873 1662 4927 llanc
1687 4889 1874 4928 vocem

290 4959 650 5030 corporaliter
699 4970 1013 5026 sonantem,
1061 4979 1158 5033 per
1212 4965 1511 5034 angelicam
1568 4974 1875 5020 creaturam

291 5052 455 5109 Pater
481 5053 683 5109 emisit.
721 5052 819 5119 Tu,
853 5056 1048 5125 inquit,
1070 5073 1124 5110 es
1152 5055 1330 5110 Filius
1359 5074 1522 5112 meus.
1545 5056 1662 5112 Non
1695 5067 1875 5111 autem

293 5145 468 5215 ipsum
495 5145 713 5214 Filium,
744 5148 834 5217 qui
858 5162 1073 5219 semper
1095 5151 1244 5204 novit
1263 5151 1469 5216 omnia,
1493 5151 1586 5205 sed
1607 5149 1871 5205 Joannem

288 5245 347 5290 et
367 5246 597 5293 caeteros
623 5239 713 5307 qui
744 5239 1004 5304 aderant,
1035 5242 1136 5295 hac
1162 5255 1294 5296 voce
1328 5242 1558 5297 docebat
1585 5242 1706 5312 quis
1731 5249 1876 5296 esset

291 5343 452 5396 quem
484 5331 680 5386 Filium
711 5331 908 5402 Joseph
948 5334 1232 5402 putabant.
1273 5333 1424 5388 Unde
1461 5333 1744 5389 Matthzeus
1773 5334 1876 5388 hac

291 5443 423 5484 voce
466 5430 645 5485 Patris
704 5431 887 5485 dicere
943 5431 1172 5484 maluit:
1213 5430 1314 5483 llic
1364 5441 1436 5484 est
1492 5429 1666 5484 Filius
1705 5446 1871 5484 meus.

289 5521 445 5585 Quod
477 5521 639 5590 igitur
665 5523 758 5587 ait,
794 5526 898 5577 tale
927 5532 1038 5577 est:
1076 5523 1152 5577 Tu
1175 5541 1227 5578 es
1258 5522 1432 5576 Filius
1451 5539 1614 5587 meus,
1651 5539 1716 5576 ex
1748 5523 1877 5578 sub-

289 5611 490 5665 stantia
520 5629 638 5668 mea
685 5615 1008 5668 naturaliter
1031 5617 1253 5684 :cqualis
1290 5617 1537 5687 genitus;
1564 5623 1620 5670 et
1670 5616 1874 5670 idcirco

289 5701 541 5765 dilectus,
575 5711 760 5772 utpote
803 5706 1128 5771 unigenitus.
1178 5706 1242 5763 In
1276 5719 1324 5763 te
1369 5707 1659 5779 complacui
1713 5706 1870 5769 mihi,

981 5803 1010 5814 Μ

1979 4525 2099 4580 quae
2121 4515 2245 4563 sunt
2267 4506 2318 4560 in
2347 4502 2654 4567 tricenario,
2689 4501 2846 4554 [idem
2871 4510 2925 4554 et
2951 4497 3318 4570 operationem
3347 4512 3560 4561 eorum,

1977 4601 2172 4672 quibus
2196 4598 2415 4668 prodest
2451 4595 2751 4662 baptismus
2779 4632 2794 4655 ,
2829 4593 3124 4645 insinuant.
3152 4589 3336 4643 Fidem
3363 4591 3415 4643 in
3451 4599 3562 4642 ter-

1979 4691 2162 4751 nario,
2191 4697 2246 4741 et
2269 4685 2636 4756 operationem
2665 4683 2717 4735 in
2748 4680 2971 4736 denario
3001 4694 3248 4733 numero.
3282 4678 3390 4733 llas
3410 4679 3558 4734 enim

1982 4791 2090 4835 tres
2117 4779 2348 4834 decadas
2371 4777 2570 4831 habere
2593 4790 2686 4829 eos
2706 4773 2796 4842 qui
2823 4772 3182 4840 baptizantur,
3210 4770 3563 4840 przecipiebat

1982 4873 2258 4937 Dominus,
2285 4885 2408 4924 cum
2439 4868 2646 4922 diceret
2677 4880 2690 4918 :
2725 4862 2922 4918 Euntes
2947 4862 3125 4915 docete
3155 4878 3330 4915 omnes
3360 4871 3560 4931 gentes,

1979 4964 2298 5030 baptizantes
2333 4977 2418 5014 eos
2471 4959 2526 5012 in
2570 4955 2777 5010 nomine
2802 4952 2979 5007 Patris
3017 4961 3064 5006 et
3106 4951 3236 5005 Filii
3259 4963 3306 5006 et
3331 4952 3563 5018 Spiritus

1963 5056 2167 5125 .sancti,
2195 5056 2433 5108 docentes
2477 5067 2564 5106 eos
2607 5063 2814 5104 servare
2848 5047 3032 5101 omnia
3063 5062 3384 5117 quwcunque
3408 5062 3563 5098 man-

1926 5165 1929 5167 '
1976 5150 2096 5204 davi
2126 5149 2265 5204 vobis
2295 5145 2510 5216 (Matth.
2539 5156 2728 5206 xxvm,
2757 5140 2874 5208 l9).’

2050 5240 2118 5294 Ut
2145 5239 2463 5310 putabatur,
2512 5233 2720 5304 inquit,
2769 5231 2910 5300 ﬁlius
2935 5228 3152 5298 Ioseph.
3188 5227 3300 5283 lloc
3340 5235 3562 5297 propter

1978 5333 2100 5389 illos
2129 5333 2332 5387 dictum
2362 5341 2441 5385 est
2461 5369 2475 5394 ,
2501 5328 2592 5399 qui
2615 5341 2737 5382 eum
2771 5337 2957 5378 revera
2999 5320 3291 5377 carnaliter
3318 5320 3558 5389 genitum

1977 5442 2045 5483 ex
2070 5441 2236 5482 carne
2263 5424 2460 5494 Joseph
2491 5423 2780 5493 putabant;
2806 5428 2859 5475 et
2900 5417 3026 5487 quia
3069 5429 3167 5485 per
3202 5412 3398 5482 Ioseph
3418 5452 3432 5475 ,
3465 5412 3560 5482 qui

1976 5520 2310 5591 prOpinquus
2348 5523 2466 5570 erat
2502 5513 2726 5582 virginis
2755 5511 2960 5574 Mariae,
3004 5505 3353 5563 describenda
3383 5503 3560 5559 fuerat

1978 5610 2290 5682 genealogia
2341 5609 2508 5678 ipsius
2557 5605 2768 5669 Mariae,
2824 5617 2942 5673 quae
2993 5601 3060 5655 de
3113 5597 3316 5667 Spiritu
3369 5605 3560 5651 sancto

1980 5702 2254 5760 Christum
2279 5698 2554 5771 concepit;
2592 5697 2847 5768 quoniam
2883 5709 2988 5750 non
3029 5702 3113 5748 est
3151 5686 3558 5748 consuetudinis
