3910 6018
345 201 448 268 635

661 201 721 278 β.
763 199 1058 256 ANSELMI
1090 199 1437 256 CANTUAR.
1477 194 1798 252 ARCHIEP.
1840 192 1907 250 Oi

2031 188 2211 248 PARS
2249 191 2313 266 il.
2342 222 2412 234 —
2447 192 2815 250 ΡΑΚΑΞΝΕΤ.
2858 193 2945 248 ΕΤ
2982 193 3223 251 ASCET.

3481 196 3584 254 6'56

343 323 501 370 catus
520 315 591 369 sit
614 354 630 380 ,
671 315 773 369 nisi
801 317 944 369 forte
987 314 1150 383 aliqui
1191 329 1378 368 eorum
1421 312 1562 368 binis
1605 313 1912 369 nominibus
1938 312 1987 371 Α
2014 311 2256 378 caiogum
2287 309 2420 378 legis
2445 309 2820 380 impleverunt,
2849 312 3126 382 aptissime
3147 311 3413 381 congruit,
3440 320 3500 366 ut
3529 313 3584 367 in

345 407 428 462 usi
455 406 674 460 fuerint.
711 405 823 459 Hoc
842 405 990 460 enim
1026 418 1166 474 saepe
1204 404 1568 474 contingebat.
1603 404 1712 458 Aut
1738 405 1782 459 si
1809 404 1914 458 hoc

340 510 450 553 non
488 495 616 561 fuit,
645 503 860 550 constat
890 509 987 564 pro
1015 505 1164 550 certo
1193 495 1319 564 quia
1350 493 1433 548 vel
1462 495 1754 550 secundum
1782 493 1912 564 legis

339 597 687 658 praeceptum,
721 587 803 642 vel
834 588 1125 642 secundum
1165 587 1468 656 adoptionis
1505 585 1825 642 beneﬁcium
1857 585 1911 639 hi

339 681 445 733 duo
467 678 684 732 fuerunt
728 676 844 745 ejus
886 677 999 731 ﬁlii.
1036 677 1270 732 Rursum
1326 678 1470 732 inter
1523 677 1629 731 alia
1662 677 1905 731 dicitur:

340 769 443 834 Qui
466 768 564 835 fuit
598 767 750 834 Sale,
801 770 891 838 qui
932 769 1028 836 fuit
1072 768 1307 834 Cainan,
1348 769 1438 838 qui
1467 769 1566 837 fuit
1600 768 1907 838 Arphaxad.

336 858 541 914 Nomen
597 867 776 915 autem
829 869 883 915 et
932 862 1214 930 generatio
1264 862 1423 931 hujus
1470 861 1712 926 Cainan,
1757 861 1910 930 juxta

335 949 657 1004 Hebraicum
730 953 782 1006 in
856 950 1053 1006 Genesi
1119 967 1226 1007 non
1290 952 1594 1018 invenitur;
1651 953 1742 1006 sed
1804 951 1907 1004 Ar-

334 1039 547 1107 pltaxad
589 1037 710 1093 Sate
753 1039 922 1097 ﬁlium
977 1039 1123 1095 nullo
1153 1040 1472 1109 interposito
1514 1039 1763 1111 genuisse
1821 1055 1908 1094 re-

331 1124 525 1182 iertur.
584 1126 675 1182 Sic
732 1129 885 1204 enim
925 1128 1153 1199 legimus
1188 1147 1203 1184 :
1240 1128 1409 1184 Porro
1449 1129 1734 1199 Arphaxad
1784 1131 1908 1184 vixit

332 1216 554 1287 triginta
641 1217 868 1288 quinque
939 1220 1133 1286 annis,
1196 1229 1242 1274 et
1309 1219 1485 1289 genuit
1556 1217 1678 1273 Sale
1733 1217 1904 1288 (Gen.

333 1321 422 1373 xx,
471 1307 589 1377 12).
641 1306 747 1362 Sed
803 1309 1130 1378 evangelista
1193 1309 1424 1379 sumpsit
1484 1309 1626 1363 hanc
1686 1325 1910 1379 genera-

331 1396 530 1452 tionem
559 1397 717 1470 175
739 1401 804 1454 de
833 1401 1175 1470 septuaginta
1236 1401 1590 1469 interpretum
1647 1403 1906 1469 editione,

335 1488 423 1543 ubi
462 1490 726 1558 scriptum
767 1500 851 1546 est
891 1492 1037 1562 quod
1066 1492 1479 1560 Arpltaxad155
1507 1509 1764 1547 annorum
1811 1509 1907 1565 ge-

333 1579 517 1632 nuerit
563 1577 799 1645 Cainan;
837 1591 893 1636 et
930 1582 1042 1651 ipse
1091 1580 1294 1638 Cainan
1335 1599 1457 1638 cum
1503 1584 1606 1639 150
1639 1595 1784 1640 esset
1818 1601 1909 1642 an-

332 1680 526 1721 norum
565 1670 809 1738 genuerit
835 1670 980 1726 Sale.
1033 1672 1199 1747 quo
1260 1684 1441 1728 autem
1473 1673 1709 1729 ﬁdelium
1760 1685 1913 1744 putet

333 1755 439 1814 hoc
484 1759 539 1813 in
582 1761 699 1816 loco
723 1761 866 1818 LXX
908 1763 1259 1820 translatores
1304 1779 1548 1830 errasse;
1597 1769 1689 1821 sed
1729 1767 1912 1823 credat

333 1849 702 1908 indubitanter
747 1870 860 1920 eos,
891 1855 1033 1924 quod
1078 1871 1264 1910 verum
1316 1871 1436 1912 esse
1479 1866 1763 1924 noverant,
1811 1873 1911 1928 po-

335 1940 540 2007 suisse;
580 1951 634 1997 et
663 1944 804 2013 quod
848 1943 1059 2014 Moyses
1107 1945 1285 2017 minus
1329 1945 1561 2010 dixerat,
1609 1948 1907 2017 supplesse.

328 2029 514 2100 Neque
549 2034 690 2087 enim
721 2034 955 2102 Spiritus
990 2047 1214 2091 sanctus
1244 2015 1346 2092 hbe
1396 2037 1447 2091 in
1494 2015 1785 2108 Evangeiio
1817 2055 1913 2109 po-

329 2122 547 2189 suisset,
577 2123 679 2177 nisi
709 2138 894 2179 verum
923 2127 1144 2182 omnino
1171 2136 1336 2182 esset.
1376 2127 1510 2183 Nam
1545 2130 1644 2199 ipsi
1693 2139 1908 2200 septua-

331 2211 480 2280 ginta
512 2214 756 2270 seniores
787 2231 818 2270 a
850 2224 1092 2286 tempore
1119 2218 1288 2290 Moysi
1317 2221 1690 2290 magisterium
1725 2222 1779 2278 in
1811 2221 1913 2294 Sy-

330 2317 538 2375 nagoga
590 2307 870 2372 tenebant,
921 2317 977 2363 et
1018 2310 1085 2364 de
1109 2309 1303 2379 spiritu
1349 2311 1518 2382 Moysi
1567 2323 1909 2383 acceperant,

330 2409 396 2449 ac
436 2394 607 2466 legem
655 2411 724 2451 ex
773 2398 943 2467 ipsius
991 2399 1159 2470 Moysi
1219 2403 1510 2460 traditione
1564 2406 1911 2462 didicerant:

329 2485 561 2556 ideoque
587 2488 630 2542 si
660 2489 789 2557 quid
823 2490 894 2543 ibi
919 2493 1342 2558 praetermissum
1381 2503 1545 2560 esset,
1580 2504 1636 2550 et
1671 2498 1909 2567 suppleri

327 2584 530 2644 posset,
558 2576 642 2630 vel
671 2576 827 2631 aliter
856 2577 1202 2649 interpretari
1233 2591 1513 2637 noverant.
1543 2583 1752 2656 Moyses
1782 2602 1911 2642 vero

332 2673 553 2732 propter
574 2664 806 2733 aliquam
833 2681 1078 2733 causam,
1105 2685 1225 2740 quae
1245 2670 1355 2726 Deo
1379 2680 1502 2726 nota
1528 2681 1630 2738 est,
1658 2676 1911 2732 transiliit

333 2755 741 2823 generationem
775 2757 997 2823 Cainan,
1034 2768 1090 2815 et
1126 2770 1334 2831 partem
1371 2778 1639 2820 annorum
1675 2767 1766 2835 qui
1808 2769 1910 2823 sub

332 2859 397 2898 eo
423 2853 478 2899 et
503 2846 604 2902 sub
636 2847 754 2917 ejus
785 2857 940 2918 patre
969 2849 1259 2908 ﬁnxerunt.
1310 2853 1566 2910 Fortasse
1603 2856 1748 2912 enim
1786 2872 1912 2913 cum

331 2938 623 2992 secundam
649 2948 862 2996 tetatem
889 2942 1240 3009 describeret,
1271 2945 1438 3002 voluit
1465 2963 1494 3000 a
1517 2947 1717 3004 diluvio
1742 2965 1910 3020 usque

333 3027 398 3079 ad
422 3028 694 3083 Abraham
749 3030 935 3090 decem
987 3032 1325 3089 solummodo
1382 3037 1762 3106 generationes
1813 3055 1911 3110 po-

337 3133 500 3185 nere;
553 3129 607 3175 et
655 3120 776 3177 ideo
836 3123 1240 3194 generationem
1317 3141 1478 3182 unam
1543 3130 1907 3197 praetermisit.

334 3208 470 3264 Nam
503 3221 552 3266 et
584 3211 868 3269 Matthteus
915 3229 945 3268 a
976 3203 1144 3271 David
1177 3232 1349 3288 usque
1375 3219 1442 3274 ad
1480 3221 1912 3292 transmigratio-

331 3315 458 3356 nem
504 3302 1248 3374 Babylonis.quatuordecim
1295 3312 1668 3378 generationes
1711 3327 1911 3380 ponere

331 3392 543 3458 volens,
570 3396 914 3463 praetermisit
963 3407 1096 3464 tres,
1127 3399 1219 3454 ubi
1250 3401 1324 3455 ait
1349 3418 1361 3453 :
1385 3401 1571 3456 Jaram
1611 3415 1782 3458 autem
1816 3421 1908 3474 θεν

333 3484 446 3538 nuit
470 3483 656 3539 Oziam
687 3487 925 3556 (Mattlt.,
952 3506 992 3555 ι,
1019 3490 1097 3562 8).
1147 3492 1300 3548 Sicut
1327 3509 1456 3564 ergo
1494 3495 1703 3562 Joram,
1739 3496 1910 3552 tribus

332 3575 386 3628 in
415 3576 593 3630 medio
629 3578 838 3646 positis,
874 3583 1124 3651 genuisse
1147 3584 1348 3640 dicitur
1377 3586 1586 3652 Oxiam,
1626 3587 1706 3643 sic
1730 3597 1785 3642 et
1807 3588 1910 3641 Ar-

330 3666 544 3735 pliaazad
570 3683 678 3724 uno
699 3669 900 3726 Cainan
927 3672 1249 3742 interposito
1271 3676 1468 3732 dicitur
1489 3677 1742 3746 genuisse
1759 3677 1904 3733 Sale.

332 3757 485 3823 Quod
511 3767 691 3814 autem
718 3775 847 3831 pars
874 3777 1138 3820 annorum
1169 3766 1224 3821 in
1253 3767 1547 3838 Scripturis
1573 3770 1776 3824 sanctis
1805 3769 1906 3824 ali-

333 3849 546 3916 quando
579 3861 830 3920 ponatur,
878 3863 934 3908 et
977 3870 1104 3924 pars
1139 3858 1443 3923 omittatur,
1490 3859 1728 3915 ostendit
1773 3858 1909 3916 liber

331 3937 536 4008 Regum
570 3941 752 3996 dicens
779 3959 792 3995 :
820 3941 992 3998 Filius
1029 3945 1183 3998 unius
1223 3947 1348 4000 anni
1381 3956 1491 4000 erat
1518 3945 1647 4000 Saul
1679 3964 1795 4000 cum
1822 3965 1905 4002 re-

329 4045 492 4098 gnare
521 4033 784 4098 caepisset,
831 4033 1033 4088 duobus
1071 4042 1245 4087 autem
1281 4037 1435 4089 annis
1481 4037 1710 4105 regnavit
1753 4054 1907 4107 super

329 4119 502 4174 Israel
526 4121 578 4192 (1
600 4121 750 4192 Reg.,
775 4139 894 4189 xm,
927 4125 990 4194 ι).
1021 4124 1274 4194 Nunquid
1303 4128 1445 4182 enim
1477 4144 1641 4182 unum
1673 4138 1905 4182 tantum-

331 4213 492 4268 modo
518 4216 700 4270 aetatis
731 4231 930 4270 annum
965 4216 1222 4282 habebat,
1252 4217 1342 4287 qui
1383 4220 1447 4270 ab
1475 4219 1690 4272 humero
1713 4230 1762 4272 et
1783 4235 1904 4273 sur-

2013 407 2256 468 tempore
2298 401 2718 457 resurrectionis
2767 401 3138 457 indemutabili
3173 401 3264 456 Dei
3310 402 3596 472 sapientia:-

2012 489 2437 558 coutemplandze
2468 505 2564 561 per
2598 491 2792 546 srecula
2821 501 3085 546 monstret
3118 507 3237 547 esse
3258 492 3581 562 jungendos.

2011 578 2090 631 Ad
2129 577 2374 632 ultimum
2407 595 2532 634 vero
2568 580 2764 634 dicitur
2797 598 2809 633 :
2859 580 2963 646 Qui
3008 582 3110 652 fuit
3163 580 3312 649 Seth,
3351 583 3440 652 qui
3483 582 3583 651 fuit

2011 668 2202 735 Adam,
2228 673 2316 741 qui
2339 671 2437 739 fuit
2463 671 2558 725 Dei
2595 671 2770 743 (Luc.,
2803 688 2884 739 tu,
2921 673 3032 742 58).
3063 673 3196 741 Quia
3224 673 3470 731 Christus
3492 674 3582 744 ju-

2012 757 2173 813 stitize
2203 775 2312 814 suae
2338 760 2621 831 Patrisque
2671 777 2766 817 uos
2803 763 3048 832 expiatos
3080 765 3148 819 ab
3181 765 3324 818 omni
3362 774 3584 834 peccato

2010 858 2370 920 purgatosque
2421 852 2718 923 conjungit,
2752 862 2812 906 ut
2859 854 2950 907 ﬁat
2992 855 3134 923 quod
3165 854 3579 925 aitApostolus:

2013 935 2117 1000 Qui
2146 949 2321 993 autent
2349 941 2578 995 adlucret
2610 941 3007 1009 Domino,unua
3037 943 3265 1014 Spiritus
3287 956 3359 999 est
3384 946 3432 1017 (1
3456 945 3579 1002 Cor.

2009 1043 2086 1094 vt,
2116 1030 2198 1100 l7)
2231 1049 2244 1084 :
2278 1041 2564 1100 propterea
2621 1032 2674 1087 in
2725 1034 2826 1089 hoc
2876 1051 3103 1090 numero
3144 1037 3578 1107 generationum,

2011 1131 2064 1175 et
2098 1121 2211 1190 ipse
2238 1121 2504 1187 Christus,
2543 1139 2572 1178 a
2599 1139 2708 1194 quo
2743 1125 2930 1196 incipit
2967 1129 3326 1194 enumeratio,
3362 1139 3417 1184 et
3442 1129 3584 1185 Deus

2010 1215 2077 1268 ad
2103 1229 2259 1284 quem
2289 1218 2566 1286 pervenit,
2622 1229 3078 1276 connumerantur
3105 1239 3118 1272 :
3158 1231 3211 1277 et
3241 1222 3300 1276 ﬁt
3325 1238 3581 1280 numerus

2010 1308 2349 1379 septuaginta
2373 1319 2598 1379 septem,
2617 1326 2724 1381 quo
2749 1311 3080 1382 signiﬁcatur
3099 1313 3338 1369 omnium
3361 1329 3581 1384 prorsus

2007 1395 2256 1452 remissio
2283 1395 2338 1452 et
2365 1399 2587 1454 abolitio
2627 1410 2973 1470 peccatorum
3007 1419 3020 1455 :
3065 1419 3229 1474 quam
3255 1404 3420 1460 etiam
3466 1406 3582 1476 ipse

2008 1485 2268 1542 Dominus
2321 1502 2420 1558 per
2468 1488 2626 1561 hujus
2673 1493 2883 1548 numeri
2934 1497 3251 1566 mysterium
3301 1497 3580 1552 evidenter

2011 1580 2302 1648 expressit,
2351 1580 2536 1637 dicens
2587 1583 2969 1640 remittendum
3023 1602 3142 1643 esse
3191 1598 3412 1658 peccata
3471 1605 3580 1644 non

2012 1667 2181 1723 solum
2229 1672 2437 1741 septies,
2489 1674 2578 1726 sed
2623 1675 2784 1728 etiam
2840 1692 3001 1741 usque
3050 1681 3342 1750 septuagies
3396 1681 3581 1750 septies

2013 1757 2223 1828 (Matth.
2250 1777 2404 1825 xvm,
2429 1761 2541 1832 22).
2575 1761 2684 1818 Nec
2708 1764 2907 1819 frustra
2944 1765 3044 1822 iste
3074 1782 3332 1824 numerus
3362 1770 3428 1823 ad
3459 1784 3584 1838 pec-

2011 1861 2253 1906 catorum
2292 1853 2531 1908 omnium
2563 1856 2794 1923 pertinet
2828 1858 3255 1927 mundationem,
3284 1861 3329 1916 si
3359 1861 3584 1932 diligen-

2013 1943 2123 1997 tius
2155 1943 2460 2012 inquiratur
2490 1961 2504 1997 :
2537 1956 2750 2003 constat
2793 1949 2934 2004 enim
2968 1964 3033 2004 ex
3059 1950 3355 2006 undenario
3396 1961 3450 2006 et
3491 1967 3576 2007 se-

2009 2033 2277 2103 ptenario,
2311 2035 2435 2103 quia
2467 2036 2551 2090 vel
2588 2038 2843 2095 undecies
2873 2050 3107 2110 septem,
3140 2041 3223 2096 vel
3257 2028 3457 2112 septies
3486 2059 3584 2096 un-

2011 2122 2207 2188 decim,
2236 2122 2436 2178 iaciunt
2463 2128 2797 2196 septuaginta
2828 2138 3050 2200 septem.
3086 2130 3426 2188 Undenarius
3454 2147 3582 2187 vero

2013 2215 2497 2284 transgressionem
2543 2216 2753 2272 denarii
2777 2220 3064 2290 signiﬁcat.
3092 2222 3359 2277 Denarius
3385 2224 3585 2294 quippe

2013 2310 2270 2373 tanquam
2292 2302 2516 2372 justitiae
2541 2321 2797 2364 numerus
2818 2309 2873 2364 in
2895 2309 3079 2365 decem
3119 2311 3403 2382 praeceptis
3449 2311 3582 2383 legis

2011 2395 2335 2451 ostenditur.

2081 2485 2250 2542 Porro
2277 2498 2558 2558 peccatum
2590 2498 2674 2546 est
2713 2489 2846 2561 legis
2883 2493 3276 2563 transgressio;
3316 2501 3370 2550 et
3398 2495 3589 2565 utique

2011 2580 2370 2648 transgressio
2405 2581 2610 2636 denarii
2652 2582 2862 2637 numeri
2899 2592 3259 2656 congruenter
3287 2586 3584 2642 undenario

2011 2665 2291 2737 ﬁguratur.
2333 2669 2486 2725 Unde
2512 2682 2566 2726 et
2593 2671 2727 2726 vella
2767 2673 2983 2727 cilicina
3005 2672 3266 2742 jubentur
3308 2676 3362 2731 in
3401 2677 3584 2731 taber-

2011 2759 2204 2813 naculo
2235 2760 2481 2816 undecim
2511 2763 2648 2818 ﬁeri.
2676 2764 2808 2832 Quis
2837 2775 3018 2819 autem
3047 2765 3255 2831 dubitet
3282 2767 3346 2821 ad
3372 2770 3587 2838 peccati

2011 2849 2459 2922 signiﬁcationem
2490 2856 2722 2912 cilicium
2749 2858 3066 2928 pertinere?
3099 2859 3178 2914 Ac
3201 2875 3299 2930 per
3328 2861 3430 2916 hoc
3456 2863 3583 2932 quia

1937 2979 1983 3042 Ο
2014 2944 2322 2999 universum
2356 2959 2568 3018 tempus
2625 2949 2934 3020 septenario
2964 2949 3171 3006 dierum
3214 2967 3440 3009 numero
3473 2953 3585 3010 vol-

2013 3032 2181 3099 vitur,
2218 3037 2600 3092 convenienter
2639 3037 2939 3092 undenario
2972 3037 3172 3109 septies
3209 3041 3580 3112 multiplicato,

2014 3121 2079 3177 ad
2121 3139 2402 3179 numerum
2455 3126 2908 3196 septuagesimum
2955 3134 3010 3181 et
3057 3128 3588 3198 septimumcuncta

2011 3221 2265 3280 peccata,
2317 3230 2436 3284 quae
2483 3215 2853 3286 temporaliter
2907 3226 3188 3288 geruntur,
3243 3221 3583 3290 perveniunt.

2010 3299 2067 3355 in
2095 3317 2200 3370 quo
2224 3318 2448 3358 numero
2476 3304 2634 3359 etiam
2667 3305 2726 3359 ﬁt
2753 3305 2908 3375 plena
2939 3308 3188 3363 remissio
3214 3318 3583 3378 peccatorum,

2010 3394 2262 3463 expiaute
2285 3411 2383 3450 nos
2408 3410 2571 3450 carne
2600 3398 2898 3453 sacerdotis
2924 3398 3091 3453 nostri
3125 3415 3153 3454 a
3181 3415 3288 3470 quo
3314 3416 3457 3456 nunc
3485 3401 3587 3456 iste

2010 3499 2269 3539 numerus
2303 3485 2518 3557 incipit;
2557 3497 2612 3542 et
2638 3475 3146 3564 reconciliante'nos
3169 3488 3299 3558 Deo,
3330 3494 3396 3549 ad
3423 3507 3584 3565 quem

2011 3592 2155 3632 nunc
2184 3577 2286 3633 iste
2314 3593 2571 3634 numerus
2593 3581 2870 3649 pervenit;
2903 3597 3002 3651 per
3025 3581 3283 3649 Spiritum
3315 3594 3581 3652 sanctum,

2009 3667 2101 3737 qui
2140 3668 2191 3722 in
2223 3669 2485 3725 columine
2523 3671 2703 3740 specie
2735 3671 2789 3726 in
2818 3672 2922 3727 hoc
2951 3673 3244 3742 baptismo,
3279 3675 3367 3730 ubi
3392 3691 3584 3731 nume-

2010 3776 2103 3815 rus
2132 3760 2246 3832 ipse
2275 3771 2753 3828 commemoratur,
2788 3764 3054 3833 apparuit.
3093 3763 3161 3819 At
3188 3765 3232 3820 si
3277 3765 3330 3820 in
3363 3767 3584 3822 denario
3635 3789 3637 3791 ί

2009 3851 2269 3922 perfectio
2313 3851 2664 3907 beatitudinis
2715 3852 3051 3924 signiﬁcatur
3086 3855 3251 3926 (unde
3290 3865 3373 3909 est
3417 3856 3584 3910 etiam

2008 3942 2138 3997 illud
2177 3943 2321 4012 quod
2363 3957 2552 3997 omnes
2590 3942 2842 3998 conducti
2885 3945 2950 3998 ad
2984 3945 3196 3999 vineam
3226 3944 3452 3999 denario
3491 3960 3580 3999 re-

2008 4033 2390 4102 munerantur)
2427 4033 2570 4101 quod
2611 4031 2672 4086 ﬁt
2710 4048 2830 4088 cum
2871 4036 3178 4104 septenaria
3213 4045 3485 4103 creatura,
3528 4035 3584 4089 id

2005 4126 2088 4174 est
2123 4120 2282 4173 homo
2320 4119 2546 4175 interior
2581 4128 2636 4175 et
2673 4121 2929 4189 exterior,
2965 4122 3238 4193 Trinitati,
3281 4139 3400 4194 quae
3438 4125 3582 4180 Deus

2003 4220 2110 4277 est,
2152 4209 2492 4280 adjungitur:
2533 4212 2878 4268 manifestum
2914 4222 2998 4269 est
3037 4217 3180 4284 quod
3223 4215 3584 4283 transgressio

327 4321 445 4362 sum
475 4307 635 4361 altior
664 4309 861 4363 cunctis
887 4309 1044 4363 erat?
1087 4308 1154 4363 Et
1199 4309 1442 4380 nunquid
1472 4311 1672 4365 duobus
1704 4311 1905 4366 solum-
1929 4315 1980 4376 D
2007 4302 2213 4357 denarii
2249 4311 2529 4374 peccalum
2561 4303 2829 4374 Significat
2856 4320 2954 4374 per
2985 4307 3292 4375 superbiam
3326 4308 3446 4377 plus
3476 4307 3580 4360 ali-

332 4396 491 4450 modo
511 4397 665 4451 annis
689 4399 941 4468 regnavit,
963 4399 1054 4467 qui
1083 4408 1192 4454 tam
1219 4398 1381 4470 longo
1413 4410 1655 4471 tempore
1682 4415 1903 4471 regnum

333 4483 546 4539 tenuit?
583 4486 736 4541 Sicut
771 4487 936 4557 igitur
963 4502 1090 4556 pars
1118 4503 1384 4545 annorum
1412 4488 1539 4543 Saul
1569 4497 1653 4545 est
1681 4498 1905 4559 praster-

334 4574 523 4640 missa,
568 4576 648 4631 sic
691 4585 746 4631 et
789 4592 916 4646 pars
974 4594 1242 4635 annorum
1266 4581 1552 4651 Arpltnxad
1587 4591 1644 4637 et
1678 4581 1902 4639 Cainan.

327 4665 514 4735 itaque
542 4668 813 4724 veridicus
837 4678 918 4725 est
945 4678 1000 4724 et
1023 4669 1254 4742 Moyses,
1280 4681 1334 4728 et
1359 4682 1544 4729 noster
1573 4674 1903 4746 evangelista

326 4773 448 4812 cum
483 4759 822 4830 septuaginta
851 4759 1180 4818 senioribus.
1228 4763 1359 4819 item
1398 4767 1488 4836 qui
1517 4765 1658 4834 fuit,
1704 4767 1898 4836 inquit,

325 4850 530 4905 Enach.
571 4851 639 4906 Et
673 4852 897 4920 pulchre
947 4857 1354 4925 generationum
1395 4859 1527 4914 ordo
1571 4859 1904 4930 a-haptizato

325 4943 420 4998 Dei
448 4944 582 5001 Filio
612 4961 782 5014 usque
811 4946 879 5001 ad
902 4947 1068 5002 Deum
1094 4947 1307 5005 Patrem
1337 4951 1656 5018 ascendens,
1687 4964 1903 5022 septua-

325 5033 532 5102 gesimo
561 5036 733 5105 gradu
763 5036 940 5092 Enoclt
975 5039 1163 5105 habet,
1189 5039 1282 5108 qui
1315 5039 1476 5094 dilata
1508 5049 1681 5097 morte
1728 5050 1903 5098 trans-

325 5123 464 5180 latus
489 5137 572 5182 est
600 5128 652 5181 in
676 5129 1010 5197 paradisum,
1036 5139 1097 5184 ut
1119 5130 1386 5198 signiticet
1412 5145 1505 5186 eos
1532 5133 1623 5201 qui
1647 5133 1700 5186 in
1727 5134 1900 5201 gratia

327 5216 635 5285 adoptionis
684 5217 914 5274 ﬁliorum
944 5234 1013 5274 ex
1039 5235 1174 5289 aqua
1205 5229 1262 5275 et
1290 5219 1491 5290 Spiritu
1532 5231 1721 5277 sancto
1752 5238 1901 5294 rege-

327 5317 606 5375 nerantur,
639 5309 856 5365 interim
878 5320 1003 5381 post
1043 5310 1435 5368 absolutionem
1467 5315 1711 5384 corporis
1743 5324 1900 5370 aeter-

327 5407 452 5449 nam
475 5397 846 5468 suscipiendos
865 5399 921 5455 in
943 5400 1204 5471 requiem.
1232 5399 1685 5471 Septuagenarius
1706 5403 1898 5476 quipp.

327 5498 605 5552 numerus,
658 5498 880 5558 propter
927 5491 1216 5561 septimam
1255 5487 1493 5553 Sabbati,
1543 5493 1612 5546 ad
1659 5493 1898 5564 requiem

327 5588 516 5630 corum
553 5577 986 5652 signiﬁcandam,
1015 5581 1106 5652 qui
1134 5579 1360 5653 juvantc
1383 5576 1583 5637 Christi
1611 5583 1780 5650 gratia
1809 5583 1902 5639 dc-

2007 4397 2135 4466 quid
2181 4396 2383 4452 habere
2435 4396 2724 4465 cupientis,
2772 4405 2826 4452 et
2876 4396 3247 4468 integritatem
3292 4397 3582 4468 perfectio-

2005 4501 2235 4557 nemque
2261 4487 2576 4541 amittentis.
2619 4485 2959 4541 Undenarius
3003 4496 3180 4542 autem
3224 4487 3342 4543 ideo
3382 4489 3580 4557 septies

2006 4577 2239 4643 ducitur,
2287 4586 2346 4630 ut
2398 4587 2546 4632 motu
2607 4577 2842 4632 hominis
2898 4577 3012 4631 ﬁeri
3074 4578 3407 4647 signiﬁcetur
3464 4579 3579 4649 ipsa

2007 4667 2380 4736 transgressio.
2408 4665 2674 4721 Ternario
2697 4667 2839 4720 enim
2866 4683 3089 4722 numero
3115 4668 3427 4737 incorporea
3453 4685 3586 4738 pars

2005 4757 2238 4812 hominis
2291 4756 2626 4826 designatur,
2675 4757 2765 4811 ubi
2796 4756 2962 4811 Deum
3012 4767 3118 4812 toto
3165 4758 3340 4824 corde,
3381 4768 3436 4814 et
3469 4769 3582 4820 tota

2004 4852 2202 4918 anima,
2233 4860 2288 4906 et
2321 4861 2427 4904 tota
2463 4861 2630 4905 mente
2663 4847 2888 4921 diligere
2926 4851 3100 4920 (Deut.
3133 4868 3209 4918 vr,
3241 4853 3296 4925 5)
3335 4852 3576 4921 jubetur.

2004 4942 2359 5011 Quaternario
2394 4950 2573 4996 autem
2609 4957 2805 5013 corpus
2835 4943 3171 5012 exprimitur,
3203 4955 3419 5015 propter
3444 4962 3578 5017 qna-

2004 5045 2125 5091 tuor
2160 5034 2275 5103 ejus
2312 5033 2629 5106 principalia
2673 5035 2937 5100 membra,
2967 5034 3051 5089 vel
3092 5046 3310 5106 propter
3343 5049 3576 5107 quatuor

2001 5129 2288 5192 elementa,
2337 5127 2533 5198 quibus
2593 5135 2826 5183 constat.
2884 5128 2952 5183 Et
3007 5144 3072 5184 ex
3121 5129 3207 5183 his
3245 5131 3574 5198 compositus

2001 5223 2163 5276 homo
2200 5227 2322 5290 apte
2354 5219 2667 5290 designatur
2713 5220 3041 5289 septenario.
3096 5219 3271 5276 Motus
3308 5229 3486 5274 autem
3519 5221 3572 5274 in

2003 5310 2247 5368 numeris
2278 5324 2382 5364 non
2412 5309 2764 5378 exprimitur;
2780 5324 2902 5365 cum
2932 5325 3094 5362 unum
3116 5310 3242 5376 duo,
3279 5310 3403 5374 tria,
3436 5326 3570 5380 qua--

1999 5412 2141 5469 tuor,
2165 5411 2306 5468 etc.;
2348 5399 2597 5457 sed'cum
2629 5400 2856 5456 dicimus
2889 5401 3064 5467 semel,
3099 5401 3200 5466 bis,
3235 5413 3331 5465 ter,
3365 5411 3569 5470 quater.

1999 5491 2231 5562 ideoque
2261 5507 2365 5547 non
2396 5499 2600 5562 septem
2635 5498 2690 5548 et
2717 5490 2963 5546 undecim
2984 5530 2999 5555 ,
3029 5490 3124 5545 sed
3165 5491 3365 5561 septies
3403 5490 3575 5544 unde-

2012 5583 2114 5637 cim
2158 5570 2488 5654 signiﬁcatur
2531 5581 2912 5651 transgressio,
2946 5595 3067 5654 qua:
3105 5589 3254 5636 motu
3287 5578 3430 5636 facta
3464 5580 3568 5637 ho-
