3910 6018
290 265 394 322 637

1427 273 1726 332 nouth
1774 259 1862 330 ΕΤ
1892 272 2492 332 EXHORTATIONES.

3455 277 3552 336 638

297 377 466 435 minis
492 378 792 449 peccantis,
823 379 928 438 boc
967 387 1046 436 est
1080 381 1430 452 perfectionis
1456 399 1570 439 suae
1607 385 1876 440 stabilita-
1902 390 1951 449 Α
1980 386 2354 439 mandatorum
2397 383 2491 439 Dei
2535 385 2717 440 tendat
2760 384 2827 439 ad
2865 383 3140 440 caelestem
3178 384 3408 454 patriam
3447 387 3548 446 sibi

287 481 400 528 tem
437 472 897 542 transgredientis
946 474 1239 544 cupiditate
1283 475 1512 545 amplius
1541 477 1742 547 aliquid
1773 478 1870 532 ha-

285 562 473 617 bendi.
503 561 687 631 Itaque
714 563 839 632 quia
872 563 923 618 in
951 566 1347 636 septuagesimo
1387 567 1617 637 septimo
1645 584 1870 625 numero

1979 476 2331 545 promissam,
2360 484 2416 530 et
2448 491 2544 545 per
2570 475 2772 543 gradus
2799 475 2958 531 scala
2987 477 3350 545 generationis
3385 495 3550 535 cone-

1973 575 2064 621 tur
2089 568 2404 633 ascendere,
2454 567 2502 622 si
2551 569 2617 622 ad
2647 568 2838 632 Deum,
2874 569 2965 637 qui
3007 569 3060 622 in
3101 571 3411 626 summitate
3436 572 3552 642 ejus

287 651 608 722 designatur
643 661 698 706 et
733 653 894 722 primi
934 653 1192 720 hominis,
1232 667 1288 711 et
1324 644 1640 713 eteterorum
1680 660 1770 729 qui
1801 675 1870 714 ex
1969 666 2072 723 est,
2092 658 2364 712 desiderat
2388 658 2689 726 pervenire.
2710 655 2836 711 Haec
2859 667 3036 711 autem
3059 659 3380 730 genealogis:
3401 663 3549 716 scala

285 757 352 796 eo
380 743 698 812 prodierunt
728 746 1086 815 transgressio
1105 786 1121 812 ,
1153 758 1278 818 apte
1305 749 1448 804 Deus
1472 752 1867 822 septuagesima

285 846 344 888 et
394 837 624 905 septima
685 838 1036 906 generatione
1089 839 1278 904 venit,
1331 827 1633 897 aboliturus
1683 844 1866 897 omnia

283 935 510 993 peccata
560 941 782 981 suorum
833 926 1093 982 fidelium.
1142 927 1342 986 Omnes
1393 931 1538 986 enim
1579 934 1670 1002 qui
1716 948 1866 988 more

283 1021 596 1077 Christiano
644 1025 908 1080 accedunt
953 1024 1021 1077 ad
1058 1023 1360 1091 lavacrum,
1409 1025 1756 1080 continentur
1809 1025 1863 1080 in

284 1115 548 1184 mysterio
593 1117 932 1187 septuaginta
971 1127 1028 1172 et
1057 1125 1265 1188 septem
1315 1118 1761 1187 generationum;
1809 1124 1865 1173 et

285 1203 408 1258 ideo
441 1204 814 1260 remissionem
855 1215 1198 1276 peccatorum
1240 1215 1642 1276 consequuntur
1671 1207 1739 1262 ab
1797 1221 1862 1262 eo

288 1294 382 1362 qui
427 1303 504 1349 tot
540 1297 916 1366 generationes
954 1298 1221 1352 mundans
1265 1297 1319 1352 in
1361 1298 1466 1353 hoc
1501 1311 1728 1352 numero
1775 1313 1865 1353 re-

281 1386 602 1442 missionem
634 1386 912 1457 culparum
960 1388 1260 1452 constituit,
1293 1399 1348 1443 et
1377 1388 1431 1443 in
1462 1389 1568 1444 ﬁne
1600 1397 1678 1443 tot
1701 1401 1862 1458 gene-

279 1476 548 1532 rationum
577 1478 723 1532 venit
773 1478 959 1534 tollere
992 1487 1213 1549 peccata
1252 1479 1459 1534 mundi.
1516 1479 1630 1533 Non
1687 1479 1858 1538 solum

279 1567 424 1623 enim
448 1581 541 1623 eos
593 1569 682 1637 qui
727 1569 778 1622 in
812 1568 959 1623 Novo
993 1568 1337 1624 Testamento
1365 1569 1706 1637 baptizantur
1760 1586 1860 1640 pu-

280 1661 489 1726 ritieat,
540 1660 632 1716 sed
680 1670 734 1716 et
779 1661 902 1716 illos
929 1663 1018 1732 qui
1055 1661 1120 1716 ab
1152 1660 1375 1716 exordio
1416 1661 1601 1715 mundi
1641 1661 1693 1715 in
1733 1677 1854 1718 eum

1969 746 2052 799 via
2095 755 2180 800 est
2211 747 2278 799 ad
2324 746 2522 800 cmlum
2565 757 2620 800 et
2659 745 2726 799 ad
2770 744 2932 798 Deum
2967 744 3189 809 ducens,
3241 761 3400 814 quam
3442 765 3548 817 quo

1966 837 2150 892 verius
2179 837 2409 906 quisque
2445 837 2709 900 ascendit,
2737 850 2802 890 eo
2829 836 3099 905 potentius
3131 836 3254 891 illuc
3279 842 3546 906 pervenit.

1965 929 2119 984 Alius
2150 930 2296 982 enim
2335 929 2440 983 alio
2477 928 2668 982 fortius
2695 943 2813 981 eam
2857 928 3090 993 scandit,
3121 937 3176 982 et
3205 928 3344 983 alius
3373 928 3549 987 adhuc

1965 1022 2159 1076 fortius
2193 1019 2274 1074 vel
2315 1020 2624 1090 perfectius,
2663 1020 2802 1074 sicut
2848 1019 3138 1088 unicuique
3173 1019 3429 1076 divinitus
3465 1031 3551 1077 est

1965 1113 2169 1168 datum.
2206 1110 2294 1166 Vae
2317 1121 2495 1166 autem
2524 1112 2596 1166 illi
2620 1113 2710 1182 qui
2740 1111 2943 1166 nullum
2964 1111 3080 1182 ejus
3104 1114 3329 1185 gradum
3357 1128 3548 1170 ascen-

1967 1205 2132 1271 derit,
2165 1203 2290 1273 quia
2323 1203 2375 1257 in
2407 1204 2606 1259 infimis
2635 1203 2956 1260 remanebit.

2033 1295 2328 1352 Veniamus
2357 1294 2523 1365 igitur
2545 1296 2612 1350 ad
2638 1296 2737 1352 hos
2763 1297 2963 1368 gradus
3006 1295 3411 1368 interpretando
3438 1297 3543 1353 Pa-

1964 1394 2105 1440 trum
2133 1385 2370 1440 nomina.
2406 1385 2751 1444 Humillimus
2782 1389 3027 1445 omnium
3065 1390 3341 1444 invenitur
3364 1389 3542 1461 Jesus,

1961 1485 2150 1547 utpote
2217 1475 2630 1533 fundamentum
2696 1481 3099 1548 universorum,
3157 1482 3547 1550 interpretatur

1962 1569 2230 1638 Salvator,
2271 1574 2398 1642 quia
2439 1572 2554 1642 ipse
2604 1571 2750 1626 solus
2797 1571 3089 1628 hmnanum
3149 1588 3317 1644 genus
3345 1573 3547 1634 salvat,

1962 1670 2017 1716 et
2069 1678 2175 1717 non
2225 1672 2310 1718 est
2363 1663 2414 1717 in
2463 1663 2568 1716 alio
2624 1663 2804 1732 aliquo
2853 1663 3042 1720 salus:
3075 1663 3256 1734 Neque
3291 1666 3428 1718 enim
3467 1676 3543 1718 est

280 1766 564 1811 venturum
591 1767 735 1813 recte
766 1759 1126 1813 crediderant.
1162 1758 1315 1815 Unde
1343 1771 1556 1812 sursum
1585 1756 1859 1812 redeundo
1889 1727 1934 1788 Β
1961 1752 2107 1806 aliud
2169 1771 2355 1808 nomen
2413 1755 2507 1808 sub
2564 1753 2694 1809 caelo
2750 1755 2930 1809 datum
2975 1755 3302 1820 hominibus,
3345 1756 3399 1809 in
3441 1772 3544 1826 quo

280 1855 536 1900 numerat
577 1847 905 1916 evangelista
948 1857 1167 1904 sanctas
1206 1848 1306 1902 has
1350 1843 1759 1916 generationes,
1797 1853 1859 1900 ut

278 1935 534 1990 ostendat
568 1944 622 1989 et
653 1935 719 1989 ad
760 1949 949 1990 omnes
996 1950 1090 1992 eas
1131 1935 1439 2007 pertingere
1484 1935 1855 2006 purgatoriam

278 2036 332 2081 et
369 2027 850 2083 reconciliatricem
889 2029 1088 2084 Christi
1130 2028 1390 2098 gratiam,
1433 2044 1730 2099 omnesque
1764 2029 1854 2098 qui

276 2134 424 2173 nunc
452 2119 704 2188 baptismi
729 2134 1133 2177 sacramentum
1163 2131 1307 2178 recte
1333 2134 1568 2187 servant,
1595 2122 1660 2176 ad
1688 2121 1854 2176 Deum

276 2209 475 2264 redire.
509 2209 641 2264 Nam
669 2211 842 2282 gratia
874 2211 1068 2267 divinae
1099 2213 1490 2268 incarnationis
1518 2221 1574 2267 et
1601 2213 1855 2283 purifica-

274 2298 441 2355 tionis
471 2301 521 2354 in
561 2316 749 2356 omnes
789 2312 933 2358 retro
965 2305 1340 2374 generationes
1387 2305 1650 2370 ascendit,
1681 2314 1738 2359 ut
1773 2306 1856 2360 in-

277 2389 586 2462 telligamus
613 2393 816 2447 nttllum
842 2401 1056 2465 tempus
1082 2411 1319 2466 unquam
1348 2397 1463 2451 sine
1486 2395 1672 2452 electis
1697 2396 1854 2451 Chri-

273 2483 345 2537 Sti
385 2483 664 2548 transisse,
694 2485 800 2572 qui,
828 2501 925 2555 per
968 2502 1092 2542 eum
1130 2489 1198 2543 ab
1228 2488 1476 2558 originali
1525 2488 1678 2558 culpa
1728 2497 1854 2544 sunt

274 2573 508 2629 liberati.
549 2575 776 2646 Pr0pter
809 2580 951 2646 quod
993 2588 1048 2634 et
1083 2579 1199 2649 ipse
1223 2579 1418 2644 Adam,
1448 2597 1608 2650 quem
1639 2580 1729 2635 Dei
1765 2597 1853 2635 sa-

275 2667 497 2737 pientia,
530 2684 650 2738 qua:
680 2668 930 2726 Christus
973 2681 1076 2738 est,
1117 2672 1316 2736 eduxit,
1359 2682 1421 2728 ut
1453 2675 1710 2744 scriptum
1747 2683 1849 2740 est,

273 2775 308 2812 a
333 2745 521 2814 deiicto
545 2778 638 2814 suo
675 2760 829 2830 (Sap.
861 2779 917 2827 χ,
940 2762 1026 2832 2),
1065 2763 1118 2818 in
1152 2763 1257 2818 fine
1298 2764 1576 2820 relationis
1625 2780 1852 2836 genera-

274 2847 499 2914 tionum,
532 2848 699 2904 Filius
724 2851 818 2905 Dei
861 2867 956 2921 per
986 2852 1127 2906 hanc
1154 2851 1356 2908 Christi
1407 2857 1637 2924 gratiam
1667 2867 1851 2913 osten-

271 2937 434 2991 ditur.
470 2937 546 2992 Ac
583 2938 707 2993 inde
733 2939 895 2995 Pater
917 2940 1060 2995 Deus
1085 2941 1364 2998 Christum
1389 2944 1558 3001 Deum
1599 2955 1654 3002 et
1677 2948 1854 3003 homi-

272 3043 395 3082 nem
429 3031 642 3100 recipit,
683 3041 737 3087 et
777 3046 875 3100 per
918 3033 1058 3086 hunc
1095 3049 1285 3089 omnes
1320 3036 1410 3106 qui
1444 3039 1686 3093 membra
1725 3047 1849 3094 sunt
1875 3066 1920 3130 ρ

269 3121 404 3190 ejus.
448 3121 649 3177 Deinde
684 3125 899 3178 nomina
929 3133 1141 3194 patrum
1190 3136 1337 3182 retro
1377 3128 1456 3184 sic
1501 3130 1845 3201 interpretari

270 3215 606 3277 studeamns,
655 3224 715 3270 ut
751 3231 1034 3272 ascensum
1090 3219 1143 3273 in
1190 3221 1277 3275 his
1323 3229 1488 3290 atque
1533 3231 1846 3288 provectum

269 3315 486 3370 semper
515 3302 898 3374 intelligamus,
931 3321 995 3361 ac
1025 3308 1223 3364 seriem
1253 3309 1578 3380 genealogiae
1607 3309 1844 3379 ipsorum

267 3393 434 3448 veluti
475 3394 676 3450 scalam
715 3413 886 3467 usque
916 3401 982 3454 ad
1010 3401 1213 3467 Deum,
1257 3419 1352 3471 per
1381 3418 1543 3473 quam
1574 3413 1628 3458 et
1659 3419 1847 3458 omnes

266 3482 523 3552 baptizati
575 3487 839 3556 gradatim
885 3490 1183 3545 ascendere
1225 3490 1480 3546 debeant.
1532 3491 1659 3565 Haec
1702 3494 1844 3547 enim

265 3574 603 3644 genealogia,
637 3590 756 3644 quae
809 3592 836 3630 a
867 3576 994 3633 Jesu
1025 3579 1300 3648 baptizato
1347 3581 1412 3635 ad
1441 3582 1609 3637 Deum
1649 3583 1844 3648 tendit,

264 3663 482 3718 videtur
520 3667 676 3722 nobis
713 3683 834 3724 esse
867 3669 1012 3724 scala
1049 3670 1139 3726 illa
1218 3672 1284 3726 de
1317 3688 1424 3742 qua
1459 3672 1688 3745 legimus
1719 3676 1845 3743 quia

262 3753 432 3810 Jacob
471 3755 702 3826 lapidem
727 3776 1018 3830 supponens
1051 3763 1212 3830 capiti
1235 3780 1330 3817 suo
1357 3765 1617 3830 dormivit,
1646 3775 1693 3820 et
1721 3767 1847 3820 vidit

265 3845 324 3897 in
355 3846 553 3898 somnis
576 3847 772 3901 scalam
804 3857 1024 3903 stantem
1059 3866 1216 3921 super
1252 3862 1478 3918 terram,
1517 3863 1565 3907 et
1602 3871 1847 3908 cacumen

266 3931 408 3986 illius
447 3943 660 4004 tangens
690 3937 894 4002 caelum,
921 3938 1132 4008 angelos
1165 3957 1367 4012 quoque
1388 3942 1486 3996 Dei
1515 3944 1846 3998 ascendentes

264 4030 314 4074 et
338 4021 699 4078 descendentes
734 4042 824 4094 per
851 4043 988 4090 eam,
1033 4037 1079 4080 et
1104 4026 1386 4085 Dominum
1416 4033 1655 4086 innixum
1691 4033 1847 4088 scala:

267 4109 424 4179 (Gen.
463 4128 652 4179 xxvtn,
684 4116 792 4184 12).
840 4116 1001 4187 Lapis
1045 4120 1187 4174 enim
1224 4122 1383 4190 capiti
1436 4124 1765 4194 suppositus,
1795 4134 1850 4179 et

268 4200 416 4253 velut
461 4200 870 4258 fundamentum
923 4207 1082 4261 scalae
1131 4208 1305 4264 factus
1337 4210 1585 4265 Christus
1623 4221 1707 4267 est
1755 4213 1847 4283 qui

267 4289 505 4358 seipsum
560 4294 884 4360 humiliavit,
923 4306 984 4350 ut
1024 4312 1212 4354 omnes
1263 4315 1389 4356 suos
1436 4303 1719 4370 exaltaret,
1755 4306 1845 4375 qui

1960 1856 2192 1917 oporteat
2235 1863 2327 1902 nos
2364 1847 2533 1902 salvos
2575 1848 2692 1915 fieri
2723 1847 3098 1916 (Act.tv,12).
3149 1847 3318 1916 Hujus
3363 1849 3546 1916 itaque

1958 1939 2149 1994 salutis
2198 1955 2294 2009 per
2335 1940 2660 2009 baptismum
2709 1939 2940 2008 quisque
2983 1939 3099 1994 fieri
3135 1940 3404 2009 particeps
3456 1939 3544 1993 in-

1958 2033 2138 2087 choat.
2180 2031 2284 2087 Sed
2315 2033 2358 2088 si
2390 2033 2500 2087 vult
2530 2047 2635 2086 non
2664 2031 2914 2086 amittere
2944 2032 3086 2100 quod
3114 2032 3283 2101 gratis
3309 2031 3539 2100 accepit,

1957 2130 2172 2192 oportet
2197 2131 2256 2176 ut
2289 2123 2340 2176 in
2376 2137 2441 2176 eo
2467 2137 2714 2177 crescere
2762 2121 2980 2175 studeat
3015 2135 3113 2190 per
3143 2119 3419 2189 proprium
3458 2120 3541 2174 la-

1955 2212 2142 2268 borem
2191 2220 2394 2268 sancta:
2445 2213 2696 2268 actionis.
2743 2211 2898 2268 Unde
2928 2227 3053 2266 mox
3077 2211 3272 2280 Ioseph
3301 2213 3536 2282 ponitur,

1957 2303 2046 2373 qui
2076 2314 2411 2375 augmentum
2440 2305 2859 2374 interpretatur;
2909 2304 3032 2374 quia
3067 2303 3155 2357 ille
3183 2312 3538 2372 augmentum

1954 2395 2145 2464 gratiae
2187 2403 2310 2464 post
2359 2395 2686 2465 baptismum
2738 2393 3111 2463 consequitur,
3150 2391 3243 2462 qui
3295 2393 3362 2446 ad
3401 2392 3542 2448 bene

1954 2485 2218 2555 agendum
2250 2485 2402 2556 piger
2438 2500 2544 2540 non
2577 2483 2763 2539 fuerit.
2821 2483 2948 2539 Inde
2994 2483 3238 2552 sequitur
3265 2481 3417 2547 Ile/1°,
3447 2483 3540 2552 qui

1953 2577 2237 2630 ascendens
2277 2577 2490 2642 dicitur,
2537 2585 2598 2632 ut
2642 2590 2926 2632 ascensum
2963 2574 3296 2646 prolicientis
3335 2573 3402 2628 de
3433 2575 3542 2628 vir-

1955 2674 2069 2722 tute
2098 2667 2150 2722 in
2181 2668 2437 2724 virtutem
2481 2667 2770 2739 significet.
2805 2667 3010 2721 Deinde
3051 2677 3135 2722 est
3167 2666 3417 2732 Matthat,
3447 2667 3543 2736 qui

1952 2758 2146 2812 donum
2193 2757 2610 2826 interpretatur;
2656 2757 2784 2827 quia
2828 2756 2920 2826 qui
2970 2756 3229 2811 virtutum
3282 2756 3541 2827 gradibus

1953 2848 2020 2902 ad
2042 2845 2151 2901 alta
2184 2845 2394 2911 nititur,
2423 2845 2645 2915 majoris
2680 2847 2856 2901 adhuc
2880 2846 3066 2916 gratia:
3093 2847 3296 2902 donum
3333 2862 3530 2903 conse-

1950 2938 2155 3008 quitur.
2184 2938 2250 2992 Et
2277 2938 2404 2992 inde
2432 2937 2680 3006 sequitur
2700 2935 2844 3004 Levi,
2871 2936 2962 3007 qui
2991 2947 3289 3006 assumptus
3318 2939 3539 3006 dicitur;

1952 3030 2077 3098 quia
2101 3029 2243 3084 Deus
2273 3028 2420 3083 illum
2449 3028 2550 3084 sibi
2587 3027 2882 3096 assumpsit
2911 3027 2977 3080 ad
3003 3025 3187 3098 jugem
3221 3028 3539 3094 famulatum

1951 3135 2139 3186 suum,
2177 3120 2506 3175 conﬁrmans
2537 3120 2590 3173 in
2626 3118 2948 3173 assiduitate
2981 3118 3245 3172 bonorum
3285 3133 3534 3187 operum.

1951 3208 2206 3278 Sequitur
2229 3219 2284 3263 et
2306 3208 2516 3275 Metelli,
2547 3208 2638 3278 qui
2669 3223 2760 3262 rex
2788 3223 2932 3261 meus
2957 3207 3376 3276 interpretatur;
3408 3210 3536 3277 quia

1949 3315 2090 3371 saepe
2119 3301 2381 3370 contingit
2418 3309 2476 3354 ut
2502 3300 2592 3368 qui
2618 3299 2730 3369 jam
2766 3299 2906 3353 talis'
2927 3307 3042 3363 est,
3075 3307 3258 3352 rector
3281 3299 3541 3354 Ecclesiae

1949 3390 2231 3448 efﬁciatur.
2291 3390 2397 3444 Sed
2443 3397 2499 3443 et
2528 3387 2702 3442 Janne
2756 3387 3019 3458 sequitur,
3071 3372 3162 3456 qui
3209 3399 3539 3457 pra'paratus

1949 3484 2176 3549 dicitur;
2212 3483 2335 3552 quia
2370 3481 2491 3536 talis
2521 3481 2605 3535 vir
2629 3480 2695 3535 ad
2723 3495 2884 3535 omne
2911 3480 3113 3535 bonutn
3154 3494 3290 3548 opus
3316 3489 3398 3535 est
3418 3481 3531 3551 jam

1946 3582 2186 3643 paratus.
2232 3572 2425 3640 Joseph
2467 3585 2682 3642 quoque
2716 3569 3087 3641 subjungitur,
3127 3569 3239 3639 qui,
3278 3571 3416 3625 sicut
3447 3585 3540 3625 su-

1947 3679 2044 3734 pra
2077 3663 2274 3718 dictum
2301 3671 2406 3725 est,
2435 3671 2770 3732 augmentum
2807 3661 3220 3730 interpretatur,
3251 3662 3375 3731 quia
3411 3678 3539 3732 pro-

1948 3755 2060 3809 ﬁcit
2085 3768 2296 3824 semper
2324 3762 2378 3806 et
2400 3753 2675 3823 religionis
2713 3761 3058 3823 augmentum
3083 3754 3252 3822 capit.
3283 3753 3394 3810 Nec
3422 3771 3535 3810 non

1949 3853 2003 3901 ct
2027 3843 2297 3910 Matt/aias,
2323 3842 2414 3912 qui
2441 3843 2638 3896 donum
2666 3842 2759 3896 Dei
2788 3843 3020 3907 dicitur;
3060 3845 3187 3912 quia
3216 3843 3414 3899 donum
3451 3846 3536 3900 di-

1949 3937 2086 3991 vinae
2110 3934 2296 4005 gratiae
2327 3932 2481 3987 novis
2507 3932 2684 3987 adhuc
2715 3932 2768 3986 in
2805 3946 2931 3987 eum
2971 3933 3258 3988 beneﬁciis
3298 3934 3538 3990 infundi-

1951 4039 2058 4084 tur.
2098 4028 2165 4084 Et
2193 4028 2378 4090 Amos,
2409 4024 2498 4094 qui
2527 4025 2813 4089 honoraris,
2846 4025 2926 4078 vel
2955 4025 3110 4094 [ortis
3130 4067 3145 4092 ,
3177 4025 3262 4080 vel
3284 4027 3536 4097 populum

1951 4121 2173 4176 avellens
2204 4119 2626 4188 interpretatur;
2658 4117 2784 4185 quia
2818 4118 2984 4171 Deum
3014 4117 3247 4173 honorat
3275 4119 3413 4173 bene
3451 4120 3538 4173 vi-

1951 4211 2148 4276 vendo,
2178 4206 2415 4282 etfortis
2444 4215 2528 4261 est
2560 4206 2626 4261 ad
2659 4206 2888 4261 adversa
2921 4206 3218 4272 toleranda,
3250 4217 3304 4262 et
3331 4208 3536 4262 doctri-

1951 4300 2035 4356 nis
2071 4314 2136 4354 ac
2186 4296 2448 4367 exemplis
2495 4296 2607 4351 suis
2655 4297 2722 4351 ab
2763 4310 2949 4350 amore
2995 4297 3181 4352 mundi
3206 4312 3302 4353 cor
3353 4299 3538 4355 avellit

265 4377 410 4433 sicut
451 4379 856 4438 fundamentum
887 4400 1076 4442 omnes
1106 4396 1301 4455 portat,
1343 4401 1394 4444 et
1428 4405 1456 4443 a
1484 4391 1630 4447 nullo
1662 4402 1844 4462 porta-
1870 4405 1926 4466 ι)
1951 4392 2154 4462 populi.
2199 4390 2307 4445 Sed
2347 4398 2401 4444 et
2431 4388 2630 4452 Naum,
2660 4388 2752 4457 qui
2795 4388 3093 4444 consolator
3124 4389 3206 4444 vel
3249 4392 3536 4447 consolatio

267 4477 376 4523 tur.
417 4470 486 4525 Et
510 4487 607 4541 per
633 4474 771 4529 hanc
799 4478 1129 4549 genealogiae
1169 4480 1370 4535 scalam
1404 4481 1494 4536 alii
1524 4485 1843 4552 ascendunt,

263 4571 322 4617 et
369 4563 462 4617 alii
509 4565 859 4621 descendunt.
907 4568 1220 4624 Ascendunt
1264 4573 1353 4641 qui
1400 4574 1707 4644 proficiunt,
1756 4578 1848 4633 de-

266 4655 536 4710 scendunt
562 4659 653 4727 qui
687 4659 964 4715 deficiunt.
1011 4661 1204 4733 Angeli
1251 4673 1460 4732 autem,
1496 4668 1655 4738 176
1684 4668 1735 4722 id
1765 4679 1848 4725 est

265 4745 442 4799 nuntii
497 4747 589 4801 Dei
643 4760 925 4813 vocantur,
996 4753 1123 4822 quia
1183 4753 1462 4810 Christum
1531 4757 1843 4828 loquuntur.

263 4835 524 4907 Quisquis
566 4838 731 4910 igitur
777 4840 828 4896 in
855 4842 1072 4898 Christo
1109 4845 1415 4917 baptizatus
1449 4855 1552 4916 est,
1601 4858 1844 4920 apertum

261 4937 346 4982 est
393 4930 440 4983 ei
495 4930 724 4997 coelum,
774 4943 830 4988 et
857 4934 998 4990 Deus
1047 4936 1276 5008 desuper
1323 4948 1548 5010 paratus
1592 4950 1675 4995 est
1721 4958 1846 4996 eum

261 5019 582 5090 suscipere;
636 5024 728 5078 sed
774 5025 862 5079 ille
906 5043 1002 5097 per
1046 5029 1247 5095 gradus
1296 5031 1473 5094 scalae,
1524 5047 1644 5101 qua:
1682 5047 1710 5086 a
1749 5033 1846 5087 ba-

260 5111 461 5179 ptismo
503 5129 672 5185 usque
714 5118 779 5169 ad
811 5117 976 5172 Deum
1020 5131 1266 5189 porrecta
1308 5131 1412 5191 est,
1455 5124 1614 5179 debet
1656 5139 1847 5179 ascen-

259 5201 423 5270 dere;
464 5207 611 5275 quia,
644 5217 700 5262 et
727 5209 864 5264 sicut
895 5209 1148 5266 Salomon
1179 5214 1253 5267 ait
1281 5232 1293 5268 :
1319 5215 1500 5270 semita
1540 5216 1658 5269 vita’
1693 5233 1848 5286 super

254 5298 521 5380 eruditum
554 5299 734 5373 (Prov.
765 5320 853 5369 xv,
885 5305 995 5376 2i),
1061 5321 1164 5375 qua
1212 5307 1417 5363 scilicet
1459 5311 1704 5365 eruditus
1734 5310 1846 5380 ipse

263 5392 449 5446 tendat
496 5393 550 5446 in
582 5395 798 5450 caelum.
858 5396 990 5451 Nam
1040 5407 1094 5453 et
1140 5399 1365 5468 populus
1406 5401 1568 5456 Israel
1618 5403 1845 5458 transito

259 5484 396 5537 mari
424 5484 608 5540 Rubro
638 5501 741 5540 non
773 5490 951 5554 stetit;
993 5490 1086 5545 sed
1119 5499 1306 5561 postea
1348 5491 1524 5562 longis
1560 5493 1846 5550 itineribus

261 5587 322 5625 ac
356 5571 635 5629 laboribus
671 5577 738 5632 ad
767 5585 966 5632 terram
1013 5579 1392 5648 promissionis
1435 5583 1702 5650 pervenit.
1754 5583 1865 5640 Sic.

259 5674 312 5718 et
359 5666 449 5735 qui
490 5667 797 5740 baptizatus
832 5678 936 5741 est,
975 5687 1083 5728 non
1121 5673 1189 5754 sit
1223 5672 1404 5744 piger;
1440 5674 1532 5730 sed
1580 5690 1674 5746 per
1703 5675 1841 5733 viam

1947 4484 2177 4547 dicitur;
2215 4479 2342 4551 quia
2385 4476 2535 4544 illos,
2578 4479 2668 4548 qui
2709 4479 3024 4549 temporalia
3067 4487 3534 4551 contempserunt,

1947 4577 2304 4648 promissione
2348 4584 2674 4632 aeternorum
2719 4571 3054 4629 consolatur.
3132 4571 3260 4627 Heli
3297 4589 3534 4646 quoque,

1946 4669 2038 4738 qui
2080 4670 2277 4723 vicinus
2307 4685 2452 4722 meus
2487 4666 2718 4730 dicitur;
2757 4663 2882 4735 quia
2917 4663 3128 4720 vicinus
3170 4664 3222 4720 ei
3258 4664 3333 4726 lit,
3370 4680 3536 4736 quem

1948 4758 2316 4814 consolatione
2371 4757 2660 4812 demulcet.
2715 4756 2784 4811 Et
2829 4755 3030 4827 Nagge,
3090 4756 3183 4826 qui
3232 4757 3536 4812 solemuitas

1948 4849 2365 4919 interpretatur,
2407 4849 2532 4918 quia
2588 4850 2703 4918 ipse
2753 4847 3070 4904 solemnitas
3117 4847 3317 4903 laetitiae
3363 4848 3425 4903 ﬁt
3457 4848 3534 4912 ei,

1947 4957 2108 5012 quem
2160 4941 2495 4997 consolatur.
2540 4941 2719 5010 Atque
2760 4940 3004 5004 Mahath,
3054 4941 3140 4997 vel
3185 4939 3390 5008 Manut,
3442 4943 3534 5012 qui

1949 5035 2271 5104 requiescens
2307 5033 2531 5097 dicitur;
2573 5033 2699 5101 quia
2744 5034 3038 5102 requiescit
3065 5032 3181 5102 jam
3225 5034 3279 5088 in
3322 5039 3537 5090 secreto

1948 5125 2142 5181 divina
2182 5121 2689 5191 contemplationis,
2741 5134 3113 5194 sequestratus
3151 5140 3180 5180 a
3216 5125 3400 5181 labore
3433 5140 3538 5180 sae-

1948 5217 2152 5273 eularis
2201 5215 2539 5286 cupiditatis;
2582 5215 2668 5270 vel
2696 5216 2748 5270 in
2782 5231 2846 5271 eo
2878 5219 3118 5286 requiem
3149 5219 3332 5283 habet,
3367 5234 3529 5287 quem

1948 5326 2102 5366 suam
2144 5309 2571 5366 consolationem
2616 5309 2892 5378 accepisse
2926 5310 3092 5374 videt,
3133 5320 3187 5365 et
3223 5311 3276 5364 in
3313 5311 3534 5366 tribula-

1948 5394 2184 5456 tionibus
2212 5417 2310 5472 pro
2335 5401 2552 5457 Christo
2572 5401 2682 5472 jam
2715 5400 2954 5469 gloriari.
2976 5398 3081 5454 Sed
3106 5409 3157 5454 et
3179 5401 3527 5464 Mathathias,

1947 5495 2037 5564 qui
2081 5494 2276 5547 donum
2315 5493 2432 5561 Dei,
2486 5494 2627 5550 sicut
2673 5492 3057 5561 praemisimus,
3118 5493 3348 5559 dicitur;
3403 5495 3528 5564 quia

1947 5586 2124 5656 majus
2163 5586 2342 5642 adhuc
2377 5587 2576 5642 donum
2620 5600 2868 5656 superna:
2903 5583 3094 5656 gratia:
3122 5585 3372 5653 percipit,
3404 5599 3536 5653 pro-

1946 5688 2063 5749 pter
2097 5679 2410 5750 supradicta
2439 5679 2598 5748 bona,
2627 5692 2748 5749 qua:
2777 5677 2854 5735 sic
2886 5691 3047 5749 agere
3085 5676 3308 5734 studuit.
3347 5677 3532 5748 Neque
