3910 6018
371 331 477 390 639

695 335 756 391 S.
793 334 1093 392 ANSELMI
1144 332 1493 392 CANTUAR.
1531 325 1848 386 ARCliiEP.
1881 325 2031 383 OPP.
2070 324 2250 384 PARS
2284 326 2351 384 ll.
2388 358 2460 370 -—
2494 327 2862 386 PAIUENET.
2905 326 2993 386 ET
3037 326 3282 385 ASCET.

3518 328 3620 384 640

373 447 516 501 enim
545 450 611 506 de
637 452 874 521 antiquis
921 455 1184 522 patribus,
1232 470 1462 524 quorum
1508 455 1727 510 nomina
1777 453 1942 506 inter-
1971 456 2021 514 Α
2049 448 2463 517 interpretatur;
2503 450 2626 520 quia
2665 449 2779 521 ipse
2811 448 2994 503 multis
3035 447 3092 503 iit
3130 447 3223 502 Dei
3259 447 3542 513 auxilium,
3566 460 3623 504 et

373 535 672 606 pre'tamur,
721 542 822 596 ista
868 545 1119 608 dicimus,
1168 545 1291 600 licet
1339 555 1394 601 et
1442 546 1507 600 de
1559 546 1692 616 ipsis
1719 545 1948 616 fortasse

374 629 543 698 possit
588 630 857 702 intelligi;
904 636 996 690 sed
1045 637 1223 704 potius
1263 638 1329 691 de
1367 652 1474 690 uno
1519 638 1760 707 quolibet
1801 637 1947 707 justo

373 719 511 781 viro,
554 735 714 789 quem
767 738 862 792 per
904 726 1002 780 hos
1047 728 1308 781 virtutum
1360 729 1560 798 gradus
1605 745 1634 782 a
1675 731 1948 798 baptismo

372 809 754 866 ascendentem
801 815 868 868 ad
897 815 1064 871 Deum
1109 817 1490 874 describimus.
1544 819 1677 874 Nam
1718 836 1814 890 per
1850 821 1949 877 hos

369 899 616 954 ascendit
643 901 936 959 electorum
961 906 1200 962 Ecclesia
1229 910 1294 963 de
1324 925 1427 979 qua
1461 911 1661 964 dicitur
1685 929 1698 965 :
1727 911 1864 966 Deus
1895 912 1947 966 in

368 989 621 1055 gradibus
657 993 771 1060 ejus
810 1007 1170 1063 cognoscetur,
1203 1015 1321 1051 runt
1354 1000 1596 1068 suscipiet
1626 1018 1741 1054 eam
1773 1000 1944 1071 (Psal.

369 1092 537 1144 XLVII,
568 1081 646 1150 4).
700 1082 803 1138 Per
845 1084 940 1138 hos
983 1086 1146 1140 etiam
1199 1097 1422 1142 sanctus
1449 1088 1549 1143 Job
1601 1091 1946 1156 ascendebat,

369 1169 593 1227 dicens:
626 1171 729 1226 Per
759 1176 993 1244 singulos
1019 1182 1216 1247 gradus
1251 1196 1390 1234 meos
1421 1182 1769 1249 pronuntiabo
1801 1182 1948 1236 illum

371 1258 493 1327 (Job
552 1279 703 1328 xxxi,
736 1265 848 1333 57).
877 1267 957 1321 Ad
987 1267 1230 1323 ordinem
1261 1285 1388 1338 ergo
1413 1273 1673 1340 graduum
1712 1283 1950 1327 reverta-

370 1363 511 1414 mur,
547 1359 605 1404 ut
633 1351 698 1404 ad
730 1363 958 1410 czeteros
986 1355 1288 1412 videamus.
1319 1358 1451 1413 Nam
1481 1359 1652 1414 Semei
1683 1363 1946 1431 sequitur,

379 1437 474 1505 qui
511 1440 729 1496 audiens
773 1443 1181 1514 interpretatur,
1221 1459 1314 1502 aut
1354 1450 1594 1505 auditum
1631 1452 1950 1507 obedientiae

369 1531 422 1584 in
457 1545 645 1590 sancto
701 1538 819 1592 viro
875 1539 1141 1610 designet.
1189 1542 1448 1613 Sequitur
1488 1554 1546 1600 et
1571 1545 1801 1615 Ioseph,
1830 1545 1946 1614 qui,

367 1622 508 1677 sicut
524 1624 640 1692 jam
673 1627 757 1682 bis
782 1629 990 1685 dictum
1015 1643 1119 1698 est,
1151 1645 1489 1704 augmentum
1529 1636 1946 1705 interpretatur;

367 1714 491 1780 quia
521 1730 718 1771 novum
745 1731 1092 1790 augmentum
1129 1738 1344 1793 semper
1364 1725 1546 1794 justus
1573 1727 1794 1795 adipisci
1829 1736 1944 1782 stu-

365 1803 477 1858 det.
508 1803 615 1860 Sed
647 1818 702 1862 et
725 1808 870 1863 Juda
908 1813 1174 1882 sequitur,
1201 1816 1291 1884 qui
1321 1817 1575 1885 confessio
1600 1817 1684 1870 vel
1711 1817 1948 1872 laudatio

369 1891 608 1960 dicitur;
673 1899 802 1968 quia
871 1903 1267 1960 confessionem
1335 1906 1505 1962 laudis
1568 1923 1783 1978 semper
1837 1909 1946 1964 Deo

368 1983 565 2038 reddit.
605 1985 672 2040 Et
697 1988 930 2058 Joanne,
959 1995 1050 2062 qui
1081 1994 1282 2052 dicitur
1309 1999 1394 2051 cui
1425 2009 1500 2052 est
1527 2001 1701 2069 gratia
1727 2000 1809 2055 vel
1837 1999 1945 2055 Do-

362 2074 536 2130 minus
557 2080 736 2147 gratia
765 2081 912 2151 ejus;
961 2087 1221 2155 quoniam
1268 2089 1436 2144 multa
1480 2091 1623 2146 inest
1669 2092 1717 2146 ei
1749 2092 1943 2163 gratia,

359 2172 417 2217 et
454 2164 569 2234 ipsa
603 2170 777 2239 gratia
818 2173 1078 2233 Dominus
1113 2187 1230 2242 est,
1273 2188 1332 2232 ut
1371 2179 1599 2236 Domino
1643 2181 1756 2238 Deo
1796 2183 1851 2237 in
1886 2197 1947 2238 se

363 2265 618 2311 manente
653 2260 932 2329 gratiosus
975 2265 1066 2319 sit.
1106 2266 1174 2320 Et
1201 2267 1362 2334 Resa,
1403 2271 1494 2340 qui
1533 2282 1689 2342 caput
1717 2273 1831 2343 ejus
1860 2275 1945 2329 in-

364 2354 723 2419 terpretatur;
755 2354 881 2422 quia
914 2355 1196 2424 Dominus,
1229 2361 1318 2430 qui
1350 2371 1435 2418 est
1461 2365 1635 2433 gratia
1663 2364 1802 2436 ejus,
1833 2368 1947 2436 ipse

361 2448 447 2491 est
496 2446 550 2494 et
597 2452 759 2512 caput
807 2444 942 2514 ejus.
995 2449 1141 2504 Talis
1190 2452 1340 2506 enim
1377 2454 1569 2524 dignus
1611 2467 1694 2512 est
1745 2459 1947 2515 habere

360 2524 637 2584 Christum
665 2543 850 2601 caput.
907 2534 1174 2605 Sequitur
1224 2549 1277 2594 et
1308 2539 1617 2609 Zorobabel,
1651 2548 1741 2615 qui
1782 2548 1946 2604 inter-

359 2630 605 2687 pretatur
633 2633 779 2678 ortus
805 2627 858 2679 in
883 2626 1170 2698 Babylone,
1204 2632 1287 2687 vel
1318 2634 1426 2702 ipse
1455 2637 1699 2706 magister
1720 2637 1944 2710 Babylo-

369 2712 489 2776 nis;
529 2714 656 2781 quia
686 2714 808 2772 talis
838 2717 922 2772 vir
954 2719 1098 2775 inter
1131 2722 1344 2792 iniquos
1381 2725 1560 2793 primo
1598 2728 1861 2796 nascitur,
1889 2737 1946 2785 et

362 2805 708 2871 postmodum
749 2808 908 2865 docet
949 2825 1044 2866 eos
1081 2815 1350 2882 quomodo
1393 2817 1565 2885 possit
1607 2818 1676 2872 ad
1716 2819 1942 2877 salutem

364 2895 692 2966 pertingere.
743 2897 810 2953 Et
835 2899 1116 2968 Salatliiel,
1151 2903 1305 2971 cujus
1335 2900 1717 2976 interpretatio
1745 2917 1830 2965 est
1854 2928 1946 2981 pe-

303 3047 313 3056 ι
359 2987 475 3040 titio
507 3003 622 3043 mea
648 2988 821 3056 Deus;
861 2993 988 3062 quia
1016 2994 1254 3066 istejam
1284 2997 1419 3053 nihil
1450 2990 1552 3054 nisi
1586 3000 1752 3055 Deum
1780 3017 1944 3072 appe-

359 3078 444 3142 tit,
475 3080 653 3136 sciens
679 3082 804 3150 quia
832 3085 967 3140 nihil
1014 3086 1080 3140 ad
1107 3087 1496 3146 beatitudinem
1529 3092 1630 3148 sibi
1668 3094 1770 3150 nisi
1802 3097 1942 3150 Deus

359 3168 576 3226 suﬂicit.
606 3172 675 3228 Et
707 3171 865 3242 Neri,
895 3178 988 3247 qui
1019 3178 1219 3234 dicitur
1244 3180 1460 3234 lucerna
1490 3200 1637 3249 mea;
1666 3187 1790 3255 quia
1823 3187 1944 3244 talis

358 3261 470 3318 Deo
513 3273 690 3332 potest
728 3268 911 3325 dicere
951 3287 966 3323 :
1009 3268 1248 3326 Lucerna
1292 3274 1508 3341 pedibus
1558 3276 1686 3332 meis
1737 3279 1945 3332 verbum

357 3364 506 3408 tuum
535 3354 709 3426 (Psal.
738 3373 928 3424 cxvttt,
959 3361 1119 3431 105);
1160 3363 1241 3418 vel
1281 3380 1381 3420 nos
1421 3366 1486 3420 de
1529 3367 1640 3431 illo,
1689 3370 1814 3438 quia
1863 3369 1945 3422 lu-

358 3460 513 3498 cerna
549 3448 664 3515 ejus
691 3458 768 3500 est
793 3449 973 3519 Agnus
1001 3452 1186 3522 (Apoc.
1213 3469 1333 3520 ut,
1364 3455 1480 3524 23).
1509 3456 1578 3510 Et
1603 3457 1813 3522 Melo/ti,
1851 3461 1944 3529 qui

359 3548 452 3585 rea:
489 3550 634 3588 meus
670 3535 1076 3606 interpretatur,
1125 3549 1289 3611 atque
1332 3543 1676 3612 subauditur,
1725 3565 1758 3601 η
1787 3565 1945 3617 supe-

357 3623 584 3678 rioribus
621 3624 781 3689 Deus,
824 3635 884 3681 ut
910 3629 1011 3682 iste
1039 3629 1223 3685 dicat:
1258 3631 1373 3686 Rex
1400 3648 1552 3690 meus
1603 3635 1762 3692 Deus.
1795 3639 1942 3697 Talis

359 3716 504 3770 enim
553 3732 662 3772 non
700 3718 891 3773 vitium
940 3720 1178 3792 aliquod,
1221 3725 1314 3779 sed
1363 3725 1533 3780 solum
1567 3727 1733 3783 Deum
1781 3730 1942 3788 habet

360 3822 562 3877 regem.
595 3807 691 3865 Vel
719 3809 960 3869 Ecclesia
1007 3813 1074 3868 de
1123 3815 1214 3871 illo
1253 3825 1430 3886 potest
1475 3818 1680 3888 dicere,
1710 3820 1842 3877 Neri
1883 3832 1941 3879 et

360 3897 575 3964 Ilelclii,
629 3900 684 3956 id
732 3912 816 3957 est
863 3903 1080 3960 lucerna
1129 3923 1247 3962 mea
1297 3924 1390 3963 rex
1437 3913 1777 3983 meus:quia
1827 3915 1940 3984 ipse

359 4005 479 4045 eam
513 3991 781 4047 illuminat
811 4003 865 4049 et
891 3997 1046 4064 regit.
1081 3996 1337 4067 Sequitur
1379 4008 1432 4055 et
1464 4001 1633 4066 Addi,
1665 4004 1756 4071 qui
1782 4005 1938 4058 robu-

355 4093 467 4137 stus
504 4084 926 4154 interpretatur;
969 4089 1097 4158 quia
1138 4090 1220 4143 vir
1264 4091 1367 4145 iste
1397 4092 1578 4148 cordis
1620 4095 1814 4150 robore
1855 4105 1939 4152 est

357 4175 704 4242 praevalidus.
736 4177 804 4230 Et
821 4175 1034 4243 Cosam,
1059 4179 1141 4234 vel
1160 4179 1372 4248 Cusum,
1401 4184 1492 4252 qui
1520 4172 1937 4243 dieitur/Ethio-

352 4265 440 4332 pia
466 4280 677 4330 eorum;
715 4268 837 4335 quia
867 4268 991 4333 illis,
1019 4269 1110 4339 qui
1142 4271 1395 4325 tenebras
1421 4283 1614 4341 putant
1641 4277 1836 4341 lucem,
1876 4288 1935 4334 et

355 4353 529 4409 lucem
562 4357 832 4422 tenebras,
855 4358 1072 4414 videtur
1118 4359 1421 4430 hujusmodi
1457 4363 1538 4416 vir
1575 4365 1801 4434 uigredo
1841 4383 1935 4422 eoo

2047 539 2243 596 multos
2267 556 2364 609 per
2391 556 2514 596 eum
2544 542 2685 598 Deus
2717 541 2953 612 adjuvat.
2987 543 3164 612 Atque
3190 540 3380 605 Jorim,
3418 543 3509 610 qui
3537 543 3621 596 di-

2047 629 2190 685 citur
2223 630 2479 686 Dominus
2517 632 2775 700 exultans,
2826 633 2910 689 vel
2936 644 3010 688 est
3048 634 3328 698 exaltans;
3370 637 3497 705 quia
3530 653 3624 704 per

2047 735 2169 775 eum
2200 721 2458 778 Dominus
2503 723 2727 788 exaltat,
2765 731 2819 779 et
2857 725 2971 794 ipse
3009 740 3144 794 quos
3191 725 3335 779 valet
3380 726 3624 781 exaltare
3716 762 3728 771 -

2047 825 2154 864 non
2191 822 2393 875 cessat,
2425 812 2551 868 dum
2583 829 2678 869 eos
2709 814 2776 869 ab
2806 814 3010 868 inlimis
3037 814 3421 884 cupiditatibus
3449 815 3627 870 elevat

2049 903 2268 958 dicens:
2295 904 2426 970 Qum
2456 921 2666 960 sursum
2695 916 2812 960 sunt
2835 908 3072 977 quaerite,
3095 907 3183 960 ubi
3207 905 3445 961 Christus
3466 920 3540 963 est
3567 909 3620 963 in

2049 993 2260 1048 dextera
2293 995 2386 1048 Dei
2413 997 2596 1050 sedens
2629 995 2858 1068 (Coloss.
2885 1014 2966 1062 lii,
2995 996 3104 1067 15).
3161 996 3266 1052 Sed
3295 997 3618 1063 et-Matthat,

2049 1085 2139 1154 qui
2162 1086 2355 1140 donum
2402 1071 2823 1156 interpretatur;
2868 1089 2995 1157 quia
3034 1089 3086 1142 in
3123 1104 3187 1144 eo
3231 1090 3492 1144 redundat
3527 1092 3621 1145 do-

2049 1193 2176 1232 num
2215 1181 2402 1249 gratiae
2439 1181 2699 1247 etelestis,
2737 1191 2792 1236 et
2829 1197 2950 1236 eum
2984 1182 3123 1236 Deus
3164 1171 3345 1237 multis
3388 1183 3439 1237 in
3477 1184 3620 1238 salu-

2049 1273 2156 1320 tem
2183 1269 2352 1324 dedit.
2378 1268 2499 1324 Levi
2525 1285 2758 1340 quoque,
2785 1272 2874 1340 qui
2904 1271 3101 1326 dicitur
3126 1284 3456 1340 assumptus;
3483 1275 3620 1329 Deus

2048 1356 2191 1410 enim
2225 1357 2374 1412 illum
2403 1361 2714 1430 assumpsit,
2748 1362 2800 1416 id
2824 1373 2908 1415 est
2939 1361 3039 1415 sibi
3069 1363 3357 1431 specialius
3382 1365 3620 1418 servien-

2053 1456 2180 1512 tem,
2210 1458 2265 1503 et
2290 1460 2606 1506 constanter
2631 1461 3065 1522 perseverantem
3107 1451 3256 1506 fecit.
3291 1452 3544 1521 Sequitur
3569 1464 3622 1508 et

2049 1537 2284 1602 Simeon,
2331 1540 2421 1609 qui
2466 1539 2664 1596 dicitur
2710 1543 3008 1606 exauditio;
3059 1543 3184 1610 quia
3239 1542 3362 1596 talis
3412 1543 3493 1596 vir
3541 1554 3624 1598 est

2047 1631 2321 1686 exauditio
2359 1633 2536 1702 precis
2590 1633 2880 1688 multorum
2939 1632 3123 1688 eii‘usae
3174 1649 3356 1688 coram
3398 1633 3624 1688 Domino

2048 1736 2145 1791 pro
2171 1724 2394 1780 doctore
2433 1723 2735 1780 salutifero.
2788 1724 3183 1796 interpretatur
3223 1726 3381 1782 etiam
3415 1724 3624 1780 Simeon

1979 1794 2020 1852 Β
2047 1814 2264 1869 audiens
2299 1816 2602 1880 tristitiam;
2640 1817 2762 1886 quia
2793 1815 2880 1887 pie
2901 1794 3244 1886 compatiens
3274 1819 3421 1872 audit
3455 1819 3626 1873 tristi-

2048 1902 2174 1956 tiam
2229 1902 2410 1960 iuctus
2452 1905 2854 1975 pmnitentium.
2907 1906 3051 1962 Juda
3095 1923 3310 1978 quoque
3359 1910 3624 1979 sequitur,

2044 1991 2135 2060 qui
2173 1979 2422 2062 conﬁtens
2450 1994 2674 2060 dicitur;
2709 1995 2833 2065 quia
2874 1995 3267 2052 confessionem
3319 1997 3490 2053 laudis
3514 1999 3624 2055 Deo

2048 2082 2220 2154 magis
2245 2099 2308 2139 ac
2333 2085 2504 2155 magis
2532 2099 2746 2156 semper
2775 2101 2838 2140 eo
2877 2086 3105 2157 amplius
3149 2087 3340 2151 reddit,
3373 2104 3478 2158 quo
3504 2105 3624 2144 am-

2046 2172 2188 2241 plius
2217 2174 2269 2229 in
2293 2175 2586 2232 virtutibus
2615 2177 2845 2247 prolicit.
2882 2177 3035 2235 Unde
3060 2189 3112 2234 et
3131 2179 3324 2250 Joseph
3356 2182 3622 2251 subditur,

2045 2266 2137 2334 qui
2169 2277 2502 2337 augmentum
2538 2268 2952 2339 interpretatur,
2989 2280 3048 2325 ut
3073 2283 3420 2342 augmentum
3466 2276 3627 2330 meri-

2048 2364 2223 2410 torum
2263 2357 2577 2426 quotidiano
2617 2359 2859 2428 profectu
2900 2360 3144 2431 designet
3171 2363 3222 2416 in
3249 2378 3314 2418 eo
3348 2363 3484 2418 fieri.
3527 2363 3626 2419 Se-

2045 2446 2230 2514 quitur
2270 2456 2326 2502 et
2352 2447 2600 2513 Eliacim,
2649 2451 2739 2519 qui
2765 2449 2859 2504 Dei
2895 2454 3206 2506 resurrectio
3249 2455 3480 2509 dicitur:
3511 2456 3622 2525 ipse

2050 2539 2206 2608 1'77
2224 2540 2364 2595 enim
2401 2540 2460 2594 lit
2480 2541 2767 2597 multorum
2794 2543 3044 2598 cordibus
3068 2545 3393 2598 resurrectio
3422 2546 3619 2600 divin:e

2044 2630 2253 2700 gratiae,
2278 2644 2397 2699 qua:
2423 2645 2519 2700 per
2544 2640 2825 2702 peccatum
2855 2632 2906 2685 in
2933 2631 3012 2686 eis
3043 2632 3329 2687 ceciderat.
3354 2633 3419 2687 Et
3449 2633 3619 2688 Melca

2044 2718 2135 2788 qui
2159 2719 2383 2773 laudans
2408 2718 2812 2790 interpretatur,
2838 2720 3020 2776 laudat
3038 2721 3180 2775 enim
3202 2736 3414 2794 semper
3441 2723 3622 2779 Domi-

2045 2826 2193 2865 num.
2227 2809 2333 2865 Sed
2364 2819 2420 2866 et
2452 2810 2642 2878 Euam,
2674 2812 2764 2882 qui
2798 2811 2980 2867 oculus
3007 2829 3188 2867 eorum
3222 2814 3448 2881 dicitur;
3490 2816 3620 2885 quia

2046 2901 2167 2956 talis
2205 2901 2289 2955 vir
2317 2901 2564 2971 providet
2617 2901 2758 2958 aliis.
2805 2903 2868 2957 Et
2924 2903 3244 2971 Matthatlta,
3288 2906 3379 2975 qui
3425 2907 3622 2960 donum

2043 2990 2179 3059 ejus,
2211 2991 2262 3046 id
2291 3000 2374 3046 est
2398 2992 2593 3045 donum
2628 2989 2744 3056 Dei,
2784 2991 3200 3063 interpretatur;
3237 2995 3360 3063 quia
3400 2995 3514 3063 ipse
3539 3003 3622 3049 est

2046 3081 2242 3135 donum
2271 3081 2389 3146 Dei,
2419 3081 2502 3138 vel
2527 3083 2582 3136 in
2605 3097 2670 3136 eo
2695 3091 2780 3136 est
2801 3083 2998 3138 donum
3025 3085 3139 3140 Dei.
3169 3085 3347 3154 Atque
3378 3084 3617 3150 Nat/ian,

2047 3170 2137 3239 qui
2181 3170 2378 3226 dicitur
2424 3171 2587 3237 dedit,
2632 3171 2713 3225 vel
2758 3172 2972 3237 dantis;
3013 3175 3138 3242 quia
3172 3176 3488 3243 praedictum
3524 3176 3618 3231 Dei

2045 3259 2243 3313 donum
2269 3260 2414 3314 dedit
2442 3260 2553 3329 ipse
2581 3261 2742 3325 Deus,
2767 3271 2822 3316 et
2850 3261 2980 3316 illud
3010 3263 3205 3317 donum
3238 3273 3321 3319 est
3344 3266 3460 3335 ejus
3486 3267 3620 3320 dau-

2048 3348 2132 3402 tis.
2165 3347 2258 3402 Vel
2293 3348 2404 3417 ipse
2431 3349 2514 3401 vir
2555 3345 2649 3402 Dei
2689 3349 2837 3404 dedit
2862 3351 3073 3406 (steteris
3107 3353 3302 3407 donum
3353 3355 3442 3407 Dei
3473 3356 3618 3422 quod

2043 3448 2346 3508 acceperat.
2377 3439 2513 3495 iiinc
2539 3441 2782 3510 sequitur
2809 3450 2863 3496 ct
2891 3441 3078 3506 David,
3111 3444 3201 3513 qui
3233 3444 3620 3514 interpretatur

2042 3547 2202 3583 manu
2241 3530 2392 3600 fortis
2426 3531 2510 3585 vel
2556 3533 2950 3598 desiderabilis;
2996 3535 3121 3604 quia
3161 3536 3215 3590 in
3261 3552 3424 3607 opere
3463 3537 3616 3594 fortis

2041 3628 2146 3684 est,
2178 3627 2232 3675 et
2279 3621 2473 3676 merito
2503 3637 2614 3676 sua:
2650 3624 2954 3678 sanctitatis
2985 3625 3323 3682 desideratur
3354 3642 3383 3680 a
3414 3629 3614 3683 multis.

2039 3706 2187 3763 .lesse
2217 3723 2450 3779 quoque,
2480 3709 2570 3780 qui
2596 3711 2791 3765 dicitur
2820 3712 3008 3767 insula:
3031 3714 3255 3769 libamen
3284 3729 3302 3768 :
3339 3718 3462 3786 quia
3501 3719 3618 3788 ipse

2039 3803 2506 3878 quasi_quoddam
2553 3804 2805 3858 sacriﬁcii
2851 3804 3082 3860 libamen
3126 3807 3353 3862 oll'ertur
3396 3810 3502 3864 Deo
3549 3810 3617 3864 ab

2039 3892 2301 3961 Ecclesia,
2345 3910 2464 3965 quze
2497 3894 2640 3950 velut
2671 3895 2841 3950 insula
2880 3897 3122 3951 tunditur
3159 3900 3393 3968 undique
3433 3898 3613 3955 ﬂucti-

2037 3981 2138 4036 bus
2167 3982 2373 4048 saaculi,
2418 3999 2517 4038 nec
2550 3993 2813 4039 movetur.
2844 3984 3062 4040 Necnon
3091 3994 3146 4041 et
3178 3986 3342 4054 Obed,
3367 3989 3456 4060 qui
3499 4009 3614 4044 ser-

2037 4071 2176 4126 viens
2221 4072 2635 4143 interpretatur;
2667 4077 2792 4145 quia
2850 4077 2958 4131 Deo
2993 4078 3162 4133 servit
3196 4079 3248 4132 in
3279 4083 3610 4137 conscientia

2036 4177 2192 4232 pura.
2224 4163 2401 4233 Atque
2438 4164 2603 4232 Boos,
2645 4167 2736 4236 qui
2769 4168 2965 4222 dicitur
2994 4170 3047 4222 in
3088 4170 3397 4239 fortitudine
3423 4187 3441 4224 .'
3487 4175 3612 4242 quia

2037 4253 2090 4307 in
2139 4254 2453 4310 fortitudine
2483 4259 2944 4328 magnanimitatis
2986 4261 3096 4316 Deo
3142 4262 3309 4316 servit
3345 4278 3411 4316 ex
3454 4265 3612 4319 devo-

2038 4344 2181 4400 tione
2204 4347 2506 4402 charitatis.
2543 4347 2608 4402 Et
2638 4347 2910 4413 Salomon,
2955 4350 3045 4419 qui
3074 4350 3271 4405 dicitur
3298 4351 3611 4420 dependens,

353 4459 496 4510 rum,
519 4462 626 4514 qua
654 4448 805 4503 multi
837 4451 1238 4518 tenebrescant,
1263 4452 1522 4522 quoniam
1572 4456 1768 4513 multos
1813 4459 1932 4513 iiiu-
1961 4473 2006 4530 ι)
2034 4434 2148 4530 die
2191 4435 2472 4530 Perfef‘iof
2523 4436 2648 4507 quia
2674 4437 2940 4530 felevaws
2987 4455 3016 4492 ³
3052 4440 3300 4507 ¹⁰¹Ὑ⁰¹¹ίδν
3351 4450 3609 4510 Ἷ¹¹³¹¹ί¹¹¹¹¹

352 4537 543 4592 minat.
586 4538 971 4612 Vel/Ethiopia
999 4560 1202 4605 eorum,
1237 4544 1287 4597 id
1318 4552 1402 4599 est
1428 4545 1720 4616 denigratio
1751 4565 1931 4604 eorum

352 4626 580 4694 dicitur;
606 4631 731 4698 quia
759 4635 1165 4703 comparatione
1187 4634 1406 4691 luminis
1443 4637 1706 4698 doctrinae
1733 4648 1788 4694 et
1809 4657 1932 4696 sau-

350 4717 553 4773 ctitatis
581 4735 715 4782 suae,
755 4724 1032 4792 nigredine
1060 4725 1314 4781 vitiorum
1343 4737 1397 4781 et
1422 4743 1668 4783 errorum
1715 4741 1933 4802 opertos

336 4823 470 4865 esse
501 4825 597 4866 eos
621 4811 878 4868 declarat.
911 4814 1222 4883 Elntodach,
1253 4819 1337 4872 vel
1364 4819 1626 4875 Elmadan
1649 4820 1768 4893 [al.,
1801 4822 1930 4876 (lel-

347 4903 584 4976 madam]
617 4921 833 4976 quoque
860 4909 1124 4978 sequitur,
1163 4911 1254 4981 qui
1283 4911 1377 4966 Dei
1409 4929 1661 4968 mansura
1700 4915 1925 4983 dicitur;

239 4990 247 4998 '
345 4991 472 5060 quia
502 4991 603 5048 iste
628 5001 734 5048 tam
763 4997 1084 5066 regulariter
1106 5009 1161 5054 et
1187 5001 1460 5056 moderate
1482 5018 1694 5071 semper
1715 5004 1844 5074 agit,
1871 5015 1932 5060 ut

347 5097 659 5139 mensuram
702 5087 898 5156 regula:
926 5088 1182 5146 divinitus
1210 5092 1310 5146 sibi
1339 5092 1478 5146 datae
1521 5110 1626 5147 non
1666 5095 1918 5151 excedat.

347 5171 414 5227 Et
440 5173 572 5240 Her,
604 5176 696 5246 qui
729 5177 945 5246 uigilans
993 5180 1408 5250 interpretatur;
1463 5183 1717 5251 quoniam
1768 5183 1927 5253 juxta

347 5276 674 5336 praeceptum
710 5268 984 5336 Evangelii
1032 5287 1248 5341 semper
1291 5271 1499 5341 vigilat.
1545 5273 1722 5343 Atque
1748 5275 1924 5340 Jesus,

347 5352 443 5420 qui
487 5357 760 5422 salutaris,
814 5357 898 5414 vel
945 5357 1192 5414 Salvator
1236 5360 1466 5425 dicitur;
1521 5362 1648 5432 quia
1696 5361 1926 5418 salutem

347 5441 635 5499 multorum
685 5446 865 5502 verbis
913 5456 969 5502 et
1011 5449 1272 5518 exemplis
1319 5460 1597 5518 operatur.
1653 5449 1786 5506 Nam
1836 5453 1927 5522 qui

347 5537 575 5589 converti
606 5537 782 5606 fecerit
812 5551 1133 5609 peccatorem
1163 5541 1226 5594 ab
1252 5557 1426 5595 errore
1463 5544 1561 5598 vite
1589 5560 1720 5608 suae,
1754 5544 1926 5598 salua-

349 5619 422 5673 bit
464 5624 697 5680 animam
743 5627 857 5696 ejus
908 5645 940 5680 a
971 5639 1137 5683 morte
1179 5628 1322 5698 (Jac.
1349 5645 1399 5694 ν,
1424 5631 1535 5702 20).
1587 5631 1841 5701 Sequitur
1870 5639 1926 5688 et

352 5710 584 5781 Eliezer,
635 5717 724 5786 qui
749 5717 847 5772 Dei
869 5720 1147 5790 auxilium,
1197 5722 1280 5779 vel
1323 5721 1464 5778 Deus
1516 5739 1659 5778 meus
1711 5721 1925 5792 adjutor

2034 4527 2199 4589 valet,
2245 4526 2552 4583 coelestibus
2602 4529 2857 4593 adlimret,
2909 4539 2964 4585 et
3004 4544 3103 4599 pro
3147 4545 3303 4601 posse
3339 4531 3610 4601 perfectus

2032 4626 2133 4671 est.
2170 4617 2275 4672 Sed
2307 4627 2362 4672 et
2393 4617 2660 4685 Naasson,
2695 4619 2786 4690 qui
2833 4621 3154 4690 serpentinus
3187 4621 3604 4690 interpretatur;

2032 4708 2156 4776 quia
2181 4710 2448 4777 serpentis
2474 4711 2724 4765 astutiam
2757 4711 2942 4778 habet,
2974 4721 3029 4766 et
3050 4722 3357 4782 serpentem
3379 4728 3606 4779 :ereutn,

2031 4813 2189 4868 quem
2234 4799 2443 4871 Moyses
2473 4801 2525 4855 in
2560 4816 2744 4858 eremo
2781 4803 3062 4873 suspendit
3103 4803 3293 4875 (Nunt.
3339 4805 3474 4873 XXI),
3507 4806 3610 4862 hoc

2030 4900 2111 4944 est
2142 4889 2430 4952 Christum,
2468 4891 2728 4947 imitatur.
2759 4893 3052 4947 Aminadab
3091 4909 3323 4964 quoque,
3356 4896 3446 4966 qui
3473 4896 3610 4950 dici-

2032 4991 2119 5036 tur
2155 4985 2376 5053 populus
2419 4999 2562 5036 meus
2591 4993 2904 5052 spontaneus
2934 4998 2952 5037 :
2979 4983 3104 5054 quia
3133 4983 3274 5038 idem
3320 4985 3404 5039 vir
3429 4985 3607 5055 justus

2031 5075 2092 5129 lit
2127 5075 2353 5146 populus
2382 5075 2473 5130 Dei
2507 5083 2837 5144 spontaneus
2873 5083 3037 5145 atque
3077 5074 3435 5139 voluntarius,
3477 5077 3605 5130 dum

2029 5180 2126 5236 per
2154 5166 2587 5236 prazdicationem
2631 5163 2764 5220 facit
2804 5164 3030 5219 multum
3059 5163 3294 5220 fructum
3325 5166 3377 5219 in
3417 5165 3602 5220 multi-

2028 5255 2318 5323 plicatione
2366 5255 2604 5311 lidelium
2651 5255 2955 5311 voluntarie
3003 5257 3111 5311 Deo
3157 5255 3600 5312 sacrificantium.

2028 5345 2243 5402 Necnon
2272 5347 2327 5402 ei
2361 5349 2541 5411 Aram,
2579 5346 2670 5416 qui
2699 5346 2897 5401 dicitur
2923 5346 3188 5410 excelsus;
3220 5348 3344 5418 quia
3369 5347 3604 5418 comple—

2030 5447 2139 5493 tum
2162 5448 2246 5494 est
2275 5440 2326 5494 in
2357 5454 2423 5493 eo
2451 5437 2824 5509 propheticum
2855 5437 2982 5493 illud
3015 5455 3027 5492 :
3061 5437 3348 5492 Sustollam
3372 5450 3420 5491 te
3447 5455 3604 5506 super

2027 5530 2332 5586 altitudines
2359 5541 2512 5586 terra:
2539 5529 2673 5599 (Isa.
2720 5547 2871 5597 Lvm,‘
2911 5529 3029 5600 i4);
3082 5529 3164 5583 vel
3204 5547 3218 5582 :
3258 5528 3521 5583 Constitui
3554 5539 3604 5583 te

2024 5640 2180 5692 super
2217 5633 2389 5693 gentes
2424 5631 2471 5676 et
2497 5638 2651 5691 super
2680 5638 2834 5692 regna
2869 5620 3000 5692 (Jer.
3037 5637 3076 5685 ι,
3107 5619 3215 5689 10).
3248 5618 3438 5675 Esi-om
3469 5634 3601 5688 quo-

2025 5732 2132 5787 que
2155 5715 2419 5787 sequitur,
2446 5711 2535 5782 qui
2566 5713 2807 5782 sagittam
2832 5711 3006 5765 ridens
3033 5709 3445 5780 interpretatur;
3470 5709 3596 5780 quia
