3910 6018
303 134 402 195 ϐἧεὶ

1393 122 1704 184 ΗΟΜΙωίΕ
1733 122 1822 181 ΕΤ
1850 120 2456 182 EXIIORTATIONES.

3457 123 3563 180 6&2

301 259 410 316 quo
438 243 706 302 excelsius
735 241 790 298 in
815 256 940 299 arce
968 241 1165 298 mentis
1192 240 1417 306 residet,
1445 255 1510 297 eo
1535 240 1758 295 liberius
1785 242 1872 310 ja-
1901 243 1954 304 Α
1977 239 2131 308 cujus
2177 235 2553 308 interpretatio
2581 244 2686 302 est,
2727 235 3058 304 humiliatus,
3097 252 3396 308 percussus,
3441 238 3558 295 sive

299 337 420 394 cula
447 337 804 392 tentationum
829 335 1001 390 bo'stis
1029 333 1234 404 antiqui
1257 332 1536 404 praevidet.
1558 332 1624 387 Et
1649 330 1872 400 Phares,

299 427 395 498 qui
437 427 627 480 divisio
661 426 746 480 vel
781 426 1042 495 dissipans
1073 425 1296 491 dicitur;
1345 424 1474 494 quia
1509 432 1734 492 sagittas
1775 424 1881 479 ini-

299 519 450 585 mici,
481 533 614 588 quas
639 519 917 589 praevidet,
957 518 1148 574 dividit
1176 533 1241 573 ac
1289 517 1532 586 dissipat.
1568 512 1676 571 Sed
1699 526 1755 572 et
1779 516 1882 571 Ju-

300 609 419 671 das,
446 608 534 676 qui
563 607 812 675 conﬁtens
841 607 924 662 vel
951 606 1253 678 gloriﬁcans
1297 608 1718 676 interpretatur;
1755 608 1882 678 quia

230 736 241 744 ι
299 697 594 752 conﬁtetur
623 697 915 761 humiliter,
951 698 995 753 si
1024 699 1152 767 quid
1177 697 1351 752 adhuc
1389 698 1440 754 ei
1469 699 1764 753 humanum
1791 713 1879 754 ac-

299 787 526 853 ciderit;
562 787 647 842 vel
676 788 1068 845 confessionem
1092 789 1274 860 gloriae
1300 791 1406 846 Deo
1431 791 1624 846 reddit.
1658 790 1878 845 Necnon

298 887 357 934 et
401 877 589 946 Iacob,
618 879 707 950 qui
737 878 1106 951 supplantator
1138 880 1366 947 dicitur;
1411 881 1535 951 quia
1571 881 1881 952 supplantat

298 966 431 1020 vitia
462 967 516 1022 in
553 981 631 1044 se,
673 967 757 1021 vel
802 968 853 1022 in
885 968 1026 1022 aliis.
1061 968 1249 1024 Solent
1273 970 1416 1024 enim
1460 979 1514 1026 et
1545 980 1666 1041 post
1709 972 1876 1027 multa

298 1056 560 1110 virtutum
586 1055 865 1120 exercitia,
895 1057 1109 1126 pulsare
1135 1069 1368 1114 mentem
1399 1059 1577 1131 aliqua
1621 1062 1876 1116 vitiorum

299 1146 633 1200 contamina.
667 1145 924 1217 Sequitur
972 1155 1028 1202 et
1076 1147 1254 1214 Isaac,
1297 1152 1388 1221 qui
1438 1153 1575 1206 risus
1622 1153 1706 1208 vel
1748 1171 1879 1223 gau-

299 1242 448 1294 dium
505 1241 728 1304 dicitur,
754 1242 878 1310 quia
904 1241 970 1295 de
996 1243 1352 1312 supplautatis
1381 1247 1525 1300 vitiis
1549 1245 1779 1300 lmtatur.
1815 1247 1879 1301 Et

299 1330 587 1395 Abraham,
637 1331 727 1400 qui
771 1331 1154 1401 interpretatur
1196 1342 1346 1402 pater
1388 1334 1564 1388 videns
1605 1335 1875 1405 pOpulum,

299 1421 428 1490 quia
459 1421 583 1475 talis
613 1421 903 1476 multorum
943 1422 1002 1475 lit
1041 1431 1216 1490 pater,
1250 1433 1305 1477 et
1350 1423 1710 1493 spiritualium
1745 1424 1878 1478 filio-

300 1526 423 1564 rum
456 1526 673 1566 suorum
711 1513 855 1567 videt
885 1513 1155 1582 ingentem
1197 1513 1475 1583 populum,
1513 1530 1577 1570 ac
1616 1515 1875 1571 virtutum

1979 329 2303 398 percutiens;
2330 339 2385 383 et
2411 343 2534 384 eum
2561 327 2866 397 significare
2895 328 3131 395 videtur,
3166 329 3257 399 qui
3287 336 3408 398 post
3439 329 3562 384 diu-

1981 422 2092 477 tina
2115 422 2376 477 virtutum
2400 421 2656 476 exercitia
2678 420 2925 490 pervenit
2947 420 3014 474 ad
3041 420 3286 493 martyrii
3311 419 3560 492 gloriam,

1979 523 2035 568 et
2059 513 2372 568 humiliatus
2412 528 2475 567 ac
2512 528 2799 582 percussus
2833 512 3114 582 suppliciis
3147 513 3356 568 hostem
3403 528 3561 569 suum

1980 605 2337 675 spiritualiter
2371 606 2588 674 gravius
2615 605 2868 675 percutit.
2899 604 2965 658 Et
2993 612 3116 673 apte
3145 604 3396 659 subditur
3437 603 3563 658 Ma-

1980 695 2205 760 thusale,
2235 694 2334 765 qui
2358 695 2746 765 interpretatur
2795 704 3032 748 mortuus
3063 703 3158 762 est,
3195 706 3251 750 et
3271 694 3564 764 interroga-

1979 787 2072 849 vit,
2096 787 2181 842 vel
2205 787 2296 857 qui
2319 787 2504 840 mortis
2530 786 2762 851 emissio,
2792 785 2918 855 quia
2947 783 3068 840 talis
3094 784 3324 855 quisque
3353 800 3451 854 pro
3469 783 3560 855 ju-

1979 879 2126 934 stitia
2152 888 2397 934 mortuus
2431 877 2678 946 exemplo
2708 877 2791 932 vel
2824 878 3084 932 memoria
3121 891 3231 931 sure
3256 877 3445 933 mortis
3479 878 3560 932 in-

1981 977 2218 1039 terrogat
2241 980 2294 1024 ct
2317 971 2570 1025 convenit
2601 969 2936 1040 singulorum
2959 968 3342 1034 conscientias,
3373 977 3555 1023 utrum

1973 1056 2235 1126 justitiam
2266 1071 2321 1114 et
2346 1060 2510 1114 vitam
2542 1075 2835 1130 perennem
2876 1059 3116 1128 diligant,
3149 1074 3216 1112 an
3252 1058 3381 1112 solis
3422 1066 3560 1112 tem-

1979 1147 2254 1216 poralibus
2285 1148 2649 1215 delectentur;
2678 1157 2733 1204 et
2761 1162 2984 1202 mortem
3013 1164 3042 1202 a
3071 1164 3128 1203 se
3159 1149 3400 1203 funditus
3425 1149 3562 1204 emi-

1979 1235 2071 1299 sit,
2098 1235 2284 1304 utjam
2317 1238 2622 1293 nullatenus
2643 1253 2672 1292 a
2705 1247 2880 1293 morte
2910 1238 3027 1292 laedi
3059 1237 3143 1292 vel
3175 1238 3319 1308 tangi
3355 1237 3555 1305 valeat,

1979 1327 2072 1382 sed
2097 1328 2148 1381 in
2178 1338 2497 1398 perpetuum
2521 1329 2684 1383 vivat.
2707 1329 2936 1384 Pulchre
2963 1338 3017 1384 et
3043 1329 3259 1384 Henach
3282 1331 3557 1400 adjicitur,

1979 1421 2070 1490 qui
2110 1421 2370 1476 dedicatio
2406 1422 2636 1488 dicitur;
2670 1422 2794 1491 quia
2830 1423 3008 1477 taliter
3043 1431 3470 1488 consummatus,
3503 1423 3558 1478 in

1978 1511 2122 1567 illius
2151 1512 2333 1567 smculi
2380 1512 2638 1569 felicitate
2667 1514 2963 1568 dedicatur.
3012 1514 3081 1569 Et
3121 1514 3302 1582 Jarez,
3348 1515 3438 1586 qui
3467 1516 3561 1588 de;-

298 1615 436 1670 quas
460 1603 647 1671 genuit
689 1604 1007 1658 exercitum.
1037 1602 1153 1666 llis,
1185 1619 1320 1673 quas
1361 1605 1735 1673 describimus,
1771 1609 1880 1660 vir-
1910 1585 1950 1643 Β
1977 1603 2245 1668 scendens,
2298 1603 2378 1658 vel
2428 1603 2679 1658 roborans
2720 1605 3140 1674 interpretatur;
3183 1606 3439 1676 quoniam
3472 1607 3558 1676 pia

301 1703 474 1747 tutum
512 1693 789 1763 gradibus,
833 1704 886 1748 et
921 1710 1056 1764 quas
1085 1697 1378 1750 ostendunt
1408 1697 1878 1766 interpretationes

297 1783 525 1838 istorqu
558 1785 855 1849 nominum,
890 1787 970 1840 vir
989 1785 1168 1854 justus
1194 1788 1434 1856 quotidie
1464 1789 1792 1858 proliciendo
1820 1790 1878 1845 ﬁt

297 1892 515 1945 semper
543 1878 678 1933 coelo
708 1878 956 1944 vicinior,
984 1887 1038 1932 et
1081 1881 1164 1934 lus
1196 1880 1247 1934 in
1275 1881 1472 1935 ccelum
1505 1882 1875 1938 ascensionem

295 1983 450 2022 suam
487 1968 736 2033 mdilicat,
765 1985 829 2024 ac
869 1971 1076 2025 cantica
1110 1973 1371 2042 graduum
1418 1983 1665 2041 cantans,
1695 1992 1878 2032 ascen-

294 2058 470 2113 siones
493 2060 545 2112 in
583 2061 736 2114 corde
759 2077 853 2114 suo
880 2061 1135 2130 disponit,
1176 2062 1316 2116 etde
1339 2063 1522 2117 virtute
1545 2064 1598 2118 in
1641 2064 1876 2120 virtutem

295 2150 510 2206 assidue
534 2153 765 2221 prolicit,
793 2161 849 2206 ut
875 2155 1086 2211 tandem
1115 2155 1169 2208 in
1191 2154 1320 2208 Sion
1349 2153 1515 2210 Deum
1539 2154 1770 2211 Deorum
1802 2157 1879 2210 vi-

294 2243 425 2298 dere
470 2245 640 2313 possit
691 2242 861 2312 (Psal.
919 2257 1167 2304 cxxxiii”.
1225 2243 1377 2300 Unde
1427 2245 1566 2300 ultra
1611 2246 1876 2300 Abraham

292 2331 471 2385 adhuc
495 2332 821 2402 evangelista
853 2342 1032 2404 patres
1062 2332 1301 2388 referens
1329 2335 1671 2390 ascendendo
1697 2344 1876 2390 trans-

294 2420 360 2483 it,
393 2428 447 2473 et
478 2436 646 2490 usque
688 2422 752 2476 ad
783 2423 955 2492 ipsum
996 2423 1162 2477 Deum
1203 2426 1469 2493 pervenit,
1503 2433 1564 2478 ut
1614 2426 1662 2480 ei
1699 2425 1873 2480 virum

292 2520 539 2566 sanctum
569 2514 832 2582 per-lianc
863 2514 1125 2583 graduum
1155 2514 1358 2568 scalam
1396 2515 1776 2570 ascendentem
1809 2517 1873 2570 ad

293 2601 542 2654 ultimum
561 2601 768 2670 jungat.
797 2601 929 2655 Nam
957 2611 1079 2672 post
1098 2603 1385 2668 Abraham,
1414 2604 1505 2673 qui
1527 2605 1873 2672 paterpidens

291 2693 541 2762 populum
571 2694 791 2759 dicitur,
820 2702 903 2748 est
930 2695 1179 2765 superius
1210 2693 1400 2762 Thare,
1432 2695 1523 2765 qui
1544 2706 1760 2764 paslura
1790 2695 1872 2750 vel

291 2799 510 2852 pascens
549 2784 955 2853 interpretatur,
989 2793 1047 2838 ut
1073 2783 1346 2854 signiticet
1377 2783 1523 2837 illum
1557 2799 1651 2839 eos
1677 2785 1873 2853 pabulo

293 2875 443 2929 verbi
474 2876 681 2930 nutrire
735 2891 871 2946 quos
900 2874 1257 2944 spiritualiter
1280 2875 1480 2944 genuit.
1524 2873 1593 2928 Et
1632 2877 1756 2930 inde
1789 2892 1872 2932 se-

293 2965 483 3036 quitur
540 2965 776 3029 Nachor,
825 2965 977 3032 cujus
1019 2964 1393 3032 interpretatio
1425 2973 1509 3018 est
1554 2967 1872 3036 requiescens

293 3058 429 3123 luce,
463 3057 549 3111 vel
596 3057 883 3111 obsecratio
922 3056 1238 3120 novissima;
1273 3056 1398 3125 quia
1438 3056 1543 3112 hoc
1584 3057 1756 3112 solum
1792 3058 1876 3112 vir

293 3150 402 3204 iste
430 3151 622 3217 quierit
655 3157 712 3201 ut
758 3149 1064 3217 requiescat
1099 3156 1153 3202 et
1201 3147 1413 3216 placeat
1450 3163 1634 3203 coram
1682 3150 1791 3204 Deo
1819 3150 1872 3204 in

293 3240 498 3295 lumine
519 3240 835 3304 viventium,
866 3246 918 3293 et
943 3253 1040 3308 pro
1068 3239 1381 3293 novissimis
1397 3240 1668 3295 obsecrat.
1698 3241 1874 3311 Atque

293 3331 486 3402 Serug,
513 3329 592 3382 vel
621 3329 814 3398 Sarug,
840 3328 933 3402 qui
956 3328 1216 3397 perfectus
1240 3328 1468 3393 dicitur;
1494 3337 1552 3382 ut
1580 3328 1871 3398 perfectio-

289 3420 417 3476 nem
446 3421 700 3474 virtutum
736 3418 964 3487 adeptus
998 3431 1120 3472 esse
1152 3427 1504 3474 monstretur.
1539 3418 1646 3474 Sed
1680 3428 1734 3476 et
1765 3419 1872 3474 Ra-

290 3530 398 3584 gau
423 3513 536 3568 sive
560 3511 692 3573 Reu,
717 3511 808 3581 qui
836 3511 1032 3566 dicitur
1057 3521 1337 3581 wgrotans,
1369 3512 1452 3568 vel
1481 3530 1718 3584 pascens,
1757 3515 1874 3571 sive

290 3604 492 3672 pastio;
513 3604 637 3672 quia
660 3617 802 3670 aagre
827 3599 934 3657 fert
963 3615 1143 3656 moras
1169 3601 1290 3656 vita:
1320 3603 1630 3672 praesentis,
1663 3612 1718 3659 et
1747 3619 1871 3659 cor-

267 3695 477 3763 .porale
505 3695 670 3749 robur
697 3695 750 3748 in
791 3708 856 3749 eo
896 3694 1255 3763 spiritualium
1295 3695 1553 3751 virtutum
1597 3698 1873 3754 exercitiis

286 3785 577 3849 emarcuit,
600 3799 838 3854 ovesque
869 3784 1174 3840 Dominicas
1196 3785 1386 3852 pascit.
1410 3783 1630 3840 Necnon
1658 3796 1711 3841 et
1734 3785 1872 3843 Pha-

287 3878 393 3946 leg,
417 3878 506 3946 qui
541 3877 774 3930 dividens
823 3877 905 3931 vel
936 3878 1112 3931 divisit
1144 3877 1560 3947 interpretatur;
1592 3878 1719 3947 quia
1745 3880 1872 3933 sub-

293 3969 460 4024 tiliter
503 3970 819 4024 discernens
857 3969 1000 4023 inter
1040 3969 1268 4024 virtutes
1310 3979 1367 4024 et
1409 3970 1564 4036 vilia,
1600 3972 1873 4040 separavit

291 4060 587 4129 pretiosum
634 4077 663 4115 a
701 4061 814 4116 vili.
867 4061 934 4116 Et
980 4060 1171 4128 Heber,
1216 4062 1307 4132 qui
1354 4063 1606 4116 transitor
1643 4063 1866 4131 dicitur;

289 4153 416 4221 quia
461 4169 568 4207 non
611 4153 731 4208 ﬁxit
771 4163 1009 4209 mentem
1055 4157 1108 4208 in
1140 4169 1324 4209 amore
1355 4155 1633 4224 praiscntis
1663 4157 1867 4223 smculi,

1979 1695 2434 1751 condescensione
2462 1697 2527 1752 de
2547 1698 2795 1766 supernis
2817 1697 3104 1751 inclinatur
3132 1698 3198 1751 ad
3228 1713 3348 1764 nos,
3377 1707 3436 1752 ut
3465 1713 3561 1752 no-

1979 1795 2144 1842 stram
2189 1787 2559 1843 infirmitatem
2602 1789 2839 1844 roboret.
2883 1789 3058 1858 Atque
3104 1787 3372 1855 Malaleel,
3406 1789 3561 1858 cujus

1978 1878 2352 1947 interpretatio
2378 1887 2462 1934 est
2513 1879 2739 1933 laudans
2763 1879 2928 1933 Deum
2961 1894 2981 1932 :
3009 1881 3134 1949 quia
3163 1880 3359 1937 divinis
3387 1881 3560 1937 laudi-

1977 1968 2078 2023 bus
2111 1969 2164 2023 iu
2194 1969 2421 2024 excelsis
2445 1977 2618 2024 vacat.
2647 1968 2863 2023 Necnon
2901 1979 2955 2024 et
2985 1968 3212 2032 Cainan,
3244 1970 3335 2040 qui
3361 1971 3563 2027 dicitur

1974 2060 2230 2128 possessio
2256 2075 2458 2124 eorum,
2485 2060 2738 2128 quoniam
2769 2059 2928 2114 Pater
2963 2067 3018 2114 et
3045 2059 3214 2115 Filius
3249 2069 3304 2117 et
3327 2061 3563 2133 Spiritus

1977 2158 2216 2216 sanctus,
2251 2151 2340 2220 qui
2368 2159 2495 2205 sunt
2529 2165 2668 2205 unus
2697 2149 2858 2216 Deus,
2884 2150 3161 2220 possident
3189 2151 3336 2206 illum
3368 2154 3421 2207 in
3449 2167 3560 2208 cui-

1977 2242 2225 2298 lestibus.
2256 2244 2322 2298 Et
2351 2243 2549 2311 Henos,
2591 2244 2681 2314 qui
2707 2244 2958 2298 violentus
2984 2244 3397 2314 interpretatur,
3426 2262 3560 2316 quo-

1975 2333 2122 2388 niam
2149 2333 2402 2390 violentia
2430 2335 2609 2390 nimitc
2649 2334 2866 2389 virtutis
2894 2349 3004 2390 sua:
3035 2349 3260 2406 regnum
3291 2335 3557 2392 caelorum

1977 2426 2176 2494 rapuit,
2207 2427 2353 2495 quod
2383 2443 2413 2483 a
2444 2427 2635 2482 diebus
2670 2425 2896 2481 Joannis
2927 2425 3184 2495 Baptista:
3213 2426 3313 2480 vim
3337 2427 3559 2496 patitur,

1974 2524 2022 2567 et
2046 2514 2257 2569 violenti
2283 2517 2542 2586 diripiunt
2567 2517 2702 2570 illud
2723 2515 2937 2586 (Matth.
2967 2531 3045 2584 ιι,
3075 2515 3186 2587 12).
3211 2517 3384 2586 Atque
3409 2515 3559 2584 Sella,

1975 2601 2127 2671 cujus
2151 2605 2528 2674 interpretatio
2558 2614 2661 2669 est,
2692 2605 2912 2668 positus,
2938 2603 3022 2660 vel
3042 2605 3242 2674 posito;
3263 2605 3390 2674 quia
3416 2622 3561 2662 nunc

1975 2695 2029 2748 in
2060 2709 2226 2766 regno
2263 2695 2354 2751 illo
2381 2711 2630 2767 superna:
2659 2695 3029 2760 beatitudinis,
3061 2709 3092 2749 a
3137 2710 3247 2765 quo
3275 2697 3368 2751 diu
3396 2711 3562 2752 exsu-

1973 2780 2201 2850 laverat,
2239 2795 2324 2840 est
2347 2786 2575 2854 positus.
2608 2784 3004 2853 Interpretatur
3029 2784 3193 2838 etiam
3236 2801 3431 2852 semen,
3473 2787 3559 2842 vel

1975 2875 2315 2939 resurrectio;
2337 2875 2462 2945 quia
2487 2874 2810 2930 seminatum
2836 2882 2919 2927 est
2943 2888 3140 2942 corpus
3164 2873 3280 2942 ejus
3301 2875 3557 2940 animale,

1975 2963 2070 3017 sed
2095 2973 2276 3034 surget
2300 2966 2439 3020 idem
2463 2981 2658 3035 corpus
2682 2966 2851 3036 ipsius
2872 2965 3173 3036 spiritualc.
3199 2966 3280 3021 Ad
3309 2966 3555 3023 ultimum

1975 3053 2028 3108 in
2059 3055 2327 3124 superiori
2357 3057 2579 3126 ponitur
2611 3057 2796 3118 Adam,
2835 3057 2926 3126 qui
2958 3057 3343 3125 interpretatur
3372 3061 3557 3123 homo;

1974 3145 2098 3214 quia
2126 3146 2209 3200 his
2239 3147 2577 3215 profectutnn
2607 3148 2864 3218 gradibus
2888 3147 3060 3202 lidelis
3087 3147 3314 3218 quilibet
3343 3132 3560 3216 promo-

1976 3248 2081 3303 tus,
2105 3247 2159 3294 et
2182 3241 2425 3308 corporis
2451 3240 2615 3294 etiam
2645 3239 3042 3295 resurrectione
3072 3241 3384 3300 innovatus.
3409 3253 3560 3293 sum-

1974 3345 2117 3384 mam
2166 3330 2551 3400 perfectionem
2596 3330 2742 3386 illam
2787 3330 3140 3401 consequitur
3179 3344 3342 3400 quam
3395 3330 3559 3385 homo

1972 3421 2060 3478 vel
2091 3421 2280 3478 habuit
2313 3422 2398 3478 vel
2451 3424 2650 3478 habere
2691 3429 2894 3492 potest;
2927 3429 2988 3475 ut
3021 3429 3148 3476 tunc
3184 3420 3454 3491 perfectus
3488 3421 3560 3476 sit

1973 3515 2155 3578 homo,
2189 3522 2243 3570 et
2272 3515 2500 3571 idoneus
2521 3513 2632 3585 jam
2663 3513 3098 3586 inseparabiliter
3120 3513 3400 3568 adhaerere
3422 3512 3554 3568 Deo.

1974 3605 2128 3664 Unde
2151 3617 2203 3663 et
2235 3609 2288 3664 in
2320 3624 2532 3663 summo
2561 3608 2844 3663 cacumine
2870 3621 3035 3676 super
3061 3605 3243 3660 omnia
3272 3603 3412 3658 Deus
3443 3605 3558 3674 ipse

1973 3701 2211 3770 ponitur,
2258 3715 2430 3771 usque
2478 3701 2543 3754 ad
2584 3715 2742 3770 quem
2775 3699 2974 3770 gradus
3004 3698 3165 3753 scala:
3194 3697 3558 3768 generationis

1974 3789 2370 3851 describuntur,
2406 3789 2587 3857 ibique
2620 3789 2910 3852 liniuntur;
2940 3789 3065 3858 quia
3099 3787 3172 3841 ibi
3213 3787 3335 3841 finis
3357 3795 3559 3841 nostra:

1972 3879 2321 3951 pcrfectidnis
2350 3895 2523 3950 usque
2551 3883 2618 3935 ad
2642 3895 2799 3950 quem
2825 3880 3116 3943 tendimus,
3139 3887 3197 3932 ut
3219 3879 3272 3932 in
3295 3879 3410 3948 ipso
3439 3881 3558 3932 sine

1975 3968 2080 4026 fine
2107 3969 2474 4040 quiescamus.
2512 3969 2584 4024 lbi
2614 3970 2759 4023 enim
2796 3977 2882 4024 est
2926 3966 3246 4044 subicientia
3291 3967 3552 4021 bonorum

1971 4062 2248 4127 omnium;
2293 4063 2416 4131 quia
2461 4070 2590 4117 tunc
2622 4063 2761 4117 Deus
2791 4067 2874 4116 est
2903 4059 3085 4114 omnia
3115 4059 3166 4113 in
3197 4059 3468 4121 omnibus,
3496 4065 3557 4112 ut

1974 4153 2102 4207 nulli
2123 4153 2192 4206 sit
2219 4167 2354 4222 opus
2384 4154 2522 4208 ultra
2543 4154 2834 4223 quidquam
2867 4166 3135 4222 qnairere.
3166 4150 3340 4203 Locus
3373 4141 3556 4204 autem

289 4244 384 4298 sed
433 4245 501 4299 ad
537 4244 773 4300 futurum
809 4247 1068 4300 szeculum
1108 4247 1390 4301 desideriis
1435 4256 1490 4302 et
1534 4247 1869 4317 profectibus
1897 4257 1947 4316 ι)
1974 4243 2305 4312 praemissus,
2346 4259 2504 4314 quem
2544 4245 2610 4298 de
2647 4253 2887 4312 martyre
2923 4257 3065 4295 nunc
3100 4240 3436 4311 iltlerpl‘elali
3467 4255 3559 4295 su-

291 4337 507 4406 assidue
539 4338 724 4390 tendit.
755 4337 861 4391 Sed
900 4347 955 4391 et
999 4336 1147 4402 Sale,
1180 4338 1270 4407 qui
1307 4354 1411 4406 pax
1446 4338 1865 4406 interpretatur;

288 4431 417 4499 quia
449 4429 559 4498 jam
601 4430 885 4485 exstinctis
914 4431 1059 4486 vitiis
1088 4446 1278 4501 magna
1310 4445 1444 4498 pace
1474 4429 1770 4485 delectatur
1814 4431 1867 4485 in

264 4520 550 4599 ‘virtutum
577 4520 900 4576 actionibus.
933 4520 1110 4589 Atque
1147 4519 1374 4584 Cainan,
1405 4519 1496 4588 qui
1524 4519 1721 4573 dicitur
1750 4536 1870 4589 pos-

289 4613 451 4666 sessio
477 4629 687 4678 eorum;
709 4615 836 4684 quia
865 4614 968 4668 iste
989 4615 1102 4684 jam
1129 4627 1158 4666 a
1190 4613 1364 4676 bouis,
1395 4613 1498 4667 hoc
1525 4619 1608 4666 est
1639 4626 1669 4665 a
1697 4612 1869 4667 virtu-

290 4703 452 4769 tibus,
481 4705 806 4772 possidetur,
832 4719 933 4759 nec
961 4705 1127 4759 ullum
1155 4704 1207 4757 in
1235 4718 1301 4759 eo
1323 4703 1512 4758 vitium
1542 4701 1744 4772 aliquid
1771 4704 1868 4758 do-

288 4796 600 4851 minationis
630 4797 811 4852 habet.
852 4797 920 4851 Et
954 4796 1262 4866 Arphaxad,
1296 4798 1384 4866 qui
1414 4814 1609 4852 sanans
1635 4797 1870 4866 depopu-

288 4887 535 4942 lationem
589 4889 1009 4959 interpretatur;
1052 4889 1175 4960 quia
1228 4890 1489 4944 virtutum
1544 4889 1870 4945 devastatio-

288 4991 434 5041 nem,
460 4992 595 5046 quas
627 4979 796 5033 hostis
821 4978 1074 5047 antiquus
1095 4977 1147 5031 in
1177 4978 1361 5033 multis
1394 4978 1551 5042 lmsit,
1580 4993 1646 5033 ac
1675 4979 1870 5032 barba-

289 5067 403 5122 rice
423 5069 715 5134 destruxit,
747 5069 860 5138 ipse
885 5077 1042 5123 sanat
1062 5078 1117 5122 et
1147 5079 1382 5138 reparat.
1413 5067 1632 5123 Necnon
1663 5077 1717 5123 et
1741 5066 1868 5134 Sen,

286 5157 440 5226 cujus
476 5160 848 5230 interpretatio
893 5170 977 5216 est
1026 5177 1239 5225 nomen,
1273 5161 1356 5216 vel
1387 5160 1716 5224 nominatus;
1742 5160 1868 5230 quia

286 5251 379 5320 qui
409 5251 606 5307 talibus
635 5252 834 5316 studet,
867 5253 1075 5308 clarum
1104 5268 1169 5307 ac
1200 5252 1419 5308 celebre
1461 5267 1658 5307 nomen
1694 5251 1870 5321 possi-

287 5342 396 5396 det.
423 5342 528 5398 Sed
558 5355 613 5398 et
640 5343 776 5413 Noe,
804 5346 895 5415 qui
929 5347 1316 5415 interpretatur
1341 5344 1572 5414 requies;
1610 5344 1868 5413 quoniam

288 5434 543 5492 Davidico
580 5436 764 5492 labore
793 5437 1072 5493 debellatis
1116 5436 1376 5491 vitiorum
1408 5434 1614 5501 cuneis,
1657 5433 1868 5502 requie-

287 5527 394 5586 scit
420 5529 476 5587 in
521 5543 654 5603 pace
681 5529 1007 5591 Salomonis.
1037 5529 1170 5592 Post
1202 5527 1319 5586 haec
1345 5524 1594 5598 sequitur
1617 5522 1865 5594 Lamech,

1973 4351 2114 4400 mus,
2149 4335 2373 4405 intelligi
2419 4344 2593 4405 potest
2634 4344 2688 4388 et
2713 4335 2778 4388 de
2807 4349 2871 4388 eo
2901 4332 3164 4402 perfecto,
3199 4332 3288 4400 qui
3324 4347 3430 4384 non
3459 4348 3557 4401 per

1973 4423 2220 4494 martyrii
2251 4424 2560 4493 passionem
2595 4439 2657 4475 ex
2684 4423 2787 4475 hac
2816 4421 2934 4474 lure
2966 4422 3176 4489 migrat,
3208 4436 3379 4489 neque
3410 4422 3555 4475 enim
3596 4456 3604 4463 -

1971 4530 2162 4570 omnes
2204 4514 2426 4584 perfecti
2466 4513 2609 4569 ferro
2648 4514 3005 4581 perimuntur.
3041 4511 3177 4564 Nam
3207 4510 3430 4566 Lamech
3464 4513 3552 4568 in-

1973 4615 2300 4676 terpretatur
2329 4605 2564 4668 humilis,
2597 4604 2677 4658 vel
2710 4603 3034 4656 humiliatus.
3077 4601 3377 4657 Mathusale
3401 4619 3552 4670 vero,

1970 4709 2206 4752 mortuus
2233 4707 2327 4762 est,
2369 4706 2424 4751 et
2458 4690 2810 4766 interrogavit.
2853 4693 3067 4749 Ilenoch
3111 4702 3313 4762 autem,
3341 4696 3556 4751 dedica-

1971 4792 2076 4855 tio;
2118 4799 2174 4846 et
2211 4789 2398 4850 Jared.
2427 4789 2761 4842 descendens.
2805 4787 3060 4856 Soletque
3091 4786 3406 4857 frequenter
3430 4802 3555 4843 eve-

1971 4883 2090 4936 nire
2111 4881 2278 4952 utqui
2309 4881 2470 4950 178
2491 4881 2576 4932 diu
2601 4879 2884 4934 laudabilis
2909 4880 3164 4933 virtutum
3189 4879 3445 4948 Operibus
3473 4869 3576 4932 ini

1971 4971 2202 5038 sudavit,
2248 4972 2422 5024 inanis
2447 4969 2628 5040 gloria:
2669 4969 2833 5039 typho
2884 4980 3185 5032 moveatur,
3219 4976 3277 5022 ut
3311 4967 3552 5022 exterius

1971 5062 2190 5135 gloriari
2237 5061 2303 5116 de
2351 5062 2642 5115 virtutibus
2686 5061 2928 5129 incipiat.
2980 5060 3043 5113 Et
3098 5059 3218 5113 ideo
3263 5074 3406 5112 nunc
3451 5059 3554 5112 iste

1970 5165 2093 5226 post
2115 5163 2192 5209 tot
2211 5153 2553 5207 laudabiliter
2575 5161 2693 5205 acta
2719 5152 2918 5205 dicitur
2935 5150 3178 5214 humilis;
3202 5150 3323 5218 quia
3346 5159 3552 5215 quanto

1972 5262 2200 5317 magnus
2225 5254 2328 5309 est,
2361 5243 2610 5298 liumiliat
2634 5259 2691 5297 sc
2715 5243 2766 5295 in
2790 5242 3064 5304 omnibus,
3091 5250 3144 5294 et
3167 5240 3390 5293 abomni
3418 5241 3550 5295 vitio

1967 5339 2240 5411 iactantia:
2270 5337 2353 5393 vel
2385 5337 2650 5406 superbia:
2678 5335 2737 5388 lit
2763 5335 2989 5390 alienus.
3026 5333 3090 5386 Et
3112 5331 3201 5399 qui
3233 5330 3411 5385 szeculi
3435 5330 3551 5401 glo-

1971 5431 2107 5485 riam
2147 5429 2226 5483 sic
2256 5425 2473 5494 abjccit,
2505 5435 2770 5478 mortuum
2815 5439 2872 5478 se
2917 5423 3118 5476 mundo
3145 5434 3265 5475 esse
3302 5425 3551 5488 Compro-

1969 5521 2136 5580 bavit.
2165 5504 2528 5591 Exemploque
2561 5516 2684 5573 talis
2717 5531 2828 5574 sua:
2855 5515 3046 5572 mortis
3075 5521 3302 5571 caeteros
3322 5509 3548 5569 interro-
