3910 6018
385 168 490 222 643

731 167 791 223 S.
830 167 1132 224 ANSELMI
1170 164 1526 224 CANI'UAR.
1560 162 1882 220 ARCHIEP.
1918 162 2073 221 UPP.
2105 160 2283 218 PARS
2319 162 2384 219 ll.
2422 190 2493 204 --
2531 160 2902 218 ΡΑΒΑΞΝΕΤ.
2944 161 3032 218 ΕΤ
3069 161 3318 218 ASCET.

3538 164 3634 220 6h

381 309 494 367 gat,
520 298 640 368 quis
665 312 855 354 eorum
898 299 978 352 sic
1008 297 1207 350 mundo
1256 295 1393 348 mori
1423 287 1662 365 appetat.
1713 295 1780 349 Et
1826 295 1955 352 hinc
1989 279 2039 338 Α
2069 274 2153 329 "is
2175 275 2365 368 huius,
2384 275 2601 368 $163?“
2640 283 2926 368 "F‘Cl‘f‘m"
2957 274 3348 368 θειιροιηῖηυε
3377 274 3431 330 in
3460 277 3636 368 διείρεο

381 391 626 462 sequitur
651 391 909 444 dedicatio
948 405 969 453 ;
1014 389 1138 456 quia
1171 387 1284 454 jam
1320 401 1416 457 per
1445 387 1954 457 contemplationem

380 482 436 537 in
465 481 710 552 supernis
731 480 1026 534 dedicatur.
1058 479 1124 532 Et
1147 478 1270 532 inde
1294 478 1354 531 fit
1373 477 1720 541 descendens;
1747 477 1872 546 quia
1897 489 1954 532 ut

378 579 603 624 czetcros
632 568 698 621 ad
720 583 785 621 ea
815 581 934 635 qua:
967 579 1179 620 sursum
1223 565 1579 635 contemplari
1625 565 1817 620 solitus
1847 574 1953 632 est,

378 661 569 722 elevet,
598 665 664 712 ad
693 674 876 714 eorum
905 658 1012 710 ima
1035 657 1120 726 pic
1150 657 1446 720 descendit,
1471 657 1626 726 juxta
1650 655 1779 710 illud
1807 659 1953 727 Apo-

377 750 498 804 stoli
526 768 542 810 :
580 749 695 804 Sive
715 761 880 803 mente
909 749 1223 812 excedimus,
1261 747 1400 814 Deo,
1427 750 1532 803 sive
1562 751 1722 806 sobrii
1750 766 1952 815 sumus,

375 845 514 900 vobis
540 843 622 915 (II
648 844 770 899 Cor.
796 861 848 909 ν,
876 845 985 913 15).
1015 844 1129 899 Duo
1154 844 1377 899 nomina
1399 857 1520 912 quae
1546 852 1866 912 sequuntur,
1900 841 1954 896 id

373 943 458 989 est
505 933 788 1000 Malalecl,
851 934 1004 1003 cujus
1055 935 1428 1004 interpretatio
1495 944 1652 988 sonat
1727 934 1951 989 laudans

373 1025 578 1091 Deum;
610 1035 663 1080 et
707 1025 933 1087 Cainan,
962 1027 1052 1095 qui
1083 1027 1279 1080 dicitur
1311 1026 1566 1095 possessio
1588 1042 1787 1088 earum,
1815 1026 1955 1079 indi-

371 1128 500 1170 cant
527 1117 752 1187 mystice
783 1117 911 1185 quid
940 1127 1134 1186 agatur
1159 1117 1210 1171 in
1239 1116 1328 1170 illa
1356 1114 1830 1184 contemplationis
1857 1114 1951 1170 de.

371 1208 664 1274 dicatione,
696 1218 750 1265 et
777 1209 841 1262 ad
878 1210 1152 1277 proximos
1179 1209 1560 1273 descensione;
1592 1208 1719 1277 quia
1759 1208 1948 1263 videli-

368 1312 458 1357 cet
488 1302 558 1356 ibi
578 1302 738 1356 Deum
761 1301 966 1366 laudat,
990 1313 1044 1356 et
1062 1302 1151 1356 hic
1169 1301 1465 1371 possidetur
1480 1300 1542 1354 ab
1565 1299 1692 1360 illis,
1719 1315 1949 1370 quorum

370 1391 696 1446 utilitatibus
723 1390 912 1445 servit.
957 1389 1218 1459 Sequitur
1254 1399 1309 1444 et
1349 1388 1547 1454 Honos,
1589 1387 1745 1458 cujus
1783 1389 1949 1443 inter-

369 1483 602 1554 pretatio
631 1491 730 1541 est,
757 1482 1093 1550 desperatus;
1125 1481 1250 1550 quia
1291 1495 1439 1550 spem
1474 1480 1526 1534 in
1563 1480 1950 1550 temporalibus

366 1581 422 1628 et
444 1571 666 1627 caducis
693 1572 892 1626 habere
919 1572 1260 1640 contempsit,
1285 1570 1440 1640 juxta
1472 1571 1602 1626 illud
1630 1572 1771 1626 beati
1799 1570 1900 1626 Job
1931 1589 1945 1625 :

2061 365 2244 420 statim
2279 364 2435 419 nobis
2466 364 2743 430 indicavit,
2777 365 2845 420 de
2879 377 2986 434 quo
3010 363 3350 434 subjunctum
3379 375 3505 422 est:
3541 367 3637 424 Je-

2059 471 2148 509 sus
2175 463 2348 509 autem
2388 454 2572 524 plenus
2605 455 2808 524 Spiritu
2848 463 3030 510 saneto
3063 471 3331 524 regressus
3359 464 3434 510 est
3462 473 3495 510 a
3520 457 3636 512 «ιον.

2060 548 2196 600 dane
2217 545 2367 617 (Luc.
2402 552 2476 613 tv,
2502 545 2579 617 l).
2614 543 2731 601 Non
2762 554 2942 600 autem
2971 546 3170 602 dicitur
3193 539 3399 602 amatus
3429 544 3636 618 Spiritu

2059 647 2264 699 sancto,
2301 638 2392 692 sed
2417 638 2634 708 plenus;
2664 639 2790 710 quia
2817 638 2870 692 in
2901 638 3011 708 ipso
3047 638 3247 691 habitat
3278 638 3446 692 omnis
3471 638 3640 709 pleni-

2057 729 2182 782 tudo
2233 728 2534 783 Dirinitatis
2575 728 2916 797 corporaliter
2959 726 3184 799 (Coloss.
3244 743 3305 797 ιι,
3355 720 3445 799 9).
3519 727 3636 784 Non

2057 820 2200 876 enim
2230 821 2295 874 ad
2317 831 2625 876 mensuram
2648 822 2739 876 dat
2765 821 2905 876 Deus
2931 819 3190 889 Spiritum
3213 819 3334 890 ipsi,
3387 819 3640 876 videlicet

2055 912 2292 967 Christo.
2316 909 2449 966 Nam
2479 912 2692 968 caneris
2721 911 2925 968 sanctis
2966 913 3060 967 dat
3085 927 3206 967 eum
3235 910 3299 966 ad
3325 919 3636 969 mensuram

2056 1003 2272 1074 (Ephes.
2322 1006 2429 1075 1v);
2485 1005 2612 1060 huic
2649 1015 2828 1058 autem
2876 1005 3415 1072 immensurabiliter,
3461 1005 3514 1060 id
3553 1014 3638 1061 est

2055 1105 2224 1151 totum
2262 1097 2435 1166 ipsum
2473 1100 2793 1154 immensum
2839 1097 3123 1168 Spiritum.
3170 1098 3356 1171 Neque
3399 1100 3636 1171 primum

2056 1189 2308 1260 impletus
2341 1198 2426 1245 est
2475 1188 2675 1259 Spiritu
2716 1199 2936 1257 sancto;
2983 1190 3076 1246 sed
3120 1205 3186 1246 ex
3219 1206 3328 1262 quo
3366 1193 3533 1262 repit
3576 1191 3638 1248 in

2053 1289 2208 1334 utero
2245 1279 2482 1349 Virginis
2519 1280 2754 1349 concipi,
2799 1295 3013 1350 semper
3055 1281 3108 1334 in
3151 1296 3215 1336 eo
3259 1290 3404 1337 totus
3436 1283 3637 1339 mansit

2054 1368 2290 1439 Spiritus
2315 1378 2553 1424 sanctus.
2597 1369 2700 1424 Sed
2730 1369 2934 1425 idcirco
2964 1385 3106 1424 nunc
3134 1370 3222 1425 illo
3251 1371 3440 1440 plenus
3465 1371 3636 1428 fuisse

2053 1461 2272 1526 dicitur,
2305 1461 2430 1531 quia
2477 1476 2620 1515 nunc
2648 1462 2812 1531 C(Bpil
2847 1463 3101 1531 operibus
3141 1462 3419 1519 declarare
3451 1465 3634 1534 pleni-

2055 1553 2295 1608 tudinem
2323 1553 2438 1623 ejus
2472 1555 2522 1607 in
2567 1569 2626 1608 se
2655 1568 2897 1610 manere.
2943 1555 3009 1608 Et
3044 1553 3124 1609 sic
3159 1569 3437 1627 regressus
3476 1567 3560 1612 est
3601 1571 3633 1611 a

368 1663 672 1732 Desperare,
696 1679 1018 1733 nequaquam
1043 1639 1182 1716 ultra
1197 1639 1316 1732 jam
1338 1663 1505 1717 vivam
1534 1661 1654 1733 (Job
1708 1679 1805 1728 vn,
1836 1663 1944 1735 16).
1981 1663 2024 1722 Β
2049 1639 2314 1735 “mima;
2360 1640 2487 1710 quia
2540 1657 2767 1735 Ϊθεηξηη
2819 1643 3081 1712 Ρνίηθίβίδ
3122 1645 3304 1698 mundi
3347 1661 3634 1735 383'355“

367 1749 609 1806 Mortuus
655 1751 799 1805 enim
847 1751 1049 1805 mundo
1092 1767 1200 1804 non
1243 1751 1392 1804 habet
1427 1750 1542 1819 jam
1589 1767 1732 1821 spem
1770 1752 1822 1806 in
1862 1765 1946 1806 eo.

365 1842 571 1898 Deinde
598 1842 746 1897 venit
788 1840 945 1908 Seth,
990 1841 1080 1912 qui
1119 1841 1319 1896 dicitur
1355 1843 1567 1910 positio,
1603 1841 1686 1896 vel
1722 1858 1952 1896 resurre-

364 1933 468 1987 ctio
497 1946 516 1986 :
551 1933 677 2003 quia
713 1947 857 1988 nunc
885 1933 1031 2002 ponit
1063 1947 1260 2001 corpus
1285 1933 1428 2001 quod
1470 1931 1527 1986 in
1563 1932 1670 1986 line
1699 1932 1948 2001 resurget.

370 2024 438 2080 Et
463 2032 589 2079 tunc
609 2023 713 2078 erit
738 2023 1010 2094 perfectus
1035 2024 1197 2078 homo
1227 2023 1550 2078 reformatus
1584 2023 1635 2077 in
1668 2023 1948 2093 antiquum

365 2123 421 2168 et
474 2113 750 2168 meliorem
812 2122 1059 2176 statum,
1114 2113 1258 2168 sicut
1321 2128 1659 2183 consequens
1709 2114 1953 2168 insinuat

365 2205 554 2267 Adam,
587 2205 677 2276 qui
714 2205 1106 2276 interpretatur
1145 2207 1332 2272 homo;
1361 2215 1415 2261 et
1441 2207 1652 2278 primus
1693 2204 1795 2260 fuit
1821 2221 1953 2261 con-

364 2297 546 2351 ditus:
578 2296 763 2366 sicque
785 2294 897 2364 jam
943 2297 1183 2353 sociatur
1210 2296 1338 2360 Deo,
1383 2307 1444 2351 ut
1483 2297 1537 2351 ei
1569 2297 1953 2367 perpetualiter

365 2387 634 2442 inhaerens
665 2390 808 2442 vivat
835 2388 887 2441 in
931 2388 1066 2457 ipso.
1105 2387 1185 2442 0b
1222 2387 1324 2442 hoc
1352 2388 1498 2442 enim
1540 2403 1600 2444 se
1638 2388 1731 2443 Dei
1761 2387 1950 2456 Filius,

364 2477 790 2532 misericorditer
813 2477 1136 2543 humiliavil,
1166 2485 1227 2530 ut
1249 2491 1420 2548 usque
1455 2479 1523 2533 ad
1563 2477 1703 2532 hanc
1734 2477 1953 2532 celsitu-

364 2567 545 2624 dinem
570 2582 722 2631 suos,
751 2568 844 2637 qui
874 2567 1009 2636 lapsi
1044 2568 1286 2634 fuerant,
1317 2568 1619 2633 exaltarct;
1650 2577 1706 2623 et
1733 2585 1799 2623 ex
1829 2586 1953 2639 gra-

364 2659 524 2714 dibus
550 2659 982 2730 generationum,
1032 2673 1129 2728 per
1171 2673 1309 2729 quos
1336 2659 1662 2727 ceciderant,
1707 2658 1834 2714 fecit
1875 2662 1954 2716 eis

364 2752 568 2818 gradus
608 2749 870 2802 virtutum
932 2763 1032 2817 per
1064 2764 1201 2818 quos
1223 2751 1601 2807 ascenderem.
1633 2751 1780 2820 Quos
1806 2752 1950 2808 scili-

366 2845 455 2894 cet
495 2839 694 2908 gradus
733 2839 788 2893 in
824 2839 1132 2895 nominibus
1161 2850 1396 2910 patrum,
1439 2850 1500 2897 ut
1537 2851 1815 2900 ostensum
1845 2852 1949 2908 est,

364 2929 677 3001 designatos
700 2931 1071 3000 unusquisque
1111 2930 1512 3002 proﬁcientium
1543 2932 1698 3002 juxta
1731 2935 1948 2989 modum

365 3037 522 3078 suum
551 3023 814 3088 ascendit,
835 3031 890 3078 et
910 3023 1114 3093 aliquid
1143 3023 1210 3078 de
1233 3024 1460 3094 singulis
1486 3025 1778 3082 virtutibus
1803 3042 1948 3083 asse-
1975 3012 2021 3076 (ἶ

365 3114 577 3184 quitur;
611 3113 707 3169 sed
737 3123 886 3170 tanto
917 3113 1110 3169 fortius
1139 3123 1193 3170 et
1213 3115 1501 3187 gloriosius
1531 3120 1598 3173 ad
1632 3118 1798 3173 Deum
1824 3133 1950 3189 per-

364 3205 533 3272 venit,
562 3213 766 3275 quanto
790 3207 971 3261 verius
994 3221 1061 3262 ac
1086 3206 1383 3276 perfectius
1415 3209 1469 3263 in
1496 3209 1580 3264 his
1608 3210 1901 3280 profecerit
1929 3227 1944 3265 :

366 3307 626 3368 tantoque
660 3313 874 3353 rursum
907 3298 1113 3352 tardius
1154 3313 1217 3352 ac
1247 3297 1514 3354 dilIicilius
1545 3301 1610 3354 ad
1653 3316 1775 3356 eum
1823 3316 1946 3370 per-

372 3389 552 3459 tingit,
576 3397 775 3456 quanto
799 3389 1080 3444 remissius
1098 3403 1161 3442 ac
1185 3389 1541 3460 negligentius
1563 3390 1614 3442 in
1643 3390 1726 3444 his
1751 3391 1944 3461 egerit.

367 3479 560 3533 Posset
580 3488 759 3532 autem
787 3480 854 3532 de
877 3493 985 3533 uno
1009 3493 1222 3548 quoque
1247 3479 1440 3548 gradu,
1465 3479 1552 3533 vel
1579 3480 1796 3536 nomine
1825 3497 1949 3550 pro-

366 3571 474 3624 lixa
507 3569 622 3624 ﬁeri
657 3569 890 3634 locutio;
945 3569 1041 3624 sed
1071 3572 1368 3624 cavendum
1399 3580 1518 3625 erat
1549 3570 1844 3640 fastidium,
1894 3583 1950 3629 et

367 3661 776 3731 relinquendum
804 3663 884 3717 eis
910 3662 1001 3732 qui
1043 3662 1222 3718 sciunt
1247 3677 1312 3717 ex
1337 3663 1523 3732 paucis
1547 3664 1712 3717 multa
1744 3665 1949 3731 dicere,

365 3753 508 3809 unde
530 3760 750 3823 possent
773 3760 827 3808 et
856 3751 957 3823 ipsi
983 3761 1240 3810 tractare.
1286 3752 1422 3807 Nam
1491 3763 1547 3808 et
1582 3753 1779 3811 multas
1809 3756 1953 3826 ipso-

365 3862 486 3902 rum
521 3845 802 3901 nominum
832 3845 1329 3916 interpretationes,
1366 3859 1502 3915 quas
1542 3845 1794 3902 similiter
1825 3862 1954 3917 pro-

367 3939 512 3994 ferre
539 3936 920 4009 quivissemus,
968 3935 1442 4007 praetermisimus;
1478 3937 1785 4007 multasque
1817 3937 1953 3993 alias

367 4031 543 4084 adhuc
561 4045 702 4096 esse,
727 4042 956 4100 quarum
984 4028 1233 4082 notitiam
1263 4027 1495 4082 necdum
1519 4028 1818 4099 attigimus,
1844 4043 1951 4083 non

372 4119 700 4186 dubitamus,
739 4134 860 4189 qua:
915 4132 1043 4173 suos
1092 4105 1293 4172 habent
1334 4117 1593 4188 mysticos
1633 4132 1844 4176 sensus.
1887 4119 1953 4174 Et

375 4213 498 4268 ideo
538 4211 670 4266 nihil
698 4209 1046 4279 perfectionis
1077 4209 1132 4262 in
1171 4207 1549 4262 observatione
1568 4207 1796 4276 justitize
1820 4224 1952 4264 con-

367 4302 522 4372 sequi
553 4309 780 4372 possunt
805 4299 1054 4356 homines
1090 4298 1207 4363 Dei,
1240 4297 1382 4366 quod
1411 4297 1464 4350 in
1492 4297 1592 4351 hac
1621 4297 1950 4368 genealogis:

2053 1738 2136 1784 est
2168 1730 2447 1785 destruere
2478 1745 2508 1784 a
2553 1727 2838 1798 baptismo,
2869 1746 3200 1802 regnumque
3228 1747 3383 1786 suum
3413 1733 3464 1785 in
3491 1736 3634 1790 orbe

2051 1833 2251 1873 novum
2279 1829 2616 1874 construere.
2649 1819 2783 1874 Nam
2815 1830 2870 1876 et
2909 1821 3136 1891 quilibet
3178 1821 3370 1890 fidelis,
3397 1824 3516 1895 ejus
3542 1839 3635 1879 ac-

2051 1917 2208 1979 cepto
2253 1910 2307 1964 in
2345 1911 2669 1980 baptismate
2715 1911 2916 1982 Spiritu
2967 1922 3154 1968 sancto
3192 1953 3208 1979 ,
3255 1916 3558 1986 regreditur
3602 1932 3631 1968 a

2049 1997 2302 2064 Jordane,
2346 2016 2470 2055 cum
2510 2018 2538 2054 a
2593 2000 2812 2057 lavacro
2861 2002 3094 2069 rediens,
3127 2002 3412 2059 adversum
3445 2005 3630 2060 saeculi

2050 2091 2199 2155 vitia,
2227 2091 2280 2145 in
2301 2092 2497 2160 qudms
2521 2101 2645 2147 ante
2666 2094 3108 2158 conversabatur,
3135 2107 3366 2164 pugnam
3389 2095 3630 2150 inchoat.

2049 2180 2090 2234 A
2137 2179 2370 2236 Jordane
2401 2182 2541 2236 etiim
2573 2183 2896 2251 regreditur,
2925 2183 3016 2253 qui
3045 2201 3074 2238 a
3101 2184 3366 2252 baptismo
3393 2185 3459 2240 ad
3501 2199 3621 2241 cer-

2053 2279 2231 2328 tamen
2269 2282 2455 2328 contra
2493 2275 2710 2330 relictas
2743 2276 2924 2329 mundi
2981 2275 3304 2331 tentationes
3351 2287 3628 2348 properat,

2052 2374 2131 2429 ut,
2157 2364 2241 2418 his
2267 2363 2514 2430 devictis,
2549 2379 2803 2421 coronam
2835 2366 2959 2420 vita:
3001 2375 3274 2422 mereatur
3313 2383 3408 2438 per
3458 2369 3632 2440 ipsum

2054 2452 2405 2510 Mediatorem
2432 2456 2523 2510 Dei
2559 2463 2615 2510 et
2643 2456 2946 2522 hominum,
2975 2457 3068 2526 qui
3096 2471 3220 2512 cum
3250 2457 3409 2514 Patre
3433 2468 3490 2514 et
3511 2459 3630 2528 Spio

2054 2544 2161 2598 ritu
2207 2554 2398 2600 sancto
2439 2545 2573 2599 vivit
2617 2553 2673 2600 et
2721 2556 2912 2617 regnat
2951 2547 3005 2602 in
3046 2546 3242 2603 saecula
3285 2547 3628 2604 saeculorum.

2053 2634 2247 2688 Amen.

2621 2727 2639 2756 ‘
2663 2724 2941 2781 llOMlLlA
2974 2725 3066 2782 1X.

2053 2831 2108 2888 IN
2141 2847 2478 2890 BVANGELIUM
2527 2850 2802 2892 secuanun
2839 2829 3025 2893 Lucum
3060 2856 3074 2893 :
3115 2839 3340 2896 Intravit
3381 2840 3534 2896 Jesus
3577 2843 3632 2896 in

2123 2924 2387 2994 quoddam
2426 2925 2698 2980 castellum
2737 2943 2755 2981 :
2787 2937 2834 2981 et
2883 2927 3072 2982 mulier
3110 2930 3372 2999 quwdam,
3421 2930 3633 2985 Martha

2124 3014 2352 3078 nomine,
2400 3015 2597 3085 excepit
2627 3014 2776 3069 illum
2819 3015 2876 3070 in
2903 3016 3115 3070 domum
3139 3033 3312 3087 suam,
3339 3026 3446 3075 etc.
3483 3019 3632 3090 (Luc.

2126 3121 2161 3160 x
2185 3144 2202 3171 ,
2234 3104 2348 3175 58.)

2124 3197 2262 3266 Quid
2299 3197 2366 3252 ad
2413 3197 2702 3268 gloriosam
2753 3197 3028 3268 Virginem
3077 3199 3173 3255 Dei
3223 3200 3242 3230 ‘
3291 3199 3636 3258 Genitricem

2051 3290 2211 3346 lectio
2239 3289 2259 3320 ³
2294 3290 2398 3344 ista
2426 3291 2718 3360 pertineat,
2757 3299 2815 3344 ut
2843 3291 2897 3344 in
2925 3287 3041 3358 ejus
3075 3289 3370 3348 festivitate
3401 3291 3633 3365 legatur,

2053 3383 2296 3456 plerique
2319 3382 2493 3438 solent
2513 3398 2756 3454 quaerere
2787 3401 2800 3437 :
2835 3383 2976 3438 unde
3005 3384 3028 3415 ⁸
3049 3385 3178 3454 quid
3211 3400 3312 3455 ego
3341 3387 3632 3453 sentirem,

2052 3471 2108 3527 in
2135 3479 2399 3527 conventu
2429 3470 2657 3526 fratrum
2678 3481 2835 3542 prout
2857 3473 3004 3542 potui
3035 3472 3332 3545 vulgariter
3351 3473 3460 3543 jam
3485 3475 3632 3545 plus.

2053 3581 2216 3636 quam
2246 3563 2412 3620 semel
2444 3565 2664 3634 exposui
2715 3565 2757 3619 ⁸,
2801 3565 2866 3619 Et
2887 3566 3013 3635 quia
3053 3567 3195 3636 quod
3226 3567 3336 3621 dixi
3373 3567 3634 3624 auditori-

2052 3659 2155 3714 bus
2201 3657 2427 3728 placuit,
2471 3658 2616 3713 dicta
2665 3657 2860 3713 litteris
2900 3660 3158 3716 mandare
3215 3661 3283 3716 ab
3331 3661 3535 3718 eisdem
3583 3671 3637 3718 et

2053 3751 2289 3806 maxime
2317 3766 2345 3805 a
2368 3751 2601 3806 dominis
2625 3750 2647 3782 ⁸
2676 3751 2966 3807 abbatibus
2986 3751 3262 3824 Willelmo
3290 3753 3630 3819 Fiscanensi,

2051 3845 2332 3917 Arnulpho
2372 3845 2699 3903 Troarnensi
2743 3847 2786 3915 ⁷,
2829 3847 3035 3916 jussus,
3071 3849 3179 3904 imo
3215 3861 3440 3906 coactus
3489 3867 3631 3906 sum.

2053 3937 2204 4006 Quod
2227 3939 2349 3993 ideo
2377 3938 2601 4008 prmdixi
2625 3938 2670 4003 ⁸,
2697 3948 2758 3993 ιιι
2780 3941 3213 4010 expositiuncula
3244 3943 3345 3997 ista
3378 3951 3633 4012 tanquam

2051 4042 2082 4080 a
2129 4035 2556 4096 praesumptuoso
2598 4027 2740 4083 edita
2797 4044 2906 4084 non
2959 4029 3262 4100 displiceat,
3313 4045 3478 4100 quam
3525 4046 3634 4084 non

2053 4116 2176 4194 [al.,
2207 4117 2331 4186 quia
2371 4132 2480 4172 non
2519 4118 2688 4191 hanc]
2727 4123 3076 4192 praesumptio
3102 4123 3146 4188 ’,
3187 4124 3286 4178 sed
3323 4124 3630 4179 obedientia

2051 4207 2240 4261 edidit.
2267 4206 2389 4262 Jam
2424 4223 2570 4263 nunc
2613 4209 2778 4278 igitur
2819 4212 3177 4267 ratiunculam
3217 4211 3260 4243 ¹⁰
3286 4213 3445 4268 istam
3482 4213 3633 4268 salva

2057 4296 2160 4351 ﬁde
2228 4313 2292 4353 ac
2363 4298 2481 4354 sine
2537 4298 2780 4354 melioris
2846 4301 3214 4371 prazjudicio,
3287 4303 3354 4358 ad
3420 4303 3632 4358 laudem

299 4431 308 4438 -
370 4397 514 4452 scala
543 4393 840 4464 ﬁguraliter
865 4409 974 4449 non
1001 4393 1071 4448 sit
1095 4405 1436 4462 expressum;
1460 4389 1568 4445 Sed
1594 4398 1650 4444 et
1703 4390 1952 4446 bravium
1985 4395 2030 4450 D
2057 4390 2300 4461 ejusdem
2332 4390 2567 4460 Virginis
2593 4399 2649 4446 et
2692 4393 2883 4448 matris
2924 4391 3053 4450 Jesu
3083 4394 3363 4450 humiliter
3396 4396 3636 4451 scribere

371 4486 439 4541 ad
465 4485 606 4556 quod
633 4500 729 4554 per
753 4499 874 4540 eam
904 4484 1150 4551 tendunt,
1180 4483 1478 4554 ipseDeus
1505 4498 1723 4540 sursum
1761 4483 1814 4538 in
1843 4483 1951 4537 line

371 4579 579 4647 positus
601 4585 702 4631 est.
735 4575 1064 4645 Principium
1091 4590 1219 4630 vero
1243 4575 1541 4646 profectus,
1561 4577 1648 4632 vel
1673 4576 1950 4632 ascensio-

2059 4480 2366 4552 aggrediar.

2127 4573 2183 4626 lu
2215 4573 2255 4603 “
2290 4572 2573 4642 Scriptura
2603 4587 2759 4629 sacra
2790 4590 2880 4631 res
2923 4591 3029 4630 una
3067 4586 3120 4633 et
3148 4579 3335 4634 eadem
3364 4578 3636 4634 multoties

1643 4667 1877 4723 VARl/E
1914 4663 2314 4721 LECTIONES.

446 4760 465 4791 ⁸
503 4759 709 4815 Collnta
742 4770 818 4814 est
856 4777 974 4813 cum
1006 4760 1134 4814 Mss.
1171 4761 1574 4818 Corbeiensibus
1607 4763 1735 4818 507.
1765 4775 1810 4818 et
1843 4764 1901 4818 S.
1928 4759 2050 4816 596.
2078 4777 2180 4814 uno
2217 4758 2463 4815 Beccensi
2492 4758 2562 4814 E.
2591 4760 2678 4815 l0.
2715 4769 2762 4816 et
2787 4778 2890 4815 uno
2915 4761 3166 4828 Ecclesia:
3191 4763 3625 4825 Carcasonensis:

374 4831 445 4904 Et
481 4846 599 4904 cum
625 4829 863 4885 Edition.
893 4829 1262 4904 Coloniensiet
1283 4830 1532 4904 Δ(ἶοξζιὶεα.
1573 4833 1840 4904 bis-L596.
1883 4832 1961 4886 Ex
1992 4832 2148 4904 dictis
2172 4829 2651 4904 Dominiﬁnselmi
2684 4832 3092 4904 Arcbiepiscopi
3136 4853 3232 4889 ms.
3264 4835 3494 4890 Carras.
3527 4835 3634 4896 Pro

375 4902 516 4956 festo
539 4901 939 4974 gssuntptionis
963 4900 1139 4974 Beata:
1167 4901 1346 4974 Mariae
1374 4902 1631 4974 Virginis.
1669 4903 1800 4956 Tum
1833 4904 1909 4974 sic
1941 4901 2085 4971 ponit
2111 4911 2308 4974 textum
2349 4900 2447 4974 :ln
2473 4900 2564 4974 illo
2594 4904 2835 4970 tempore
2863 4900 3137 4974 {Intravit
3167 4904 3324 4961 Jesus
3357 4907 3410 4960 in
3463 4903 3634 4974 quodo

374 4974 498 5045 dam
529 4971 817 5045 Castellum
846 4989 859 5025 :
889 4979 943 5025 et
974 4971 1172 5045 mulier
1197 4971 1682 5045 quzedamMartha
1702 4973 1918 5028 nomine
1955 4971 2173 5045 excepit
2205 4971 2350 5045 illum
2383 4972 2436 5024 in
2454 4971 2688 5045 domum
2718 4987 2898 5045 suam.
2935 4973 3005 5042 Et
3034 4976 3255 5045 reliqua.
3293 4975 3426 5029 Dein
3467 4971 3633 5045 suos.

373 5044 444 5114 cit
479 5059 499 5098 ε
540 5042 768 5114 Honiilia
794 5042 1118 5114 venerabilis
1148 5040 1390 5114 Anselmi
1429 5043 1838 5114 A_rchiepiscopi
1953 5043 1972 5071 ²
2013 5042 2090 5094 Ad
2121 5040 2408 5114 gloriosam
2454 5041 2704 5114 Deimss.
2735 5041 2859 5114 (3)07.
2893 5040 3204 5114 adgbeata'm
3236 5046 3332 5102 Dei
3368 5061 3494 5099 mss.
3559 5040 3628 5095 E.

375 5113 462 5182 10.
495 5113 562 5167 ad
592 5112 878 5181 gloriosam
912 5113 1171 5182 virginem
1197 5111 1287 5182 Dei
1313 5129 1409 5166 ms.
1436 5109 1660 5166 Carras.
1705 5109 2010 5169 ad'bcatam
2035 5120 2093 5182 et
2120 5109 2408 5181 gloriosam
2433 5110 2700 5182 virginem
2732 5109 2828 5182 Dei
2905 5113 2926 5142 ³
2961 5111 3309 5177 Genitricem,
3337 5114 3501 5170 lectio
3530 5130 3628 5165 ms.

373 5179 940 5252 Carcasﬁgenitricem
970 5181 1404 5252 biariam,lcctio
1479 5182 1499 5213 "
1541 5182 1692 5237 Unde
1724 5193 1822 5236 etc.
1867 5198 1968 5235 ms.
2020 5179 2417 5252 Carcasonense
2464 5179 2725 5252 reliquum.
2770 5181 3115 5251 Prtejbtionis
3165 5185 3376 5238 omittit.
3453 5183 3477 5215 ⁸
3509 5182 3630 5237 Jam

372 5250 738 5339 plusexposuni
767 5268 904 5334 mss.
957 5250 1028 5339 E;
1065 5254 1139 5339 l‘
1164 5262 1210 5304 et
1234 5250 1498 5339 307.jam
1527 5253 1645 5339 plus
1673 5268 1835 5339 qpam
1875 5250 2035 5334 simul
2109 5250 2130 5280 °
2155 5250 2338 5339 Lbitab
2363 5250 2580 5339 eisdem;
2609 5250 3000 5339 meinisptse
3023 5253 3090 5339 Ii.
3129 5255 3216 5309 10.
3244 5256 3312 5309 ab
3341 5253 3632 5339 eisdnemft

374 5317 614 5392 maxime
636 5338 665 5375 a
695 5323 940 5377 Dominis
1008 5323 1028 5354 ⁷
1072 5317 1410 5392 Ῡίερξιιιθηείζ
1443 5317 1668 5378 Arnolfo
1693 5317 1994 5392 Tuarnepsi
2023 5337 2120 5392 ms.
2145 5317 2214 5372 Ε.
2246 5320 2334 5392 l0.
2361 5322 2696 5387 Fiscanensi,
2721 5321 3013 5392 'Arnulpho
3044 5322 3376 5380 Troarnensi
3447 5324 3470 5356 ⁸
3507 5323 3631 5376 Ideo

375 5390 487 5470 dixi
518 5407 645 5492 mss.|
686 5391 1064 5492 ideo‘pr'fedixi
1112 5392 1157 5492 ιξ
1198 5391 1313 5445 Νοιι
1364 5393 1710 5492 ριείιῗιιιηριὶο
1754 5409 1875 5492 ms.l
1902 5387 2090 5492 ιδεμ).
2125 5407 2229 5445 non
2263 5391 2416 5492 hancI
2445 5394 2795 5492 praesumptio
2873 5387 2918 5423 ίσ
2946 5387 3448 5492 Ειρὲιδίιίιιὲιρυὴιπι
3497 5408 3627 5444 mss.

376 5469 626 5492 vuln-nn“
654 5477 737 5492 nm
936 5476 1106 5492 ιηιηηη
1134 5477 1241 5492 num
1275 5477 1436 5492 ρηιιηη
1500 5479 1567 5492 ην.
1647 5478 1800 5492 ...πη-η
1883 5477 1911 5492 η
1963 5477 1975 5492 ι
2021 5475 2052 5492 η
2082 5471 2322 5492 ποηιηηω.
2354 5479 2366 5490 .
2429 5464 2620 5492 ιιΙιιΛινῖΙ
2686 5479 2803 5492 ..ιη-η
2846 5464 2899 5492 ἔτι
2934 5475 3054 5492 Anan.
3117 5482 3198 5492 η...
3276 5477 3388 5492 --.Α
3434 5479 3518 5492 ﬂ...
3579 5471 3627 5492 nl

376 5459 740 5532 ratiunculam
817 5459 856 5492 “
889 5460 1242 5531 Evangelium
1274 5459 1568 5517 secundum
1599 5459 1824 5518 Lucam.
1857 5460 1912 5515 ln
1962 5460 2052 5515 illo
2082 5471 2322 5530 tempore
2354 5479 2367 5515 :
2401 5459 2626 5516 Intravit
2649 5459 2806 5518 Jesus
2846 5464 2899 5518 in
2934 5459 3201 5532 quoddam
3228 5464 3546 5532 Castellum,
3579 5471 3635 5514 et

377 5529 578 5607 mulier
597 5532 843 5607 quaedam
870 5529 1081 5607 Martha
1108 5532 1333 5607 nomine
1360 5534 1575 5604 excepit
1595 5533 1753 5590 illum
1783 5533 1838 5590 in
1861 5533 2076 5590 domum
2106 5529 2260 5589 suam
2284 5543 2382 5589 etc.
2416 5532 2649 5590 Homilia
2678 5532 2926 5591 lcetiOnis
2945 5529 3208 5607 ejusdem.
3241 5547 3372 5594 mu.
3404 5529 3635 5592 Intravit

377 5595 534 5654 Jesus
565 5595 911 5671 iii—quoddam
943 5602 1235 5661 Castellum
