3910 6018
402 211 515 265 ωδ

1501 207 1805 266 HOMILUE
1836 206 1924 263 E'l'
1964 205 2554 266 EXIIORTATIONES.

3552 218 3656 273 646

411 325 689 384 invenitur
714 321 922 381 diversa
945 325 1269 396 significare,
1294 325 1434 381 sicut
1463 326 1568 391 leo,
1592 326 1799 392 haedus,
1823 327 1983 396 ignis,
2015 332 2061 390 Α
2090 341 2129 392 ι,
2153 325 2266 396 5t.)
2289 326 2343 381 Si
2365 327 2583 382 cuilibet
2604 323 3144 395 virginidesponsatae
3166 327 3217 383 in
3235 329 3416 386 animo
3436 345 3532 387 suo
3557 333 3668 390 dis-

416 435 577 491 aqua,
602 419 685 474 vel
719 418 881 473 etiam
917 413 961 451 “
989 418 1089 478 sol,
1128 426 1181 473 et
1213 418 1317 472 alia
1352 416 1540 471 multa.
1591 417 1684 472 Est
1715 419 1856 472 enim
1908 417 1992 472 leo

415 513 483 567 de
512 509 653 565 tribu
679 507 813 564 Juda
843 509 1024 577 (Apoc.
1047 503 1101 578 v)
1125 524 1139 571 ;
1168 516 1221 562 et
1253 515 1337 562 est
1376 506 1480 572 leo,
1508 507 1597 576 qui
1624 506 1816 563 circuit
1841 521 1989 575 quae-

417 617 544 657 rens
571 616 727 670 quem
759 601 980 655 devoret
1015 601 1068 670 (Ι
1111 597 1256 654 Petr.
1299 587 1376 670 v).
1420 599 1516 653 Est
1545 599 1726 654 haedus
1762 600 1991 655 emissa—

417 697 531 750 rius
559 692 745 764 (Leuit.
785 693 916 762 XVI),
962 693 1051 762 qui
1100 700 1318 761 peccata
1373 700 1554 747 nostra
1602 693 1866 761 portavit,
1911 699 1994 745 est

417 786 601 841 lttcdus
631 800 660 838 a
694 784 927 839 sinistris
958 782 1168 854 (Matth.
1202 781 1353 852 xxv),
1403 783 1494 852 qui
1545 783 1850 836 damnatur.
1899 781 1994 836 Est

417 875 557 946 ignis
587 889 746 943 quem
778 874 1037 927 Dominus
1081 872 1228 928 misit
1285 873 1330 904 ¹³
1377 873 1431 927 in
1475 880 1696 935 terram,
1741 881 1797 927 et
1832 886 1992 941 quem

416 966 532 1020 vult
559 974 618 1021 ut
649 965 836 1019 ardeat
858 962 1004 1030 (Luc.
1039 963 1136 1032 xu)
1161 981 1174 1015 :
1199 972 1280 1018 est
1311 963 1468 1034 ignis,
1493 963 1582 1032 qui
1613 977 1777 1031 super
1798 961 1992 1031 impios

418 1056 580 1112 cadit.
615 1065 673 1108 ut
712 1070 816 1108 non
862 1055 1077 1108 videant
1109 1053 1275 1107 solem
1303 1052 1476 1124 (Psal.
1521 1052 1672 1122 Lvu).
1713 1053 1811 1108 Est
1853 1068 1990 1123 aqua

417 1146 570 1214 cujus
602 1146 821 1200 ilumina
845 1145 1016 1199 ﬂuunt
1046 1146 1111 1201 de
1140 1153 1327 1200 ventre
1353 1145 1626 1200 credentis
1647 1145 1830 1215 (Joan.
1860 1146 1988 1216 vn);

416 1245 500 1290 est
522 1251 658 1305 aqua
713 1236 867 1306 cujus
900 1245 1187 1306 tempestas
1210 1251 1314 1290 non
1348 1251 1445 1290 nos
1470 1236 1745 1306 demergat
1771 1236 1989 1306 (Matth.

417 1326 551 1396 xw).
581 1327 624 1357 ¹⁶
662 1325 754 1380 Est
798 1326 887 1380 Sol
930 1325 1170 1394 justititr,
1219 1326 1310 1397 qui
1354 1342 1449 1381 nos
1485 1328 1750 1382 illuminet
1799 1325 1988 1395 (Eccli.

417 1413 553 1485 xui)
585 1415 649 1479 “,
681 1423 734 1470 et
761 1415 838 1470 sol
882 1415 972 1484 qui
1003 1429 1101 1470 nos
1127 1430 1230 1470 non
1263 1425 1386 1469 urat
1429 1416 1470 1446 ¹⁶
1515 1431 1612 1484 per
1638 1416 1778 1471 diem
1816 1415 1988 1486 (Psal.

415 1506 564 1574 cxx).
610 1505 760 1560 Licet
786 1521 914 1575 ergo
955 1506 1231 1561 castellum
1278 1507 1412 1561 alias
1460 1507 1663 1560 malum
1701 1507 1988 1578 signiticet,

415 1605 476 1650 ut
504 1596 630 1651 illud
656 1597 720 1651 de
750 1612 855 1667 quo
877 1597 1075 1651 dicitur
1102 1615 1114 1651 :
1146 1597 1227 1651 Ite
1265 1599 1318 1650 in
1341 1598 1611 1652 castellum
1639 1616 1656 1652 :
1686 1599 1798 1660 ubi,
1833 1599 1988 1652 addi-

2093 420 2313 490 ponenti
2360 421 2561 474 nubere
2576 420 2861 485 diceretur,
2890 420 3084 475 Filium
3101 421 3324 477 habebis
3341 466 3354 487 ,
3380 437 3485 478 non
3503 427 3667 479 mira-

2095 520 2268 575 retur,
2315 524 2487 579 neque
2524 510 2882 581 interrogaret
2918 513 3183 580 quomodo
3221 513 3362 568 istud
3406 514 3578 580 ﬁeret,
3609 528 3692 573 ut-

2093 609 2216 669 pote
2243 615 2362 670 qute
2387 616 2446 655 se
2477 601 2876 670 desponsatam,
2912 610 2964 656 et
3001 601 3052 654 in
3093 602 3339 671 proximo
3376 613 3666 674 nupturam

2095 689 2278 754 sciret,
2324 698 2380 743 et
2419 705 2447 742 a
2485 691 2602 744 viro
2632 689 2899 758 gravidari
2931 690 2974 720 "
3006 705 3104 744 usu
3142 701 3347 745 natura:
3377 704 3619 762 speraret
3651 711 3667 748 :

2094 779 2209 835 haec
2238 791 2415 834 autem
2441 797 2545 835 non
2572 781 2842 835 immerito
2865 782 3054 835 mirata
3078 791 3261 849 cst;ct
3285 785 3550 853 quomodo
3573 784 3669 841 ﬁe-

2095 879 2196 936 ret,
2221 868 2361 940 quod
2385 871 2817 939 promittebatur,
2841 873 3113 928 sciscitata
3138 882 3218 927 est
3245 871 3341 945 [αι.
3367 876 3511 929 omit.
3560 875 3666 950 est]

2101 959 2262 1030 179
2309 962 2561 1030 quoniam
2617 963 2864 1030 quamvis
2907 963 3310 1032 desponsatam,
3372 974 3546 1020 tamen
3607 981 3667 1022 se

2100 1067 2377 1121 nunquam
2415 1063 2700 1122 nupturam
2758 1053 2824 1119 ’³,
2873 1069 3050 1123 neque
3104 1055 3275 1109 virum
3330 1057 3668 1126 cognituram

2096 1144 2397 1198 certissime
2438 1146 2663 1199 sciebat.
2712 1143 2836 1199 Haec
2868 1145 2934 1199 de
2983 1146 3312 1216 virginitate.
3345 1149 3420 1202 De
3453 1150 3666 1204 humili-

2096 1244 2207 1289 tate
2235 1251 2364 1290 vero
2421 1235 2704 1290 dicendum
2731 1246 2814 1290 est
2841 1237 2886 1268 ¹⁹
2917 1238 3057 1306 quod
3095 1254 3216 1292 cum
3263 1241 3330 1292 ab
3366 1241 3551 1311 angelo
3578 1258 3666 1297 sa-

2093 1325 2384 1391 lutaretur,
2428 1335 2603 1380 mater
2654 1328 2746 1381 Dei
2795 1328 3122 1398 eligeretur,
3180 1331 3447 1398 quomodo
3516 1332 3670 1386 ﬁeret

2095 1417 2239 1472 salva
2277 1416 2590 1487 virginitate
2636 1416 2742 1487 (cui
2793 1426 2999 1471 tantum
3038 1418 3300 1488 timebat)_
3337 1421 3657 1487 doceretur,

2093 1507 2375 1561 benedicta
2415 1521 2576 1575 super
2621 1520 2810 1560 omnes
2855 1506 3106 1560 mulieres
3136 1507 3538 1576 prtedicaretur,
3580 1525 3668 1564 re-

2094 1597 2306 1666 spondit
2333 1613 2346 1649 :
2375 1593 2511 1649 Ecce
2534 1594 2726 1648 ancilla
2753 1595 2964 1648 Domini
2988 1595 3139 1665 (Luc.
3172 1613 3212 1663 ι,
3235 1597 3361 1665 58);
3390 1606 3443 1651 et
3468 1598 3522 1650 in
3558 1597 3663 1651 alio

417 1695 504 1738 tur
527 1685 592 1750 ‘7,
619 1686 757 1755 quod
768 1662 960 1738 contra
984 1703 1068 1740 vos
1092 1696 1186 1750 est,
1212 1686 1367 1757 plane
1393 1686 1768 1741 manifestatur
1791 1687 1836 1718 ³⁸
1859 1688 1984 1756 quid
2016 1662 2064 1721 Β
2093 1662 2210 1741 loco
2243 1705 2256 1740 :
2293 1685 2430 1751 Quia
2458 1687 2678 1755 respexit
2701 1662 3045 1739 humilitatem
3076 1686 3286 1741 ancilla:
3304 1662 3413 1742 sua:
3437 1687 3588 1759 (Luc.
3623 1703 3662 1752 l,

415 1775 704 1846 signiticet;
750 1784 924 1830 tamen
958 1776 1043 1830 hic
1070 1775 1111 1807 ιθ
1139 1775 1444 1842 castellum,
1491 1777 1544 1830 in
1590 1779 1730 1847 quod
1769 1777 1986 1833 intravit

409 1865 586 1927 Jesus,
616 1867 939 1938 singularem
963 1875 1014 1922 et
1038 1869 1409 1923 intemeratam
1439 1869 1715 1939 Virginem
1746 1867 1987 1937 ejusdem

411 1953 538 2011 Jesu
569 1956 904 2026 genitricem.
933 1956 1082 2011 salva
1115 1957 1519 2027 Scripturarum
1563 1958 1768 2029 regula,
1796 1974 1891 2030 per
1917 1959 1992 2014 si-

415 2046 767 2104 militudinem
790 2047 1101 2115 accipimus.
1126 2046 1420 2102 Castellum
1447 2047 1589 2101 enim
1613 2048 1814 2102 dicitur
1839 2063 1989 2117 qua:—

413 2135 546 2192 libet
569 2137 754 2202 turris,
786 2145 839 2191 et
862 2151 1050 2190 murus
1071 2137 1123 2190 in
1149 2137 1376 2192 circuitu
1410 2135 1546 2205 ejus.
1583 2136 1714 2203 Quae
1739 2137 1842 2192 duo
1870 2151 1989 2192 sese

415 2227 644 2283 invicem
677 2224 988 2291 defendunt,
1022 2226 1099 2281 ita
1141 2237 1202 2283 ut
1240 2228 1423 2282 hostes
1464 2242 1559 2295 per
1588 2242 1800 2280 murum
1845 2227 1888 2258 ²⁰
1922 2229 1990 2283 ab

413 2331 557 2380 arce,
591 2324 646 2372 et
675 2331 705 2371 a
748 2330 902 2370 muro
940 2330 1038 2385 per
1086 2331 1266 2371 arcem
1307 2325 1616 2370 arceantur.
1668 2314 1986 2383 Hujusmodi

413 2406 635 2461 castello
679 2421 788 2461 non
839 2407 1131 2477 incongrue
1177 2406 1342 2477 Virgo
1389 2406 1556 2460 Maria
1620 2407 1987 2472 assimilatur,

413 2513 576 2568 quam
600 2497 877 2568 virginitas
900 2497 1094 2552 mentis
1122 2507 1176 2552 et
1201 2498 1461 2568 corporis,
1486 2497 1641 2568 quasi
1675 2513 1884 2564 murus,
1913 2499 1989 2551 ita

417 2589 652 2658 undique
677 2588 925 2653 vallavit,
955 2599 1014 2643 ut
1043 2588 1220 2644 nullus
1261 2605 1496 2658 unquam
1525 2589 1731 2643 libidini
1770 2590 1838 2643 ad
1868 2604 1988 2643 eam
2029 2603 2042 2614 '

415 2685 559 2735 esset
596 2693 934 2746 accessurus,
975 2694 1075 2734 nec
1098 2694 1288 2735 sensus
1318 2681 1435 2750 ejus
1465 2680 1646 2749 aliqua
1675 2694 1989 2751 corrumpe-

415 2779 604 2826 rentur
631 2771 676 2803 “
703 2768 971 2826 illecebra.
1001 2771 1067 2826 Et
1091 2771 1214 2841 quia
1243 2771 1629 2843 virginitatem,
1663 2786 1785 2825 cum
1820 2771 1986 2826 libido

416 2879 523 2920 non
546 2865 591 2896 "
609 2865 796 2935 possit,
818 2864 954 2919 solet
974 2865 1289 2935 impugnare
1311 2864 1579 2932 superbia,
1609 2875 1692 2918 εει
1719 2864 1771 2918 in
1796 2863 1986 2919 eadem

413 2955 620 3027 virgine
647 2957 810 3011 turris
855 2955 1195 3020 humilitatis,
1239 2971 1357 3025 quae
1389 2970 1419 3008 a
1457 2971 1610 3009 muro
1661 2955 1987 3025 virginitatis

410 3063 625 3104 omnem
681 3047 890 3119 repellit
933 3047 1260 3118 superbiam.
1309 3046 1378 3101 Et
1421 3047 1548 3117 quia
1601 3046 1981 3110 humilitatem,

412 3155 536 3195 cum
575 3140 821 3210 superbia
859 3151 966 3194 non
1008 3140 1201 3210 possit,
1248 3137 1386 3194 solet
1435 3139 1753 3210 impugnare
1797 3137 1982 3202 libido,

415 3234 602 3284 mutus
625 3227 947 3300 virginitatis
977 3245 1005 3283 a
1033 3239 1180 3284 turre
1208 3227 1531 3283 humilitatis
1556 3242 1771 3282 onmem
1815 3227 1986 3298 repel-

411 3320 476 3375 lit
512 3320 806 3376 libidinem.
849 3323 1033 3392 Itaque
1079 3321 1193 3376 hmc
1243 3321 1288 3353 ³³
1331 3320 1459 3386 duo,
1502 3335 1690 3374 murus
1737 3319 1985 3376 videlicet

411 3409 738 3481 virginitatis
802 3419 856 3464 et
889 3410 1053 3465 turris
1096 3409 1416 3464 humilitatis
1461 3410 1529 3464 ab
1571 3408 1826 3464 alterutro
1866 3423 1983 3463 mu-

414 3499 663 3564 niuntur;
694 3509 752 3554 ut
793 3513 1064 3570 nunquam
1103 3501 1157 3554 in
1204 3499 1390 3554 humili
1432 3499 1650 3571 Virgine
1692 3499 1856 3554 fuerit
1884 3515 1984 3555 nec

399 3585 645 3662 ‘supcrba
671 3592 954 3662 virginitas
999 3589 1068 3656 ",
1098 3606 1195 3645 nec
1226 3591 1506 3660 inquinata
1538 3591 1813 3645 humilitas
1842 3608 1854 3644 :
1889 3591 1982 3646 sed

415 3698 627 3752 semper
651 3670 703 3737 in
737 3683 921 3738 eadem
950 3682 995 3714 "
1025 3683 1383 3751 permanserit
1432 3689 1487 3737 ct
1517 3681 1732 3735 humilis
1762 3681 1983 3752 virgini-

417 3783 498 3829 tas
525 3781 578 3828 et
603 3773 752 3844 virgo
783 3773 1053 3827 humilitas
1084 3773 1149 3825 ⁸⁸.
1183 3771 1440 3839 Quamvis
1471 3781 1649 3824 autem
1680 3773 1822 3840 quod
1849 3771 1986 3825 dici-

416 3874 503 3918 tur
531 3865 605 3921 ita
641 3880 822 3919 verum
870 3864 962 3928 sit,
1010 3872 1069 3917 ut
1113 3863 1247 3917 nihil
1291 3861 1471 3917 verius
1501 3860 1804 3916 Christiana
1851 3861 1985 3916 ﬁdes

415 3957 637 4010 credere
662 3955 852 4024 possit,
877 3969 1139 4022 ponamus
1169 3961 1345 4009 tamen
1375 3952 1554 4022 aliqua
1578 3952 1644 4008 de
1671 3951 1981 4023 Evangelio,

415 4049 738 4119 virginitatis
769 4048 934 4116 ipsius
963 4057 1017 4102 et
1049 4046 1370 4102 humilitatis
1415 4044 1742 4100 testimonia.
1776 4045 1984 4114 Quippe

416 4153 536 4193 cum
551 4139 618 4194 ab
631 4137 819 4209 angelo
833 4137 972 4192 lilius
986 4137 1059 4205 ei,
1070 4137 1494 4207 promitteretur,
1524 4135 1826 4206 respondit:
1843 4136 1985 4201 Quo-

2090 1777 2204 1850 48).
2235 1778 2279 1833 Ο
2308 1777 2552 1832 sublimis
2577 1777 2729 1848 virgo
2755 1789 2932 1833 mater
2954 1778 2997 1810 3°
3030 1776 3121 1833 Dei
3147 1780 3161 1833 !
3193 1795 3225 1834 ο
3252 1789 3424 1836 mater
3446 1781 3664 1855 humilis

2091 1869 2287 1924 ancilia
2328 1868 2450 1922 Dei!
2487 1866 2628 1934 Quid
2666 1868 2949 1924 sublimius
2975 1883 3096 1924 esse
3137 1871 3356 1938 posset?
3387 1871 3523 1937 Quid
3569 1873 3667 1925 hu-

2092 1960 2274 2014 milius
2300 1960 2366 2013 de
2408 1973 2467 2014 se
2503 1959 2704 2013 sentire
2736 1959 2962 2028 posset?
2990 1955 3128 2014 Sunt
3157 1959 3199 1991 ³¹
3254 1961 3345 2029 qui
3388 1960 3663 2016 castellum

2091 2049 2193 2103 hoc
2216 2049 2518 2120 Magdaium
2549 2049 2714 2105 fuisse
2737 2051 3427 2118 arbitrantunaquoblaria
3449 2052 3666 2124 Magda-

2091 2140 2214 2196 lena
2247 2141 2660 2212 cognominatur
2711 2159 2724 2196 :
2769 2143 2911 2212 quod
2958 2145 3002 2197 sl
3033 2159 3215 2198 verum
3246 2152 3348 2210 est,
3394 2146 3664 2214 praedictae

2091 2231 2528 2300 interpretationi
2580 2231 2889 2286 famulatur.
2924 2231 3198 2302 Magdalus
3234 2233 3378 2288 enim
3418 2231 3463 2266 ³⁸
3493 2237 3653 2289 turris

2090 2322 2312 2388 dicitur,
2335 2333 2390 2378 et
2417 2323 2706 2377 humilitati
2731 2333 3016 2393 coaptatur
3049 2325 3113 2378 ³⁸.
3143 2325 3241 2380 Hic
3266 2340 3394 2380 vero
3423 2341 3528 2380 non
3567 2341 3665 2379 no-

2091 2414 2351 2478 minatur,
2394 2415 2486 2468 sed
2529 2411 2732 2468 tantum
2761 2414 3026 2484 quoddam
3054 2414 3251 2470 dicitur
3276 2428 3292 2468 :
3317 2415 3457 2484 quod
3487 2415 3656 2470 indis-

2091 2519 2306 2558 cussum
2349 2504 2625 2574 prteterire
2671 2519 2776 2557 non
2809 2504 3085 2558 debemus.
3134 2503 3434 2570 Quoddam,
3465 2505 3515 2558 id
3575 2515 3662 2560 est

2093 2594 2368 2664 singulare
2392 2594 2672 2649 castellum
2707 2593 2808 2646 fuit
2834 2592 2987 2663 virgo
3014 2592 3197 2646 Maria.
3241 2593 3497 2660 Quamvis
3517 2593 3660 2648 enim

2090 2692 2146 2739 et
2174 2684 2354 2739 multa:
2378 2683 2496 2738 alia:
2531 2667 2742 2738 murum
2771 2682 3098 2753 virginitatis
3112 2681 3346 2736 habeant
3370 2683 3438 2747 ⁸⁸,
3467 2693 3522 2736 et
3543 2692 3658 2737 tur-

2091 2773 2194 2827 rim
2220 2773 2562 2837 humilitatis,
2595 2773 2647 2827 id
2685 2781 2766 2828 est
2790 2779 2846 2826 et
2873 2771 3110 2842 virgines
3139 2771 3269 2837 sint,
3297 2779 3352 2827 et
3386 2771 3618 2828 humiles
3642 2812 3660 2841 ,

2092 2870 2273 2916 tamen
2317 2860 2464 2916 salva
2506 2861 2818 2926 virginitate
2855 2868 3060 2913 matres
3089 2875 3210 2915 esse
3256 2875 3361 2916 non
3409 2863 3656 2930 possunt,

2090 2953 2265 3021 neque
2296 2949 2437 3006 ﬁlios
2473 2965 2735 3019 generare
2767 2968 2780 3003 :
2810 2951 2952 3020 quod
2982 2951 3085 3004 ista
3115 2949 3228 3006 sola
3257 2950 3402 3006 fecit.
3431 2953 3500 3007 Et
3542 2953 3664 3008 ideo

2091 3041 2370 3098 castellum
2397 3042 2500 3096 hoc
2535 3041 2731 3094 merito
2769 3041 3058 3110 quoddam,
3089 3040 3141 3094 id
3181 3050 3264 3095 est
3291 3040 3560 3111 singulare
3585 3045 3664 3096 di-

2093 3133 2264 3197 citur;
2298 3133 2426 3202 quia
2460 3132 2562 3186 ista
2590 3131 2940 3202 singulariter
2968 3142 3022 3187 et
3054 3131 3205 3202 virgo
3236 3141 3291 3186 et
3321 3132 3614 3187 materfuit
3645 3151 3658 3186 :

2089 3223 2232 3293 quod
2298 3221 2442 3276 nulla
2487 3222 2592 3276 alia
2641 3236 2764 3276 esse
2829 3223 3003 3292 potuit
3052 3221 3137 3276 vel
3183 3237 3302 3276 esse
3350 3224 3548 3292 poterit
3593 3223 3659 3274 ³⁸.

2092 3315 2289 3369 Verum
2335 3314 2692 3369 concedamus
2719 3313 2764 3344 ³⁸
2789 3313 3024 3383 aliquam
3069 3327 3226 3381 posse
3255 3329 3374 3368 esse
3403 3323 3456 3368 et
3493 3313 3656 3384 virgi-

2089 3420 2239 3470 nem,
2267 3392 2320 3459 et
2347 3413 2576 3458 matrem
2598 3405 2664 3470 ³⁷,
2693 3404 2942 3474 quamvis
2969 3404 3040 3458 sit
3079 3403 3408 3473 impossibile
3433 3422 3445 3457 :
3472 3387 3658 3471 etiam,

2093 3495 2175 3548 sic
2207 3494 2370 3564 Virgo
2395 3494 2440 3525 ³⁸
2471 3492 2640 3546 Maria
2669 3491 2962 3562 singularis
3004 3491 3127 3555 erit,
3165 3491 3288 3560 quia
3319 3491 3532 3545 unicum
3565 3491 3656 3545 Dei

2093 3587 2286 3641 Filium
2315 3586 2520 3656 genuit,
2553 3584 2642 3654 qui
2672 3583 2810 3639 sicut
2837 3590 2921 3638 est
2946 3583 3137 3636 unicus
3163 3581 3321 3637 unico
3365 3581 3533 3646 Patri,
3579 3583 3654 3636 ita

2088 3689 2172 3733 est
2217 3679 2410 3732 unicus
2458 3678 2632 3730 unicae
2675 3677 2856 3730 matri.
2888 3675 2953 3728 Et
3001 3675 3121 3729 ideo
3172 3674 3338 3739 nulla,
3393 3675 3555 3729 etiam
3611 3676 3658 3729 si

2095 3769 2245 3836 virgo
2273 3768 2473 3836 pariat,
2502 3767 2586 3820 vel
2617 3767 2864 3820 eumdem
2907 3765 2992 3819 vel
3041 3765 3204 3819 alium
3240 3764 3398 3819 talem
3440 3779 3661 3836 genera-

2090 3857 2170 3912 bit
2201 3856 2266 3908 ”.
2294 3856 2387 3909 Est
2415 3867 2543 3924 ergo
2567 3852 2848 3908 castellum
2875 3853 3166 3922 quoddam,
3191 3853 3243 3906 in
3268 3853 3410 3921 quod
3442 3854 3659 3908 intravit

2089 3946 2280 4011 Iesus;
2317 3954 2470 4015 porta
2498 3958 2628 3998 vero
2656 3957 2755 4012 per
2782 3958 2944 4011 quam
2979 3941 3196 3996 intravit
3225 3949 3308 3995 est
3338 3940 3492 3995 ﬁdes.
3523 3941 3657 4008 Quia

2091 4040 2234 4094 enim
2264 4036 2512 4102 credidit,
2560 4033 2796 4103 perfecta
2842 4043 2970 4088 sunt
3017 4033 3066 4088 ei
3100 4047 3130 4086 a
3180 4032 3408 4088 Domino
3435 4047 3554 4102 quae
3589 4032 3659 4086 ab

2093 4131 2286 4200 angelo
2315 4129 2458 4183 dicta
2503 4135 2628 4181 sunt
2653 4126 2727 4192 ei,
2761 4126 2902 4180 sicut
2933 4125 2980 4157 ⁸ο
3011 4125 3085 4180 ait
3116 4125 3181 4179 ad
3209 4137 3326 4177 eam
3359 4123 3659 4178 Elizabeth.

417 4231 567 4284 modo
591 4229 677 4299 ﬁet
709 4231 869 4296 istud,
895 4231 1138 4300 quoniam
1167 4230 1333 4283 virum
1365 4246 1466 4284 non
1495 4245 1747 4300 cognosco
1767 4229 1794 4283 2
1830 4227 1978 4299 (Luc.
2093 4221 2204 4276 Nec
2232 4220 2356 4290 quia
2380 4216 2536 4274 Jesus
2565 4216 2786 4271 intravit
2809 4215 3087 4272 castellum
3108 4215 3230 4282 hoc,
3260 4213 3518 4269 violatum
3544 4220 3656 4267 est:

1699 4357 1921 4414 VARle
1965 4349 2367 4412 LECTIONES.

489 4479 533 4510 ¹¹
596 4476 688 4531 Vel
739 4475 905 4530 etiam
953 4487 1054 4526 ms.
1095 4471 1381 4526 Carcason.
1443 4469 1528 4523 vel
1584 4470 1753 4524 aether
1863 4469 1929 4534 _“
1987 4464 2243 4520 Dominus
2291 4463 2441 4536 misit
2499 4477 2596 4514 ms.
2654 4457 2864 4536 Care“
2887 4455 3147 4536 Dominus
3196 4451 3658 4536 JesusChristus

417 4549 566 4605 misit
742 4526 1174 4611 Non—"demergit
1225 4557 1349 4594 mss.
1413 4539 1671 4611 Carc._et
1722 4536 1790 4590 E.
1990 4553 2096 4611 non
2146 4534 2571 4611 ttos_dgmergat
2622 4545 2721 4582 ms.
2761 4526 2884 4581 507.
2955 4542 3053 4581 nos
3108 4529 3386 4611 demergat
3439 4526 3652 4611 {tireditI

606 4604 703 4672 nos
742 4592 1170 4684 demergit—ff)“
1191 4592 1494 4684 illuminare
1529 4592 1665 4684 solet
1699 4624 1832 4684 mss.
1865 4607 2132 4684 illuminet
2156 4674 2199 4684 η
2320 4601 2428 4656 Nos
2461 4592 2866 4684 mirans-nos
2915 4611 3046 4684 non,
3079 4605 3215 4684 utfit
3236 4679 3253 4684 Δ
3291 4592 3655 4684 μξζξξξξιξῌθ]

1059 4682 1146 4736 10.
1177 4682 1386 4760 omittit.
1422 4679 1707 4760 θνητάς-ειη.
1746 4679 1838 4760 ubi
1868 4677 2083 4731 additur
2134 4674 2200 4760 1⁸
2222 4666 3070 4760 iIﬁ’iane!-ma.n‘i&:staim_s;clarc.
3101 4663 3647 4760 plane:mqriiiestans

1050 4732 1428 4805 manilcstatur
1463 4750 1544 4823 _‘°
1578 4748 1778 4803 Tamen
1827 4750 1929 4802 hoc
1974 4761 2097 4799 mss.
2133 4751 2324 4823 tamen
2352 4741 2456 4823 hic
2524 4741 2568 4770 ’θ
2598 4739 2700 4792 Per
2727 4754 2909 4823 mures
2940 4732 3160 4823 mssast,
3181 4737 3330 4823 edit:
3545 4749 3644 4823 per

420 4806 673 4883 Elimia"
705 4806 1272 4892 ’T’Corrumperentur
1320 4836 1417 4874 ms.
1450 4819 1604 4892 Care.
1675 4827 2114 4892 corrumperetur
2215 4811 2494 4892 '1Li‘bido
2539 4824 2645 4863 non
2689 4823 2788 4862 ms.
2834 4807 2996 4892 gare.
3033 4806 3650 4892 libidoﬂsuperakremnon

703 4873 1221 4967 ὶιεεεῖιξὲίέᾶἦέίίὶὰ
1240 4873 1351 4967 illaec
1380 4873 1468 4921 id"
1491 4889 1600 4967 .Nec
1626 4873 1857 4967 superba
1880 4873 2174 4967 _virgitt_i_tas
2193 4879 2527 4967 εάἱιπνςριοη.
2553 4893 2667 4967 nec
2680 4875 3324 4967 strperbialvirginitatis.1
3349 4873 3404 4967 ’ί

421 4971 474 5024 in
705 4943 818 5021 7,13?
836 4943 1345 5032 carcikémpeiih'
1369 4943 1595 5014 eandem
1637 4943 1714 4994 7’3
1742 4959 1808 5012 Et
1844 4943 2118 5032 virginalis
2147 4951 2438 5032 humilitas
2486 4965 2610 5004 mss.
2645 4956 2697 5004 et
2733 4943 2884 5032 virgo
2932 4943 3324 5032 numiui...st
3365 4943 3649 5032 gravi-dari

1203 5010 1256 5062 ἦ
1281 5010 1685 5100 nupturam
1707 5010 1833 5082 nisi.
1865 5010 2108 5100 staﬁda}.
2140 5021 2297 5100 Galli.
2338 5035 2396 5074 se
2432 5035 2705 5090 nunquam
2729 5010 3048 5100 [nupturam
3191 5010 3646 5100 Yerogdic‘engutn

1229 5079 1830 5172 Υἰῖνᾷἰιῖἰῖἀῖέᾶιῖἀύ-ιῆνν
1860 5079 2577 5172 ξοβιξιξιξῐηὶεχῇνεο-ιιιθιειῖ
2592 5106 2689 5172 ms.
2723 5079 3158 5172 Carc.rsu‘bl‘imi‘s
3185 5091 3395 5172 mater;

964 5149 1197 5250 iusst;
1226 5149 1893 5250 ε’ᾴέιῗξξιἓξὲξ-’ψέξει2
1915 5149 2056 5232 Quid
2084 5149 2433 5250 lintniliu'snde
2459 5155 3293 5250 sese-ntire‘posset?nsunt-etc;

421 5223 1171 5315 Bi's'si'ﬁiagdiius'
1192 5223 1345 5296 enim
1392 5223 1453 5272 ⁷³³
1486 5223 1794 5315 Humili-tati
1820 5223 2168 5315 comparatur
2192 5248 2314 5286 mss.
2344 5229 2638 5315 humilitati
2657 5223 2940 5315 coap'tatur
2968 5224 3056 5315 ..³⁸

424 5290 1914 5381 iiiiiie‘iiii'hié'fiidifﬁﬁiﬁniiuginita'iéiii’ftabebsm
1944 5290 1960 5306 ³
1986 5305 2029 5336 ³⁸
2063 5304 2157 5358 Vel
2185 5301 2384 5381 poterit
2399 5317 2538 5381 mss.
2561 5299 2643 5353 vel
2665 5290 2784 5352 esse
2813 5294 3050 5381 poterit“
3083 5290 3652 5381 i‘AXcrt‘ttn‘cgn‘cc—d-a-

687 5359 2160 5448 'é'oiiiieuiiiiiis"“Hitiﬁuiiﬁ‘étgmauem
2185 5359 2306 5426 csse
2327 5380 2382 5448 et
2399 5369 2668 5448 ‘Clrginem
2685 5359 3058 5448 nisa—aliquam
3084 5359 3655 5448 possecsseueth'irgi:

567 5427 1518 5520 21".;a‘i'réinwiamsiiiﬁfﬁé'iirgo
1559 5427 2261 5520 nimiae-rcfEtjsicvirgo
2307 5441 2378 5520 _”
2415 5427 2638 5520 Etvideo
2681 5427 3097 5520 etiamsi'virgo
3115 5431 3336 5520 pariat,
3375 5427 3653 5520 uigilauit?

423 5499 973 5583 “talem
1002 5499 1822 5596 generabit-alium):min—Caro.
1847 5499 2050 5571 etiideo
2081 5499 2224 5594 nulla
2249 5511 2460 5596 etiamsi
2497 5510 2650 5580 virgo
2675 5505 2872 5578 pariat,
2902 5499 3073 5560 ullum
3106 5499 3338 5560 eundem
3374 5500 3456 5558 vel
3487 5499 3654 5554 alium

427 5600 586 5653 talem
613 5598 893 5670 generabit
964 5584 1032 5629 ιδ’
1051 5596 1204 5651 Dicta
1234 5601 1381 5662 sunt,
1413 5592 1556 5649 sicut
1587 5605 1715 5646 mss.
1749 5588 1893 5644 dicta
1937 5597 2066 5642 sunt
2109 5585 2183 5650 ci,
2237 5584 2374 5645 sicut
