3910 6018
284 163 386 218 657

601 163 663 218 S.
701 161 1000 224 ANSELMI
1032 157 1379 217 CANTUAR.
1418 153 1746 218 ARCHIEP,
1782 149 1854 208 ΟῙ

1964 146 2144 206 rans
2173 148 2235 205 ll.
2271 180 2340 193 —
2376 129 2750 208 pinsum.
2793 150 2882 207 ET
2917 149 3164 209 ascsr.

3432 153 3538 213 648

277 275 436 332 Jesus
479 275 624 330 enim
667 277 861 340 salvat,
910 289 1016 329 non
1057 272 1254 338 violat;
1303 271 1585 327 confracta
1629 270 1845 335 solidat,
1875 273 1923 331 Α
1947 259 2113 336 pavit,
2144 265 2419 322 sitientem
2466 267 2607 322 lacte
2648 269 2856 339 potavit
2883 271 2970 337 ⁵⁸,
3014 272 3288 328 infirmum
3325 288 3420 344 per
3456 276 3538 328 in-

280 382 388 421 non
416 365 704 437 confringit
729 365 917 421 solida.
958 361 1269 427 Secundum
1309 376 1507 418 nomen
1532 359 1669 430 ejus,
1697 361 1773 415 ita
1801 369 1858 416 et

278 473 414 528 Opus
439 459 574 526 ejus.
603 458 669 511 Et
696 458 884 510 mulier
905 461 1168 526 quaedam,
1194 453 1409 508 Martha
1441 453 1666 518 nomine,
1705 467 1858 507 exce-

277 550 352 617 pit
381 566 495 602 eum
529 549 582 601 in
624 548 835 600 domum
871 563 1020 600 suam
1044 562 1063 600 :
1090 555 1137 599 et
1165 546 1286 599 huic
1313 554 1426 599 erat
1461 559 1612 598 soror
1651 542 1858 598 nomine

279 640 476 693 Maria.
508 638 635 692 Dure
674 638 790 692 ista:
818 652 1057 703 sorores,
1087 636 1228 691 sicut
1255 635 1448 690 Patres
1473 633 1648 689 sancti
1670 632 1713 664 δι
1747 632 1858 702 ple-

278 730 502 783 nissime
526 729 680 782 nobis
707 738 1094 799 exposuerunt,
1121 729 1256 784 duas
1281 728 1334 783 in
1365 727 1424 783 S.
1450 727 1693 783 Ecclesia
1717 728 1858 784 vitas

278 819 563 888 designant
603 839 615 872 :
661 820 870 874 Martha
911 820 1140 886 scilicet,
1184 821 1460 885 activam;
1494 819 1682 882 Maria,
1722 833 1856 874 con-

278 911 664 981 templativam.
711 912 816 966 Ista
876 912 1090 966 laborat
1131 912 1198 966 ad
1244 911 1549 966 exhibenda
1595 910 1856 981 indigenti

274 1000 456 1053 omnia
479 1000 830 1055 humanitatis
851 1000 1055 1068 ofﬁcia;
1089 1001 1176 1055 illa
1197 1010 1353 1057 vacat
1369 1003 1584 1056 etvidet
1599 1003 1854 1070 quoniam

276 1091 419 1144 Deus
449 1101 533 1146 est
555 1093 621 1146 ".
651 1092 752 1146 lsta
782 1093 928 1147 circa
965 1093 1242 1148 exteriora
1273 1103 1612 1163 occupatur;
1648 1093 1736 1146 illa
1769 1093 1858 1146 in-

276 1182 474 1235 teriora
503 1182 922 1252 contemplatur.
962 1183 1120 1237 Sicut
1162 1194 1342 1238 autem
1390 1195 1566 1238 mater
1600 1183 1646 1214 “
1682 1184 1775 1238 Dei
1802 1191 1858 1238 et

205 1323 214 1332 ,
274 1272 597 1342 singularis;
640 1273 712 1327 ita
741 1282 797 1328 et
828 1274 1054 1339 istarum
1086 1274 1322 1328 vitarum
1349 1273 1593 1339 effectus,
1625 1288 1855 1344 quarum

275 1363 394 1418 ista!
413 1365 530 1419 duce
555 1379 773 1419 sorores
800 1363 846 1395 “
879 1374 1060 1435 typum
1095 1374 1302 1430 tenent,
1335 1366 1388 1419 iu
1417 1380 1482 1420 ea
1509 1366 1720 1420 exstitit
1746 1366 1857 1420 siu-

274 1457 498 1526 gularis.
545 1457 832 1527 Nunquam
885 1458 938 1512 in
989 1457 1170 1527 aliqua
1215 1473 1471 1528 persona,
1518 1458 1730 1513 Martha
1777 1457 1856 1514 sic

273 1554 495 1613 operata
530 1554 651 1612 est;
688 1562 965 1616 nunquam
1006 1546 1162 1612 alias,
1204 1548 1283 1602 sic
1321 1547 1487 1602 Maria
1523 1547 1856 1619 contempla-

1959 355 2184 411 fantiam
2213 356 2489 426 jacentem
2521 360 2569 392 "
2612 375 2719 416 non
2749 359 2922 416 solum
2953 362 3216 427 visitavit,
3246 364 3342 418 sed
3369 364 3537 420 etiam

1957 448 2259 506 balneando
2293 450 2360 517 ",
2399 451 2653 520 fovendo,
2693 451 2968 519 leniendo,
2994 453 3256 524 gestando
3285 452 3540 525 frequen-

1945 541 2113 608 ,tavit,
2145 550 2204 596 ut
2232 542 2430 599 merito
2460 543 2526 600 de
2549 559 2610 600 ea
2639 543 2891 599 dicatur:
2926 542 3103 598 Maria
3136 553 3311 598 autem
3337 551 3544 616 satage—

1959 633 2044 688 bat
2069 635 2208 688 circa
2232 634 2473 705 frequens
2500 637 2847 689 ministerium
2877 633 3031 704 (Luc.
3057 651 3111 701 x,
3139 633 3254 706 40).
3281 635 3538 704 Compre-

1955 725 2149 790 henso,
2193 735 2249 780 et
2281 726 2568 790 erucifixo,
2599 727 2753 795 quasi
2796 726 2849 780 iu
2890 740 3112 781 carcere
3133 726 3314 796 posito
3341 725 3536 792 adfuit,

1957 815 2097 869 sicut
2126 815 2390 884 scriptum
2416 823 2500 870 est
2531 829 2545 868 :
2583 812 2777 870 Stabat
2801 824 2972 867 autem
2994 813 3150 882 juxta
3179 829 3382 867 crucem
3407 812 3536 867 Jesu

1956 916 2122 959 mater
2148 904 2259 974 ejus
2291 905 2473 975 (Joan.
2507 921 2620 970 xIx,
2648 904 2764 963 25).
2795 903 2941 959 later
2961 904 3077 958 haec
3099 914 3277 957 autem
3301 903 3534 958 sollicita

1956 1005 2096 1060 erat,
2123 1005 2178 1048 et
2201 994 2536 1060 turbabatur,
2563 1009 2686 1049 cum
2711 994 2922 1064 fugeret
2945 995 2998 1048 in
3030 992 3326 1064 Egyptum
3345 1008 3374 1047 a
3400 995 3538 1049 facie

1959 1085 2203 1152 llerodis,
2227 1087 2318 1155 qui
2353 1074 2508 1141 Suum
2539 1085 2698 1141 talem
2739 1086 2907 1140 filium
2941 1086 3078 1141 adeo
3106 1087 3541 1156 persequebatur

1961 1186 2019 1230 ut
2046 1176 2244 1232 multos
2272 1192 2370 1246 pro
2393 1191 2457 1232 eo
2478 1182 2801 1248 suspectae,"
2831 1178 3005 1232 :rtatis
3029 1193 3226 1248 pueros
3245 1178 3536 1236 occideret.

1891 1279 1893 1281 ‘
1958 1267 2254 1334 Turbatur,
2288 1284 2412 1323 cum
2442 1268 2658 1324 Jutlteos
2695 1269 3015 1324 insidiantes
3040 1280 3094 1324 et
3122 1280 3352 1326 mortem
3381 1271 3430 1326 ei
3455 1273 3539 1326 in-

1957 1356 2102 1413 ferre
2123 1358 2166 1389 ⁵ο
2185 1358 2467 1413 molientes
2489 1359 2530 1389 ⁶¹
2556 1368 2927 1430 cognosceret.
2953 1359 3033 1414 Ad
3053 1358 3300 1414 ultimum
3323 1361 3536 1415 turbata

1957 1459 2042 1504 est
2078 1449 2255 1517 valde,
2286 1460 2340 1504 et
2359 1449 2514 1518 juxta
2551 1451 2820 1506 Simeonis
2857 1466 3042 1505 vocem
3077 1453 3142 1516 θ’,
3176 1467 3326 1506 suam
3370 1453 3535 1522 ipsius

1958 1544 2192 1596 animam
2232 1542 2537 1610 pertransiit
2575 1541 2781 1611 gladius
2818 1541 2968 1611 (Luc.
3007 1557 3070 1608 tl,
3101 1541 3215 1611 55),
3241 1557 3363 1597 cum
3389 1543 3536 1598 vide-

277 1637 408 1692 ιὶοηί
455 1639 686 1692 vacavit,
744 1637 1034 1708 Nunquam
1070 1639 1115 1670 ⁸³
1151 1639 1230 1706 sic
1263 1640 1421 1705 alias,
1452 1640 1539 1696 vel
1582 1642 1720 1708 hac,
1767 1641 1852 1696 vel
1883 1625 1930 1686 Β
1960 1644 2042 1689 ret
2079 1649 2234 1689 suum
2268 1633 2427 1688 talem
2473 1634 2643 1687 lilium
2671 1634 2717 1664 ⁸³
2765 1635 3177 1704 comprehendi,
3215 1634 3394 1706 ligari,
3435 1634 3534 1688 na-

273 1725 389 1793 illa,
419 1732 561 1798 quod
608 1744 763 1784 suum
803 1740 907 1797 est,
957 1731 1225 1787 exhibuit.
1271 1730 1406 1788 Cum
1448 1731 1736 1800 Martham,
1771 1733 1855 1789 vel

273 1817 498 1874 Mariam
530 1822 670 1887 dico,
693 1837 882 1877 earum
908 1823 955 1854 ⁸⁸
990 1823 1296 1894 signiﬁcata
1326 1823 1585 1895 intelligo.
1616 1824 1722 1880 Sed
1741 1824 1856 1896 jam

274 1907 553 1964 videamus
581 1910 852 1965 actionem
887 1909 1047 1979 hujus
1075 1911 1333 1979 Marthte;
1368 1912 1567 1969 deinde
1593 1913 1856 1984 conjicia-

275 2010 396 2050 tuus
420 1998 933 2068 contemplationem
956 1998 1118 2069 hujus
1137 1999 1340 2055 Mariae.
1369 2000 1458 2068 Et,
1485 2010 1545 2056 ut
1564 2001 1780 2072 planius
1802 2004 1854 2059 id

274 2085 559 2153 faciamus,
587 2090 713 2158 quid
744 2091 835 2145 alii
861 2091 1127 2146 Martham
1151 2101 1489 2162 cperantur;
1525 2103 1581 2149 et
1601 2096 1730 2165 quid
1752 2095 1854 2151 ista

271 2187 496 2248 operata
532 2187 616 2233 est
650 2181 1020 2237 conferamus.
1044 2181 1150 2237 Alii
1180 2183 1448 2254 hospitem
1475 2185 1773 2255 quemlibet
1798 2187 1853 2242 in

270 2265 430 2322 domo
465 2283 562 2322 sua
587 2271 919 2341 suscipiunt;
953 2273 1056 2329 ista
1083 2289 1189 2328 non
1226 2275 1546 2345 quemlibet,
1579 2277 1674 2332 sed
1728 2293 1856 2348 pro-

277 2359 457 2428 prium
492 2359 585 2415 Dei
627 2361 844 2432 Filium,
879 2365 969 2435 qui
1003 2381 1108 2420 non
1143 2366 1299 2421 habet
1328 2367 1416 2421 ubi
1451 2378 1606 2436 caput
1638 2369 1853 2424 reclinet

274 2448 490 2517 (Matth.
522 2466 641 2515 vnt,
665 2451 780 2522 20),
807 2470 911 2509 non
937 2455 990 2510 in
1015 2455 1199 2522 domo,
1229 2457 1322 2511 sed
1347 2457 1402 2512 in
1427 2467 1584 2512 utero
1604 2457 1850 2528 suscipit.

269 2539 375 2592 Alii
408 2541 608 2594 nudum
637 2543 937 2611 quemlibet
981 2554 1133 2600 veste
1179 2547 1424 2602 mutabili
1457 2556 1623 2617 atque
1661 2564 1886 2604 eorm--

272 2629 446 2697 ptibili
479 2631 755 2686 undelibet
778 2635 1077 2704 composita
1105 2635 1150 2668 ⁸¹¹
1179 2638 1455 2708 operiunt,
1488 2639 1589 2694 ista
1617 2639 1852 2696 Verbum

274 2719 367 2773 Dei
415 2721 814 2788 quodammodo
849 2729 1051 2781 nudum
1089 2744 1257 2785 carne
1300 2731 1505 2797 induit;
1548 2733 1675 2786 dum
1706 2733 1849 2789 idem

271 2811 494 2866 verbum
533 2814 587 2868 in
629 2815 816 2871 eadem
854 2819 1063 2889 virgine
1087 2836 1305 2877 carnem
1338 2823 1391 2879 in
1423 2825 1628 2881 unitate
1657 2826 1701 2858 ⁸⁸
1729 2841 1852 2897 per-

275 2915 422 2956 sona:
447 2905 762 2975 assumpsit,
792 2922 914 2976 quae
941 2909 1058 2964 sine
1080 2909 1185 2966 fine
1209 2910 1255 2943 δ’
1283 2912 1740 2974 incommutabilis
1761 2926 1848 2972 at-

271 3007 381 3062 que
420 2995 852 3068 incprruptibilis
891 3002 1234 3069 permanebit
1280 3003 1348 3060 ⁸⁰.
1381 3004 1495 3059 .Alii
1555 3007 1851 3078 quemlibet

270 3086 600 3144 esurientem
657 3089 738 3144 vel
785 3092 1062 3148 sitientem
1107 3093 1254 3160 cibo,
1308 3095 1391 3151 vel
1421 3105 1552 3166 potu
1591 3098 1850 3154 exteriori

277 3177 557 3245 reficiunt;
609 3179 712 3236 ista
753 3182 1026 3238 hominem
1073 3185 1242 3240 Deum
1290 3185 1330 3218 "
1365 3187 1682 3243 humanitus
1713 3188 1854 3243 iudi-

245 3316 248 3318 γ
273 3280 485 3335 gentem
509 3273 579 3338 ⁸²,
611 3288 728 3348 non
760 3276 940 3330 solum
967 3278 1329 3333 exterioribus
1355 3278 1496 3335 cibis
1525 3279 1606 3334 vel
1635 3279 1852 3349 potihus

273 3361 436 3425 pavit,
480 3364 836 3418 verumetiam
881 3365 1127 3420 interiori
1172 3382 1274 3422 suo
1311 3367 1356 3398 ⁵⁸
1404 3367 1542 3424 lacte
1573 3367 1724 3423 aluit.
1759 3366 1845 3434 Et,

273 3459 332 3530 ut
358 3451 594 3506 breviter
621 3453 709 3506 illa
739 3468 834 3508 sex
861 3455 1251 3512 misericordiae
1273 3471 1438 3527 opera
1467 3472 1853 3526 percurramus

275 3553 400 3607 qua:
438 3557 558 3596 cum
599 3544 689 3597 uni
739 3560 806 3599 ex
847 3547 1088 3602 minimis
1137 3549 1250 3604 suis
1285 3549 1421 3605 liunt
1460 3548 1527 3614 “,
1576 3549 1717 3603 Deus
1747 3549 1852 3605 sibi

274 3627 417 3682 facta
445 3631 766 3699 conﬁtetur;
795 3635 893 3688 ista
924 3651 1032 3690 non
1062 3637 1357 3707 quemlibet
1377 3653 1445 3694 ex
1470 3637 1727 3700 minimis,
1755 3639 1848 3695 sed

273 3733 544 3775 summum
579 3723 673 3778 Dei
704 3723 898 3778 Filium
927 3727 1198 3798 hospitem
1228 3729 1278 3783 in
1320 3739 1476 3785 utero
1499 3728 1738 3798 suscepit
1776 3727 1843 3795 ⁸⁸,

271 3809 474 3866 nudum
510 3825 674 3868 carne
704 3814 787 3870 vel
817 3816 980 3872 etiam
1010 3819 1205 3888 pannis
1243 3821 1473 3892 operuit,
1511 3821 1842 3878 esurientem

1957 1722 2165 1794 gellari,
2200 1724 2450 1792 conspui,
2487 1723 2659 1793 Spinis
2695 1723 2973 1789 coronari,
3011 1723 3270 1790 derideri,
3298 1723 3536 1795 colaphi-

1957 1813 2094 1879 zari,
2119 1812 2385 1884 cruciﬁgi,
2419 1814 2580 1880 mori,
2611 1813 2851 1884 sepeliri.
2897 1812 3050 1869 Unde
3074 1821 3129 1868 et
3157 1813 3297 1869 bene
3321 1815 3370 1868 ei
3400 1829 3535 1871 conc

1956 1904 2104 1974 gruit
2131 1901 2176 1934 ⁸⁸
2203 1903 2348 1973 quod
2389 1904 2591 1959 dicitur
2620 1920 2634 1957 :
2669 1903 2905 1971 Martha,
2937 1901 3174 1967 Martha,
3207 1902 3432 1958 sollicita
3457 1921 3535 1973 es,

1956 2003 2005 2049 et
2051 1993 2282 2046 turbaris
2331 2008 2457 2062 erga
2499 1991 2728 2061 plurima
2777 1991 2932 2063 (Luc.
2979 2008 3034 2058 x,
3064 1991 3178 2062 Η).
3209 1991 3377 2048 Nemo
3405 2008 3535 2050 vero

1956 2085 2170 2139 dubitat
2197 2086 2340 2154 quod
2362 2085 2422 2138 Β.
2453 2083 2622 2139 Maria
2655 2084 2821 2139 filium
2853 2100 3010 2140 suum
3038 2084 3202 2140 vellet
3223 2085 3445 2142 liberari
3467 2085 3538 2143 de

1955 2176 2102 2232 omni
2130 2175 2496 2243 tribulatione,
2541 2186 2597 2231 et
2623 2178 2861 2247 seipsam
2904 2176 2959 2232 in
2987 2176 3032 2209 “
3059 2178 3466 2248 perturbatione
3489 2179 3535 2210 “

1968 2265 2213 2338 adjuvari
2237 2283 2268 2322 a
2318 2268 2622 2333 divinitate,
2647 2283 2808 2338 quam
2829 2268 3002 2324 eidem
3031 2269 3142 2325 filio
3165 2285 3263 2325 suo
3289 2270 3465 2326 inesse
3488 2271 3532 2303 ⁸⁷

1955 2357 2162 2412 sciebat
2189 2373 2286 2428 per
2326 2359 2592 2414 theoriam
2629 2359 2694 2426 ⁸⁸,
2739 2374 2860 2430 quae
2896 2367 2982 2415 est
3023 2375 3155 2430 pars
3185 2359 3387 2416 Mariae.
3419 2359 3536 2416 Hoc

1955 2459 2060 2516 est,
2094 2451 2238 2520 quod
2269 2450 2482 2506 Martha
2510 2451 2867 2521 conqueritur
2924 2453 3067 2522 quod
3100 2467 3220 2509 eam
3245 2468 3401 2509 soror
3437 2469 3535 2510 sua

1955 2541 2236 2611 reliquerit
2265 2543 2308 2574 ε’
2339 2543 2510 2597 solam
2556 2543 2894 2610 ministrare,
2938 2552 2993 2599 et
3022 2545 3144 2616 ejus
3169 2545 3453 2600 auxilium.
3479 2545 3536 2600 in

1955 2631 2262 2686 ministerio
2288 2632 2333 2664 ⁷ο
2375 2631 2604 2702 ﬂagitat.
2636 2633 2760 2689 Hine
2803 2634 2869 2689 de
2905 2642 3059 2705 parte
3084 2633 3331 2691 Marthae.
3365 2635 3536 2690 Porro

1955 2721 2022 2776 de
2043 2731 2197 2791 parte
2219 2721 2422 2790 Mariis,
2454 2739 2575 2792 quae
2599 2723 2804 2794 Optima
2842 2725 3192 2794 praedicatur,
3221 2735 3423 2796 quanta
3449 2725 3536 2781 vel

1954 2813 2132 2884 qualis
2162 2813 2216 2868 in
2245 2813 2306 2868 Β.
2337 2814 2503 2868 Maria
2550 2815 2734 2880 fuerit,
2775 2816 2900 2886 quis
2943 2817 3105 2888 digne
3150 2816 3445 2888 loquatur?
3475 2817 3534 2874 Si

1955 2903 2080 2958 talis
2128 2912 2234 2968 est,
2284 2911 2344 2958 ut
2399 2903 2657 2968 diximus,
2710 2905 2819 2960 imo
2861 2905 2987 2975 quia
3026 2905 3220 2962 melior
3255 2915 3530 2977 estquam

1952 2993 2204 3058 diximus,
2231 2993 2283 3048 in
2303 2995 2456 3049 beata
2472 2994 2638 3048 Maria
2658 3010 2784 3066 pars
2804 2994 3052 3062 Marthae,
3071 3011 3191 3067 qua:
3213 3005 3419 3052 tantum
3439 3013 3470 3052 a
3487 2997 3530 3030 "

1955 3087 2182 3142 Domino
2214 3101 2320 3142 non
2350 3086 2631 3154 laudatur,
2663 3086 2756 3142 sed
2785 3095 2968 3142 tamen
3006 3103 3114 3144 non
3146 3088 3486 3160 vituperatur
3515 3103 3532 3143 :

1951 3177 2130 3246 qualis
2152 3189 2236 3234 est
2261 3193 2412 3249 pars,
2428 3194 2590 3249 quam
2615 3178 2878 3250 optimam
2904 3179 3072 3234 Maria
3095 3179 3278 3253 elegit,
3311 3196 3430 3253 quae
3454 3181 3536 3238 sic

1951 3267 2227 3335 laudatur,
2260 3277 2318 3323 ut
2349 3270 2418 3324 ab
2438 3285 2504 3324 ea
2531 3285 2637 3325 non
2661 3269 2864 3326 auferri
2893 3269 3075 3341 (ibid.,
3099 3271 3191 3344 42)
3227 3271 3438 3328 dicatur
3461 3273 3530 3326 ".

1951 3359 1996 3417 0
2041 3376 2208 3430 quam
2253 3376 2450 3432 magna
2480 3361 2767 3418 multitudo
2797 3363 3100 3420 dulcedinis
3140 3363 3236 3420 Dei
3267 3363 3372 3420 fuit
3397 3364 3445 3398 "
3476 3365 3532 3420 in

1954 3453 2115 3508 beata
2147 3452 2392 3524 Virgine,
2435 3453 2652 3523 quando
2696 3452 2934 3523 Spiritus
2959 3462 3180 3510 sanctus
3216 3469 3382 3525 super
3410 3469 3530 3510 eam

1952 3547 2100 3600 venit
2144 3543 2218 3610 τε,
2259 3555 2316 3601 ει
2345 3546 2516 3601 virtus
2553 3546 2817 3602 Altissimi
2853 3546 3199 3604 obumbravit
3229 3546 3280 3604 ei
3307 3546 3461 3618 (Luc.
3487 3563 3528 3614 ι,

1949 3635 2066 3700 35).
2105 3644 2162 3692 et
2196 3637 2262 3692 de
2291 3638 2480 3692 eodem
2510 3637 2713 3706 Spiritu
2751 3646 2940 3694 sancto
2972 3638 3262 3710 concepit!
3293 3637 3431 3706 Quid
3463 3637 3531 3692 de

1951 3726 2062 3782 Deo
2089 3742 2196 3782 non
2227 3729 2495 3798 sapiebat,
2523 3728 2576 3784 in
2600 3744 2703 3799 qua
2735 3730 2999 3800 sapientia
3025 3729 3120 3785 Dei
3151 3731 3353 3786 latebat
3375 3731 3440 3794 ⁷⁸,
3473 3738 3528 3784 ει

1949 3817 2004 3873 in
2051 3819 2205 3889 cujus
2252 3828 2408 3876 utero
2437 3835 2634 3892 corpus
2659 3821 2764 3876 sibi
2793 3823 3016 3894 aptabat
3045 3822 3126 3878 "‘2
3156 3822 3399 3879 Christus
3427 3832 3523 3887 est,

1579 3958 1809 4014 VARIIE
1848 3955 2249 4014 LECTlONES.

340 4085 384 4118 δι
423 4084 580 4154 Sicut
611 4086 800 4144 Patres
846 4091 1018 4146 sancti
1061 4109 1159 4147 ms.
1224 4092 1378 4148 Care.
1426 4091 1569 4148 sicut
1618 4094 1790 4149 sancti
1849 4093 2042 4150 Patres
2092 4091 2264 4147 nostri
2366 4091 2410 4122 δ’
2479 4089 2742 4158 Quoniam
2799 4092 2940 4148 Deus
3000 4102 3083 4148 est
3140 4112 3238 4150 ms.
3306 4093 3370 4148 E.
3435 4097 3522 4152 10.

269 4158 522 4223 qttoniam
590 4159 725 4213 Deus
792 4159 962 4234 bonus
1017 4171 1073 4216 et
1136 4162 1306 4234 dulcis
1364 4173 1447 4217 est
1485 4181 1584 4218 ms.
1641 4163 1796 4218 σανα.
1850 4181 2010 4234 quam
2060 4162 2199 4234 Deus
2255 4170 2338 4234 est
2473 4161 2518 4193 ⁵³
2559 4160 2712 4216 Sicut
2771 4164 2916 4234 enim
2967 4175 3320 4234 maternus.
3383 4167 3524 4223 sicut

273 4238 460 4301 autem
504 4238 694 4301 _tuater
741 4298 750 4301 _
797 4228 1131 4301 “Quarum
1191 4233 1305 4286 istae
1367 4249 1582 4287 sorores
1647 4250 1772 4288 mss.
1835 4228 2074 4301 Quarum
2139 4233 2254 4301 istae
2307 4231 2425 4286 duae
2474 4247 2686 4286 sorores
2828 4231 2874 4264 ”
2936 4234 3103 4288 Immo
3165 4233 3218 4288 in
3269 4237 3521 4294 oumibus

269 4297 392 4348 edit.
420 4294 531 4371 σοι.
583 4298 792 4371 omittit
877 4299 923 4371 ἒθ
963 4302 1091 4355 Dico
1123 4342 1137 4365 ,
1177 4318 1362 4355 eorum
1423 4319 1547 4356 mss.
1599 4304 1757 4369 dico,
1813 4294 2002 4359 earum
2117 4301 2160 4334 ’⁵⁷
2208 4300 2493 4356 Undelibet
2548 4302 2843 4371 composita
2909 4319 3007 4356 ms.
3060 4302 3214 4357 Care.
3273 4306 3520 4363 videlicet

274 4369 574 4442 composita
632 4366 698 4442 _“
738 4368 837 4442 Illa
882 4370 1117 4426 Verbum
1175 4373 1265 4426 Dei
1323 4372 1375 4426 in
1431 4372 1616 4427 eadem
1673 4366 1914 4442 virginea
1971 4387 2135 4428 carne
2177 4372 2230 4426 in
2295 4373 2498 4426 unitate
2550 4366 2687 4426 mss:
2733 4371 2889 4426 Corb.
2945 4373 3071 4426 569.
3125 4384 3172 4427 et
3211 4372 3366 4430 Carc.
3415 4379 3518 4434 ista

274 4436 504 4512 Verbum
555 4439 933 4512 Dei__quodam
988 4443 1144 4512 tundo
1204 4443 1402 4512 mulum
1461 4458 1629 4496 carne
1684 4436 1884 4508 induit,
1961 4444 2110 4512 dum"
2141 4443 2282 4496 idem
2329 4442 2563 4496 Verbum
2614 4443 2666 4496 in
2717 4444 2905 4497 eadem
2965 4441 3183 4512 Virgine
3209 4449 3512 4504 caruemin

279 4507 491 4582 unitate
513 4525 614 4582 ms.
642 4509 766 4582 507.
797 4521 845 4563 et
877 4512 1002 4582 edit.
1033 4509 1148 4582 Col.
1178 4511 1334 4582 i576.
1367 4513 1468 4567 ista
1501 4513 1734 4568 Verbum
1765 4515 1818 4568 in
1851 4513 2045 4568 eadem
2071 4511 2293 4582 Virgine
2321 4527 2540 4566 carnem
2568 4513 2620 4565 in
2649 4512 2856 4568 unitate
2883 4530 2980 4567 ms.
3019 4507 3088 4567 Εἴ
3137 4515 3222 4569 10.
3264 4515 3351 4569 illa
3383 4518 3517 4574 Ver-

285 4575 409 4652 bum
439 4577 532 4631 Dei
569 4579 620 4631 in
661 4579 848 4652 eadem
886 4579 1125 4652 Virgine,
1151 4581 1296 4636 salva
1329 4582 1449 4652 ejus
1477 4583 1806 4652 integritate,
1834 4583 1998 4638 homo
2026 4575 2248 4646 factum,
2275 4596 2492 4636 carnem
2519 4583 2570 4636 in
2601 4582 2807 4636 unitate
2879 4582 2924 4614 "
2955 4583 3084 4649 Quae
3112 4585 3231 4640 siue
3273 4585 3380 4640 [ine
3413 4606 3531 4652 mss.

275 4643 712 4724 gare-aromata}:
742 4651 859 4724 sine
888 4643 1008 4703 tine'
1061 4643 1429 4708 "Permanet
1454 4643 1943 4724 mssfpermanebit
2013 4653 2058 4684 “
2095 4653 2198 4708 Ista
2232 4643 2398 4724 Deum
2426 4661 2479 4706 et
2504 4652 2776 4724 hominem
2819 4669 2947 4708 mss.
2967 4643 3284 4710 "hominem
3349 4643 3516 4713 Deum

273 4714 1075 4813 fl.““'Jl“l‘lf‘1£‘ii?‘fi?f"‘3'ff’
1103 4737 1230 4813 ’βετ-
1265 4724 1395 4813 εείίτε
1422 4714 1696 4813 Works.
1713 4723 1871 4813 (ἐσσι-
1901 4724 2210 4813 ιιειπιειιίιιιε
2229 4721 2949 4813 labuntur.umerus:
2974 4724 3224 4813 ,[ιειξιξξιιιε
3248 4726 3512 4813 indiser-

277 4795 381 4864 tem
414 4854 426 4864 _
455 4784 503 4816 ”
541 4786 786 4864 Interiori
813 4784 912 4841 suo
957 4791 1083 4864 edit.
1112 4790 1396 4864 (ioliuteri
1422 4794 1537 4864 sui,
1578 4794 1625 4827 “
1663 4794 1790 4850 Suis
1827 4794 1964 4850 fecit
2002 4809 2126 4864 mss.
2179 4792 2293 4847 suis
2332 4784 2495 4864 fiunt
2537 4792 2584 4864 εδ
2615 4789 2896 4864 Hospitem
2926 4796 3165 4864 suscepit
3209 4812 3307 4850 ms.
3355 4784 3512 4854 σαῖς.

277 4854 542 4934 hospitem
568 4857 619 4910 iu
649 4865 810 4934 utero_
818 4861 1062 4934 suscepit
1130 4861 1177 4934 ξ’
1217 4861 1502 4934 Sitientem
1529 4863 1668 4920 lacte
1693 4865 1900 4934 potavit
1940 4880 2051 4934 ms.
2071 4862 2358 4916 Carcason.
2393 4862 2584 4915 omittit
2651 4862 2702 4934 _"_’
2728 4854 2809 4934 "Et
2829 4854 3100 4931 jacenteui
3128 4867 3254 4919 edit.
3281 4865 3396 4920 Col.
3429 4869 3518 4920 ul-

275 4927 402 5006 tima
429 4935 491 5006 et
507 4935 716 5006 aetatem
789 4928 837 5006 ξε
852 4927 1184 5006 _Balncando
1215 4950 1312 4986 ms.
1341 4933 1500 4987 Care.
1544 4927 1842 5006 habitando
1911 4934 1962 5006 ᾲ³ν⁹
1985 4932 2199 5006 Multos
2227 4942 2492 5006 suspecta;
2513 4949 2609 4986 ms.
2637 4932 2704 4985 E.
2724 4927 3183 5006 _10.'multus_pro
3212 4951 3276 4991 eo
3326 4953 3514 5006 suspe-

273 5005 374 5050 ctae
449 4996 492 5028 ⁶⁰
531 4998 753 5051 Mortem
789 4998 988 5053 inferre
1011 5017 1112 5054 ms.
1143 5000 1297 5056 Care.
1330 5013 1558 5058 mortem
1602 5005 1650 5058 ei
1685 5005 1830 5058 ferre
1905 5004 1948 5035 ⁶¹
1985 5003 2263 5056 Molientes
2301 4996 2399 5054 ms.
2454 5001 2607 5056 Care.
2652 5003 2894 5058 volentes
2967 5004 3010 5035 ⁶¹
3049 4996 3208 5058 Juxta
3243 4996 3515 5062 Simeo'uis

274 5081 459 5120 vocem
485 5083 610 5148 mss.
762 5069 847 5123 10.
879 5082 925 5123 et
955 5071 1637 5148 gargjuxtaSimeonem
1715 5073 1761 5106 ⁸⁸
1791 5074 1990 5148 Filium
2022 5073 2268 5148 fideret"
2289 5087 2388 5148 m_s.
2433 5071 3018 5148 Carc._filium_viderit
3057 5075 3134 5148 _“
3165 5075 3224 5129 Ei
3263 5088 3513 5148 congruit

272 5151 398 5212 mss.
429 5146 481 5192 et
508 5139 712 5212 benegei
746 5141 995 5212 congrui_t
1052 5141 1111 5212 ἐξ
1139 5138 1217 5195 Et
1242 5144 1478 5212 seipsum
1511 5145 1564 5198 in
1589 5159 1721 5198 mss.
1751 5154 1798 5197 et
1835 5145 1981 5198 Edit.
2013 5140 2128 5195 Col.
2153 5153 2200 5196 et
2227 5140 2382 5212 Goth.
2425 5151 2480 5194 et
2533 5143 2766 5212 seipsam
2806 5143 2858 5197 in
2903 5161 3004 5198 ms.
3045 5141 3201 5198 Cai'c.
3246 5156 3301 5200 et
3346 5138 3404 5200 se
3455 5147 3508 5200 in

273 5205 319 5235 ⁸⁸
358 5206 769 5280 Perturbatione
800 5205 921 5263 mis.
950 5209 1015 5263 E.
1044 5211 1129 5265 10.
1157 5211 1280 5266 307.
1309 5205 1356 5266 ἐι
1386 5212 1538 5267 Care.
1571 5214 1882 5269 turbatione
1911 5230 2017 5266 ms.
2059 5211 2184 5266 596.
2220 5211 2562 5266 tribulatione
2618 5205 2678 5245 ’⁸⁷
2720 5214 2890 5280 Quam
2918 5215 3027 5269 ﬁlio
3056 5231 3152 5269 suo
3177 5217 3352 5270 inesse
3375 5234 3502 5271 mss.

274 5278 636 5354 quameident
668 5279 776 5334 filio
800 5281 976 5354 inesse
1001 5297 1099 5336 ms.
1151 5280 1306 5354 Care.
1353 5297 1459 5354 qua
1483 5283 1664 5354 eidem
1701 5283 1808 5338 filio
1853 5285 2060 5354 inesse__
2106 5283 2149 5318 ⁸⁸
2191 5281 2627 5354 Pc_r_'l‘heoriam
2656 5278 2782 5354 ms.“
2821 5282 2977 5354 Care.
3032 5299 3128 5354 per
3175 5285 3496 5342 Theoricam

272 5345 318 5376 "
357 5345 652 5415 Reliquerit
679 5366 775 5424 ms
807 5350 958 5404 Care.
990 5366 1082 5404 sua
1116 5351 1335 5422 reliquit
1370 5345 1452 5424 '7"
1479 5352 1534 5424 lin
1563 5353 1862 5409 ministerio
1890 5371 1988 5407 ms.
2019 5350 2173 5424 Caro.
2194 5351 2562 5424 ministerium
2582 5354 2707 5424 edit.
2743 5351 2858 5407 Col.
2887 5355 2939 5408 in
2965 5345 3222 5424 misterio
3297 5357 3341 5388 '”
3369 5357 3501 5424 Quze

273 5426 453 5494 tamen
463 5433 642 5494 ‘ahms.
703 5418 1003 5494 gat-mana:
1033 5418 1293 5494 tantum’a
1321 5423 1448 5494 edit.
1471 5423 1585 5476 Col.
1619 5439 1738 5493 qua:
1763 5424 1980 5494 quidem
2004 5437 2034 5475 a
2107 5423 2155 5454 "
2192 5421 2775 5494 Non_auferri_dicatur
2801 5441 2928 5478 mss.
2966 5418 3181 5480 auferre
3217 5441 3324 5482 non
3351 5418 3501 5482 dica-

275 5493 364 5564 tur
406 5486 483 5566 -.τ’
505 5486 826 5566 Ριιιελειιίιιίε
856 5486 951 5544 fuit
981 5506 1106 5566 mss.
1151 5491 1459 5566 dulcedinis
1481 5495 1573 5566 Dei
1605 5486 1705 5549 fuit
1749 5486 2026 5566 ri‘kSuper
2050 5505 2169 5566 eam
2206 5492 2352 5547 venit
2380 5508 2478 5566 ms.
2524 5491 2678 5566 Care.
2704 5493 2758 5548 in
2785 5508 2908 5566 eam,
2935 5497 3248 5566 supervenit
3320 5498 3366 5532 "
3394 5498 3500 5555 Sa-

272 5554 472 5624 pientia
503 5555 949 5618 Dcilatebatms.
972 5558 1126 5617 Carr.
1157 5563 1420 5634 sapientia
1446 5564 1657 5624 latebat
1735 5564 1782 5599 "
1820 5554 1944 5624 Sibi
1967 5563 2191 5636 aptabat
2218 5579 2316 5620 ms.
2370 5561 2523 5621 (ἔατε.
2553 5563 2656 5622 sibi
2700 5565 2990 5636 coaptabat

3524 5705 3565 5719 ,ί
