3910 6018
229 177 336 238 649

1347 165 1654 226 ΙΙΟΜΙΙΛΑΞ
1687 165 1772 222 ΕΤ
1805 159 2401 220 EXHORTATIONES.

3390 156 3500 214 650

225 299 302 352 ait
325 297 373 331 τ’
394 291 700 364 Apostolus,
727 291 820 346 Dei
849 292 1036 352 uirtus,
1075 301 1120 344 et
1147 289 1240 343 Dei
1259 289 1516 358 sapientia
1547 287 1596 359 (Ι
1622 287 1742 340 (.‘or.
1771 301 1812 348 ι,
1845 282 1884 334 Α
1917 283 2228 330 noscuntur.
2279 273 2410 326 Nam
2437 268 2730 364 Phari-“(cii
2773 268 2860 337 tl"i
2881 268 3314 364 i_'_ti“"P"‘"'_-"“""'_
3341 269 3512 330 άίυίείι

224 387 324 456 ειι)
351 403 365 439 :
396 395 451 441 et
480 385 508 438 1
518 403 550 439 ιι
573 400 640 440 eo
663 393 783 438 sunt
815 400 992 438 omnes
1028 383 1260 436 thesauri
1285 381 1554 450 sapientite
1577 389 1622 432 ct
1649 379 1817 432 scicn-

227 481 319 534 tia:
345 477 634 532 absconditi
655 473 879 546 (Coloss.
905 491 966 537 ιι,
984 475 1064 542 5),
1083 473 1328 528 Christus
1351 481 1530 525 autem
1547 471 1598 524 in
1625 469 1811 524 Maria.

227 569 374 640 Ergo
405 569 498 622 Dei
521 567 696 622 virtus
726 575 781 620 et
817 566 908 620 Dci
943 565 1236 634 sapientia,
1275 573 1330 617 ct
1357 578 1548 616 omnes
1575 561 1814 617 thesauri

225 657 516 728 sapientiae
543 665 598 711 ct
625 655 866 710 scientia:
908 655 962 708 in
999 652 1166 707 Maria
1201 653 1270 706 ⁷⁸.
1301 651 1427 706 Haec
1459 667 1566 704 non
1607 659 1814 704 tantum

227 749 299 802 ad
331 747 515 816 pedes,
543 745 638 799 sed
664 744 828 799 etiam
858 743 1119 812 ad'caput
1163 741 1373 796 Domini
1402 741 1599 795 sedens
1626 739 1816 794 audie-

226 836 327 890 bat
355 837 582 890 verbum
605 849 672 888 ex
701 849 796 888 ore
822 833 870 866 "
897 833 1035 903 ejus.
1079 832 1202 887 llaec
1243 833 1604 886 conservabat
1633 831 1814 885 omnia

227 927 278 959 ⁸⁸
311 928 472 982 verba
516 925 853 996 angelorum,
891 935 1193 995 pastorum,
1231 939 1532 994 magorum,
1581 939 1680 978 nec
1709 939 1814 976 non

231 1019 411 1088 ipsius
441 1016 533 1070 lilii
569 1017 674 1080 sui,
704 1017 992 1071 conferens
1021 1015 1072 1068 in
1107 1015 1274 1070 corde
1305 1028 1404 1067 suo
1433 1013 1586 1082 (Luc.
1613 1029 1672 1075 ιι,
1703 1013 1812 1084 t9).

227 1110 406 1166 Nemo
437 1125 674 1178 unquam
727 1109 866 1164 sicut
905 1108 1015 1178 ipsa
1046 1107 1284 1176 gustavit
1321 1121 1482 1175 quam
1525 1106 1704 1160 suavis
1735 1113 1817 1159 est

227 1199 497 1255 Dominus
523 1197 697 1268 (Psal.
735 1214 924 1260 χχχιιι,
959 1199 1037 1268 9).
1069 1197 1449 1252 lucbriabatur
1471 1198 1538 1251 ab
1571 1199 1816 1254 ubertate

223 1292 425 1346 domus
462 1290 575 1354 Dei,
619 1297 676 1345 et
721 1299 960 1346 torrente
985 1291 1274 1360 voluptatis
1295 1288 1410 1357 eius
1437 1290 1480 1322 ⁸⁸
1529 1292 1817 1360 potabatur

229 1380 406 1449 (I’sal.
441 1395 616 1448 xxxv,
657 1381 734 1450 9).
801 1379 912 1434 Nec
940 1381 1170 1444 mirum;
1205 1382 1457 1449 quoniam
1491 1383 1630 1452 apud
1670 1397 1813 1448 eam,

227 1467 344 1522 imo
387 1469 526 1524 intra
569 1485 690 1524 eam
737 1479 852 1524 erat
899 1469 1020 1524 fons
1061 1472 1184 1525 vita:
1225 1469 1414 1540 (tbid.,
1459 1471 1571 1543 l0),
1615 1475 1682 1527 de
1709 1489 1817 1542 quo

231 1559 498 1614 manabat
536 1569 732 1616 cuncta
769 1561 1032 1629 perfectio
1067 1562 1113 1593 ³³
1159 1564 1444 1634 utriusque
1484 1565 1622 1619 vine.
1657 1563 1812 1620 Circa

227 1647 488 1719 plurima,
538 1660 596 1703 ιιι
635 1650 866 1717 Martha,
913 1654 1318 1721 occupabatur;
1357 1655 1500 1710 circa
1533 1672 1721 1722 unum,
1755 1665 1810 1710 ut
1849 1643 1887 1696 Β
1914 1651 2112 1702 durare
2157 1665 2368 1718 panem,
2415 1649 2466 1702 id
2505 1657 2590 1702 est
2625 1656 2686 1701 ut
2715 1655 2936 1714 caperet
2967 1648 3170 1710 cibum,
3203 1648 3305 1702 hoc
3334 1657 3504 1704 estut
3589 1653 3598 1658 ”

231 1737 430 1804 Maria,
475 1740 870 1806 delectabatur,
919 1743 1042 1812 quia
1101 1761 1264 1798 nuinn
1313 1755 1396 1801 est
1441 1750 1808 1803 necessarium

231 1830 390 1902 (Luc.
440 1847 499 1896 ιι,
549 1831 672 1902 49.);
723 1833 960 1906 plurima
1011 1833 1351 1902 auferuntur,
1399 1853 1562 1892 unum
1611 1849 1811 1894 manet.

231 1923 604 1993 Siugulariter
629 1924 798 1992 igitur
821 1934 1032 1994 partem
1069 1925 1292 1981 Marthze
1321 1929 1550 1999 peregit,
1578 1929 1816 1999 singula-

235 2011 376 2066 riter
399 2013 656 2081 optimam
689 2023 898 2083 partem
932 2013 1114 2069 Maria:
1146 2017 1308 2086 elegit
1344 2034 1356 2070 :
1393 2019 1486 2072 sed
1511 2033 1637 2088 pars
1666 2017 1815 2073 Mar-

235 2103 348 2156 tha:
377 2103 425 2156 ci
453 2101 698 2157 aufertur
723 2103 912 2173 (lbid.,
937 2105 1050 2171 42).
1081 2105 1200 2161 .lam
1228 2107 1373 2161 enim
1399 2123 1503 2162 non
1539 2110 1644 2164 erit
1672 2109 1818 2163 solli-

239 2191 352 2246 cita
385 2201 442 2244 ut
471 2193 744 2248 ministret
773 2195 845 2260 ei,
869 2180 1010 2250 sicut
1039 2213 1227 2266 puero,
1259 2199 1344 2253 cui
1377 2214 1568 2255 omnes
1598 2201 1819 2256 ordines

235 2283 556 2353 angelorum
599 2285 930 2354 ministrant,
968 2297 1028 2342 ut
1069 2289 1316 2345 Domino.
1347 2289 1466 2344 Jam
1500 2306 1604 2344 non
1635 2293 1818 2346 turba-

233 2375 384 2430 bitur
415 2376 632 2447 fugiens
667 2393 790 2432 cum
823 2393 890 2434 eo
917 2380 970 2434 in
1000 2378 1294 2451 {Egyptum
1333 2397 1363 2436 a
1393 2382 1532 2436 facie
1557 2381 1814 2448 Herodis;

233 2466 366 2536 quia
397 2465 512 2535 ipse
537 2468 784 2523 ascendit
815 2469 866 2522 in
903 2469 1124 2536 coelum,
1171 2483 1227 2525 et
1261 2470 1500 2527 llcrodes
1542 2473 1820 2528 descendit

233 2555 292 2610 in
319 2554 588 2610 infernum
611 2573 641 2610 ιι
667 2557 804 2612 facie
829 2558 877 2590 ⁸³
905 2559 1046 2630 ejus.
1075 2557 1194 2614 iam
1223 2575 1329 2614 non
1366 2561 1670 2618 turbabitur
1692 2577 1818 2632 erga

233 2645 492 2715 plurima,
521 2663 642 2718 qua:
671 2645 922 2704 fecerunt
965 2651 1076 2705 tilio
1106 2665 1206 2706 suo
1235 2649 1438 2717 Judaei;
1467 2653 1594 2722 quia
1636 2653 1820 2708 omnia

235 2737 478 2805 subjecta
501 2751 627 2796 sunt
647 2743 694 2798 ei
712 2741 762 2812 (1
787 2742 909 2797 Cor.
925 2743 1036 2813 xv).
1052 2743 1170 2798 Jam
1197 2745 1338 2800 filius
1357 2745 1534 2800 Maria:
1551 2761 1580 2800 a
1601 2745 1821 2810 Judaeis,

235 2831 322 2886 rel
377 2833 656 2901 militibus,
698 2850 802 2890 nou
825 2833 1201 2906 tlagellabitur,
1233 2851 1333 2894 nec
1360 2839 1669 2905 occidetur;
1698 2839 1822 2909 quia

237 2919 490 2976 Christus
515 2941 580 2979 ea:
605 2931 826 2982 mortuis
849 2945 1121 2999 resurgens
1135 2929 1250 2999 jam
1279 2947 1382 2985 non
1410 2934 1653 2998 moritur,
1683 2947 1822 2986 mors

235 3011 320 3066 illi
367 3013 510 3068 ultra
552 3034 656 3071 nou
699 3021 1056 3074 dominabitur
1087 3021 1266 3091 (Rom.
1301 3039 1377 3086 Vl,
1423 3024 1478 3094 9)
1533 3023 1666 3078 Pars
1691 3039 1822 3094 ergo

245 3103 474 3159 Martha:
501 3107 548 3139 “
587 3109 636 3163 ei
667 3111 914 3165 aufertur
953 3112 1024 3178 ⁸⁸,
1056 3111 1324 3168 εοιΗιοιιο
1367 3127 1496 3178 suo;
1535 3127 1664 3181 pars
1695 3129 1822 3168 vero

241 3194 426 3251 Maria:
447 3195 496 3228 ⁸⁸
537 3199 586 3252 ei
631 3201 930 3271 perficitur,
977 3219 1096 3272 qua:
1143 3219 1249 3258 non
1295 3203 1576 3258 auferetur
1621 3205 1690 3260 ab
1733 3220 1816 3260 ca.

239 3287 487 3345 Exaltata
537 3302 620 3347 est
673 3294 818 3348 enim
853 3309 1019 3364 super
1046 3297 1244 3350 choros
1275 3297 1614 3366 angelorum,
1651 3297 1823 3368 reple-

239 3385 353 3431 tum
400 3389 486 3433 est
537 3381 590 3434 in
643 3383 801 3437 bonis
847 3383 1176 3438 desiderium
1220 3400 1376 3440 suum
1408 3385 1581 3450 (Psal.
1613 3401 1708 3454 cn,
1739 3387 1818 3456 5),

237 3469 383 3524 videt
407 3471 570 3526 Deum
601 3472 738 3529 facie
765 3476 830 3529 ad
858 3475 1068 3544 faciem,
1093 3477 1249 3532 sicuti
1273 3479 1420 3548 est(l
1447 3481 1608 3533 Joan.
1631 3495 1717 3548 ιιι,
1739 3480 1817 3549 ‘2),

242 3563 446 3631 gaudet
471 3579 592 3618 cum
621 3565 732 3620 filio
761 3567 812 3620 in
844 3577 1130 3623 :etcrnum.
1163 3569 1286 3624 llaec
1316 3581 1400 3624 est
1431 3585 1559 3640 pars
1593 3573 1817 3641 optima,

243 3669 366 3723 qua!
395 3671 500 3710 non
532 3657 812 3712 auferetur
853 3659 922 3714 ab
947 3675 1052 3727 ea;
1095 3661 1247 3732 cujus
1277 3671 1330 3716 et
1376 3677 1473 3718 nos
1523 3664 1820 3732 participes

237 3745 430 3808 simus,
461 3747 668 3802 meritis
691 3756 746 3802 et
772 3751 1024 3820 precibus
1048 3751 1182 3822 ejus,
1213 3768 1310 3822 per
1339 3751 1522 3808 Jesum
1543 3752 1818 3808 Christum

237 3831 435 3888 Filium
463 3835 602 3915 ejus,
633 3839 726 3908 qui
757 3839 891 3893 vivit
918 3849 973 3894 et
1011 3851 1201 3911 regnat
1241 3857 1364 3896 cum
1415 3843 1525 3898 Deo
1569 3842 1732 3898 Patre
1766 3844 1818 3898 in

239 3924 448 3980 unitate
497 3928 735 3997 Spiritus
780 3931 951 3986 sancti
1001 3932 1071 3998 ⁸⁷,
1131 3947 1226 4002 per
1269 3934 1450 3989 omnia
1499 3935 1818 3992 saeculorum

238 4016 456 4070 saecula.
488 4019 658 4072 Amen
683 4019 750 4074 ⁸⁸.

729 4109 890 4180 130
928 4110 1210 4166 HOMILIA
1249 4111 1322 4167 ιι.

237 4197 292 4252 In
325 4215 658 4258 svancsuuu
684 4219 956 4260 secusne!
985 4204 1169 4262 Lucan
1203 4225 1214 4260 :
1253 4205 1384 4261 Cum
1417 4207 1636 4261 intraret
1660 4207 1818 4262 Iesus

311 4294 366 4348 in
397 4296 609 4350 domum
637 4299 916 4368 cujusdam
950 4300 1200 4370 principis
1247 4297 1642 4354 Pharisworum
1685 4299 1820 4355 Sab-

311 4387 432 4440 bato
469 4389 788 4444 ntanducare
814 4407 1040 4458 panem;
1078 4401 1124 4445 et
1153 4391 1255 4460 ipsi
1298 4389 1640 4445 observabant
1672 4407 1814 4445 eum.

309 4475 371 4529 Et
403 4477 629 4548 reliqua.
659 4479 810 4547 (Luc.
841 4495 950 4544 ιιιν,
982 4480 1060 4550 l.)

307 4565 453 4634 llaec,
479 4585 600 4638 quze
623 4587 766 4624 nunc
788 4573 1080 4626 secundum
1107 4571 1388 4627 historiam
1417 4571 1550 4626 mira
1575 4570 1816 4628 referun-

239 4667 346 4726 tur,
374 4663 672 4716 seeunduiu
711 4663 1010 4732 spiritalem
1059 4679 1280 4721 sensum
1329 4664 1450 4734 plus
1492 4663 1813 4719 admiranda

1919 367 2220 434 significant
2249 365 2462 419 .lndatos
2485 362 2552 416 ab
2571 362 2820 414 omnibus
2845 359 2967 414 aliis
2993 359 3244 430 gentibus
3267 361 3502 414 circum.

1917 457 2128 511 cisione
2185 465 2242 510 ct
2307 455 2424 524 lege
2481 453 2706 506 divisos.
2777 451 3041 520 Princeps
3103 451 3500 508 Pharisarorum

1917 547 2146 618 mystice
2175 559 2256 600 cs1
2323 543 2568 613 pontifex
2587 544 2730 596 nolim
2757 540 3088 596 Juda‘orum.
3113 542 3314 598 Domus
3344 545 3493 612 prin-

1916 639 2050 708 cipis
2101 636 2282 703 hujus,
2321 636 2626 706 Syuagoga.
2681 633 2746 688 In
2793 648 2956 702 quam
3020 633 3230 688 scilicet
3288 635 3500 690 domum

1919 727 2144 782 intravit
2173 725 2452 788 Dominus,
2480 725 2698 794 quando
2721 735 2968 794 tanquam
2991 727 3504 794 sponsusprocedens

1917 819 1982 873 de
2001 819 2236 874 thatamo
2255 817 2429 888 (Psal.
2463 817 2704 886 xvnt,6),
2731 825 2890 871 natus
2918 829 3000 872 est
3037 818 3090 870 in
3117 817 3270 887 plebe
3291 815 3502 873 Judzeo-

1923 928 2044 966 rum
2089 927 2156 966 ex
2197 911 2532 966 intemerata:
2573 907 2814 980 Virginis
2862 918 3048 974 utero;
3103 921 3162 964 et
3215 909 3322 965 hoe
3371 907 3504 966 fecit

1917 1005 2172 1070 Sabbato,
2201 1005 2254 1060 id
2287 1013 2369 1060 est
2397 1020 2520 1059 cum
2543 1003 2658 1074 jam
2689 1013 2972 1058 cessarent
2993 1001 3143 1071 juxta
3187 1003 3280 1058 Dei
3311 1003 3500 1057 volun-

1919 1107 2086 1154 tatem
2117 1095 2358 1152 carnalia
2391 1095 2524 1164 legis
2553 1109 2742 1165 opera,
2777 1103 2831 1148 ct
2859 1109 3084 1162 operum
3112 1094 3291 1148 edicta
3317 1109 3333 1158 ;
3371 1094 3500 1162 quia

1921 1189 2004 1244 lex
2037 1197 2090 1242 et
2123 1187 2402 1258 propheta:
2437 1201 2610 1254 usque
2641 1186 2704 1238 ad
2733 1182 3020 1239 Joannem.
3045 1182 3176 1236 Nam
3201 1185 3498 1238 secundum

1916 1274 2098 1350 lcgcm’
2123 1279 2364 1332 Sabbato
2403 1275 2719 1330 cessabatur
2761 1275 2830 1326 ab
2862 1274 3124 1328 exteriori
3165 1275 3410 1340 actione;
3445 1283 3506 1328 ct

1919 1371 2042 1426 ideo
2077 1369 2298 1424 Sabbati
2335 1369 2550 1422 nomine
2582 1368 2898 1436 designatur
2927 1368 3159 1422 cessatio
3198 1367 3498 1422 carnalium

1919 1461 2054 1530 legis
2080 1462 2250 1530 ipsius
2292 1459 2588 1514 actionum.
2619 1457 2676 1512 ln
2707 1457 3012 1528 hujusmodi
3047 1457 3288 1512 Sabbato
3322 1459 3498 1512 Domi-

1921 1571 2024 1608 nus
2051 1556 2103 1609 in
2133 1556 2344 1608 domum
2379 1554 2694 1623 praedictam
2731 1553 2976 1616 intravit,
3012 1563 3066 1606 ct
3095 1553 3319 1606 intravit
3351 1571 3504 1608 mane

1919 1739 2117 1794 iaceret
2147 1739 2327 1794 Patris
2351 1739 2710 1794 voluntatem.
2735 1737 2828 1791 Ait
2855 1737 2998 1791 cuint
3021 1756 3034 1790 :
3065 1737 3210 1790 Meus
3235 1739 3382 1790 ribus
3405 1749 3502 1800 est,

1918 1842 1972 1886 ut
2003 1832 2198 1898 {ariam
2227 1831 2540 1886 voluntatem
2559 1831 2674 1900 ejus
2695 1831 2784 1897 qui
2809 1847 2888 1883 me
2913 1830 3051 1884 misit
3073 1829 3256 1899 (Joan.
3283 1848 3356 1894 tv,
3385 1831 3500 1902 54).

1993 1923 2054 1976 Et
2079 1923 2176 1992 ipsi
2199 1923 2538 1977 observabant
2560 1939 2700 1984 eum,
2725 1925 2776 1977 id
2800 1933 2902 1994 est,
2933 1923 3098 1977 etiam
3127 1923 3246 1993 ipsi,
3267 1923 3332 1977 ad
3356 1939 3496 1992 quos

1917 2023 2158 2074 venerat,
2221 2013 2619 2068 insidiabantur
2669 2015 2737 2068 ei.
2775 2012 3270 2080 .Significaverunt
3321 2023 3502 2068 autent

1916 2119 2036 2158 eam
2065 2103 2372 2158 Judzeorum
2399 2113 2635 2172 partem,
2669 2105 2718 2156 in
2746 2120 2850 2174 qua
2881 2114 2932 2160 et
2963 2106 3060 2174 ipsi
3093 2115 3272 2170 erant,
3305 2121 3426 2174 qua:
3451 2107 3502 2160 ei

1919 2209 2132 2262 semper
2149 2193 2396 2248 invidens
2413 2193 2790 2261 insidiabatur,
2808 2207 2864 2249 et
2885 2197 3158 2264 qu-ercbat
3187 2199 3506 2254 occasiones

1921 2285 2348 2356 reprehendendi
2376 2285 2458 2340 vel
2497 2286 2788 2340 accusandi
2819 2300 2964 2340 eum.
3269 2339 3276 2346 ,

1993 2377 2060 2432 Et
2099 2393 2212 2432 ecce
2239 2378 2394 2430 homo
2425 2377 2641 2446 quidam
2683 2377 3000 2447 hydropicus"
3037 2393 3150 2432 erat
3177 2391 3298 2432 ante
3329 2379 3498 2434 illum.

1925 2468 2260 2538 Ilydropicus
2313 2468 2416 2524 istc
2466 2469 2558 2536 qui
2605 2481 2715 2522 erat
2753 2470 2804 2522 iu
2841 2471 3002 2524 (Ιοιιιο
3029 2473 3280 2540 principis
3314 2470 3500 2526 Phari-

1920 2575 2168 2623 sa’orum,
2205 2567 2364 2630 typus
2413 2558 2516 2614 fuit
2549 2559 2752 2629 populi,
2807 2562 2898 2631 qui
2945 2572 3066 2616 erat
3119 2563 3170 2618 in
3219 2563 3504 2634 Synagoga

1921 2649 2252 2715 intimorum,
2295 2649 2542 2704 avaritiae
2591 2653 2782 2704 inorbo
2837 2653 3111 2706 laborans.
3171 2652 3504 2724 llydrapirus

1921 2743 2089 2804 enim,
2123 2759 2232 2812 quo
2278 2743 2510 2812 amplius
2555 2744 2708 2808 bibit,
2761 2761 2824 2798 eo
2857 2745 3090 2816 amplius
3137 2747 3276 2802 sitit.
3327 2747 3420 2801 Sic
3449 2757 3506 2802 et

1924 2852 2122 2890 avarus
2151 2851 2260 2905 quo
2286 2837 2460 2907 magis
2493 2837 2776 2906 pecuniam
2809 2847 2988 2906 auget,
3025 2853 3091 2892 eo
3131 2840 3302 2908 magis
3335 2855 3502 2908 pecu-

1927 2928 2030 2984 nia:
2056 2927 2144 2982 siti
2176 2928 2358 2993 ardet;
2407 2937 2462 2983 et
2500 2929 2546 2984 ci
2577 2929 2760 2982 crescit
2801 2945 2952 2982 antor
2983 2932 3204 2994 nummi,
3247 2940 3502 2998 quantum

1925 3021 2037 3085 ipsa
2069 3019 2286 3088 pecunia
2331 3021 2532 3074 crescit.
2579 3017 2874 3086 Talemque
2915 3019 3176 3076 Dominus
3203 3020 3504 3093 Synagoga:

1923 3109 2176 3178 populum
2209 3109 2432 3174 invenit,
2471 3109 2562 3178 qui
2595 3109 2766 3164 solum
2805 3109 2938 3180 legis
2979 3110 3214 3166 litteram
3243 3113 3504 3167 occiden-

1925 3211 2032 3254 tem
2061 3199 2396 3262 sectabatur,
2427 3209 2482 3254 et
2507 3201 2758 3270 spiritum
2788 3199 3150 3256 vivificantem
3190 3203 3500 3272 nesciebat;

1923 3302 2086 3360 atque
2141 3289 2562 3360 promissioncs,
2613 3305 2734 3360 quae
2781 3285 3076 3344 secundum
3137 3292 3375 3348 litteram
3431 3295 3502 3348 ibi

1923 3379 2142 3435 nonnnisi
2193 3380 2442 3436 carnales
2499 3380 2868 3444 iiweuiuntur,
2917 3383 3272 3451 exspectabat
3320 3399 3350 3437 a
3398 3384 3504 3440 Deo

1921 3487 2021 3541 pro
2053 3472 2488 3527 remuneratione
2527 3472 2770 3526 laborum
2811 3487 3052 3537 suorum,
3096 3473 3236 3530 velut
3271 3475 3506 3530 maxima

1921 3565 2060 3618 bona
2093 3581 2106 3617 :
2134 3573 2186 3618 ct
2217 3564 2338 3619 ideo
2364 3579 2423 3619 sc
2447 3573 2618 3620 totmn
2651 3567 2702 3620 in
2733 3568 2972 3636 appetitu
3005 3567 3190 3622 talium
3217 3567 3503 3632 ciiuderat,

1922 3655 2144 3724 solaque
2174 3657 2457 3725 praesentis
2497 3658 2625 3710 vita:
2664 3657 2800 3712 bona
2849 3661 3088 3722 sitiebat,
3137 3675 3257 3728 quin
3287 3661 3340 3714 in
3389 3662 3502 3714 sola

1921 3747 2016 3802 Dei
2047 3747 2166 3817 lege
2207 3748 2448 3815 promitti
2503 3751 2770 3816 putabat;
2811 3761 2866 3803 et
2893 3751 2970 3804 sic
3001 3765 3122 3804 cum
3155 3751 3330 3804 littera
3367 3754 3506 3808 male

1923 3839 2196 3894 intellecta
2247 3839 2570 3909 perimebat,
2618 3850 2672 3893 ct
2719 3851 2941 3910 propter
2991 3843 3149 3908 hujus
3193 3841 3504 3912 languorem

1925 3929 2268 3998 spiritualem
2302 3929 2565 3984 Dominus
2600 3929 3007 3986 insidiatoribus
3035 3931 3147 3986 suis
3170 3934 3504 4002 respondens,

1923 4021 2058 4075 dixit
2095 4021 2163 4074 ad
2203 4020 2528 4090 legisperitos
2559 4031 2608 4074 et
2657 4019 2981 4088 Pharius-os,
3027 4023 3118 4092 qui
3149 4039 3208 4077 se
3255 4023 3508 4078 volebant

1923 4111 2366 4183 reprehendere:
2401 4110 2460 4166 Si
2509 4112 2626 4167 licet
2673 4109 2904 4168 Sabbato
2957 4131 3165 4180 curare,
3223 4116 3276 4169 id
3321 4126 3406 4171 est
3459 4119 3506 4172 si

1919 4203 2066 4276 juste
2113 4211 2296 4272 potest
2354 4202 2470 4257 ﬁeri
2525 4213 2584 4256 ut
2643 4204 2988 4258 cessantibus
3040 4203 3176 4275 legis
3228 4207 3504 4276 operibus,

1924 4311 2154 4367 quorum
2178 4297 2350 4352 otium
2379 4297 2744 4368 appellatione
2773 4295 2996 4353 Sahbati
3035 4298 3370 4368 designatur,
3405 4299 3510 4355 istc

1926 4387 2156 4459 populus
2189 4396 2416 4443 sanetur
2443 4389 2512 4443 ab
2554 4388 2657 4442 hoc
2697 4387 2942 4441 avaritias
2980 4390 3194 4455 morbo,
3234 4405 3342 4460 quo
3394 4399 3510 4446 tur-

1925 4479 2082 4550 gidus
2133 4487 2328 4534 mstuat
2367 4495 2380 4532 :
2422 4487 2478 4532 et
2527 4492 2716 4532 revera
2775 4478 2986 4532 nonnisi
3037 4479 3280 4535 Sabbato
3325 4485 3506 4537 curari

1923 4577 2164 4641 poterat,
2191 4569 2342 4639 quia,
2373 4567 2476 4622 nisi
2521 4579 2792 4624 cessasset
2829 4568 2972 4622 actio
3007 4571 3306 4626 carnalium
3337 4573 3504 4628 bono-

1925 4679 2044 4717 rum
2093 4663 2146 4716 iu
2195 4661 2311 4730 lege
2351 4661 2742 4730 promissorum
2774 4661 2896 4733 [at.,
2926 4665 3365 4738 promissiones],
3409 4681 3506 4722 nec

1509 4821 1740 4878 VARl/E
1786 4818 2166 4876 LECTIONES

305 5003 350 5034 ⁷⁷
373 5003 486 5064 Est,
521 5015 578 5058 ut
599 5007 674 5060 ait
699 5024 828 5062 mss.
869 5015 977 5072 est,
1000 5015 1078 5060 ait
1229 5006 1298 5062 Et
1331 5007 1382 5060 in
1412 5021 1478 5062 eo
1499 5015 1628 5068 ειυιι
1647 5019 1836 5060 omnes
1861 5001 2104 5058 thesauri
2124 5001 2402 5072 sapientige
2429 5008 2484 5055 et
2510 5001 2750 5054 scientiae
2779 5003 3105 5058 absconditi.
3137 5005 3388 5060 Christus
3411 5021 3509 5059 au-

233 5080 340 5146 tem
362 5075 422 5146 in
452 5073 618 5130 Maria
645 5096 659 5131 :
686 5093 817 5146 ergo
845 5077 938 5131 Dei
965 5071 1146 5132 'virtus
1175 5087 1230 5132 et
1260 5077 1352 5132 Dei
1385 5077 1674 5146 sapientia,
1698 5086 1758 5146 et
1782 5089 1974 5146 otnnes
2003 5071 2238 5146 thesauri
2261 5071 2540 5139 sapientia:
2561 5080 2616 5124 et
2642 5073 2969 5146 SCi_(_3llliiDﬂill
2989 5073 3188 5146 Maria.
3215 5091 3312 5128 ms.
3336 5075 3507 5146 iCAarc.

231 5143 300 5198 Et
322 5145 442 5216 ideo
469 5157 594 5200 sunt
623 5141 812 5203 omniis
841 5149 1081 5202 thesauri
1107 5147 1386 5216 sapientia:
1407 5141 1464 5202 et
1482 5146 1728 5202 scientia:
1742 5145 1804 5216 in
1831 5144 2015 5216 Maria,
2035 5144 2080 5176 ⁷⁸
2097 5141 2329 5197 Verbum
2363 5155 2429 5216 ea
2459 5157 2554 5196 ore
2577 5141 3052 5216 ins._Carc.rVerba
3081 5159 3144 5198 ex
3173 5159 3268 5216 ore
3301 5143 3510 5216 ‘f’Con-

233 5214 488 5286 servabat
515 5217 694 5272 omnia
732 5234 830 5272 ms.
860 5217 1016 5271 Care.
1046 5211 1364 5272 conferebat
1395 5220 1577 5273 omnia
1653 5217 1696 5248 ⁸³
1741 5215 2052 5286 Voluptatis
2071 5229 2180 5269 sua:
2209 5229 2308 5266 ms.
2335 5211 2626 5286 voluptatis
2649 5213 2768 5286 ejus
2837 5215 2884 5246 ⁸³
2923 5215 3093 5269 Tanta
3121 5215 3382 5286 perfectio
3403 5227 3507 5270 ms.

233 5283 362 5358 _5_07.
397 5297 589 5358 cuncta
629 5289 893 5357 perfectio
969 5288 1014 5318 ⁸³
1051 5289 1166 5358 Ipsa
1198 5289 1444 5344 ascendit
1475 5289 1542 5342 ad
1575 5287 1846 5358 infernum
1882 5281 1915 5358 Ξι
1944 5285 2080 5358 facie
2122 5299 2250 5337 mss.
2295 5293 2342 5358 et
2371 5284 2498 5358 edit.
2528 5281 2642 5358 C_ot.
2670 5281 3064 5358 ipseascendit
3093 5281 3144 5338 in
3180 5285 3380 5358 cmlum
3407 5301 3424 5350 ;
3451 5294 3510 5340 et

232 5355 476 5411 Ilerodes
507 5351 788 5414 descendit
815 5361 870 5414 in
896 5351 1162 5413 infernum
1191 5374 1219 5414 a
1248 5359 1384 5413 facie
1405 5359 1530 5412 edit.
1561 5357 1675 5412 Col.
1711 5367 1758 5411 et
1783 5355 1938 5410 Cotti.
1973 5357 2084 5424 ipsa
2119 5351 2361 5407 ascendit
2389 5353 2440 5406 in
2465 5351 2770 5424 etplane—et
2801 5355 3038 5408 Herodes
3063 5365 3169 5424 etc.
3203 5367 3257 5408 ut
3285 5356 3339 5411 in
3371 5373 3500 5414 mss.

243 5425 289 5500 ff
327 5425 460 5500 Pars
488 5443 617 5500 ergo
647 5429 872 5484 Marthae
915 5446 1012 5483 ms.
1042 5430 1196 5500 Care.
1231 5444 1356 5500 pars
1387 5444 1514 5500 vero
1550 5427 1786 5500 gittartha:
1861 5497 1872 5500 _
1927 5426 1972 5457 ⁸⁵
1997 5423 2072 5500 Εἰ
2107 5425 2348 5500 aufertur
2375 5440 2472 5476 ms.
2503 5423 2670 5500 (lare.
2708 5426 2754 5480 ei
2784 5423 3070 5500 auferetur
3114 5426 3180 5500 καί
3213 5427 3346 5500 PaLs
3373 5433 3508 5479 Vero

232 5489 728 5582 MQTiIPAtZIS.:CarC.
757 5489 1263 5582 q‘uia_parsi\_1ari.ze.
1313 5501 1358 5582 ξ’
1383 5498 1838 5582 CniuDeoifatre
1859 5497 1912 5549 in
1938 5496 2146 5578 animo
2170 5495 2406 5565 Spiritus
2429 5495 2602 5552 sancti
2633 5512 2742 5549 ms.
2773 5497 2926 5550 (.arc.
2953 5497 3144 5550 omittit
3242 5489 3506 5554 ut’“ﬁ‘men.

231 5585 330 5624 ms.
373 5569 496 5626 596.
533 5572 726 5624 Amen.
763 5571 841 5625 Ex
869 5569 1032 5626 dictis
1061 5571 1266 5629 domini
1297 5569 1538 5628 Anselmi
1565 5569 1960 5638 archiepiscopi
3459 5597 3468 5606 -

505 5667 781 5730 ΡΑτιιοι..
829 5666 1096 5732 CLVIII.
1791 5747 1796 5751 _
1842 5717 1892 5750 ._
2265 5748 2278 5752 _'
2507 5747 2516 5750 _
3058 5665 3130 5728 ‘21
