3910 6018
346 215 456 272 655

1491 201 1798 266 llOMlLilE
1833 199 2436 260 EXHORTATIONES.

3502 197 3608 254 654’.

348 347 434 394 est
451 335 594 392 aliud
623 334 824 400 dicere,
853 333 952 390 nisi
976 349 1098 404 rogo
1126 341 1196 397 te,
1231 331 1360 386 habe
1387 346 1466 384 me
1491 327 1834 384 excusatum?
1862 325 1926 380 Et
1955 329 1998 386 Α
2033 320 2205 378 tiones
2229 335 2414 390 perge,
2446 331 2502 376 et
2525 334 2661 388 quos
2688 318 2758 372 ibi
2793 317 2876 376 vel
2906 317 3260 402 amplitudine
3305 319 3611 388 possessio--

350 430 504 486 multi
540 429 676 484 tales
704 430 948 484 erantin
997 427 1180 484 Judtra
1233 425 1450 498 (plaudo
1502 424 1760 479 Dominus
1813 421 1926 476 haec

349 519 696 590 loquebatur;
719 515 812 572 sed
837 518 909 581 hi,
936 518 1026 588 qui
1057 532 1200 572 nunc
1229 526 1374 580 sunt,
1406 513 1598 580 .ludtci,
1625 515 1750 584 quia
1776 513 1928 568 villas

349 630 460 670 non
515 619 765 684 possunt,
797 612 1058 684 pecunias
1107 611 1418 680 acquirunt.
1475 607 1544 662 Et
1579 608 1712 661 alter
1749 607 1923 662 dixit:

346 703 490 774 Juga
514 705 666 756 boum
695 691 794 755 emt
822 707 1046 772 quinque
1083 713 1212 754 eteo
1258 700 1478 770 probare
1513 699 1627 752 illa.
1677 697 1818 768 Rogo
1858 707 1928 760 te,

346 793 480 848 habe
513 808 595 846 me
632 802 958 846 excusatum.
1001 790 1102 860 Iste
1161 789 1432 860 signiﬁcat
1476 787 1595 842 illos
1619 787 1927 842 Jndteorum

347 884 440 956 qui
469 883 642 953 magis
673 882 836 938 dediti
875 859 1230 937 sentiat-nali
1279 881 1460 936 studio
1495 879 1650 950 legis.
1685 878 1930 948 Quinque

345 974 642 1044 euimjuga
669 973 845 1038 boum,
871 974 1114 1042 quinque
1165 982 1293 1026 sunt
1339 969 1462 1024 libri
1521 968 1690 1040 Moysi
1747 969 1924 1038 depri‘

346 1077 560 1121 mentes
586 1065 736 1136 gravi
789 1065 1051 1119 servitute
1094 1063 1212 1117 illos
1241 1062 1334 1131 qui
1378 1063 1480 1116 sub
1530 1076 1589 1115 se
1636 1060 1932 1114 carnaliter

345 1167 473 1212 sunt
503 1157 689 1226 positi.
724 1155 834 1209 llos
860 1163 1040 1208 autem
1081 1153 1246 1208 libros
1291 1151 1462 1208 Judaei
1494 1160 1770 1216 emerunt,
1802 1150 1930 1220 quia

346 1263 445 1318 pro
471 1247 554 1302 his
581 1245 888 1301 circumcisi
922 1253 1070 1310 sunt,
1101 1259 1200 1315 pro
1249 1242 1336 1298 his
1367 1242 1628 1312 decimas,
1658 1253 1712 1298 et
1739 1243 1928 1313 primi-

349 1339 452 1394 tias
475 1347 528 1394 et
554 1338 820 1394 sacriﬁcia
863 1337 1119 1391 oll’erunt.
1155 1335 1264 1392 llos
1305 1345 1484 1390 tamen
1535 1337 1770 1390 nondum
1803 1351 1932 1405 pro-

345 1431 504 1485 batos
541 1429 761 1493 habent,
789 1429 912 1498 quia
941 1429 1177 1482 nondum
1205 1443 1299 1482 eos
1340 1427 1674 1500 intelligunt.
1706 1427 1762 1482 Si
1785 1428 1930 1482 enim

344 1535 442 1576 eos
473 1520 888 1586 intellexissent,
943 1519 1142 1574 nullam
1173 1520 1586 1576 excusationem
1615 1519 1932 1590 praetendis-

346 1620 490 1676 sent,
525 1613 618 1667 sed
645 1613 716 1666 ad
742 1627 954 1666 comam
996 1611 1109 1682 jam
1139 1612 1440 1666 venissent.
1489 1612 1620 1678 Sed,
1667 1613 1794 1683 quia
1837 1627 1931 1668 eos

2033 427 2158 466 num
2191 412 2471 474 dilatatos,
2506 411 2590 466 vel
2619 411 2870 482 angustia
2909 410 3232 470 facultatum
3260 421 3500 466 arctatos
3531 427 3615 466 re~

2031 505 2340 574 pereris,ad
2367 505 2531 558 vitam
2560 504 2907 558 introducere
2929 519 3036 558 non
3063 504 3314 558 moreris.
3351 503 3613 572 Pauperes

2031 595 2176 647 enim
2201 611 2264 646 ac
2290 593 2502 660 debiles,
2532 605 2578 646 et
2602 593 2747 654 cteci.
2772 603 2820 647 et
2847 593 3022 648 claudi
3045 593 3464 664 crantgentiles,
3487 595 3616 664 quia

2035 701 2132 739 uec
2159 684 2294 754 legis
2321 685 2560 751 divitias,
2623 701 2726 740 nec
2783 686 3046 739 virtutum
3081 685 3476 748 fortitudinem,
3509 700 3617 756 qua

2035 776 2288 830 resistere
2325 785 2549 844 possent
2577 776 2810 840 diabolo,
2860 791 2960 832 nec
3005 777 3250 832 scicntia:
3275 777 3479 840 lumen,
3535 777 3618 832 vel

2035 863 2367 920 illuminatos
2381 867 2566 921 cordis
2582 867 2770 922 oculos
2793 865 3087 932 habebant,
3107 867 3270 923 neciu
3287 867 3375 922 via
3395 865 3616 936 iustitiae

2035 957 2200 1012 rectis
2241 957 2469 1028 pedibus
2519 945 2870 1016 incedebant.
2895 959 2996 1026 Qui
3049 969 3228 1014 tamen
3282 960 3494 1016 invitati
3546 961 3618 1016 ad

2034 1035 2340 1102 convivium
2373 1047 2598 1114 Christi,
2629 1048 2826 1104 divites
2865 1049 3182 1119 spiritaliter
3211 1058 3266 1106 el.
3290 1049 3458 1105 fortes
3486 1049 3616 1104 facti

2035 1145 2181 1204 sunt,
2214 1145 2267 1193 et
2294 1137 2522 1193 interius
2548 1139 2837 1194 illuminati
2862 1141 2918 1210 ja
2945 1157 2975 1192 u
3011 1141 3062 1194 iu
3101 1141 3186 1196 via
3241 1141 3336 1196 Dei
3370 1155 3477 1196 non
3527 1155 3620 1196 er-

2037 1238 2180 1294 rant,
2210 1229 2303 1282 sed
2339 1239 2486 1284 recto
2515 1231 2733 1283 tramite
2758 1233 3076 1298 gradiuntur

2107 1317 2179 1373 Et
2205 1322 2280 1375 ait
2305 1337 2482 1375 servus
2513 1337 2530 1374 :
2557 1319 2797 1385 Domine,
2825 1320 3022 1388 furtum
3063 1333 3136 1375 est
3169 1335 3220 1376 ut
3250 1323 3542 1390 mtperasti,
3569 1331 3618 1374 et

2034 1414 2207 1468 adhuc
2239 1413 2385 1466 locus
2425 1421 2524 1466 est.
2581 1409 2926 1475 Vocavimns,
2983 1413 3174 1480 inquit,
3225 1413 3382 1481 juxta
3422 1425 3620 1482 prince—

2035 1515 2182 1575 ptum
2217 1515 2385 1572 tuttm,
2416 1503 2628 1560 Iudaeos
2659 1513 2712 1558 et
2743 1504 2988 1573 gentiles,
3019 1515 3066 1558 et
3097 1505 3270 1558 adlme
3323 1508 3469 1560 locus
3515 1521 3618 1572 est,

2036 1597 2122 1652 ubi
2151 1597 2516 1666 suscipiantur
2538 1596 2626 1664 qui
2658 1595 2842 1648 venire
2873 1593 3162 1650 voluerint.
3185 1596 3286 1651 lste
3323 1597 3468 1652 locus
3493 1609 3620 1656 tunc

347 1719 456 1760 non
479 1703 800 1776 intelligunt,
835 1705 960 1759 dum
1001 1719 1066 1760 eo
1099 1705 1344 1760 venerari
1378 1720 1436 1758 se
1468 1705 1748 1767 simulant,
1779 1722 1928 1760 suam
1963 1678 2006 1735 Β
2035 1688 2411 1758 complebitur,
2439 1689 2654 1758 quando
2677 1681 2930 1742 sa‘culum
2959 1688 3060 1742 hoc
3086 1683 3482 1745 terminabitur.
3510 1693 3620 1746 Ati-

347 1795 612 1867 justitiam
639 1805 928 1864 qurerentes
957 1805 1204 1859 statuere,
1256 1795 1482 1864 justitia:
1513 1794 1609 1848 Dei
1665 1811 1771 1850 non
1808 1805 1932 1850 sunt

344 1887 568 1957 subjecti
598 1887 778 1958 (Rom.
809 1905 862 1952 ιι,
888 1889 964 1956 5).
1819 1953 1822 1956 Α

417 1977 488 2032 Et
517 1979 656 2033 alius
683 1979 814 2034 dixit
840 1996 857 2034 :
893 1977 1119 2034 Uxorem
1147 1981 1294 2042 duxi,
1328 1989 1382 2034 et
1413 1979 1528 2034 ideo
1574 1995 1680 2034 non
1723 1995 1934 2048 possum

347 2073 540 2125 renire.
574 2072 676 2126 Per
703 2071 845 2126 hunc
877 2073 1227 2142 designantur
1254 2073 1330 2127 illi
1353 2073 1446 2142 qui
1483 2087 1541 2128 se
1565 2073 1792 2127 luxuria:
1813 2087 1936 2128 car-

349 2162 542 2231 nisque
563 2163 929 2234 voluptatibus
961 2179 1058 2235 per
1080 2166 1262 2219 omnia
1295 2165 1608 2235 subjiciunt.
1641 2164 1742 2231 Qui
1771 2181 1930 2219 excu-

347 2253 457 2308 ειη-ἰ
483 2268 588 2308 non
613 2265 882 2324 (prterunt,
907 2257 1240 2325 quia,solam
1269 2257 1407 2311 hanc
1433 2256 1596 2310 vitam
1625 2256 1934 2326 diligentes,

349 2343 512 2398 aliam
543 2345 958 2416 parvipendunt.
993 2348 1048 2402 lu
1099 2348 1180 2401 his
1213 2357 1390 2402 autent
1427 2347 1600 2402 tribus
1629 2348 1720 2418 qui
1755 2347 1938 2402 venire

352 2434 422 2488 ad
466 2449 678 2490 cumam
733 2437 1044 2506 noluerunt,
1096 2437 1357 2508 designati
1383 2447 1507 2492 sunt
1537 2452 1726 2492 omnes
1751 2436 1841 2506 qui
1873 2438 1938 2491 ad

351 2537 472 2578 eam
511 2525 696 2580 venire
725 2527 1020 2596 negligant,
1063 2535 1118 2580 et
1149 2527 1200 2580 in
1235 2527 1426 2581 horum
1459 2535 1584 2597 typo
1621 2524 1790 2580 Jndtci
1823 2539 1938 2580 etn—

351 2631 478 2672 nam
517 2617 656 2671 hanc
682 2618 766 2672 adi
779 2633 834 2673 re
856 2618 1162 2672 noluerunt.
1471 2599 1478 2608 ’

425 2707 492 2762 Et
525 2725 758 2764 reversus
787 2723 965 2764 servus
991 2709 1244 2764 nuntiavit
1271 2711 1381 2762 Iure
1403 2707 1612 2762 domino
1633 2725 1753 2762 suo.
1784 2707 1936 2764 Unde

349 2798 520 2854 Isaias
553 2817 567 2853 :
607 2799 850 2865 Domine,
882 2802 997 2870 quis
1033 2799 1252 2852 credidit
1277 2799 1486 2851 auditut‘
1535 2799 1756 2852 nostra?
1797 2797 1937 2868 (Isti.

353 2905 471 2952 Lm,
498 2891 581 2947 1.)
611 2889 757 2944 Tunc
783 2892 952 2945 iratus
978 2889 1382 2960 paterfamilias,
1423 2891 1556 2944 dixit
1600 2907 1746 2944 serra
1801 2903 1936 2943 suo:

351 2983 460 3038 Exi
495 2986 597 3036 cito
637 2987 690 3036 in
720 2983 918 3053 plateas
939 2979 986 3036 et
1012 2983 1148 3037 vicos
1195 2982 1461 3048 civitatis;
1489 2993 1534 3036 et
1565 3000 1844 3052 pauperes.
1875 3000 1937 3038 ac

352 3071 574 3138 debiles,
601 3083 646 3125 et
685 3089 849 3126 arcos
871 3083 917 3126 et
942 3071 1159 3124 claudos
1195 3071 1439 3125 introduc
1468 3073 1590 3125 huc.
1620 3069 1822 3126 Judteis
1847 3086 1938 3126 ve-

353 3163 474 3218 nire
505 3164 827 3226 nolentibus,
857 3165 1022 3216 iratus
1051 3171 1132 3218 est
1163 3162 1446 3230 Dominus,
1471 3164 1596 3232 quia
1636 3179 1742 3218 non
1796 3163 1936 3224 ultra

351 3269 452 3324 per
473 3269 600 3310 suos
623 3255 1004 3324 praedicatores
1030 3254 1238 3307 monuit
1267 3267 1360 3308 cos
1377 3263 1434 3306 ut
1463 3261 1880 3308 eonverlerentu
1892 3269 1936 3320 r,

353 3345 449 3400 sed
471 3359 537 3399 ex
571 3351 681 3398 toto
711 3343 929 3413 reliquit
957 3358 1052 3398 eos
1081 3343 1135 3396 in
1166 3358 1262 3397 sua
1297 3342 1525 3408 malitia,
1557 3343 1818 3398 mandans
1843 3360 1940 3397 nn-

353 3435 512 3490 bibus
541 3449 608 3488 ne
638 3450 800 3504 super
827 3433 1216 3489 infructuosam
1259 3433 1470 3490 vineam
1515 3433 1759 3503 pluerent
1804 3435 1939 3507 (Isa.

353 3542 410 3592 v,
439 3525 515 3596 6),
549 3527 600 3580 id
632 3535 712 3580 est
743 3526 1064 3596 praecipiens
1094 3525 1356 3596 apostolis
1400 3541 1469 3580 ne
1495 3525 1694 3581 ludicre
1744 3528 1939 3596 praedi-

355 3629 566 3675 carent.
593 3619 787 3690 Magna
828 3619 972 3674 enim
1003 3619 1084 3672 ira
1116 3619 1208 3674 Dei
1240 3627 1347 3684 est,
1377 3627 1696 3688 peccatores
1736 3619 1802 3674 ad
1827 3635 1942 3688 pm-

357 3712 639 3767 nitentium
668 3728 773 3766 non
798 3727 1017 3776 vocare,
1049 3711 1144 3766 sed
1173 3711 1223 3764 in
1255 3711 1492 3780 peccatis
1521 3725 1690 3779 usque
1712 3713 1779 3766 ad
1807 3726 1946 3765 mor.

357 3811 468 3858 tem
499 3801 826 3873 relinquere.
859 3801 952 3856 Sic
977 3803 1146 3856 iratus
1171 3811 1252 3856 est
1281 3800 1481 3856 Judaeis
1511 3799 1578 3855 ad
1607 3814 1818 3854 caenam
1856 3815 1945 3854 ve-

359 3892 480 3947 nire
504 3901 558 3946 et
581 3893 804 3946 credere
835 3891 1160 3956 nolentibus,
1191 3899 1246 3944 et
1281 3900 1469 3961 gentes
1498 3891 1696 3945 intuitu
1729 3889 1942 3944 miscri-

358 3981 562 4038 cordia:
587 3983 842 4052 respexit.
879 3983 1032 4038 Unde
1069 3983 1201 4053 ipsis
1244 3981 1446 4038 Iudicis
1499 3981 1698 4036 Paulus
1741 3991 1794 4036 et
1819 3981 1948 4036 Bar-

359 4073 826 4128 nabasdixerunl:
857 4071 1008 4127 Vobis
1022 4073 1284 4142 oportebat
1310 4074 1535 4142 primunt
1567 4073 1708 4144 loqui
1739 4073 1948 4127 verbum

361 4161 492 4228 Dei,
515 4161 606 4216 sed
625 4165 750 4233 quia
780 4163 1042 4232 repulistis
1064 4161 1214 4222 illud.
1250 4171 1296 4216 et
1320 4162 1562 4231 indignos
1589 4161 1945 4230 vosjudicntis

362 4264 574 4310 (eterna!
597 4256 737 4320 vita',
771 4271 886 4308 ecce
912 4255 1260 4308 contertimur
1310 4254 1378 4310 ad
1413 4265 1586 4322 gentes
1631 4253 1773 4324 (.lct.
1825 4269 1948 4320 xm,

1966 3025 2010 3080 C

2001 1782 2142 1836 ‘huc
2163 1782 2306 1835 enim
2335 1781 2574 1850 quotidie
2604 1779 2890 1832 mittuntur
2912 1778 3080 1842 serti,
3111 1775 3290 1834 adhuc
3315 1781 3383 1834 ad
3406 1797 3620 1838 etenaut

2038 1873 2260 1926 veniunt
2293 1871 2496 1932 ﬁdeles,
2527 1870 2644 1923 aliis
2678 1885 2772 1938 per
2799 1869 3144 1939 baptismum,
3183 1869 3304 1926 aliis
3357 1887 3454 1940 per
3508 1889 3622 1944 ptu-

2042 1961 2320 2016 nitentiam
2351 1959 2749 2014 festinantibus.

2075 2045 2078 2050 ’
2111 2054 2195 2106 Ait
2226 2065 2462 2121 namque
2491 2051 2734 2104 dominus
2756 2062 2943 2102 serra:
2980 2047 3081 2103 Exi
3102 2049 3156 2104 in
3180 2050 3289 2104 vias
3309 2059 3355 2103 et
3379 2067 3542 2120 sepes,
3573 2063 3622 2106 et

2039 2144 2287 2213 compelle
2314 2143 2532 2206 intrare,
2559 2151 2615 2194 ut
2639 2139 2917 2206 impleatur
2938 2141 3125 2194 domus
3149 2157 3284 2194 mea.
3328 2141 3445 2196 .lam
3473 2146 3619 2200 en'm

2041 2249 2216 2302 neque
2239 2233 2358 2296 vim,
2386 2245 2559 2299 neque
2579 2244 2752 2299 S‘pes,
2781 2245 2954 2297 neque
2977 2230 3130 2284 locus
3159 2230 3314 2294 ullus,
3349 2231 3462 2286 sive
3495 2249 3622 2303 per-

2041 2325 2183 2392 vius,
2208 2323 2322 2379 sive
2352 2331 2557 2390 scptus,
2616 2321 2730 2373 sive
2765 2317 3102 2386 nmuil‘estus,
3135 2321 3248 2375 sive
3275 2322 3510 2387 abditus,
3543 2339 3624 2378 re-

2043 2416 2200 2470 lletns
2228 2427 2333 2476 est,
2366 2413 2432 2466 ad
2473 2429 2632 2480 quem
2675 2411 2814 2464 servi
2859 2409 3060 2464 Christi
3113 2415 3464 2468 scrutandum
3517 2428 3622 2470 ιιοιι

2044 2505 2410 2576 pervenerint.
2443 2501 2543 2569 Qui
2599 2501 2758 2571 igitur
2813 2500 2940 2554 huic
2995 2516 3162 2555 corna:
3210 2501 3497 2574 defuerunt
3531 2514 3626 2559 aut

2045 2600 2259 2662 desunt,
2317 2611 2423 2650 non
2481 2608 2760 2647 servorum
2811 2591 3172 2661 negligentiae,
3223 2591 3317 2646 sed
3365 2609 3476 2649 sua:
3524 2601 3628 2652 hoc

2047 2690 2426 2745 inobedictttite
2462 2689 2738 2756 deputent.
2793 2685 2916 2740 ilice
2949 2696 3130 2740 autem
3183 2688 3340 2742 tertia
3377 2689 3628 2749 invitatio

2044 2785 2216 2854 magis
2244 2784 2312 2836 ad
2342 2791 2584 2836 nostrmn
2616 2791 2826 2849 tempus
2861 2781 3114 2849 pertinet,
3163 2781 3214 2834 in
3248 2797 3356 2851 quo
3403 2786 3628 2840 crebre-

2045 2882 2204 2928 scunt
2235 2873 2594 2926 adversitates
2621 2872 2828 2934 sa'culi,
2859 2881 2914 2925 et
2951 2872 3020 2928 ob
3049 2873 3148 2926 hoc
3181 2873 3234 2926 in
3289 2889 3352 2928 ea
3383 2875 3578 2932 dicitur
3613 2894 3628 2931 :

2045 2965 2306 3034 Compelle
2335 2966 2552 3018 intrare.
2575 2963 2877 3033 Aliquando
2900 2965 3042 3018 enim
3067 2979 3166 3019 nos
3189 2967 3424 3020 mundus
3453 2979 3629 3022 retra-

2043 3059 2120 3112 xit
2145 3073 2173 3110 a
2199 3058 2331 3120 Deo,
2356 3059 2449 3112 scil
2475 3072 2616 3111 nuuc
2641 3065 2719 3110 tot
2746 3055 3019 3125 tantisque
3057 3056 3212 3112 malis
3233 3057 3423 3127 plenus
3463 3070 3633 3116 estut

2043 3154 2158 3221 ipse
2182 3167 2278 3206 nos
2295 3152 2408 3221 jam
2431 3149 2609 3204 mittat
2631 3149 2696 3202 ad
2723 3149 2909 3204 Deum.
2925 3148 3076 3204 Unde
3097 3158 3152 3204 et
3173 3150 3436 3219 scriptum
3461 3160 3543 3206 est
3565 3151 3632 3206 de

2043 3246 2200 3316 aquis
2222 3244 2426 3298 diluvii.
2459 3242 2800 3297 Vehementer
2821 3242 3230 3309 inundaverant,
3257 3253 3302 3296 et
3331 3242 3628 3298 levaverunt

2043 3338 2298 3392 areamin
2342 3335 2778 3389 sublimeaterra
2809 3332 2962 3404 (Gen.
2993 3349 3090 3400 vn,
3131 3334 3240 3404 l7).
3291 3335 3430 3402 Quid
3479 3335 3624 3392 enim

2043 3443 2142 3498 per
2163 3441 2334 3498 aquas
2365 3426 2470 3482 nisi
2495 3423 2886 3488 tribulationes,
2912 3433 2967 3479 et
2991 3425 3122 3496 quid
3165 3441 3260 3496 per
3299 3441 3482 3482 arcam
3525 3427 3631 3482 nisi

2045 3519 2289 3575 Ecclesia
2315 3517 2614 3588 ﬁguratur?
2637 3515 2808 3587 Aquis
2835 3533 2966 3588 ergo
2991 3517 3380 3574 inundantibus
3423 3517 3631 3576 levatur

2046 3629 2172 3668 area
2195 3614 2248 3666 in
2271 3611 2494 3666 sublime
2520 3629 2550 3664 α
2574 3621 2739 3676 terra,
2759 3611 3012 3680 quoniam
3036 3612 3279 3666 adversis
3301 3611 3632 3668 irruentibus

2047 3715 2334 3776 separatur
2364 3721 2393 3758 a
2422 3703 2653 3757 terrenis
2676 3702 3064 3771 cupiditatibus
3091 3703 3352 3768 Ecclesia,
3385 3702 3470 3758 vel
3495 3703 3628 3758 lide-

2049 3797 2114 3851 lis
2142 3796 2342 3856 anima,
2369 3803 2422 3848 ct
2457 3793 2596 3848 cu-lo
2620 3793 2676 3846 lit
2699 3793 2968 3862 proxima.
2995 3792 3134 3848 Sunt
3173 3796 3316 3850 enim
3363 3795 3632 3860 nonnulli,

2050 3889 2140 3958 qui
2168 3888 2218 3942 in
2245 3887 2347 3941 hoc
2378 3885 2578 3940 mundo
2625 3899 2885 3954 prospera
2933 3893 3206 3952 quatruut,
3261 3885 3354 3940 sed
3405 3885 3636 3940 adversa

2051 3977 2349 4047 reperiunt,
2376 3973 2859 4044 etapprehcndere
2907 3977 3254 4044 temporalem
3294 3975 3520 4044 gloriam
3544 3992 3636 4031 co-

2051 4081 2273 4135 nantur,
2304 4077 2362 4122 et
2411 4077 2712 4136 nequeunt;
2746 4076 2802 4121 ct
2846 4083 2952 4136 quo
3003 4067 3173 4134 magis
3215 4067 3540 4136 voluptates,
3584 4079 3640 4125 et.

2051 4177 2204 4234 opes,
2229 4160 2314 4216 vel
2346 4160 2582 4216 honores
2605 4168 2885 4230 appetunt,
2909 4175 2974 4214 eo
2997 4171 3344 4228 punctiones,
3367 4170 3421 4215 et
3443 4177 3638 4216 terunt-

2053 4271 2168 4317 nas.
2197 4267 2251 4309 et
2279 4253 2611 4322 ahjectiones
2634 4251 2894 4308 sentiunt.
2922 4253 3032 4308 llos
3056 4253 3218 4324 igitur
3239 4254 3466 4312 adversa
3489 4270 3638 4310 eont-

361 4346 476 4416 46).
507 4345 704 4402 Civitas
732 4357 911 4401 autem
940 4348 993 4400 in
1024 4349 1125 4401 hoc
1151 4346 1268 4401 loco
1303 4347 1578 4417 gentilitas
1601 4345 1944 4418 intelligitur,
1981 4363 2026 4418 ι)
2051 4347 2259 4418 pellunt
2287 4358 2346 4402 ιιι
2371 4346 2437 4400 ad
2465 4347 2553 4400 Dei
2586 4359 2796 4399 etenam
2825 4343 3062 4398 veniant.
3097 4345 3200 4398 Sed
3237 4345 3364 4414 quia
3411 4345 3464 4399 in
3507 4345 3642 4414 ipsis

365 4440 537 4495 muris
561 4440 982 4508 disputationuu'i
1035 4449 1088 4493 et
1135 4447 1580 4507 argmncutorum
1608 4445 1773 4508 atque
1796 4449 1948 4507 pote-

363 4541 568 4587 statum
594 4531 936 4586 saecularium
968 4529 1192 4584 munita.
1229 4529 1382 4586 Unde
1406 4541 1457 4582 et
1484 4543 1580 4599 per
1609 4529 1951 4584 Psaln‘tistam

374 4625 640 4680 Dominus
663 4626 780 4680 ait:
824 4625 955 4690 Quis
997 4625 1216 4678 deducet
1259 4639 1340 4677 me
1398 4639 1562 4692 usque
1601 4623 1656 4675 in
1692 4623 1952 4676 civitatem

366 4719 666 4772 munitam?
697 4719 827 4782 Quis
865 4717 1079 4770 deducet
1108 4731 1268 4786 usque
1293 4717 1349 4770 in
1387 4715 1723 4770 Idumazam?
1778 4715 1950 4785 (Psal.

369 4825 486 4874 ιιι,
515 4809 628 4878 ll.)
679 4809 958 4864 Christum
1012 4810 1156 4862 enim
1195 4809 1260 4863 ad
1315 4817 1632 4877 peccatores
1661 4807 1829 4872 ducit,
1861 4809 1952 4878 qui

369 4915 492 4955 eum
523 4901 899 4970 peccatoribus
929 4901 1204 4970 praedicat.
1237 4899 1340 4966 Qui
1371 4900 1496 4970 quia
1521 4917 1677 4958 rarus
1701 4909 1802 4964 est,
1831 4900 1955 4954 ideo

374 4991 634 5048 Dominus
683 4994 758 5046 ait
814 5011 826 5046 :
893 4991 1024 5059 Quis
1100 4993 1317 5046 deducet
1378 4993 1508 5046 me?
1566 4993 1753 5049 Messis
1818 4995 1956 5046 enim

369 5083 562 5148 multa,
588 5083 816 5153 operarii
838 5094 1012 5138 autem
1037 5085 1190 5150 pauci
1219 5083 1372 5155 (Luc.
1401 5101 1452 5151 ιι,
1478 5083 1555 5152 Ξ).
1579 5067 1780 5140 Civitas
1805 5100 1954 5150 vero,

373 5177 514 5231 sicut
543 5175 800 5241 diximus,
824 5185 906 5231 est
936 5177 1241 5246 gentilitas;
1277 5185 1332 5230 et
1361 5177 1476 5246 ipsa
1506 5185 1588 5232 est
1617 5177 1870 5240 ldumma,
1908 5179 1956 5231 id

373 5277 462 5324 est
485 5278 716 5324 terrena.
755 5269 965 5323 Plateas
990 5279 1168 5324 autem
1197 5280 1242 5323 et
1273 5269 1406 5324 vicos
1436 5271 1658 5324 ciuitatis
1677 5313 1690 5337 ,
1715 5271 1956 5326 latitudi-

376 5375 476 5415 nes
497 5371 551 5416 et
578 5363 858 5433 angustias
887 5361 1210 5432 gentilitatis
1238 5361 1624 5436 intelligamus.
1659 5362 1750 5415 Ait
1773 5363 1957 5432 itaque

375 5451 790 5524 praedicatorum
817 5454 996 5510 ordini
1030 5469 1043 5507 :
1078 5453 1182 5506 Exi
1217 5453 1316 5506 cito
1343 5453 1394 5506 in
1421 5453 1622 5520 plateas
1649 5463 1695 5506 et
1718 5454 1856 5506 vicos
1879 5456 1958 5508 ci-

375 5545 584 5610 vitatis;
606 5555 653 5600 et
674 5563 950 5616 pauperes,
977 5561 1037 5600 ac
1060 5546 1274 5611 debiles,
1297 5561 1460 5600 caecos
1490 5553 1537 5599 et
1561 5543 1777 5598 claudos
1799 5548 1962 5601 intro-

379 5637 482 5694 duc
515 5639 635 5694 tmc.
663 5638 744 5698 Ac
769 5640 814 5694 si
846 5639 1046 5696 diceret
1081 5655 1092 5692 :
1127 5638 1473 5696 Festinanter
1500 5635 1568 5694 ad
1617 5647 1834 5695 exteras
1865 5654 1960 5695 na-

2055 4437 2300 4494 adversis
2323 4450 2475 4491 mens
2497 4450 2682 4490 cormn
2717 4443 2936 4501 stupore
2956 4435 3034 4488 sic
3063 4435 3320 4490 ohduruit
3355 4447 3412 4492 ut
3439 4437 3606 4492 intelli
3623 4467 3642 4478 -

2057 4547 2185 4603 gere
2207 4539 2441 4599 nequeat
2465 4534 2606 4584 mata
2630 4543 2749 4597 quae
2773 4529 2994 4596 patitur,
3025 4529 3152 4584 dum
3195 4530 3518 4597 praedicator
3561 4531 3644 4586 eis

2059 4625 2199 4680 mala
2251 4621 2455 4686 steculi,
2511 4619 2710 4691 quibus
2750 4618 3082 4690 allliguntur,
3127 4621 3384 4684 declarat,
3415 4632 3472 4678 ct
3505 4637 3644 4692 qua-

2059 4719 2183 4774 dam
2207 4717 2260 4770 vi
2285 4715 2554 4768 rationum
2583 4723 2638 4767 et
2661 4713 3098 4768 adhortationum
3123 4714 3266 4783 COgil
3291 4728 3406 4778 eos,
3433 4722 3490 4768 ut
3525 4727 3638 4769 e03-

2061 4809 2213 4864 lestia
2259 4807 2418 4877 132
2443 4807 2583 4860 bona
2616 4813 2892 4872 appetant,
2937 4805 3048 4876 agit
3099 4806 3242 4874 quod
3291 4805 3494 4859 dictum
3535 4815 3644 4870 est,

2063 4899 2308 4970 compelle
2339 4901 2556 4952 intrare.
2583 4898 2779 4967 Sicque
2802 4911 3059 4952 numerus
3097 4897 3391 4951 elect-num
3425 4897 3642 4967 perlici-

2063 5005 2170 5058 tur,
2197 5003 2250 5048 et
2273 5007 2503 5060 superna
2528 4991 2719 5044 dotuus
2743 4991 3016 5060 impletur.
3043 4991 3116 5044 De
3157 4991 3262 5044 illis
3291 4999 3494 5048 autem.
3547 4992 3642 5059 qui

2061 5086 2248 5140 venire
2291 5093 2750 5151 contempserant,
2807 5085 3056 5138 subditur
3088 5098 3101 5134 :
3165 5082 3294 5134 Dico
3331 5081 3472 5136 vobis
3499 5085 3640 5150 quod

2065 5194 2212 5232 nemo
2245 5177 2472 5230 virorum
2503 5175 2734 5240 illorum,
2785 5177 2870 5244 qui
2903 5175 3071 5228 vocati
3104 5183 3248 5236 sunt,
3289 5175 3518 5241 gustabit
3547 5189 3645 5228 CIB-

2067 5287 2186 5324 nam
2213 5285 2404 5322 meam.
2439 5266 2606 5320 Nemo
2629 5267 2860 5330 illorum,
2885 5265 3156 5336 quivocati
3183 5277 3326 5328 sunt,
3369 5275 3424 5320 et
3459 5265 3646 5319 venire

2065 5362 2372 5423 noluerunt,
2397 5357 2622 5428 gustabit
2651 5359 2874 5412 interna:
2896 5357 3194 5412 dulcedinis
3225 5370 3474 5418 cumam,-
3499 5371 3648 5409 nemo

2066 5469 2253 5510 eorum
2280 5451 2438 5507 simul
2473 5467 2595 5506 cum
2641 5451 2845 5506 sanctis
2879 5451 2944 5504 ad
2975 5449 3162 5504 aeterni
3197 5449 3430 5504 convivii
3461 5447 3650 5518 epulas

2069 5543 2313 5601 intrabit.
2345 5543 2495 5599 Unde
2533 5551 2586 5598 et
2609 5559 2703 5614 per
2739 5545 3060 5610 prophetam
3096 5542 3202 5596 illis
3227 5541 3488 5596 Dominus
3517 5541 3594 5602 ait
3635 5581 3645 5592 .

2071 5639 2376 5714 Ecce'servi
2404 5639 2502 5692 mei
2522 5637 2806 5702 cmnetlent,
2843 5647 2888 5690 et
2919 5651 3005 5690 vos
3035 5634 3298 5691 esurietis.
3353 5634 3490 5690 Ecce
3513 5632 3655 5689 serti
