3884 6052
286 210 394 277 6.55

642 209 701 268 S.
733 208 1033 268 ANSELMI
1060 206 1416 266 CANTUAR.
1458 204 1789 261 ARCHIEP:
1816 202 1837 260 ί

1941 206 1970 258 λ.
2010 202 2190 262 PARS
2216 201 2280 260 ll.
2316 233 2383 246 -—
2409 201 2751 281 ΡΔΒΑΞΝΕΤ
2791 200 2879 257 ΕΤ
2917 200 3161 257 ASCET.

3415 203 3521 260 656

272 316 371 369 mei
394 314 592 379 bibent,
614 323 659 368 et
692 330 781 368 vos
809 313 1014 367 sitietis.
1052 308 1187 364 Ecce
1216 324 1349 363 servi
1381 308 1479 360 mei
1508 307 1853 372 twtubuntur,
1884 319 1933 376 Α
1958 316 2292 377 susceperat,
2322 306 2460 360 mala
2484 306 2551 360 de
2574 319 2633 359 se
2654 305 2899 374 exempla
2926 302 3236 374 praebendo,
3282 303 3536 375 dissipat.

269 416 320 459 et
349 421 440 460 vos
473 402 885 479 confundemiui.
917 399 1052 455 Ecce
1082 400 1217 453 servi
1262 398 1364 452 mei
1412 396 1704 451 laudabunt
1743 412 1855 466 pra:

270 495 625 551 exsultatione
645 492 840 555 cordis,
867 501 915 545 et
938 506 1030 544 vos
1073 487 1368 542 clamabitis
1392 502 1502 557 pra:
1531 484 1715 540 dolore
1738 500 1854 540 cor-

271 587 376 654 dis,
400 599 446 640 et
471 600 580 655 prie
601 581 908 637 contritione
928 578 1143 649 spiritus
1167 577 1436 632 ululabilis
1452 575 1587 642 (Isa.
1610 592 1736 642 ων,
1763 578 1851 643 15,

270 678 385 748 14).
414 675 519 733 Sed
558 682 614 730 et
660 675 713 727 in
763 670 1053 744 Evangelia
1107 669 1347 741 loquitur
1380 670 1496 740 ipse
1544 668 1850 725 Dominus:

269 773 376 840 Qui
403 771 536 826 venit
556 768 626 822 ad
653 784 756 834 me,
791 783 895 821 non
912 764 1105 819 osurlet
1121 778 1141 831 ;
1167 773 1214 818 et
1238 762 1329 834 qui
1350 762 1512 817 credit
1537 762 1593 817 in
1620 778 1721 830 me,
1747 777 1852 817 non

265 864 401 917 sitiet
423 874 654 931 unquam
686 856 869 927 (Joan.
905 870 980 921 vr,
1004 855 1116 926 55).
1137 853 1314 910 Simili
1342 867 1505 909 sensu
1535 853 1737 908 dictum
1767 862 1854 908 est

267 961 322 1008 et
344 952 396 1006 in
427 950 612 1005 Exodo
645 965 660 1003 :
709 946 960 1002 Viderunt
985 947 1150 1002 Deum
1190 943 1388 1004 Israel,
1412 955 1459 999 et
1490 943 1848 1008 comederunt,

264 1055 312 1100 et
341 1043 575 1098 biberunt
600 1040 798 1113 (Exod.
826 1054 976 1106 xxtv,
1002 1040 1113 1109 11).

333 1135 464 1202 Quae
498 1134 679 1189 omnia
713 1147 810 1187 uos
830 1132 916 1187 vel
939 1142 1144 1187 terrere
1173 1130 1395 1197 debent,
1421 1126 1505 1185 vel
1527 1120 1847 1185 accendere.

266 1225 522 1290 Terrere,
552 1239 619 1279 ne
645 1223 927 1293 contingat
951 1222 1161 1278 esurire
1198 1230 1253 1277 et
1289 1220 1472 1277 dolere
1495 1235 1615 1276 cum
1661 1234 1845 1289 repro-

265 1316 384 1384 bis;
417 1317 735 1382 accendere,
786 1324 845 1369 ut
893 1328 1199 1369 mereanmr
1250 1312 1458 1383 epulari
1507 1318 1563 1367 et
1611 1312 1848 1380 gaudere
1906 1374 1920 1391 .

263 1422 388 1462 cum
416 1406 627 1462 electis.
659 1405 975 1473 Quicunque
998 1403 1142 1456 enim
1173 1402 1299 1456 huic
1319 1400 1571 1455 convivio
1591 1399 1844 1466 defuerit,

265 1500 505 1554 tabescet
527 1513 580 1551 tn
605 1509 868 1551 aeternum
898 1492 1042 1548 fame
1061 1502 1116 1547 et
1140 1491 1377 1556 miseria,
1404 1501 1459 1547 et
1480 1491 1721 1547 omnium
1750 1490 1848 1544 ho-

264 1603 458 1645 norum
496 1587 695 1658 inopia.
726 1586 794 1641 Et
820 1586 1131 1656 quicunque
1184 1581 1515 1646 interfuerit,
1557 1580 1847 1636 satiabitur

1956 398 2297 454 Annunliant
2320 399 2464 453 enim
2514 396 2852 469 Deo~angeli
2906 406 3092 452 nostra
3142 411 3307 466 opera
3342 404 3540 450 cuncta

1957 504 2059 545 nec
2081 504 2186 545 non
2216 489 2511 557 orationes,
2546 503 2654 543 non
2685 497 2744 543 ut
2771 489 2887 559 ipse
2929 489 3103 543 discat.
3154 503 3275 558 quae
3328 489 3543 544 nescie-

1956 579 2070 643 bat,
2104 580 2237 635 nihil
2260 581 2404 635 enim
2429 589 2514 635 est
2534 579 2678 649 quod
2725 579 2965 650 ignoret;
2998 578 3092 634 sed
3139 580 3267 649 quia
3315 591 3541 634 necesse

1956 671 2118 727 habet
2144 672 2420 728 rationalis
2442 680 2693 727 creatura
2717 671 3104 740 obtemperans
3160 669 3269 725 Deo
3324 678 3538 740 tempo-

1954 762 2096 818 rales
2129 778 2320 820 causas
2349 765 2416 819 ad
2445 772 2702 818 aeternam
2727 762 3009 818 veritatem
3032 762 3262 831 referre,
3310 762 3423 818 sive
3447 777 3537 833 pe—

1956 855 2115 910 tendo
2140 856 2269 927 quid
2291 871 2420 928 erga
2456 871 2518 912 se
2565 855 2652 910 vel
2695 869 2822 926 erga
2864 868 2967 909 nos
3012 853 3141 913 liat,
3184 854 3299 909 sive
3341 869 3540 909 consu-

1955 946 2112 1001 lendo
2141 947 2271 1015 quid
2295 946 2481 1002 faciat.
2515 946 2618 1015 Qui
2670 946 2791 1017 pius
2840 946 3038 1000 mentis
3083 943 3308 1000 allectus
3342 952 3448 1008 est,
3478 954 3538 998 ut

1955 1036 2072 1107 ipsa
2100 1047 2467 1102 construatur,
2508 1054 2614 1093 non
2663 1046 2723 1092 ut
2756 1039 2898 1093 Deus
2939 1037 3259 1092 instruatur.
3304 1034 3437 1089 Nam
3481 1044 3534 1090 et

1954 1128 2069 1183 htcc
2109 1131 2357 1198 quaedam
2410 1129 2736 1185 contestatio
2789 1137 2873 1184 est
2919 1126 3198 1183 rationalis
3246 1134 3534 1190 creatum,

1951 1219 2092 1287 quod
2124 1236 2230 1276 non
2262 1220 2364 1275 sibi
2398 1221 2511 1290 ipsa
2541 1220 2613 1276 sit
2642 1221 2838 1274 bonum
2893 1234 3001 1289 quo
3062 1219 3221 1273 beata
3277 1218 3397 1286 liat;
3437 1220 3536 1273 sed

1951 1312 2077 1366 illud
2103 1312 2559 1371 incommutabile.
2585 1312 2742 1384 cujus
2789 1311 3206 1381 participatione
3245 1311 3409 1365 etiam
3441 1326 3535 1365 sa-

1951 1402 2102 1472 piens
2124 1399 2372 1457 cllicitur.
2398 1401 2511 1457 Hoc
2540 1401 2721 1471 itaque
2757 1402 2915 1456 modo
2951 1399 3260 1469 diﬂ'amatns
3295 1411 3367 1453 est
3391 1399 3535 1468 apud

1957 1491 2235 1545 dominum
2269 1491 2369 1546 iste
2399 1491 2629 1557 villicus,
2661 1504 2819 1560 quem
2846 1492 3045 1545 vocavit
3076 1489 3349 1553 dominus,
3396 1499 3452 1542 ut
3480 1490 3535 1543 ei

1949 1582 2212 1637 rationem
2243 1583 2511 1648 redderet,
2540 1585 2664 1653 quia
2689 1584 2802 1653 ipse
2852 1598 2957 1636 non
2984 1581 3279 1637 novissimo
3300 1598 3398 1652 pt‘r
3446 1598 3534 1645 sc:

263 1679 1132 1753 perennitcromuiumbonorum
1176 1673 1511 1745 plenitudine
1556 1674 1844 1730 immensa.
1881 1660 1921 1719 Β
1953 1674 2237 1743 metipsum
2262 1673 2403 1729 facta
2430 1675 2836 1744 prcepositorum
2859 1673 3157 1735 examinat,
3200 1673 3292 1742 qui
3354 1673 3537 1742 quoti~

261 1774 397 1829 Nam
419 1787 541 1828 esea
564 1769 844 1840 justorum
888 1778 972 1823 est
992 1777 1228 1839 praesens
1249 1764 1430 1820 vultus
1459 1764 1552 1820 Dei
1580 1765 1692 1833 qui,
1720 1762 1848 1819 dum

261 1866 381 1922 sine
408 1862 621 1919 defectu
662 1862 929 1925 cernitur,
969 1860 1089 1914 sine
1113 1858 1219 1912 line
1250 1872 1404 1913 mens
1432 1857 1555 1912 cibo
1604 1856 1725 1911 vita:
1761 1870 1849 1912 sa-

274 1956 404 2011 tiatu
414 1971 462 2021 ι’,
492 1952 644 2010 Unde
665 1953 1055 2007 etdictumest:
1079 1949 1113 2005 J
1119 1949 1221 2004 usti
1241 1949 1573 2019 epuleuturet
1590 1946 1847 2004 exsultent

273 2048 328 2102 in
346 2055 620 2116 conspectu
634 2043 756 2109 Dei,
778 2053 825 2117 et
839 2042 1159 2098 delectentur
1183 2041 1235 2095 in
1250 2041 1434 2095 lwtitia
1456 2038 1628 2111 (Psal.
1678 2053 1845 2103 uvtt,

261 2139 339 2210 4).
374 2138 450 2192 lbi
475 2138 541 2192 de
564 2134 888 2191 teternitatis
926 2133 1188 2190 societate
1226 2130 1500 2197 laetantur,
1524 2129 1743 2202 quijam
1765 2130 1846 2185 la-

260 2246 430 2302 queos
459 2229 790 2300 voluptuosae
820 2225 1236 2296 temporalitatis
1259 2233 1569 2279 evaserunt.
1593 2223 1666 2278 lbi
1692 2222 1847 2294 hym-

264 2319 430 2376 nidici
460 2319 773 2391 angelorum
800 2313 975 2381 chori,
1008 2314 1081 2369 ibi
1109 2313 1343 2369 societas
1376 2327 1732 2382 supernorum
1761 2310 1843 2366 ci-

260 2412 428 2467 vium.
463 2411 537 2465 lbi
566 2409 744 2464 dulcis
770 2404 1088 2462 solemuitas
1114 2419 1145 2458 a
1185 2403 1636 2475 peregrinationis
1688 2401 1846 2473 hujus

260 2503 400 2560 tristi
435 2502 618 2558 labore
635 2498 995 2556 redeuntium.
1046 2494 1392 2551 Festincmus
1422 2495 1585 2567 igitur
1602 2494 1715 2549 hoc
1763 2495 1845 2548 in-

258 2602 406 2649 trare
430 2592 758 2658 convivium,
800 2590 888 2644 ubi
918 2603 1040 2643 cum
1068 2586 1363 2642 electorum
1393 2586 1633 2641 omnium
1669 2586 1844 2642 socie—

258 2694 370 2739 tate
391 2682 597 2738 l‘estivis
617 2680 828 2753 gaudiis
848 2678 1112 2749 perpetim
1128 2676 1281 2734 exsul
1292 2687 1484 2744 temus,
1501 2690 1565 2733 eo
1586 2675 1844 2748 largiente

253 2776 350 2844 qui
400 2775 530 2830 vivit
577 2784 633 2830 et
682 2780 873 2845 regnat
924 2771 1066 2827 Deus
1118 2770 1172 2825 in
1228 2768 1424 2825 stucula
1497 2767 1837 2824 surculorum.

261 2871 452 2922 Amen.

844 2950 1127 3009 llOMlLlA
1156 2949 1271 3006 XII.

262 3048 314 3104 In
342 3060 680 3104 svsucsuuu
727 3060 1005 3102 secuuouu
1040 3044 1223 3100 Lacu
1256 3060 1270 3097 :
1301 3042 1445 3098 Dixit
1486 3041 1644 3098 Jesus
1674 3042 1841 3097 disci-

335 3140 474 3211 pulis
514 3137 625 3193 suis
670 3137 977 3208 parabolam
1020 3134 1198 3189 Itane:
1250 3131 1424 3188 Homo
1478 3135 1693 3205 quidam
1729 3141 1840 3188 erat

327 3232 491 3298 dives,
529 3231 619 3300 qui
676 3228 896 3283 habebat
933 3226 1195 3292 villicum;
1243 3234 1291 3281 et
1326 3224 1410 3279 hic
1435 3225 1739 3295 diﬂ'amatus
1763 3232 1837 3279 est

320 3325 460 3393 apud
484 3321 619 3377 illud
647 3321 801 3393 quasi
834 3319 1137 3389 dissipasset
1166 3319 1302 3373 bona
1330 3317 1516 3388 ipsius.
1549 3316 1613 3370 Et
1640 3316 1836 3371 vocavit

327 3413 500 3477 illum,
525 3421 573 3466 et
593 3412 667 3465 ait
696 3411 797 3465 illi.
830 3409 898 3464 Et
926 3408 1156 3477 reliqua.
1192 3405 1346 3478 (Luc.
1380 3422 1492 3470 χιιι,
1525 3404 1602 3476 1.)

327 3502 451 3558 Ιιςεε
485 3514 642 3557 sacra
676 3499 836 3554 lectio
858 3498 960 3554 sub
994 3496 1167 3568 ﬁgura
1194 3496 1356 3551 villici
1382 3496 1535 3565 prius
1560 3494 1836 3565 dissipan-

257 3596 327 3650 tis
346 3594 486 3649 bona
517 3592 720 3648 domini
759 3592 865 3657 sui,
889 3599 944 3647 et
975 3601 1166 3663 postea
1192 3591 1258 3647 de
1286 3590 1444 3647 bonis
1474 3589 1666 3660 ipsius,
1691 3599 1749 3644 ut
1770 3589 1838 3645 ab

255 3701 321 3743 co
358 3685 690 3753 laudaretur,
723 3683 1021 3755 prudenter
1059 3682 1291 3756 egentis,
1322 3683 1559 3738 ostendit
1599 3682 1838 3751 pravita-

256 3787 446 3837 tem-et
463 3778 857 3833 correctionem
910 3774 1194 3846 cujuslibet
1223 3773 1495 3846 praepositi
1556 3775 1833 3840 Ecclesiae,

252 3874 345 3951 qui
374 3873 425 3928 in
458 3870 741 3943 principiis
774 3870 991 3940 quidem
1029 3884 1136 3924 non
1180 3868 1356 3925 solum
1404 3871 1457 3924 in
1505 3884 1587 3936 se,
1643 3869 1739 3924 sed
1781 3878 1837 3923 et

254 3966 307 4021 iu
389 3963 648 4035 subjectis
701 3961 1037 4032 disciplinam
1082 3974 1147 4015 ac
1200 3960 1512 4031 religionem
1571 3961 1834 4025 debilitant,

256 4062 449 4124 postea
480 4068 611 4110 vero
659 4061 768 4108 tam
802 4066 862 4107 sc
895 4064 1059 4121 quam
1090 4049 1336 4106 subditos
1365 4050 1617 4106 nobiliter
1644 4064 1832 4105 cmen-

251 4144 362 4199 dat.

322 4232 519 4296 Homo,
574 4233 771 4300 inquit,
808 4242 920 4287 erat
967 4232 1129 4297 dives,
1161 4242 1266 4288 etc.
1327 4231 1497 4286 llouto
1533 4233 1676 4288 enim
1733 4234 1834 4289 iste

1951 1763 2037 1817 die
2067 1778 2163 1832 per
2189 1765 2504 1834 praepositos
2527 1764 2769 1818 actiones
2802 1764 3140 1818 subditorum
3164 1761 3391 1831 iudicat.
3426 1763 3537 1816 Vo-

1949 1855 2094 1910 cavit
2114 1868 2257 1922 eum,
2298 1856 2422 1927 quia
2448 1872 2546 1926 per
2565 1850 2901 1927 aegritudinis
2928 1854 3229 1910 molestiam
3263 1854 3329 1909 ad
3387 1871 3536 1910 mur-

1951 1954 2058 2001 tem
2084 1946 2225 2001 hunc
2253 1962 2471 2017 urgens,
2496 1947 2810 2016 prteseutari
2842 1946 2943 2002 sibi
2970 1960 3068 2016 per
3113 1945 3334 2015 angelos
3378 1945 3531 2009 iecit,

1948 2035 2108 2105 eique
2135 2037 2270 2092 dixit
2302 2054 2316 2092 :
2346 2036 2485 2103 Quid
2513 2039 2610 2091 hoc
2626 2038 2787 2091 audio
2831 2038 2896 2091 de
2924 2037 3012 2091 te?
3048 2036 3279 2101 scilicet,
3311 2036 3435 2105 quia
3464 2036 3534 2090 de

1949 2126 2087 2181 meis
2112 2125 2268 2181 bonis
2307 2141 2412 2181 non
2442 2141 2560 2181 mea
2591 2128 2739 2181 lucra
2763 2126 2993 2195 qumris,
3028 2126 3121 2182 sed
3155 2133 3282 2192 tua;
3327 2134 3383 2180 et
3413 2127 3534 2195 qui-

1947 2216 2048 2273 bus
2069 2218 2325 2288 prodesse
2351 2219 2638 2284 debueras,
2677 2218 2832 2274 obes.

2018 2327 2198 2384 Redde
2224 2330 2477 2384 rationem
2509 2327 2993 2384 villicatiouistua'.
3048 2327 3173 2383 lam
3213 2330 3370 2393 enim,
3412 2338 3533 2399 post

1947 2428 2203 2487 mortem,
2244 2439 2346 2476 non
2394 2421 2585 2491 poteris
2633 2419 2882 2476 villicare.
2932 2419 3093 2476 Consi
3118 2424 3294 2476 lerans
3333 2433 3517 2476 autem

1945 2507 2157 2567 villicus
2179 2520 2323 2569 tanta
2354 2527 2413 2569 se
2434 2513 2789 2568 districtionis
2817 2514 3063 2582 angustia
3095 2515 3383 2578 coarctari,
3410 2528 3527 2569 ca:-

1945 2598 2023 2667 pii
2059 2603 2371 2673 huiusmodi
2400 2604 2758 2673 cogitationes
2781 2603 2977 2658 anxius
3003 2604 3054 2658 iu
3084 2607 3246 2659 cort'e
3276 2620 3373 2660 suo
3417 2606 3533 2660 \ol-

1944 2716 2110 2758 vere:
2145 2699 2286 2765 Quid
2323 2697 2542 2767 faciam,
2567 2697 2691 2767 quia
2734 2696 2980 2750 dominus
3008 2712 3152 2750 meus
3183 2697 3353 2765 aufert
3385 2712 3417 2750 a
3448 2714 3530 2751 me

1943 2789 2359 2848 villicationem?
2390 2790 2440 2843 id
2470 2797 2555 2843 est
2606 2803 2634 2843 a
2687 2787 3021 2858 praelationc,
3076 2804 3238 2857 quam
3284 2789 3442 2844 habui
3475 2792 3527 2845 in

1943 2866 2208 2947 Ecclesia,
2237 2881 2686 2952 velutiudiguum
2735 2896 2822 2936 me
2851 2895 2947 2950 per
3000 2889 3229 2937 mortem
3283 2882 3523 2950 deponit.

1949 2974 2152 3029 Fodere
2176 2974 2287 3045 jam
2310 2983 2428 3043 post
2452 2973 2592 3028 hanc
2614 2972 2777 3027 vitam
2808 2988 2911 3026 non
2937 2971 3103 3038 valeo,
3134 2973 3188 3027 id
3217 2980 3301 3027 est
3322 2980 3528 3027 terram

1944 3064 2127 3120 cordis
2169 3065 2276 3119 mei
2307 3063 2482 3135 ligone
2545 3063 2978 3134 compunctionis
3018 3054 3074 3119 et
3114 3064 3378 3119 exercitio
3425 3065 3529 3119 dis-

1940 3155 2155 3225 ciplinae
2194 3155 2478 3217 innovare,
2534 3162 2595 3208 ut
2646 3169 2829 3209 semen
2886 3155 3038 3210 verbi
3084 3155 3388 3226 suscipiens
3439 3164 3526 3213 sc-

1939 3261 2006 3319 ge
2030 3260 2117 3301 em
2140 3246 2402 3300 honorum
2424 3260 2648 3316 Operum
2678 3245 2941 3315 proferat.
3006 3244 3309 3301 Mendicum
3333 3248 3516 3302 erube-

1938 3354 2049 3403 sco,
2081 3337 2133 3392 id
2167 3346 2249 3391 est
2285 3337 2466 3391 cibum
2518 3336 2660 3401 vitm,
2711 3351 2872 3406 quem
2906 3337 2994 3392 hic
3032 3330 3143 3392 non
3198 3339 3523 3408 praeparari,

1938 3431 2243 3488 confundor
2264 3430 2316 3485 in
2344 3430 2435 3484 illo
2466 3429 2663 3485 sreculo
2692 3444 2937 3499 quaerere
2967 3447 2982 3495 ;
3023 3431 3166 3485 sicut
3216 3430 3308 3487 ille
3353 3434 3521 3502 piger,

1937 3527 2030 3599 qui
2046 3525 2199 3595 juxta
2223 3524 2567 3580 Salomouem
2586 3532 2796 3595 propter
2819 3522 2983 3594 frigus
2998 3524 3353 3593 arare'noluit,
3378 3526 3524 3582 ideo-

1937 3635 2042 3691 que
2072 3617 2380 3672 mendicabit
2414 3626 2613 3680 testate,
2660 3626 2707 3671 et
2742 3633 2843 3672 non
2882 3616 3096 3671 dabitur
3117 3617 3165 3672 ei
3195 3615 3385 3688 (Prov.
3422 3632 3520 3684 xx,

1935 3711 2015 3783 4).
2054 3710 2257 3766 Videas
2300 3724 2432 3764 vero
2464 3710 2722 3779 temporis
2765 3709 3002 3779 spatium
3043 3706 3221 3766 adhuc
3267 3711 3370 3766 sibi
3422 3710 3520 3768 ali-

1936 3802 2079 3873 quod
2101 3799 2165 3855 ad
2189 3800 2623 3856 emendationem
2647 3799 2939 3870 indulgeri,
2968 3810 3192 3869 accepto
3209 3798 3324 3871 jam
3352 3803 3519 3856 ratiu-

1937 3890 2099 3947 uabili
2129 3890 2378 3954 consilio,
2408 3888 2688 3959 subiunxit
2717 3907 2730 3944 :
2773 3889 2900 3945 Scio
2945 3890 3072 3961 quid
3094 3889 3315 3958 faciam,
3353 3892 3404 3945 id
3426 3899 3515 3946 est

1935 3980 2234 4048 excogitavi
2258 3979 2385 4049 quiti
2414 3978 2594 4034 facere
2622 3980 2870 4045 debeam,
2901 3989 2958 4034 ut
2987 3997 3107 4035 cum
3135 3994 3348 4037 amotus
3364 3982 3518 4052 {uero

1934 4087 1966 4124 a
1992 4070 2327 4136 rillicatione,
2360 4070 2610 4139 recipiant
2636 4087 2741 4136 me,
2778 4081 2833 4126 et
2855 4071 3289 4129 coltabitatorem
3316 4072 3521 4130 habere

1933 4163 2227 4235 dignentur
2262 4163 2421 4217 electi
2454 4163 2573 4229 Dei,
2607 4163 2701 4234 qui
2723 4180 2868 4220 nunc
2900 4164 2954 4219 in
2984 4180 3104 4221 mea
3134 4175 3263 4222 sunt
3315 4167 3521 4225 villica-

1936 4254 2112 4321 tione;
2136 4255 2189 4308 iu
2214 4254 2396 4308 domos
2420 4271 2567 4320 suas,
2598 4255 2650 4311 id
2677 4263 2761 4311 est
2819 4257 2872 4311 in
2919 4257 3233 4313 mansiones
3260 4268 3513 4327 aeternas.

249 4325 582 4422 if'mmgff‘fi‘:
605 4324 868 4422 Hediaff"
891 4323 989 4422 Ρεξ
1017 4337 1064 4379 εί
1089 4326 1380 4422 "fmim‘mi
1409 4327 1563 4380 "om"
1589 4326 1829 4422 (ih'mu‘
1862 4338 1907 4397 ι)
1935 4357 2055 4412 qua:
2087 4343 2193 4399 illis
2215 4343 2474 4401 divinitus
2498 4354 2626 4401 sunt
2655 4356 2881 4417 paratae.
2919 4347 2977 4403 In
3001 4348 3087 4405 his
3130 4364 3261 4420 ergo
3305 4323 3516 4422 cogita;

247 4415 405 4471 Jesus
433 4416 484 4486 (ι
520 4416 656 4471 Tim.
684 4432 743 4485 ιι,
776 4416 851 4487 5).
881 4415 983 4484 Qui
1012 4425 1067 4472 et
1092 4417 1233 4471 dives
1252 4426 1359 4484 est,
1383 4425 1567 4487 utpote
1603 4415 1832 4473 Creator

248 4513 306 4561 ct
326 4506 581 4561 Dominus
602 4504 873 4574 omnium;
902 4507 1112 4564 villicus
1147 4518 1329 4563 autem
1368 4523 1399 4562 a
1421 4507 1559 4564 villte
1583 4510 1828 4565 custodia

249 4613 445 4653 nomen
473 4599 699 4669 accepit,
733 4614 856 4654 eum
885 4599 1197 4670 signiﬁcans
1225 4597 1381 4669 cujus
1408 4598 1640 4656 ollicium
1662 4610 1747 4656 est
1773 4601 1826 4656 in

246 4687 491 4742 custodia
518 4697 573 4742 et
595 4688 858 4760 regimine
909 4689 1167 4746 Ecclesire
1214 4691 1459 4761 vigilare,
1509 4691 1651 4747 sicut
1692 4692 1829 4748 scri-

245 4788 398 4848 ptutn
424 4788 507 4834 est
538 4797 553 4834 :
580 4778 701 4835 Nisi
721 4779 973 4835 Dominus
994 4783 1300 4837 custodierit
1325 4784 1602 4850 civitatem,
1626 4783 1826 4851 {rustra

245 4868 424 4939 uigilat
445 4871 537 4941 qui
557 4873 780 4926 custodit
801 4888 915 4926 eam
936 4870 1110 4945 (l‘sal.
1131 4888 1315 4942 cxxvn,
1340 4875 1413 4948 l).
1448 4875 1668 4931 Villicus
1693 4890 1825 4946 ergo

243 4961 662 5032 gubernatorem
711 4962 968 5018 Ecclesia:
1020 4965 1285 5036 designat.
1335 4964 1441 5021 Sed
1505 4965 1824 5035 plerumque

243 5053 510 5124 contingit
533 5060 590 5107 ut
619 5053 689 5121 is,
725 5056 818 5124 qui
849 5053 1148 5111 Ecclesium
1174 5056 1241 5109 ad
1266 5055 1675 5125 gubernandum
1700 5070 1821 5111 sus-

242 5144 420 5214 cepit,
467 5146 697 5202 terrenis
724 5147 1024 5202 commodis
1067 5148 1282 5203 iuhians
1336 5146 1483 5202 lucra
1520 5146 1818 5217 spiritualia

243 5233 498 5306 negligat,
545 5251 610 5291 ac
632 5236 773 5292 male
816 5237 1045 5292 vivendo
1069 5238 1249 5307 pravis
1296 5238 1560 5309 exemplis
1604 5238 1820 5309 religio-

242 5340 363 5380 nem
396 5328 449 5382 in
473 5327 731 5397 subjectis
754 5328 1016 5384 destruat.
1043 5329 1147 5386 Sed
1173 5328 1296 5384 talis
1318 5331 1548 5404 quisque
1573 5329 1819 5388 dill‘ama-

241 5426 331 5471 tur
357 5420 497 5489 apud
524 5421 808 5476 Dominum
836 5436 1013 5490 suum,
1042 5422 1194 5492 quasi
1218 5421 1513 5492 dissipator
1545 5424 1807 5479 bonorum

238 5507 381 5577 ejus,
400 5502 652 5577 quoniam
675 5512 744 5566 ab
768 5513 973 5583 angelis
996 5528 1177 5570 coram
1201 5514 1310 5569 Deo
1333 5514 1631 5570 recitantur
1649 5530 1814 5585 opera

234 5598 427 5669 ἑιδείυεε
463 5612 557 5669 μοι·
576 5615 698 5674 quae
726 5600 1069 5673 disciplinam
1096 5605 1177 5661 eis
1222 5618 1359 5676 quos
1405 5606 1471 5661 ad
1520 5606 1812 5673 regendum

1934 4434 2176 4491 tionibus
2213 4435 2469 4491 dimissus
2490 4450 2553 4493 ac
2576 4437 2819 4508 sospitati
2858 4439 3123 4505 redditus,
3162 4441 3306 4511 quod
3334 4453 3516 4500 mente
3614 4513 3619 4518 ,

1931 4538 2281 4599 conceperat,
2327 4544 2493 4602 opere
2513 4530 2681 4601 coepit
2713 4530 2960 4603 implere,
3010 4548 3321 4591 convocans
3367 4535 3490 4592 debi

1933 4628 2077 4676 tores
2119 4620 2319 4676 domini
2357 4621 2464 4687 sui.
2493 4621 2595 4678 hoc
2619 4629 2703 4677 est
2730 4622 2986 4680 mortales
3002 4638 3214 4691 omnes,
3235 4641 3481 4697 quoscut:

1928 4722 2035 4778 que
2063 4709 2259 4780 potuit,
2308 4712 2377 4765 ad
2424 4713 2668 4767 auditum
2723 4726 2835 4767 sua:
2882 4714 3293 4782 praedicationis
3325 4730 3511 4772 arcer~

1927 4817 2073 4858 scus.
2105 4800 2237 4857 Nam
2260 4804 2437 4860 omnis
2465 4805 2625 4859 homo
2650 4805 2865 4860 debitor
2890 4804 2983 4860 Dei
3015 4814 3116 4862 est.
3141 4809 3382 4879 Eumque
3403 4809 3513 4864 sint

1926 4893 2199 4948 debitores
2255 4893 2701 4958 innumerabiles,
2762 4895 2869 4949 duo
2899 4904 3127 4951 tantum
3174 4898 3507 4968 referuntur,

1924 4981 2050 5049 quia
2074 4981 2254 5035 omnis
2277 4982 2365 5036 hic
2403 4982 2835 5037 Christianorum
2869 4982 3095 5053 populus
3122 4984 3175 5039 iu
3207 4985 3343 5040 duas
3373 5002 3504 5056 par-

1925 5079 2006 5125 tes
2025 5071 2302 5135 dividitur,
2327 5081 2692 5141 peccatorum,
2722 5072 2991 5136 videlicet,
3022 5083 3186 5144 atque
3213 5074 3503 5145 iustorum.

1922 5160 2136 5217 Primus
2172 5163 2316 5216 enim
2363 5165 2595 5231 debitor,
2631 5163 2716 5219 illa
2768 5180 2895 5236 pars
2935 5177 3021 5221 est
3073 5167 3331 5237 ﬁdelium,
3382 5185 3507 5240 quae.

1920 5255 2159 5325 peccatis
2180 5256 2355 5310 adhuc
2383 5268 2436 5311 et
2458 5258 2505 5312 vi
2534 5259 2600 5314 iis
2628 5260 2817 5325 servit,
2844 5276 2877 5331 q
2917 5260 3099 5314 eniam
3126 5270 3350 5331 peccata
3372 5276 3503 5331 pro-

1918 5346 2036 5418 prie
2071 5346 2244 5402 solent
2273 5349 2452 5403 vocari
2483 5350 2685 5417 debita,
2736 5352 2902 5418 veiut,
2935 5369 3058 5408 cum
3095 5370 3316 5412 oramus
3346 5372 3364 5412 :
3404 5355 3499 5411 Di-

1920 5437 2063 5491 mitte
2079 5437 2227 5491 nobis
2248 5438 2419 5494 debita
2446 5451 2645 5507 nostra,
2670 5444 2803 5495 sicut
2821 5454 2866 5496 et
2891 5461 2983 5501 nos
3009 5444 3318 5501 dimittimus
3354 5448 3503 5503 debi-

1910 5525 2118 5605 toribus
2148 5528 2340 5582 nostrizs
2366 5528 2582 5600 (Matth.
2613 5547 2687 5598 vt,
2718 5532 2827 5603 12).
2862 5534 2964 5601 Qui
3022 5535 3231 5590 scilicet
3279 5536 3498 5595 debitor

1918 5628 2119 5675 centum
2144 5621 2300 5676 cados
2328 5621 2428 5676 olei
2454 5637 2512 5679 se
2546 5623 2743 5680 debere
2779 5623 2983 5681 fatetur
3050 5629 3176 5700 quia
3226 5640 3286 5685 ιιι
3317 5628 3496 5688 indul-
