3910 6018
462 279 566 338 657

1541 275 1848 334 ΙΙΟΜΙΗΑΕ
1889 276 1978 332 ΕΤ
2017 227 2620 332 ἐΧΙΙΟΙζΤΑΤΙΟΝΕΞρ.

3621 273 3727 333 638

459 396 695 466 gentiam
721 399 1010 454 mereatur,
1047 405 1327 444 mensuras
1347 407 1408 445 ac
1432 394 1762 460 quantitates
1789 395 2036 448 vitiorum
2069 395 2112 450 Α
2141 391 2279 443 data:
2309 397 2452 456 sunt,
2487 388 2781 444 insinuant.
2816 387 2940 442 Cori
2975 401 3204 454 namque
3235 387 3416 452 tritici,
3445 401 3726 442 mensuras

458 499 678 540 suorum
709 484 1086 538 ecclesiastico
1119 484 1300 539 vill'co
1333 483 1640 538 confitetur.
1679 485 2038 540 Ccntenarius

455 577 596 631 enim
615 591 873 630 numerus
897 575 1560 646 perfectionemdesignat.
1579 577 1711 632 Cadi
1735 593 1860 632 vero
1883 593 2035 634 men-

453 681 561 720 S'll‘:
585 680 612 719 s
637 675 1006 734 peccatorum.
1031 665 1220 721 Oleum
1247 677 1424 720 autem
1459 667 1696 721 favorem
1721 669 2033 724 eorumdem

451 767 822 824 peccatorum,
853 757 1068 825 quando
1113 757 1236 827 quis
1280 757 1382 812 sibi
1415 758 1515 828 ipsi
1565 757 1741 827 placet
1789 758 1842 812 in
1891 758 2036 814 vitiis

451 847 586 910 suis,
611 845 695 899 vel
725 847 861 901 alios
895 863 1055 916 perca
1071 856 1189 902 ntes
1241 848 1384 902 male
1438 847 1581 902 dulci
1605 848 1914 904 adulatione
1943 849 2034 903 de-

451 934 669 988 mulcet.
725 935 800 988 De
840 935 1138 1004 cuiusmodi
1187 937 1306 990 oleo
1347 937 1590 992 dicitur:
1633 937 1820 993 Oleum
1859 949 2034 993 autem

448 1029 736 1091 peccatoris
799 1045 903 1082 non
957 1029 1240 1099 impinguet
1278 1037 1432 1096 caput
1469 1043 1639 1082 meum
1684 1027 1859 1096 (Psal.
1909 1043 2032 1108 CXL,

448 1112 531 1182 ὅ).
579 1114 884 1188 lmpinguat
917 1118 1063 1173 enim
1117 1127 1272 1182 caput
1319 1117 1490 1172 oleum
1548 1118 1858 1186 peccatoris,
1908 1133 2032 1174 cum

449 1206 719 1263 demulcet
775 1219 1011 1263 mentem
1065 1207 1220 1264 favor
1253 1209 1544 1264 adulantis.
1596 1209 1731 1276 Quia
1777 1223 1908 1279 ergo
1950 1207 2032 1262 fa-

445 1307 616 1350 voret
643 1297 879 1354 laudatio
907 1299 1186 1365 vitiorum,
1215 1313 1334 1368 qua:
1363 1315 1507 1355 nunc
1537 1299 1639 1354 olei
1688 1299 1905 1354 nomine
1935 1299 2030 1354 dc-

386 1404 398 1416 ·
445 1387 711 1456 signatur,
771 1389 1005 1442 maxime
1072 1389 1398 1445 damnabilis
1449 1383 1564 1454 est,
1625 1389 1831 1444 idcirco
1881 1389 2032 1444 debi-

447 1487 534 1532 tor
587 1479 688 1534 iste
746 1479 1005 1535 medullas
1061 1481 1339 1551 culparum
1408 1497 1630 1536 suarum
1707 1481 1977 1537 confitens
2012 1523 2027 1548 ,

449 1567 608 1640 183
641 1581 846 1624 centum
881 1571 1038 1626 cados
1076 1573 1178 1626 olei
1217 1587 1276 1627 se
1314 1574 1512 1627 debere
1544 1581 1800 1640 testatur,
1833 1571 2030 1630 intelli-

445 1677 576 1731 gens
607 1661 802 1717 multas
831 1663 988 1718 valde
1025 1679 1145 1718 esse
1183 1681 1468 1720 mensuras
1497 1665 1638 1719 male
1673 1665 1842 1720 dulcis
1883 1665 2028 1722 favo-

2141 479 2400 534 donormn
2463 478 2650 548 gratia:
2711 479 3038 548 significant.
3091 477 3244 544 Quod
3301 491 3430 532 vero
3491 476 3724 532 triticum

2141 570 2372 624 virtutes
2422 577 2479 624 et
2529 567 2831 638 spiritualia
2884 567 3245 633 charismata,
3301 567 3496 636 quibus
3546 566 3726 620 anima

2139 661 2402 731 pascitur,
2433 661 2698 730 designet,
2725 658 3007 730 Scriptura
3037 661 3194 714 docet
3215 659 3400 714 dicens
3425 674 3438 712 :
3471 658 3536 712 Et
3564 657 3726 714 valles

2137 750 2478 804 abundabunt
2518 751 2780 818 frumento
2821 749 3003 820 (Psal.
3050 765 3208 812 L‘xtv,
3253 747 3378 819 Η).
3425 748 3664 818 Itemque
3703 761 3720 800 :

2137 837 2484 894 Frumentum
2515 839 2778 894 desiderat
2815 843 2974 894 nubes
3007 838 3132 910 (Job
3161 853 3370 902 uvvtt,
3407 837 3516 907 ll).
3556 835 3728 891 Valtes

2135 929 2371 1000 quippe,
2417 931 2468 986 id
2513 940 2596 986 est
2635 930 2886 996 humiles,
2912 930 3206 999 frumento,
3258 929 3420 982 idest
3467 928 3724 982 virtutum

2135 1015 2332 1096 gratia,
2357 1029 2646 1097 replentur,
2675 1043 2780 1098 qua
2803 1027 3158 1100 spiritualiter
3185 1027 3368 1082 vivant
3393 1033 3449 1082 et
3475 1026 3721 1096 saginen-

2137 1125 2243 1170 tur.
2277 1117 2407 1184 Quae
2461 1118 2666 1174 scilicet
2729 1119 2956 1174 virtutes
2995 1117 3308 1174 desiderant
3343 1122 3524 1180 nubes,
3555 1115 3608 1170 id
3637 1123 3722 1170 est

2134 1215 2352 1262 sanctos
2379 1208 2784 1276 przedicatores,
2813 1219 2870 1262 ut
2899 1209 3072 1264 imbre
3102 1207 3388 1264 verborum
3419 1205 3718 1262 caelestium

2134 1311 2232 1366 per
2267 1311 2362 1352 eos
2392 1297 2659 1368 rigentur.
2694 1299 2914 1354 Centum
2959 1301 3144 1371 itaque
3177 1315 3328 1354 caros
3363 1299 3524 1352 tritici
3559 1298 3721 1353 debe-

2134 1388 2226 1444 bat
2273 1389 2404 1455 iste;
2457 1391 2582 1459 quia
2629 1392 2922 1447 secundum
2973 1405 3256 1446 mensuras
3305 1391 3406 1446 sibi
3461 1390 3721 1444 divinitus

2131 1481 2438 1547 concessas,
2471 1481 2857 1550 perfectionem
2907 1483 3166 1536 virtutum
3215 1491 3516 1551 acceperat.
3553 1480 3650 1537 Cui
3689 1495 3720 1535 a

2131 1567 2308 1623 villico
2328 1566 2538 1636 iussum
2565 1577 2735 1626 estut
2770 1571 2820 1624 in
2855 1572 3050 1626 litteris
3087 1573 3220 1636 suis,
3253 1572 3304 1627 id
3333 1581 3418 1628 est
3448 1572 3498 1626 in
3539 1571 3720 1643 operi-

2133 1659 2232 1714 bus
2249 1660 2383 1726 suis,
2409 1676 2508 1730 pro
2548 1671 2755 1715 centum
2809 1663 3074 1718 scriberet
3101 1664 3391 1733 octoginta,
3417 1664 3468 1718 id
3505 1673 3588 1718 est
3623 1681 3722 1735 pro

443 1751 539 1814 ris,
575 1766 684 1819 quo
723 1752 970 1820 placabat,
1011 1755 1113 1810 sibi
1166 1755 1218 1808 in
1259 1755 1514 1822 nequitiis
1542 1753 1678 1812 suis,
1705 1763 1760 1808 cl,
1797 1755 2026 1812 aliorum
2060 1735 2107 1800 Β
2132 1749 2383 1828 omnibus
2409 1764 2528 1819 quae
2557 1751 2808 1815 debebat,
2834 1752 2944 1806 Deo
2966 1753 3187 1822 dignum
3227 1767 3286 1808 se
3323 1751 3500 1808 futura
3535 1769 3719 1808 resur-

441 1839 572 1894 vitia
603 1842 894 1898 mulcebat.
929 1843 1066 1899 Huic
1093 1845 1277 1914 itaque
1300 1844 1452 1914 jubet
1483 1845 1692 1902 villicus
1715 1859 1774 1903 ut
1806 1855 2028 1917 accepta

439 1933 714 2000 cautione,
745 1935 796 1988 id
832 1947 916 1991 est
953 1945 1160 1991 retenta
1199 1946 1256 1992 et
1300 1937 1571 1994 refrenata
1616 1939 1858 2008 priorum
1898 1954 2030 2009 ope-

443 2039 560 2078 rmn
587 2024 961 2095 impressione,
993 2029 1196 2094 sedeat,
1236 2029 1286 2082 id
1315 2039 1400 2086 est
1433 2029 1746 2085 lmmilietur
1773 2041 1828 2085 et
1857 2031 2032 2100 pinni-

441 2124 570 2170 teat.
605 2115 736 2172 Nam
764 2119 905 2188 quod
939 2121 1120 2176 cantio
1153 2119 1382 2176 formam
1414 2131 1470 2176 et
1503 2121 1914 2192 impressionem
1943 2123 2026 2177 vel

439 2221 726 2263 numerum
767 2225 993 2280 operum
1021 2213 1288 2283 designet,
1323 2213 1560 2268 indicant
1600 2213 1898 2283 figuraliter
1923 2229 2026 2270 ete-

439 2299 657 2366 laturte,
703 2315 840 2372 quas
885 2301 1142 2359 Salomon
1191 2306 1244 2359 in
1293 2305 1492 2374 templo
1539 2305 1730 2362 fecisse
1770 2305 2021 2363 refertur.

437 2391 590 2458 Quod
619 2403 800 2448 autem
831 2395 1004 2450 sessio
1029 2397 1458 2452 lmmiliationem
1485 2398 1774 2468 significet,
1807 2409 2026 2456 sanctus

439 2483 608 2538 David
634 2487 890 2555 operibus
919 2497 974 2543 et
1015 2489 1195 2544 verbis
1224 2489 1481 2549 ostendit.
1512 2491 1602 2560 qui
1641 2506 1766 2546 cum
1797 2506 1856 2546 se
1883 2492 2021 2546 mul-

441 2583 554 2630 tum
585 2578 912 2644 lnuniliaret,
941 2580 1206 2650 ingressus
1232 2591 1328 2646 est,
1357 2591 1414 2635 ut
1445 2581 1724 2652 Scriptura
1765 2582 2022 2654 loquitur,

437 2677 486 2722 et
509 2669 642 2722 sedit
673 2686 850 2725 coram
879 2670 1124 2739 Domino,
1151 2673 1385 2743 dixitque
1414 2690 1432 2728 :
1473 2675 1603 2737 Quis
1629 2691 1721 2744 ego
1750 2691 1886 2740 sum,
1915 2674 2020 2730 Do-

437 2758 575 2813 mine
609 2759 769 2824 Deus,
792 2771 838 2815 et
853 2777 969 2832 qua:
993 2763 1178 2817 domus
1198 2781 1335 2828 mea,
1355 2765 1480 2834 quia
1509 2765 1776 2819 adduxisti
1811 2783 1894 2820 me
1918 2767 2020 2821 huc

438 2866 600 2918 usque
622 2850 701 2921 (Il
723 2851 961 2922 Reg.v11,
983 2853 1070 2922 l8)
1109 2855 1168 2908 Et
1197 2871 1286 2909 rex
1305 2855 1492 2910 Ninivc
1516 2857 1785 2926 ptenitcns
1803 2857 2021 2914 indutus

435 2949 780 3006 estsacco,et
811 2945 950 2998 sedit
983 2945 1033 2998 in
1057 2947 1238 3000 cinere
1269 2945 1416 3014 (Jan.
1445 2945 1619 3018 111,6.)
1649 2945 1852 3002 Sedere
1892 2963 2020 3017 ergo

435 3031 650 3088 debitor
683 3033 784 3090 iste
819 3037 1150 3107 przeeipttnr,
1179 3047 1237 3092 ut
1266 3039 1331 3092 ad
1361 3039 1734 3106 paenitentiam
1769 3039 2020 3096 humilio-

437 3133 542 3178 tnr.
571 3126 636 3180 Et
662 3128 788 3196 quia
819 3129 1083 3184 incertum
1108 3139 1191 3184 cst
1214 3143 1319 3199 qua
1353 3131 1483 3184 hora
1513 3145 1658 3185 mors
1686 3131 1886 3194 veniat,
1918 3133 2020 3186 cito

434 3217 643 3281 sedere,
682 3221 807 3272 dum
847 3220 1024 3274 adhuc
1065 3229 1238 3283 vacat,
1265 3219 1502 3286 jubetnr.
1553 3221 1824 3285 Scribere,
1853 3222 1906 3276 id
1935 3229 2020 3276 est

432 3308 687 3375 operibus
709 3309 1404 3382 adnotare,quinquaginta,
1431 3313 1480 3364 id
1509 3320 1593 3366 est
1619 3312 2015 3381 paenitentiam,

367 3397 376 3406 °
435 3399 750 3467 imperetur.
781 3401 1054 3472 Quidquid
1085 3403 1229 3456 enim
1260 3418 1570 3472 operemur,
1600 3403 1756 3473 quasi
1793 3404 1854 3461 in,
1880 3403 2018 3459 libro

433 3491 740 3559 scribimus,
769 3501 827 3546 ut
860 3493 912 3546 in
941 3493 1030 3548 die
1061 3491 1248 3560 jndicii
1280 3509 1462 3547 coram
1491 3495 1707 3549 Christo
1736 3495 2014 3549 recitctur.

434 3581 587 3637 Unde
633 3583 1164 3638 Dattirl:1ndirium
1209 3585 1371 3649 sedit,
1423 3593 1472 3639 et
1514 3586 1634 3639 libri
1677 3587 1844 3656 aperti
1894 3595 2014 3640 sunt

433 3673 607 3742 (Dan.
647 3690 754 3736 v11.
804 3675 924 3744 10).
971 3676 1472 3745 Quinquagenarius
1528 3685 1707 3732 autem
1760 3690 2016 3731 numerus

429 3765 803 3832 paenitentiam
850 3775 903 3821 et
939 3769 1310 3822 remissionem
1349 3779 1695 3838 peccatorum
1733 3757 2011 3837 designat;

431 3853 555 3920 quia
584 3861 638 3907 et
671 3855 836 3910 David
862 3856 910 3909 in
932 3857 1382 3928 quinquagesimo
1409 3859 1618 3928 psalmo
1639 3860 2011 3929 pmnitentiam

433 3959 597 4013 agens
623 3947 834 4000 veniam
867 3957 1208 4016 peccatorum
1241 3949 1490 4004 obtinuit.
1537 3951 1603 4003 Et
1631 3950 2013 4021 quinquagesi-

433 4047 554 4086 mus
594 4049 766 4090 amms
797 4035 848 4089 in
881 4037 995 4106 lege
1035 4039 1284 4108 jubilteus
1331 4049 1417 4096 cst
1463 4041 1769 4104 institutus,
1813 4043 1862 4095 iu
1905 4057 2013 4111 quo

433 4123 593 4180 fiebat
623 4127 754 4182 remi
771 4129 888 4182 .sio.
915 4131 1016 4182 l’rn
1037 4143 1238 4184 centum
1259 4148 1388 4202 ergo
1409 4134 1592 4186 scribit
1613 4133 2008 4203 quinquaginta,

431 4215 520 4283 qui
549 4231 646 4285 pro
672 4231 1041 4273 (“Ottstlmlllttltl
1073 4223 1323 4276 vtiorum
1355 4223 1768 4293 multiplicitate,
1796 4225 2012 4279 eviden-

433 4317 540 4360 tem
577 4309 690 4363 suis
723 4311 975 4377 operibus
1008 4315 1264 4367 memoria
1296 4313 1514 4383 dignam
1559 4317 1798 4371 ostcmlit
1840 4318 2010 4387 pmni-

433 4397 673 4458 tentiam,
705 4399 756 4453 in
785 4417 888 4469 qua
921 4411 972 4455 et
1007 4403 1337 4458 remissionis
1365 4405 1592 4474 gratiam
1621 4417 2006 4476 consequatur.
2045 4435 2088 4490 υ

431 4487 586 4543 Sicut
614 4501 790 4543 autem
815 4491 1021 4560 primus
1047 4495 1256 4549 debitor
1279 4495 1360 4550 vel
1383 4511 1500 4550 eam
1532 4508 1738 4564 partem
1771 4497 2008 4552 fidelium

427 4593 548 4646 qua:
581 4585 818 4646 peccatis
857 4591 936 4634 est
973 4583 1208 4648 subdita,
1241 4585 1322 4636 vel
1353 4601 1794 4655 unumquemque
1819 4601 2004 4655 pecca-

431 4676 603 4722 tormn
631 4671 897 4737 insinuat;
932 4673 1000 4724 ita
1027 4677 1293 4728 secundus
1319 4675 1400 4730 vel
1421 4691 1540 4760 eam
1570 4686 1774 4744 partem
1799 4692 2008 4743 eorum,

427 4767 489 4811 ut
534 4760 733 4815 dittum
773 4771 875 4825 est,
917 4778 1036 4834 qua:
1078 4763 1345 4830 ju.~titiam
1396 4776 1654 4829 sectatur,
1700 4768 1779 4820 vel
1818 4785 2011 4821 unum-

425 4867 695 4922 quemque
731 4853 934 4920 justum
983 4854 1270 4924 significat.
1319 4854 1453 4908 Nam
1485 4867 1538 4910 et
1565 4857 1746 4926 justus
1783 4859 2011 4928 quisquc

426 4943 638 4997 debitor
673 4944 766 4999 Dei
815 4954 928 5003 est.
971 4945 1226 5014 quoniam
1271 4946 1449 4999 omnia
1489 4947 1626 5001 bona
1672 4964 1794 5017 qua:
1832 4950 1900 5001 ab
1943 4965 2009 5002 eo

425 5035 688 5105 percepit,
719 5037 877 5092 debet
917 5037 1022 5102 illi;
1072 5045 1130 5092 ut
1162 5037 1348 5092 eadem
1391 5037 1474 5092 vel
1511 5039 1684 5108 paria,
1725 5041 1772 5094 si
1809 5048 2006 5109 potest,

425 5127 646 5188 reddat;
685 5129 729 5180 si
766 5137 946 5182 autem
989 5143 1092 5181 non
1124 5139 1321 5197 potest,
1355 5128 1435 5182 vel
1469 5129 1766 5185 debitorem
1800 5147 1859 5186 sc
1887 5147 2010 5187 esse

427 5215 703 5272 humiliter
749 5230 1038 5288 agnoscat,
1081 5229 1135 5272 et
1177 5219 1380 5288 gratias
1425 5235 1592 5288 agens
1639 5223 1782 5277 dicat
1817 5243 1826 5274 :
1865 5223 2006 5288 Quid

427 5308 707 5359 retribuam
742 5308 960 5386 Domino
995 5325 1086 5376 pro
1130 5311 1366 5362 omnibus
1403 5327 1519 5378 qua:
1560 5313 1792 5365 retribuit
1836 5315 2008 5366 mihi?

427 5397 596 5464 (l’sul.
628 5413 751 5465 ων,
783 5399 894 5466 12.)

499 5489 713 5544 Centum
747 5494 944 5560 quippe
981 5494 1092 5545 cori
1129 5491 1311 5555 tritici,
1340 5507 1476 5560 quos
1518 5507 1576 5548 sc
1618 5495 1814 5548 debere
1846 5506 2002 5550 testa-

430 5587 534 5644 tur,
565 5581 950 5648 perfectionem
982 5581 1228 5650 justitim,
1261 5591 1688 5653 cmterarumque
1725 5585 2000 5650 \irtutum,

429 5685 546 5740 quae
595 5671 668 5725 illi
728 5673 1017 5730 secundum
1079 5687 1386 5729 mensuram
1445 5676 1746 5732 donationis
1803 5677 2004 5732 Christi

2049 3095 2088 3152 C

2132 1843 2370 1898 rectione
2391 1842 2556 1912 justis
2591 1844 2802 1899 actibus
2839 1845 3142 1900 exhiberet.
3175 1845 3393 1901 Litterae
3416 1845 3558 1900 enim
3583 1859 3720 1914 quas

2130 1933 2438 2000 scribimus,
2471 1933 2711 1990 actiones
2737 1943 2936 1991 nostra:
2960 1944 3109 2002 sunt,
3135 1951 3268 2008 quas
3295 1937 3490 1991 divinae
3517 1951 3716 1992 memo-

2131 2025 2225 2080 riae
2250 2027 2619 2098 assignamus,
2646 2025 2760 2081 sive
2792 2027 3102 2092 bonas,sive
3137 2027 3325 2082 malas.
3351 2027 3582 2098 Undert
3607 2028 3721 2095 ipse

2129 2113 2196 2170 de
2236 2116 2380 2170 omni
2415 2129 2581 2187 opere
2613 2117 2756 2186 quod
2793 2127 3018 2187 egerunt
3059 2117 3328 2184 homines,
3371 2117 3501 2172 dicit
3533 2131 3550 2171 :
3583 2116 3717 2172 Ecce

2127 2207 2377 2276 scriptum
2422 2217 2498 2262 est
2537 2223 2714 2260 coram
2757 2223 2840 2262 me
2869 2205 3002 2278 (lsn.
3041 2223 3162 2268 va.
3211 2208 3286 2278 6).
3329 2207 3718 2277 Octogenarius

2127 2303 2308 2350 autem
2337 2309 2614 2359 numerus,
2643 2297 2783 2351 sicut
2811 2307 2864 2352 et
2893 2299 3208 2354 octouarius
3237 2298 3493 2368 mysterio
3533 2313 3713 2352 resur-

2129 2379 2384 2436 rectionis
2419 2383 2694 2451 congruit,
2725 2383 2850 2452 quia
2880 2393 2936 2438 et
2965 2383 3178 2439 Domini
3215 2385 3544 2441 resurrectio
3573 2385 3715 2439 facta

2127 2478 2212 2524 est
2249 2477 2440 2546 octava
2470 2470 2578 2538 die,
2611 2480 2665 2528 et
2705 2481 2892 2527 nostra
2917 2489 3129 2544 quoque
3167 2484 3288 2544 post
3327 2484 3534 2544 septem
3575 2476 3714 2540 dies,

2126 2561 2322 2630 quibus
2349 2575 2511 2618 omne
2559 2571 2768 2634 tempus
2801 2565 3056 2633 volvitur,
3087 2567 3136 2622 id
3172 2579 3256 2622 est
3295 2569 3346 2622 in
3388 2568 3476 2623 die
3503 2567 3712 2635 iudicii,

2125 2668 2244 2722 quae
2269 2654 2374 2709 erit
2398 2663 2612 2720 octava,
2653 2659 2953 2724 proveniet.
2987 2657 3142 2715 Unde
3169 2668 3220 2714 et
3255 2660 3490 2714 nommlli
3520 2659 3714 2729 psalmi

2123 2761 2217 2814 pro
2265 2755 2449 2802 octaua
2497 2748 2830 2804 scribuntur.
2875 2750 3002 2805 Suis
3048 2764 3176 2821 ergo
3225 2751 3421 2806 litteris
3471 2752 3715 2808 inscribit

2123 2837 2408 2907 octoginta,
2437 2839 2530 2908 qui
2571 2840 2685 2894 suis
2707 2841 2964 2910 operibus
2985 2841 3206 2912 dignum
3251 2859 3309 2898 se
3345 2843 3433 2897 illa
3465 2859 3708 2900 resurre-

2123 2926 2302 2984 ctione
2328 2938 2384 2984 ct
2411 2930 2706 2986 electorum
2735 2933 2999 2988 societate
3025 2934 3380 2989 demonstrat.

2194 3019 2320 3076 lltec
2352 3032 2480 3077 sunt
2523 3024 2706 3092 itaque
2747 3024 2798 3078 in
2834 3025 3030 3094 quibus
3075 3027 3311 3094 prudens
3355 3027 3568 3080 villicus
3603 3037 3712 3081 tam

2121 3125 2182 3166 se
2211 3127 2374 3181 quam
2407 3114 2738 3170 habitatores
2767 3117 2904 3172 villa:
2931 3133 3062 3183 sute,
3093 3117 3144 3172 id
3173 3126 3256 3172 est
3291 3117 3346 3170 fil
3367 3133 3429 3170 os
3461 3117 3713 3172 Ecclesia:

2121 3219 2283 3272 quam
2337 3208 2574 3275 regebat,
2611 3209 2888 3279 corrigere
2933 3221 2988 3263 et
3027 3209 3312 3264 meliorare
3355 3209 3580 3272 stuluit,
3615 3227 3713 3279 pro

2120 3295 2317 3363 quibus
2360 3305 2416 3352 et
2462 3296 2670 3354 laudari
2719 3315 2749 3353 a
2799 3300 3024 3354 Domino
3076 3302 3292 3355 meruit.
3341 3302 3408 3355 Et
3443 3317 3542 3355 nos
3579 3317 3710 3372 ergo

2122 3385 2400 3444 laudemus
2423 3403 2547 3444 eum
2571 3390 2660 3460 qui
2690 3391 2875 3446 divino
2904 3391 3152 3446 laudatur
3172 3392 3410 3462 judicio;
3452 3409 3554 3448 nec
3585 3409 3709 3449 eum

2121 3476 2174 3532 in
2219 3478 2422 3549 aliquo,
2459 3481 2772 3551 priusquam
2819 3492 3100 3540 correctus
3146 3492 3250 3548 est,
3291 3487 3588 3540 audeamus
3627 3501 3710 3540 rc—

2117 3572 2482 3640 preheudere;
2520 3583 2576 3628 ut
2607 3575 2722 3630 haec
2749 3585 3000 3644 putemus
3035 3576 3089 3631 in
3131 3577 3216 3633 his
3247 3593 3367 3648 quae
3398 3595 3524 3648 erga
3555 3579 3708 3634 debi-

2119 3672 2264 3718 tores
2285 3665 2415 3733 egit,
2441 3665 2658 3720 domino
2678 3666 2922 3723 fraudem
2946 3669 3138 3723 fecisse
3164 3685 3179 3722 :
3204 3670 3296 3726 sed
3319 3670 3496 3739 potius
3521 3672 3709 3724 ereda—

2119 3769 2238 3809 mus
2263 3771 2388 3810 eum
2429 3757 2480 3812 in
2517 3759 2602 3813 bis
2643 3758 2790 3813 lucra
2831 3760 3038 3814 Domini
3072 3761 3154 3814 sui
3196 3763 3446 3829 prudenti
3482 3765 3709 3816 consilio

2115 3849 2413 3916 qumsiisse,
2441 3859 2496 3903 et
2534 3850 2650 3920 ejus
2684 3851 3013 3906 voluntatem
3055 3852 3326 3922 implesse.
3359 3855 3459 3920 Qui
3497 3864 3704 3908 tantum

2119 3939 2292 3993 adhuc
2321 3939 2613 4009 iniquitatis
2641 3941 2844 3995 villicus
2874 3941 3196 4010 appellatur,
3227 3943 3352 4011 quia
3384 3945 3534 4013 prius
3565 3945 3705 3998 villi-

2115 4040 2296 4084 catum
2322 4045 2478 4084 suum
2507 4031 2690 4100 inique
2712 4033 3000 4098 tractabat,
3024 4032 3166 4087 sicut
3185 4043 3242 4088 et
3263 4033 3703 4104 Matthwugquia

2115 4117 2421 4186 publicanus
2461 4118 2671 4186 fuerat,
2718 4122 2882 4176 etiam
2933 4122 2984 4175 in
3041 4123 3407 4192 apostolorum
3459 4126 3705 4195 catalogo

2113 4209 2425 4277 publicanus
2459 4212 2674 4266 dicitur.
2724 4212 2830 4268 Sed
2859 4213 2912 4268 in
2945 4213 3030 4269 his
3065 4215 3316 4270 omnibus
3349 4226 3433 4272 est
3469 4218 3707 4272 tttaaitno

2115 4302 2456 4371 praedicanda
2480 4305 2702 4373 piissimi
2730 4305 2928 4373 judicis
2947 4307 3120 4362 nostri
3154 4308 3548 4374 misericordia,
3576 4311 3694 4377 qui,

2114 4407 2236 4448 cum
2269 4395 2413 4450 hunc
2455 4405 2614 4452 antea
2647 4407 2914 4460 vocasset,
2945 4407 3002 4453 et
3023 4399 3174 4469 justo
3199 4398 3406 4467 judicio
3443 4401 3702 4454 damnare

2117 4487 2395 4554 potuisset,
2425 4489 2612 4542 maluit
2647 4502 2770 4543 eum
2812 4489 3018 4544 indulto
3055 4507 3243 4546 rursus
3279 4493 3488 4549 vivendi
3529 4496 3702 4563 spatio

2113 4589 2144 4628 a
2177 4585 2348 4632 morte
2389 4593 2662 4644 revocare,
2694 4589 2752 4632 ut
2793 4582 3134 4649 postmodum
3175 4583 3318 4638 hunc
3355 4587 3698 4640 emendatmu

2116 4679 2294 4735 posset
2317 4671 2459 4724 inter
2479 4671 2682 4726 amicos
2708 4682 3040 4741 computare.
3065 4674 3366 4744 Complevit
3389 4677 3530 4732 enim
3557 4682 3699 4748 quod

2113 4759 2322 4816 locutus
2357 4760 2553 4826 fuerat,
2585 4762 2711 4832 quia
2755 4763 2874 4816 nolo
2911 4775 3128 4818 mortem
3162 4767 3473 4832 peccatoris,
3513 4769 3604 4822 sed
3643 4781 3698 4822 ut

2114 4855 2282 4923 magis
2310 4865 2642 4908 convertatur
2669 4866 2715 4910 et
2741 4857 2876 4910 .rivat
2907 4857 3122 4926 (lt'zeclt.
3157 4872 3311 4922 xvnt,
3341 4856 3452 4926 53).
3485 4859 3564 4911 Ad
3598 4859 3696 4912 hoc

2113 4955 2292 5000 autem
2343 4947 2484 5015 quod
2534 4948 2747 5002 dixerat
2796 4948 3025 5002 vie'licunt
3073 4949 3362 5019 iniquitatis
3417 4948 3698 5016 prudenter

2113 5035 2326 5101 fecisse,
2358 5039 2633 5109 subjungit
2658 5042 3005 5104 sententiam,
3035 5042 3088 5094 iu
3117 5057 3224 5110 qua
3253 5039 3524 5108 significat
3559 5039 3694 5092 mul.

2113 5133 2196 5182 tos
2223 5125 2415 5183 similia
2447 5129 2646 5185 facere.

2183 5217 2322 5283 Quia
2360 5219 2478 5288 ﬁlii,
2511 5221 2705 5290 inquit,
2735 5220 2896 5290 hujus
2929 5220 3129 5286 saeculi,
3167 5219 3527 5289 prudentiores
3565 5220 3694 5287 ﬁliis

2109 5313 2238 5365 fucis
2259 5312 2312 5366 in
2333 5315 2662 5382 generatione
2685 5332 2780 5368 sua
2803 5325 2944 5368 sunt.
2977 5313 3102 5366 Filii
3127 5313 3270 5368 enim
3291 5311 3472 5368 stt'culi
3496 5327 3693 5368 vocan-

2111 5413 2196 5456 tur
2241 5405 2332 5473 qui
2373 5407 2684 5461 seruiat-em
2725 5406 2888 5459 vitam
2935 5405 3156 5459 ducunt.
3193 5404 3320 5457 Filii
3349 5413 3530 5458 autem
3559 5405 3690 5460 luris

2103 5494 2234 5562 justi
2275 5495 2544 5549 dicuntur.
2579 5496 2685 5550 Sed
2728 5503 2851 5548 sunt
2891 5494 3053 5563 aliqui
3075 5493 3227 5560 justi,
3255 5495 3370 5564 qui,
3397 5495 3522 5550 licet
3545 5495 3692 5564 jusic

2111 5585 2290 5640 vivant
2340 5596 2394 5642 et
2425 5587 2626 5642 illicitis
2653 5602 2712 5640 se
2743 5587 3082 5646 contineant.
3118 5601 3305 5657 magna
3338 5595 3516 5642 tamen
3549 5589 3686 5644 bona

2105 5690 2379 5746 nunquam
2411 5687 2726 5747 operantur.
2759 5676 2824 5732 Et
2851 5693 2974 5734 sunt
3013 5675 3122 5748 alii,
3151 5681 3240 5752 qui
3283 5679 3430 5750 prius
3463 5679 3682 5736 sacculu-
