3910 6018
266 240 374 297 639

589 240 646 296 S.
692 242 989 298 ANSELMI
1028 242 1382 300 CANTUAR.
1425 241 1747 300 ARCHIEI’.
1786 240 1836 299 Οξ

1984 241 2180 300 PARS.
2220 243 2282 299 ΙΙ.
2319 275 2389 285 -
2420 243 2801 301 -ΡΛΒΛΞΝΕΤ,
2837 246 2925 301 ΕΤ
2966 245 3210 303 ASCET.

3426 247 3531 305 οδε

254 358 397 412 riter
421 367 477 412 et
501 357 795 413 criminose
833 359 1104 421 vixerunt,
1127 359 1222 412 'scd
1253 355 1590 427 posmtodum
1619 358 1845 412 redeun—
1877 362 1919 418 Α
1952 358 2149 412 tionem
2188 358 2367 423 docet,
2399 369 2455 413 et
2498 362 2745 415 hortatur
2774 370 2831 414 ut
2870 361 3179 432 quicunque
3218 363 3357 417 male
3383 363 3529 418 vive-

264 458 346 504 tes
375 451 441 503 ad
459 465 569 505 sror
595 465 772 514 suum,
802 451 926 520 quia
967 465 1026 506 se
1064 450 1247 504 illicita
1279 450 1455 520 egisse
1479 450 1844 514 considerant,

261 556 330 597 ex
373 542 493 612 ipso
521 556 620 597 suo
650 540 837 597 dolore
875 542 1181 610 eompuncti
1215 542 1564 597 inardescunt
1594 542 1661 595 ad
1698 556 1847 597 arno-

262 648 377 688 rem
417 634 547 695 Dei.
596 648 824 703 seseque
871 633 923 687 in
976 635 1187 703 magnis
1234 634 1524 690 virtutibus
1566 642 1845 700 exercent,

159 741 166 749 ·
258 733 456 779 cuncta
495 724 657 778 etiam
710 724 944 781 ditﬁcilia
987 726 1160 781 sancti
1208 726 1525 781 certaminis
1562 734 1843 808 appetunt,

271 814 441 868 smnia
491 814 672 869 mundi
724 814 1095 870 blandimenta
1144 816 1541 885 derelinquunt.
1588 816 1848 884 Flagrant

256 903 548 969 desiderio,
578 904 645 958 ad
686 904 962 960 coel:.-stcm
1014 907 1244 975 patriam
1290 906 1565 962 anhelant.
1611 906 1677 961 Et
1718 907 1843 974 quia

257 1009 319 1051 se
359 1010 574 1051 errasse
607 1011 638 1049 a
676 996 785 1052 Deo
825 998 1202 1068 conspiciunt,
1244 1000 1438 1053 damna
1489 998 1842 1068 prmeedentia

254 1085 425 1141 lucris
449 1088 803 1156 sequentibus
832 1098 1261 1158 recompensaut.
1280 1090 1370 1144 Isti
1399 1104 1528 1159 ergo
1550 1090 1603 1143 in
1623 1106 1842 1160 genera—

258 1176 400 1231 tione
424 1192 545 1242 sua,
571 1177 625 1232 id
651 1179 809 1234 estin
842 1187 1087 1250 tempore
1112 1195 1232 1245 suo,
1264 1195 1371 1247 quo
1412 1188 1729 1249 prmscntem
1758 1180 1841 1233 vi-

256 1277 367 1323 tam
399 1256 796 1336 transcurrunt,
836 1273 1196 1341 prudentiores
1232 1283 1353 1328 sunt
1397 1273 1505 1328 illis
1533 1273 1658 1342 [iliis
1686 1273 1840 1338 lucis,

254 1360 347 1429 qui
398 1375 429 1414 a
477 1360 597 1416 luce
649 1374 823 1417 matre
875 1379 1147 1431 nunquam
1204 1364 1481 1430 recedunt,
1515 1364 1607 1419 sed
1662 1373 1839 1419 tamen

253 1464 417 1518 opera
466 1451 600 1507 lueis
645 1452 921 1507 fﬂilliSSillS
961 1462 1149 1521 agunt,
1179 1463 1237 1509 et
1261 1454 1325 1508 ad
1353 1455 1581 1523 patriam
1623 1463 1839 1510 aeterna:

252 1540 390 1596 lucis
417 1542 576 1597 anxie
604 1556 709 1596 non
742 1542 1018 1607 a::helaut.

325 1630 454 1688 Post
484 1633 806 1687 sententiam
838 1648 964 1688 vero
987 1632 1201 1700 subjirit
1226 1634 1483 1689 Dominus
1506 1636 1662 1690 exhoi
1680 1636 1838 1691 tritio-

1948 451 2060 514 bat,
2094 459 2148 505 et
2189 466 2275 507 res
2317 465 2453 522 quas
2496 451 2884 520 dispensandas
2920 463 3235 521 susceperat
3279 469 3532 524 perverse

1951 541 2245 607 tractabat,
2292 550 2466 598 mutet
2500 557 2629 598 suos
2666 557 2867 609 mores,
2895 552 2949 598 et
2990 544 3128 599 mala
3168 547 3527 616 praecedentia

1948 633 2103 689 bonis
2131 634 2481 703 sequentibus
2523 634 2702 690 vincat
2739 642 2795 689 et
2832 635 3033 691 deleat.
3073 635 3308 692 Possunt
3348 646 3522 693 tamen

1945 738 2136 779 omnes
2175 724 2378 780 divitia:
2420 726 2624 793 saeculi,
2672 725 2872 781 divitiae
2916 726 3205 796 iniquitatis
3245 729 3526 799 appellari,

1945 815 2072 885 quia
2111 831 2233 871 cum
2276 831 2306 870 a
2342 816 2454 872 Deo
2493 832 2592 885 pro
2622 818 2874 874 omnibus
2907 818 3016 873 sint
3045 831 3261 887 creatur,
3295 821 3394 878 has
3423 824 3524 879 sibi

1946 907 2211 972 nonnulli,
2242 908 2489 976 quamvis
2517 906 2664 977 justo
2703 908 2906 973 labore,
2938 910 3120 980 iniqua
3158 922 3335 968 tamen
3377 915 3526 984 cupi-

1946 997 2110 1052 ditate
2138 1007 2498 1070 congregant;
2528 1008 2584 1054 et
2613 1015 2750 1071 quas
2778 1000 2910 1057 nulli
2956 1003 3216 1068 tribuunt,
3248 1004 3346 1062 has
3385 1007 3526 1063 indi—-

1945 1088 2198 1158 gentibus
2244 1089 2643 1157 quodammodo
2695 1090 2922 1155 tollunt,
2967 1094 3094 1146 dum
3138 1109 3230 1149 eas
3272 1095 3323 1151 in
3367 1113 3522 1155 usum

1942 1192 2130 1232 eorum
2158 1179 2342 1234 venire
2382 1195 2489 1235 non
2536 1181 2740 1236 sinunt.
2785 1181 2936 1237 Licet
2977 1199 3105 1255 ergo
3137 1186 3321 1257 juStis,
3348 1198 3407 1244 ut
3446 1190 3524 1245 di-

1942 1276 2088 1320 ctum
2124 1276 2231 1331 est,
2265 1268 2541 1325 laboribus
2574 1271 2879 1340 acquisitaa,
2914 1272 2997 1327 vel
3033 1274 3083 1327 in
3130 1277 3453 1345 patrimonio
3487 1296 3521 1336 a

1943 1360 2210 1430 religiosis
2239 1347 2551 1430 parentibus
2585 1373 2845 1434 acceptar;
2879 1374 3060 1421 tamen
3097 1367 3296 1425 divitias
3329 1372 3521 1442 iniqui-

1941 1452 2064 1506 tatis
2112 1460 2268 1516 sunt,
2309 1453 2435 1522 quia
2480 1454 2719 1523 iniquum
2770 1463 2881 1522 est,
2921 1455 2972 1509 id
3012 1466 3097 1511 est
3139 1457 3211 1514 ab
3248 1462 3521 1530 aequitatis

1945 1542 2124 1612 tegula
2170 1544 2519 1608 discordans,
2560 1556 2619 1600 ιιι
2659 1545 2798 1602 alius
2840 1547 3044 1603 divitiis
3088 1553 3517 1621 superabundet,

1941 1634 2080 1690 alius
2116 1642 2297 1689 autem
2337 1645 2515 1706 egeat.
2563 1635 2638 1689 Dc
2672 1636 3083 1709 quibuscunque
3120 1640 3289 1710 igitur
3316 1642 3519 1700 divitiis

256 1738 403 1792 nem,
432 1726 606 1795 utqui
637 1726 776 1779 male
800 1726 950 1794 prius
971 1737 1216 1796 egerunt,
1242 1729 1490 1797 exemplo
1519 1730 1678 1785 villici
1708 1747 1835 1786 con-
1869 1740 1910 1797 Β
1940 1725 2119 1781 szecnli
2155 1725 2285 1779 ﬁant
2312 1725 2687 1799 elcemosynm,
2719 1728 2785 1783 de
2814 1728 3018 1785 divitiis
3039 1731 3332 1801 iniquitatis
3370 1745 3516 1788 sunt.

255 1827 540 1875 vertantur
578 1818 646 1872 ad
686 1816 907 1884 bonum,
938 1830 992 1875 ct
1033 1819 1329 1876 clementer
1369 1836 1531 1892 agere
1565 1825 1835 1877 studeant.

253 1910 332 1964 Ac
358 1910 403 1965 si
429 1910 575 1965 dicat
608 1923 623 1963 :
650 1910 754 1965 Iste
782 1911 999 1979 quidem
1041 1911 1275 1975 villicus,
1312 1913 1402 1981 qui
1445 1924 1604 1969 antea
1636 1915 1840 1970 villica-

255 2010 368 2053 tnm
407 2014 561 2055 suum
606 2000 746 2055 male
789 2010 1135 2067 tractaverat,
1171 2011 1289 2073 post
1319 2003 1386 2059 de
1414 2004 1569 2059 bonis
1598 2005 1837 2074 ejusdem

253 2076 522 2148 villicaths
553 2106 681 2164 erga
711 2093 956 2149 subditos
991 2093 1251 2163 spiritalia
1312 2094 1570 2151 beneﬁcia
1598 2096 1837 2151 clemen-

255 2191 340 2236 ter
367 2193 621 2251 operatus
666 2195 770 2249 est,
805 2200 903 2254 pro
936 2185 1133 2254 quibus
1167 2194 1224 2240 et
1265 2202 1514 2254 superna:
1561 2188 1837 2243 felicitatis

259 2274 562 2328 habitacula
588 2290 709 2329 cum
732 2276 922 2331 electis
944 2276 1146 2332 intrare
1171 2277 1368 2332 meruit
1392 2296 1404 2330 :
1424 2288 1471 2331 et
1502 2294 1594 2347 ego
1623 2293 1839 2347 quoque

256 2366 398 2420 vobis
422 2366 541 2420 dico
560 2375 615 2421 et
638 2368 858 2429 suadeo,
874 2367 965 2436 qui
993 2383 1374 2428 mammonam.
1405 2369 1458 2423 id
1484 2379 1568 2424 est
1596 2368 1833 2432 divitias,

259 2458 472 2514 habetis
496 2459 807 2527 iniquitatis,
833 2460 883 2513 id
908 2470 989 2514 est
1008 2474 1147 2529 quas
1167 2474 1263 2529 per
1288 2459 1625 2528 iniquitatem
1647 2459 1834 2528 acqui-

254 2552 492 2617 sistis,ct
513 2552 697 2622 inique
721 2552 1077 2622 dispensastis
1100 2552 1362 2607 hactenus
1386 2551 1469 2606 vel
1497 2551 1834 2621 possetis-tis,

252 2643 366 2711 jant
404 2644 544 2699 bene
571 2642 932 2711 dispensando
969 2656 1064 2697 eas
1095 2642 1322 2707 sanctis,
1354 2642 1445 2712 qni
1483 2642 1835 2711 indigentiam

256 2734 556 2804 patiuntur,
573 2735 730 2803 facite
756 2746 846 2789 eos
875 2733 1015 2788 vobis
1040 2732 1165 2788 inde
1189 2733 1410 2796 amicos,
1438 2742 1520 2799 ut,
1548 2748 1666 2785 cum
1694 2732 1838 2802 defe-

257 2823 450 2886 ceritis,
500 2822 553 2876 id
591 2832 675 2878 est
707 2838 829 2877 cum
867 2822 1136 2888 obieritis,
1180 2822 1430 2889 recipiant
1476 2838 1563 2877 vos
1608 2821 1837 2876 libenter

254 2930 437 2970 secum
484 2916 539 2970 in
589 2927 786 2970 a'tcrnu
841 2916 1204 2981 tabernacula,
1241 2914 1290 2969 id
1338 2926 1422 2971 est
1458 2917 1513 2970 in
1551 2925 1838 2985 p’rpetuas

253 3006 588 3071 mansiones,
623 3006 709 3061 ubi
746 3006 1059 3077 perenniter
1088 3022 1210 3061 cum
1240 3007 1322 3062 eis
1349 3006 1660 3078 gaudeatis;
1700 3022 1836 3077 quo-

254 3096 396 3150 niam
438 3099 528 3169 qui
568 3100 745 3169 recipit
776 3099 984 3169 justum
1018 3098 1077 3152 in
1116 3099 1324 3154 nomine
1352 3100 1512 3170 justi,
1555 3101 1837 3154 mercedem
1866 3081 1911 3143 Ο

245 3187 381 3255 justi
408 3189 645 3258 accipiet.

325 3280 553 3346 Quidam
591 3297 718 3337 vero
747 3285 1072 3338 sententiam
1105 3283 1261 3338 istam
1298 3284 1439 3339 male
1474 3284 1839 3355 intelligentes

254 3369 570 3439 rapiuntrcs
581 3371 803 3437 alienas,
819 3383 873 3428 et
896 3373 1097 3441 aliquid
1122 3375 1243 3430 inde
1264 3375 1588 3444 pauperibus
1604 3375 1839 3441 largiun-

254 3473 364 3525 tur,
387 3472 442 3517 et
468 3473 658 3531 putant
683 3479 743 3519 se
771 3463 950 3520 facere
975 3466 1117 3535 quod
1154 3476 1478 3535 pncccptum
1507 3475 1607 3521 est.
1645 3465 1838 3519 Dicunt

252 3554 397 3608 enim
446 3574 459 3608 :
501 3554 712 3623 Rapere
757 3571 847 3610 ris
888 3555 1094 3611 alienas
1121 3598 1136 3625 ,
1196 3573 1495 3611 mammona
1547 3558 1837 3628 iniquitatis

254 3652 359 3698 est.
436 3644 671 3715 Erogure
758 3646 963 3716 aliquid
1024 3647 1191 3713 inde,
1254 3649 1490 3702 maxime
1555 3650 1836 3719 egentibus

251 3738 476 3804 sanctis,
491 3739 590 3793 hoc
611 3748 694 3794 est
714 3739 893 3795 facere
913 3741 1106 3795 amicos
1126 3741 1190 3795 de
1209 3757 1506 3795 mammona
1527 3742 1833 3812 iniquitatis.

249 3831 553 3887 intellectus
577 3832 676 3887 iste
694 3833 1044 3905 corrigendus
1062 3847 1164 3889 est.
1191 3834 1301 3888 Non
1325 3850 1390 3888 ex
1416 3835 1617 3904 rapinis
1636 3845 1690 3888 et
1717 3851 1835 3889 usu-

251 3925 347 3981 ris.
371 3924 450 3979 vel
475 3924 750 3979 fraudibus
769 3926 1050 3994 acquirere
1071 3928 1349 3990 dcbcmns,
1374 3926 1515 3981 unde
1540 3927 1835 3998 eleentosy-

252 4033 348 4073 nas
369 4017 656 4083 faciamus;
683 4019 773 4073 sed
787 4034 831 4073 sn
851 4020 1137 4089 contigerit
1158 4036 1254 4075 nos
1276 4030 1400 4073 ante
1424 4021 1832 4072 conversionem

251 4120 486 4164 nostram
511 4110 708 4165 talibus
731 4112 902 4166 modis
922 4126 1052 4181 opes
1086 4108 1541 4178 acquisiissc,jant
1566 4119 1685 4181 post
1704 4125 1836 4162 con-

249 4203 548 4257 versioaem
566 4205 780 4272 rapinas
792 4215 847 4257 et
863 4202 1078 4257 fraudes
1099 4218 1202 4255 non
1228 4201 1512 4265 facian-ius;
1541 4202 1634 4256 sed
1653 4210 1831 4255 tamen

250 4309 313 4348 cx
342 4295 535 4363 opibus
560 4294 706 4362 large
733 4294 1050 4349 tribuamus.
1079 4293 1169 4348 Sic
1193 4294 1337 4347 enim
1360 4293 1618 4346 Zaclneus
1639 4291 1833 4346 iecisse

249 4385 520 4451 laudatur,
544 4386 637 4456 qui
666 4387 914 4456 princeps
939 4394 1059 4442 erat
1086 4384 1516 4455 publicanorum,
1544 4392 1600 4439 et
1625 4384 1829 4438 divitiis
1861 4422 1905 4479 ο

247 4477 586 4543 abundabat;
632 4479 726 4533 sed
773 4487 989 4549 recepto
1035 4476 1088 4532 in
1143 4478 1359 4531 domum
1396 4491 1552 4532 suam
1588 4476 1825 4541 Christo,

249 4567 593 4622 medietatem
632 4582 818 4622 earum
864 4569 1192 4638 pauperibus
1231 4568 1398 4629 dedit,
1432 4577 1487 4622 et
1529 4567 1830 4637 cuicunque

247 4656 450 4710 fecerat
481 4658 721 4712 fraudem
749 4674 815 4713 ex
850 4659 952 4713 alia
990 4659 1279 4713 medietate
1308 4659 1665 4730 quadruplum
1708 4660 1840 4731 l‘td-_

244 4747 397 4802 didit.
438 4748 590 4801 Sicut
627 4764 759 4819 ergo
799 4750 1009 4805 villicus
1052 4750 1249 4804 dicitur
1291 4751 1617 4821 iniquitatis,
1665 4751 1827 4805 etiam

243 4850 370 4909 post
393 4841 790 4895 correctionem
823 4856 997 4906 suam,
1034 4842 1195 4915 184
1223 4843 1346 4912 quia
1388 4843 1681 4899 villieatum
1731 4842 1830 4895 ini-

244 4946 350 5000 que
380 4930 529 5000 prius
553 4939 914 4996 tractaverat;
944 4931 1012 4985 ἰιιι
1042 4933 1264 4998 ιιίνὶιὶιιι,
1293 4948 1430 5002 quas
1456 4942 1583 4988 ante
1606 4948 1740 4986 conv
1778 4949 1833 4985 r-

249 5024 456 5078 sionetn
494 5023 618 5092 quis
664 5023 850 5094 inique
902 5024 1247 5092 conquisivit,
1283 5025 1397 5078 sive
1442 5025 1700 5093 possedit,
1739 5032 1831 5076 aut

245 5116 599 5184 dispensavit,
624 5116 788 5169 etiam
820 5125 940 5185 post
971 5118 1383 5171 conversionem
1416 5115 1534 5185 ejus
1572 5124 1831 5169 vocantur

243 5208 447 5264 divitia:
485 5209 795 5280 iniquitatis.
836 5202 951 5264 ‘Sed
980 5209 1122 5264 sicut
1144 5208 1356 5262 villicus
1381 5224 1446 5262 ex
1478 5208 1666 5262 eodem
1696 5206 1833 5262 villi-

241 5308 389 5363 catu,
419 5311 702 5371 postquam
731 5310 1009 5356 correctus
1035 5310 1137 5364 est,
1169 5298 1458 5369 acqu'sivit
1484 5298 1723 5359 amicos;
1759 5298 1829 5351 ita

240 5393 470 5461 quisque
495 5393 564 5448 de
588 5394 701 5449 suis
732 5392 1099 5453 facultatibus,
1114 5392 1362 5460 quamvis
1391 5400 1549 5445 antea
1573 5407 1641 5447 ex
1670 5391 1834 5446 licitis

241 5493 299 5539 et
319 5484 522 5541 illicitis
546 5487 868 5556 acquisisset
890 5501 1004 5550 eus,
1021 5485 1227 5539 anticus
1255 5485 1355 5538 sibi
1385 5484 1563 5540 lacere
1583 5486 1829 5551 stu'leat;

242 5579 316 5635 ita
349 5579 610 5632 duntaxat
638 5589 696 5632 ιιι
727 5580 857 5633 nihil
897 5580 1035 5632 ultra
1069 5594 1165 5647 per
1197 5578 1535 5647 iniquitatem
1562 5579 1830 5647 acquirat.

315 5670 449 5724 Tota
495 5669 674 5737 itaque
715 5670 873 5725 lectio
914 5672 1015 5726 ista
1052 5672 1442 5726 correctionem
1483 5682 1535 5724 ct
1578 5670 1834 5727 emcnda-

1940 1816 2127 1888 ltaque
2156 1833 2263 1873 non
2293 1817 2406 1887 jam
2446 1820 2629 1888 inique
2666 1822 2759 1875 scd
2793 1821 2941 1888 juste
2971 1823 3354 1893 conquiramus
3385 1826 3521 1879 divi-

1942 1909 2063 1974 tias,
2089 1923 2156 1965 ex
2182 1909 2379 1979 quibus
2400 1909 2578 1978 justas
2607 1911 2855 1967 faciendo
2884 1913 3278 1986 elcemosynas,
3304 1928 3521 1972 sanctos

1940 2015 2206 2068 pauperes
2242 2000 2591 2069 acquiramus
2630 2002 2783 2057 nobis
2818 2004 3036 2068 amicos,
3066 2014 3125 2058 ut
3166 2004 3265 2073 ipsi
3305 2021 3402 2061 nos
3434 2021 3521 2060 se.

1939 2107 2062 2146 cum
2097 2090 2339 2161 recipere
2381 2092 2673 2161 dignentur
2701 2092 2756 2145 in
2781 2103 2977 2147 a'terna
3011 2095 3374 2150 tabernacula.
3416 2096 3523 2152 Per

1938 2182 2119 2239 Jesum
2149 2181 2425 2239 Christum
2459 2184 2743 2240 Dominum
2785 2187 3172 2256 nostrnm,.qui
3199 2203 3322 2245 cum
3350 2188 3515 2245 Patre

1938 2283 1994 2329 ct
2026 2273 2234 2343 Spiritu
2270 2283 2463 2330 saneto
2501 2274 2633 2329 vivit
2676 2284 2732 2330 et
2779 2287 2967 2346 regnat
3015 2278 3177 2344 Deus,
3206 2295 3301 2349 per
3339 2281 3523 2336 omnia

1937 2366 2135 2423 saecula
2163 2367 2504 2422 smculorum.
2535 2367 2726 2420 Amen.

2494 2457 2772 2514 HOMILIA
2813 2458 2942 2513 Xlll.

1937 2547 1992 2603 liv
2033 2564 2368 2607 sv'aucsuon
2409 2566 2681 2606 sscnnoun
2724 2549 2955 2606 Lucan:
2994 2551 3130 2608 Dum
3164 2554 3260 2608 iret
3287 2553 3443 2610 Iesus
3466 2556 3522 2610 in

2006 2643 2324 2709 Jerusalem,
2359 2644 2617 2697 transibat
2642 2658 2736 2710 per
2762 2645 2986 2699 mediam
3015 2642 3315 2700 Samariam
3344 2657 3391 2702 et
3422 2645 3521 2701 Ga-

2007 2733 2222 2789 lilwam.
2252 2734 2320 2789 Et
2348 2734 2744 2810 reliqua..(Luc.
2777 2752 2909 2801 .xvn,
2944 2734 3062 2806 il.)

2008 2824 2254 2880 Prwsens
2280 2825 2438 2880 lectio
2474 2828 2767 2881 secundum
2804 2827 3085 2881 historiam
3116 2827 3329 2897 quidem
3355 2828 3521 2884 semel

1938 2931 2100 2987 opere
2122 2917 2392 2987 completa
2413 2927 2517 2982 est,
2540 2918 2634 2971 sed
2662 2919 2955 2972 secundum
2984 2918 3277 2989 spiritalem
3304 2934 3520 2975 sensum

1940 3005 2181 3075 quotidie
2224 3006 2497 3076 impletur.
2547 3006 2657 3061 Nos
2710 3008 2855 3061 enim
2909 3008 2962 3062 in
3010 3007 3181 3061 Adam
3234 3023 3265 3063 a
3315 3008 3522 3063 visione

1942 3097 2112 3169 pacis,
2141 3097 2282 3169 quod
2302 3099 2636 3155 Hierusalem
2667 3100 3081 3169 interpretatur,
3100 3114 3516 3166 rccesscramns,

1940 3204 2003 3245 ac
2037 3190 2090 3245 in
2125 3189 2284 3259 hujus
2327 3191 2505 3245 exsilii
2560 3192 2770 3247 risosas
2817 3192 3217 3262 inquietudines
3250 3192 3523 3247 decideru-

1940 3295 2080 3347 mus,
2111 3289 2165 3335 et
2202 3283 2268 3334 ad
2319 3281 2512 3335 inferni
2554 3282 2813 3352 supplicia
2864 3283 2996 3336 nihil
3044 3282 3328 3351 paciﬁcum
3376 3281 3518 3336 ultra

1939 3371 2105 3426 visuri
2149 3372 2596 3442 properabamus.
2641 3372 2873 3426 Verbum
2916 3384 3095 3426 autem
3135 3373 3223 3426 DG
3257 3387 3351 3441 per
3378 3372 3522 3436 quod

1940 3464 2079 3518 facta
2115 3473 2243 3519 sunt
2269 3464 2475 3527 omnia,
2517 3480 2614 3519 nos
2654 3464 3078 3519 misericorditer
3117 3464 3181 3516 ad
3219 3480 3329 3519 sua:
3372 3465 3521 3533 pacis

1939 3556 2200 3610 visionem
2233 3554 2286 3608 in
2319 3569 2425 3623 qua
2465 3555 2779 3625 perenniter
2805 3556 3233 3624 quiescerenms,
3265 3558 3522 3611 reducere

1939 3647 2145 3713 volens,
2173 3647 2452 3703 descendit
2482 3648 2548 3701 ad
2585 3663 2682 3702 nos
2716 3648 2807 3717 qui
2838 3649 2904 3702 ad
2937 3648 3116 3717 ipsum
3165 3647 3521 3718 nequibamus

1937 3739 2267 3792 ascetnlcre:
2317 3746 2373 3791 et
2419 3746 2666 3808 suscepta
2716 3737 2768 3791 in
2819 3752 2877 3791 se
2926 3748 3108 3791 nostra
3159 3737 3519 3804 humanitate,

1940 3829 2164 3884 tetendit
2198 3829 2264 3882 ad
2294 3843 2583 3899 supernam
2631 3828 2991 3893 Hierusalem,
3020 3828 3108 3883 ubi
3137 3843 3354 3898 semper
3391 3842 3518 3883 vera

1937 3935 2038 3989 pax
2078 3921 2343 3984 cernitur,
2381 3930 2436 3975 et
2479 3919 2604 3974 illuc
2641 3920 2798 3974 nobis
2831 3920 2971 3974 viam
3021 3920 3276 3990 aperuit:
3309 3930 3364 3975 et
3391 3920 3518 3991 quia

1933 4011 2135 4066 electos
2172 4009 2415 4064 homines
2440 4024 2539 4063 sua
2569 4009 2808 4064 membra
2843 4009 2991 4074 fecit,
3020 4010 3072 4064 in
3102 4011 3233 4081 ipsis
3261 4010 3519 4064 membris

1935 4102 2048 4158 suis
2085 4102 2261 4156 adhuc
2301 4101 2542 4169 quotidie
2572 4102 2723 4156 vadit
2760 4101 2812 4156 in
2845 4102 3206 4167 Hierusalem,
3243 4104 3369 4157 dum
3409 4101 3519 4158 ele—

1935 4201 2051 4248 ctos
2079 4207 2205 4247 suos
2238 4192 2307 4246 ab
2342 4192 2446 4246 hoc
2482 4191 2672 4246 exsilio
2707 4193 2917 4247 reducit
2946 4195 3013 4249 ad
3044 4195 3295 4263 patriam,
3329 4194 3381 4247 in
3411 4209 3517 4262 qua

1936 4301 2033 4355 pax
2073 4293 2260 4354 regnat
2302 4284 2419 4339 sine
2461 4284 2564 4339 ulla
2611 4285 2981 4354 inquietudine
3025 4287 3205 4341 carnis
3241 4297 3329 4340 aut
3361 4286 3517 4355 spiri-

1937 4386 2043 4431 tus.
2086 4377 2241 4443 Quae.
2293 4376 2502 4432 scilicet
2555 4380 2729 4447 putria
2784 4380 3000 4432 nomine
3052 4378 3383 4433 Hierusalem
3430 4377 3518 4431 hic

1933 4470 2266 4540 designatur,
2293 4486 2414 4540 quae
2443 4472 2570 4524 visio
2602 4472 2766 4540 pacis,
2797 4481 2855 4524 ιιι
2889 4471 3091 4525 dictum
3123 4479 3225 4535 est,
3256 4470 3520 4540 interpre-

1935 4569 2097 4614 tatur.
2129 4561 2210 4614 Ad
2244 4575 2407 4629 quam
2445 4575 2694 4630 pergens,
2727 4560 2979 4614 transibat
3022 4576 3114 4630 per
3152 4558 3376 4613 mediam
3416 4557 3520 4613 Sa-

1931 4654 2153 4706 mariam
2185 4661 2231 4705 et
2261 4650 2560 4706 Calilwam.
2587 4650 2830 4706 Samaria
2865 4664 3098 4721 namque
3133 4651 3521 4719 interpretatur

1933 4745 2201 4805 custodia,
2258 4753 2314 4799 et
2366 4742 2637 4812 signiﬁcat
2679 4743 2950 4812 iustorum
3007 4742 3369 4813 diiigentiam,
3413 4735 3519 4809 ‘qui

1932 4836 2244 4892 custodiunt
2273 4836 2522 4889 mandata
2555 4836 2672 4902 Dei,
2692 4835 2783 4906 qui
2816 4837 2958 4889 omni
2985 4835 3223 4890 custodia
3249 4849 3340 4887 cor
3361 4848 3516 4887 suum

1932 4934 2172 4992 servant,
2204 4925 2295 4996 qui
2333 4934 2488 4980 actus
2515 4942 2643 4980 suos
2669 4927 2815 4981 omni
2845 4926 2980 4981 liora
3009 4925 3339 4981 custodiunt.
3365 4921 3518 4978 Gali-

1936 5018 2032 5074 lica
2063 5034 2215 5083 vero,
2253 5033 2371 5087 qum
2414 5018 2614 5072 dicitur
2650 5019 3039 5088 transmigratio
3076 5017 3241 5088 facta,
3275 5016 3521 5086 designat

1933 5127 2121 5168 eorum
2162 5112 2351 5176 vitam,
2388 5111 2478 5180 qui
2518 5127 2548 5165 a
2593 5112 2750 5167 malis
2795 5111 3052 5182 operibus
3096 5112 3163 5165 ad
3212 5109 3516 5181 religiosam

1934 5202 2401 5259 conversationem
2434 5218 2531 5271 per
2571 5212 2849 5272 angustum
2887 5202 3218 5272 [iwttitctttiaz
3248 5202 3388 5256 viam
3420 5200 3520 5254 mi-

1934 5303 2243 5364 graverunt.

2011 5387 2222 5441 Vadens
2250 5401 2382 5457 ergo
2413 5386 2464 5440 in
2497 5383 2855 5448 Hierusalem,
2886 5383 3139 5438 transibat
3174 5398 3266 5450 per
3294 5384 3524 5436 mediam

1936 5479 2236 5536 Samariam
2263 5488 2309 5533 ct
2342 5478 2647 5541 Galiltcam;
2682 5476 2806 5546 quia
2837 5475 3078 5546 quotidie
3113 5473 3376 5543 quosdam
3416 5471 3520 5525 sibi

1935 5575 2115 5627 unitos
2144 5571 2380 5626 transire
2418 5570 2544 5624 facit
2577 5568 2643 5622 ad
2684 5578 2899 5622 :eternm
2930 5567 3080 5636 pacis
3112 5566 3323 5620 beatam
3356 5562 3526 5617 visio-

1938 5682 2079 5731 nent,
2109 5673 2157 5719 et
2200 5680 2261 5720 ex
2292 5664 2374 5718 bis
2417 5662 2503 5733 qui
2539 5677 2640 5717 non
2671 5670 3010 5724 erraverunt,
3038 5669 3090 5715 et
3116 5672 3178 5714 ex
3212 5658 3297 5714 his
3323 5657 3413 5728 qui
3451 5657 3517 5711 ab
