3910 6018
381 263 475 323 661

1467 273 1772 332 ηοιιιιω
1815 275 1900 330 ΕΤ
1941 273 2542 333 EXIIORTATIONES.

3548 283 3652 338 669.

379 395 568 436 errore
609 384 678 436 ad
718 381 1000 438 veritatem
1047 385 1339 442 redierunt.
1373 387 1430 442 lu
1476 389 1554 444 eis
1583 389 1728 444 enim
1769 389 1966 444 transit
1995 397 2040 454 Α
2073 391 2216 446 tibus
2249 399 2590 456 convertens,
2633 399 2688 446 et
2731 405 2984 463 magnum
3029 393 3304 466 religionis
3353 394 3652 454 incremen-

380 470 432 522 in
461 470 814 538 Hierusalem,
842 489 974 541 quos
1009 489 1106 530 sua
1145 479 1383 532 membra
1418 477 1590 534 factos
1617 479 1685 534 de
1713 481 1960 550 praesenti

375 561 576 617 sacculo
627 579 856 631 nequam
903 567 1098 635 eripit,
1159 577 1214 622 et
1257 570 1324 622 ad
1371 585 1617 639 superna:
1665 570 1962 639 majestatis

375 665 688 721 perpetuam
739 659 1250 727 contemplationem
1297 661 1564 732 perducit.
1609 662 1828 718 Transit
1871 679 1962 732 per

372 748 602 802 mediam
648 749 950 804 Samariam
987 762 1033 804 et
1073 751 1378 815 Galilaram,
1424 753 1474 808 id
1511 763 1594 809 est
1635 755 1826 810 dividit
1863 771 1963 825 per

373 839 608 893 medium
635 840 725 894 tali
751 843 978 896 transitu
994 841 1292 896 Samariam
1313 854 1358 896 et
1373 842 1673 908 Galilteam,
1687 859 1784 914 per
1801 861 1956 915 quas,

374 939 436 983 ιιι
483 932 684 986 dictum
733 943 845 999 est,
899 933 1252 1004 intelligimus
1301 933 1470 1000 iustos
1501 944 1556 990 et
1605 937 1948 1006 poenitentes,

371 1022 497 1088 quia
527 1023 776 1080 videlicet
798 1035 852 1078 et
885 1040 950 1079 ex
987 1025 1170 1092 justis,
1201 1035 1254 1080 ct
1283 1041 1350 1080 ex
1383 1027 1664 1082 conversis
1697 1027 1957 1097 quosdam

369 1115 596 1186 eligens,
626 1121 692 1170 ad
727 1128 924 1172 terram
954 1120 1249 1172 viventium
1281 1133 1464 1172 secum
1499 1119 1668 1182 ducit,
1695 1120 1956 1189 quosdam

371 1213 551 1260 autem
581 1221 647 1260 ex
686 1207 766 1262 eis
811 1207 896 1262 hic
943 1208 1117 1261 adhuc
1155 1209 1428 1278 agouizari
1466 1211 1748 1278 permittit.
1783 1207 1958 1264 Verbo

365 1303 550 1350 alitem
573 1297 832 1364 praeteriti
863 1297 1164 1366 imperfecti
1195 1299 1410 1364 dicitur,
1437 1301 1562 1368 quia
1593 1301 1874 1364 transibat,
1901 1309 1960 1354 ut

367 1385 530 1439 detur
553 1386 704 1440 nobis
734 1386 957 1455 intelligi
982 1387 1106 1457 quia
1137 1389 1398 1444 transitus
1424 1391 1538 1458 ipse
1563 1390 1800 1444 nondum
1837 1405 1958 1459 per-

367 1488 522 1530 actus
544 1489 646 1542 est,
673 1479 766 1534 sed
797 1479 974 1534 adhuc
1009 1480 1202 1549 agitur.
1231 1479 1320 1535 Illa
1351 1497 1478 1538 vero
1507 1497 1634 1554 pars
1664 1483 1957 1538 electorum

367 1583 488 1636 qum
529 1571 795 1625 retinetur
837 1575 889 1625 in
931 1572 1090 1642 hujus
1129 1572 1254 1627 vita:
1298 1572 1606 1642 laboribus,
1647 1576 1960 1652 designatur

367 1673 476 1714 non
519 1661 810 1730 incongrue
842 1678 938 1732 per
963 1662 1256 1728 castellum,
1289 1666 1354 1720 de
1395 1683 1502 1736 quo
1531 1667 1782 1724 subditur
1810 1667 1958 1736 quia,

2066 489 2176 538 tum
2223 484 2274 538 ei
2321 485 2576 556 largiens.
2627 484 2692 539 Et
2744 494 2872 540 tunc
2917 485 3234 554 spiritaliter
3283 489 3461 557 agitur
3510 491 3652 560 quod

2063 576 2266 630 dictum
2295 585 2376 630 est
2401 576 2550 645 quia,
2579 576 2706 630 dum
2739 576 2856 646 ipse
2885 577 3154 632 castellum
3201 577 3302 632 hoc
3339 579 3650 649 ingreditur,

2063 675 2402 720 occurrerunt
2441 666 2490 720 ei
2529 669 2706 722 decem
2746 667 2842 720 viri
2887 666 3096 736 leprost.
3138 665 3276 719 Nam
3321 667 3528 723 invenit
3559 685 3652 726 cos

2061 763 2250 808 contra
2294 771 2353 809 se
2405 756 2708 822 tendentes,
2737 756 2788 810 id
2829 765 2914 810 est
2957 756 3040 810 via
3079 756 3181 810 sibi
3217 758 3488 812 contraria
3529 775 3654 829 gra-

2060 845 2292 912 dientes,
2325 846 2450 900 dum
2497 845 2570 900 illi
2619 844 2766 902 foras
2811 855 2866 900 et
2913 846 3028 916 ipse
3073 848 3242 902 tendit
3283 848 3457 914 intus;
3491 859 3653 920 atque

2061 935 2206 990 sistit
2251 950 2368 1001 eos,
2403 945 2460 992 et
2506 946 2654 992 stare
2697 936 2824 992 facit
2855 947 3020 1008 atque
3055 954 3288 1004 θρωπε-ο,
3321 955 3390 995 ne
3427 953 3653 1012 pergant

2063 1027 2288 1082 ulterius
2325 1029 2378 1082 in
2416 1029 2500 1082 via
2533 1043 2806 1098 perversa.
2847 1029 3112 1086 Steterunt
3151 1033 3372 1098 ctenim,
3407 1041 3466 1088 ct
3499 1043 3654 1090 stete-

2063 1127 2181 1170 runt
2212 1133 2242 1170 a
2273 1118 2461 1189 longe;
2503 1121 2630 1190 quia
2661 1137 2770 1176 non
2807 1123 2988 1178 statim
3025 1133 3311 1192 potuerunt
3341 1127 3390 1181 ci
3430 1127 3650 1196 propin-

2062 1219 2250 1274 quare,
2289 1210 2380 1262 scd
2427 1210 2612 1277 procul
2657 1221 2864 1268 stantes
2910 1213 3052 1268 versi
3091 1224 3218 1268 sunt
3249 1216 3317 1270 ad
3355 1231 3564 1286 preces,
3593 1228 3648 1274 et

2063 1312 2258 1366 magno
2281 1300 2462 1354 cordis
2488 1300 2725 1356 clamore
2751 1304 3008 1360 dixerunt
3036 1323 3048 1359 :
3077 1304 3208 1360 Jesu
3227 1321 3532 1378 prwceptor,
3553 1311 3648 1362 mi-

2061 1405 2230 1442 serere
2250 1392 2434 1444 nostri.
2454 1391 2568 1445 Non
2593 1393 2980 1450 intellexerunt
2997 1413 3118 1451 eum
3141 1413 3262 1454 esse
3285 1397 3646 1464 Salvatorcm,

2067 1480 2224 1551 135
2247 1483 2340 1551 qui
2370 1491 2718 1552 peccatorum
2749 1487 2966 1540 morbos
2994 1501 3186 1544 omnes
3211 1504 3408 1546 sanare
3445 1493 3640 1560 possit,

2063 1583 2118 1626 et
2147 1588 2204 1628 se
2235 1574 2468 1630 miseros
2499 1575 2568 1630 ob
2618 1577 2720 1632 hoc
2743 1591 2866 1632 esse
2913 1579 3086 1634 factos
3111 1583 3469 1650 agnoverunt,
3517 1584 3646 1649 quia

2063 1664 2637 1732 prwccptiscontraria
2659 1665 2932 1732 fecerant;
2961 1668 3190 1736 ideoque
3219 1669 3426 1737 Jcsum,
3465 1671 3518 1725 id
3557 1683 3643 1728 cst

365 1750 492 1802 dum
517 1752 875 1821 ingrederetur
907 1756 1064 1812 Jesus
1091 1759 1357 1826 quoddam
1389 1759 1684 1824 castellum,
1719 1775 1962 1814 occurre-
1997 1755 2038 1809 B
2067 1750 2404 1806 Salvatorcm
2460 1754 2730 1809 vocabant
2771 1771 2920 1820 etttu,
2949 1766 3003 1810 et
3034 1768 3443 1828 praeceptorem,
3475 1776 3636 1831 quem

365 1852 486 1894 runt
515 1844 560 1896 ei
596 1843 770 1898 decem
800 1847 896 1900 uiri
918 1847 1130 1917 leprasi.
1175 1849 1306 1904 Nam
1343 1851 1514 1904 sancti
1555 1849 1698 1904 inter
1723 1849 1962 1919 pericula

365 1932 722 1988 tentatiouum
759 1934 918 2004 hujus
943 1937 1124 1992 saeculi
1157 1939 1328 1994 instar
1351 1939 1562 1994 castelli
1589 1939 1797 2007 seipsos
1822 1939 1960 1994 intra

367 2021 563 2078 vallum
593 2025 894 2096 disciplina:
921 2037 1080 2082 cauta
1116 2015 1602 2098 circumspectione
1629 2031 1958 2086 custodiunt.

363 2111 652 2167 Castellum
681 2115 826 2170 enim
857 2119 1099 2174 ιιιιιιιίιιιι·
1125 2121 1388 2176 adversus
1419 2123 1626 2184 hostes,
1653 2130 1708 2176 ct
1734 2119 1962 2176 sollicite

363 2203 692 2268 custoditur,
735 2205 1050 2274 signiﬁcans
1101 2209 1398 2264 Ecclesium
1453 2191 1594 2264 inter
1639 2209 1798 2278 hujus
1842 2210 1963 2264 vitm

362 2290 676 2346 discrimina
711 2293 924 2350 fortiter
960 2299 1198 2368 undique
1226 2300 1465 2354 clausam
1497 2311 1662 2372 atque
1693 2300 1959 2354 munitam

361 2391 552 2436 contra
604 2383 868 2454 malignos
909 2388 1152 2454 Spiritus,
1189 2399 1243 2444 et
1289 2391 1532 2460 pervigili
1601 2390 1964 2446 sollicitudine

364 2482 654 2529 servatam.
683 2476 836 2542 Quod
866 2479 1135 2534 castellum
1175 2480 1374 2536 dicitur
1407 2483 1694 2552 quoddam,
1727 2490 1786 2536 ut
1807 2480 1960 2550 juxta

358 2561 600 2620 litteram
647 2569 959 2638 nesciatur,
1035 2579 1094 2626 et
1155 2570 1308 2641 juxta
1353 2573 1650 2642 spiritalem
1736 2586 1958 2628 sensum

363 2667 748 2724 cognoscatur.
817 2659 872 2712 In
933 2675 1065 2730 quo,
1123 2661 1331 2717 scilicet
1387 2661 1638 2730 spiritali,
1683 2661 1909 2716 castello
1943 2701 1958 2725 ,

360 2741 532 2801 idest
578 2747 630 2800 in
671 2748 934 2816 Ecclesia,
979 2767 1194 2823 seraper
1241 2763 1328 2808 est
1377 2755 1656 2816 Dominus,
1698 2754 1840 2809 sicut
1881 2757 1958 2808 ait

360 2840 476 2893 suis
529 2839 804 2908 discipulis
845 2858 858 2895 :
911 2842 1046 2898 Ecce
1093 2861 1188 2914 ego
1240 2845 1501 2898 vobiscum
1551 2861 1668 2898 sum
1713 2845 1956 2898 omnibus

360 2930 544 2985 diebus
593 2947 751 3002 usque
811 2935 878 2986 ad
939 2936 1439 2988 consummationem
1495 2935 1675 2988 sa'culz
1729 2935 1954 3004 (Matth.

361 3037 554 3084 xxvm,
584 3023 697 3090 20);
723 3027 815 3079 sed
849 3035 1030 3080 tamen
1065 3028 1256 3082 deesse
1291 3027 1504 3082 videtur
1531 3027 1838 3096 aliquoties,
1866 3027 1953 3082 ubi

359 3115 627 3181 permittit
670 3115 883 3185 iniquos
921 3115 1298 3185 multiplicari,
1329 3125 1385 3170 et
1421 3133 1576 3170 suum
1615 3117 1804 3173 electis
1837 3120 1952 3174 suis

361 3207 540 3276 palam
576 3221 682 3262 non
717 3217 934 3278 praestat
969 3209 1252 3276 auxilium,
1281 3209 1374 3264 sed
1420 3211 1857 3266 tribulationilms
1895 3217 1952 3266 et

360 3301 608 3357 adversis
627 3317 722 3356 eos
751 3302 934 3368 allligi,
959 3303 1104 3358 velut
1133 3317 1162 3356 a
1195 3317 1254 3356 se
1280 3302 1588 3368 derelictos,
1617 3303 1766 3357 sinit.
1799 3301 1950 3357 Unde

357 3391 538 3450 ebilla
571 3408 670 3448 vox
702 3393 784 3448 éSt
815 3411 828 3446 :
857 3392 922 3448 Ut
971 3394 1128 3465 quid,
1179 3393 1429 3460 Domine,
1479 3394 1735 3448 recessisti
1777 3392 1948 3462 longe,

359 3481 581 3550 despicis
621 3484 676 3538 in
726 3484 1234 3554 opportunitatibus,
1277 3485 1334 3538 in
1376 3483 1710 3538 tribulatione
1764 3482 1945 3553 (Psal.

361 3589 438 3638 Ix,
468 3575 548 3645 l.)
579 3575 714 3630 Cum
771 3586 950 3632 autem
1000 3576 1190 3632 deesse
1235 3576 1493 3632 Dominus
1540 3575 1770 3640 videtur,
1823 3585 1948 3628 tunc

361 3663 504 3718 foras
529 3666 754 3720 tendunt
781 3667 854 3720 illi
881 3667 971 3736 qui
999 3681 1099 3735 per
1128 3665 1314 3720 decem
1341 3665 1583 3734 leprosos
1623 3665 1943 3736 figurantur.

359 3755 510 3810 Multi
557 3759 702 3811 enim
751 3758 834 3812 vel
877 3757 1294 3812 adversitatibus
1339 3749 1494 3812 fracti
1535 3755 1718 3810 volunt
1763 3770 1792 3808 a
1847 3755 1948 3809 fide

359 3848 638 3910 recedere,
666 3857 720 3904 et
762 3849 1070 3904 inﬁdelibus
1107 3864 1166 3903 se
1201 3847 1452 3918 iungere,
1486 3847 1638 3916 quasi
1673 3846 1902 3900 dicendo
1931 3863 1943 3900 :

363 3935 588 3998 Ettritus,
635 3951 680 3992 et
716 3940 1056 4008 disponamus
1097 3948 1462 3992 testamentum
1515 3953 1632 3990 cum
1677 3937 1944 4005 gentibus,

357 4044 476 4097 qua!
503 4029 642 4081 circa
675 4046 768 4082 nos
799 4041 916 4082 sunt
951 4029 996 4098 (1
1033 4028 1208 4084 Much.
1245 4045 1284 4092 ι,
1314 4027 1424 4095 12);
1450 4027 1527 4080 vel
1562 4025 1948 4080 lentationibns

357 4119 610 4172 vitiorum
653 4121 889 4187 superati
925 4119 1060 4172 mala
1100 4131 1177 4174 tot
1208 4128 1256 4173 cl
1293 4128 1438 4172 tanta
1477 4119 1696 4176 iaciunt,
1733 4128 1784 4169 ut
1817 4132 1947 4186 gen-

359 4211 545 4266 tilibus
595 4211 648 4264 in
703 4213 918 4266 artione
971 4211 1174 4266 similes
1225 4211 1374 4276 ﬁant,
1419 4211 1544 4264 dum
1591 4211 1656 4264 ab
1697 4209 1948 4262 Ecclesiae

357 4305 660 4358 visceribus
689 4306 756 4358 ad
787 4319 874 4358 res
899 4304 1078 4356 saeuli
1109 4319 1202 4374 per
1232 4302 1495 4356 desideria
1525 4301 1671 4355 foras
1699 4301 1942 4354 tendunt.

359 4395 422 4449 lli
465 4406 590 4450 sunt
619 4397 760 4450 enim
791 4395 1106 4465 Spit-italiter
1147 4395 1336 4462 leprosi
1364 4409 1383 4446 :
1411 4394 1500 4462 qui
1549 4401 1834 4461 propterea
1867 4392 1946 4444 di-

353 4497 552 4542 cuntur
580 4489 774 4551 decem,
803 4489 892 4557 qui
925 4498 1112 4542 contra
1141 4486 1234 4540 Dei
1267 4495 1532 4555 prurcepta
1573 4484 1796 4542 faciunt,
1824 4499 1943 4551 qua:

353 4591 576 4649 propter
625 4580 944 4651 Decalogum
997 4580 1132 4649 legis
1178 4593 1274 4648 per
1325 4577 1608 4634 denarium
1658 4593 1940 4632 numerum

353 4673 580 4743 intelligi
629 4674 824 4728 solent.
867 4674 1020 4727 εει-ιιι
1055 4673 1198 4726 enim
1245 4675 1624 4728 observatores
1666 4673 1944 4724 matrdato-

355 4777 472 4816 rum
517 4762 823 4816 cuzlestium
865 4772 1230 4832 assequuntur
1273 4761 1398 4816 inde
1441 4761 1845 4814 inundationem
1891 4770 1944 4814 et

351 4854 642 4908 sanitatem
709 4856 934 4921 intimae;
993 4856 1074 4910 sie
1141 4855 1418 4911 contraria
1483 4854 1754 4908 mandatis
1817 4854 1944 4922 ipsis

351 4953 602 5009 agentes,
659 4945 958 5015 spiritalem
1015 4947 1344 5002 contrahunt
1405 4947 1832 5016 inquinatioucm
1891 4955 1944 5000 et

351 5037 726 5092 inﬁrmitatem
761 5057 772 5092 :
806 5039 942 5092 adeo
987 5047 1044 5092 ut
1083 5040 1218 5095 tales
1248 5039 1300 5093 in
1344 5039 1524 5094 anima
1565 5039 1716 5102 ﬁant,
1755 5039 1944 5108 (proles

349 5127 408 5182 in
449 5143 677 5198 corpore
715 5143 1033 5196 cernnmnr,
1065 5134 1154 5202 qui
1194 5133 1398 5202 lepram
1429 5132 1611 5188 carnis
1646 5133 1942 5202 patiuntur.

348 5223 450 5288 Qui
499 5232 648 5278 tanto
691 5224 860 5293 magis
910 5223 1056 5280 foras
1107 5225 1353 5290 tendunt,
1393 5233 1595 5294 quanto
1639 5227 1946 5294 perversius

349 5325 550 5394 agrmt;
580 5324 636 5370 et
661 5317 732 5371 ita
761 5317 895 5370 ﬁunt
925 5318 1056 5383 haec,
1083 5319 1206 5371 dum
1237 5317 1393 5373 Jesns
1419 5319 1612 5372 abet-se
1635 5318 1868 5372 videtur.

424 5407 510 5461 Fit
534 5419 712 5464 alitem
739 5408 1052 5477 plerumque
1075 5424 1172 5477 per
1201 5419 1502 5479 respectum
1530 5409 1726 5462 divinae
1755 5409 1942 5479 gratiae

351 5507 410 5551 ut
457 5500 712 5552 Dominus
757 5501 866 5567 ipse
909 5499 1066 5554 Jcsus
1112 5502 1178 5552 ad
1228 5499 1328 5552 hoc
1367 5497 1621 5553 Ecclesim
1669 5497 1938 5550 castellum

355 5593 530 5658 palam
581 5591 766 5644 venire
813 5601 866 5644 et
922 5591 1124 5660 ingredi
1183 5591 1446 5652 videatur,
1509 5588 1685 5644 subito
1734 5588 1939 5644 scilicet

354 5679 732 5740 tribulationes
780 5685 996 5748 sedans;
1029 5683 1388 5754 pupulumquc
1437 5697 1590 5736 suum
1629 5697 1654 5736 a
1699 5681 1934 5751 pravita-

2067 1851 2124 1894 ut
2152 1844 2234 1898 sui
2273 1844 2624 1900 misereretur
2647 1846 2894 1902 orabant.
2923 1847 3066 1913 Quos
3093 1859 3146 1902 ut
3175 1849 3376 1906 intuitu
3407 1853 3644 1908 clemen-

2069 1933 2152 1988 tia:
2189 1935 2334 1996 vidit,
2363 1937 2494 1990 dixit
2519 1950 2538 1988 :
2569 1935 2672 2002 Ite,
2686 1938 2941 1992 ostendite
2971 1955 3058 1992 vos
3085 1941 3464 2008 sacerdotibus,
3491 1943 3542 1998 id
3561 1953 3646 1998 est

2065 2037 2162 2090 per
2187 2024 2442 2080 humilem
2475 2026 2590 2082 oris
2617 2025 3018 2082 confessionem
3072 2031 3450 2088 sacerdotibus
3477 2049 3636 2088 vora-
3689 2083 3698 2095 .

2065 2113 2200 2166 riter
2237 2113 2582 2168 manifestatc
2599 2129 2788 2170 omnes
2817 2115 3094 2172 interioris
3117 2115 3278 2184 lepra:
3309 2128 3504 2174 vestra:
3527 2135 3643 2174 ma-

2065 2202 2240 2266 culas,
2265 2212 2324 2257 ut
2353 2205 2604 2258 ututidari
2629 2205 2870 2274 possitis.
2896 2206 2963 2260 Et
2988 2206 3132 2274 quod
3163 2207 3642 2278 rogabantfacmm

2064 2301 2148 2346 est
2172 2292 2253 2346 eis
2287 2292 2410 2346 dum
2439 2298 2572 2346 irent
2596 2295 2664 2348 ad
2691 2295 3026 2358 sacerdotes,
3057 2295 3210 2364 quia,
3235 2295 3466 2364 scilicet,
3491 2313 3644 2351 man--

2064 2385 2176 2438 (lati
2197 2395 2339 2448 sunt,
2367 2387 2624 2456 quoniam
2650 2397 2986 2455 peccatores,
3019 2385 3148 2442 licet
3169 2388 3324 2456 gravi
3349 2389 3638 2444 criminum

2065 2474 2210 2544 lepra
2239 2476 2349 2530 sint
2383 2476 2598 2542 l'mdati,
2646 2485 2842 2532 euntes
2895 2486 3074 2532 tamen
3129 2478 3194 2532 ad
3249 2479 3642 2544 conﬁtendum,

2063 2577 2366 2636 purgantur
2395 2568 2446 2620 iu
2475 2568 2589 2635 ipsa
2618 2567 2962 2622 confessione
2985 2578 3207 2637 propter
3265 2569 3643 2640 pmnitcntiam

2063 2675 2222 2729 quam
2253 2661 2426 2716 acturi
2452 2669 2596 2714 sunt.
2626 2661 2764 2714 Dum
2791 2662 2946 2728 irent,
2967 2663 3207 2717 muntlati
3237 2676 3382 2729 sunt,
3417 2666 3546 2734 quia
3572 2681 3642 2720 ex

2063 2767 2170 2818 quo
2214 2753 2316 2806 iter
2357 2751 2706 2814 hocintrant,
2777 2751 3040 2820 incipiunt
3079 2754 3290 2822 operari
3337 2754 3638 2824 justitiam;

2063 2849 2116 2894 et
2140 2839 2366 2908 iustitia:
2403 2840 2647 2908 operatio
2679 2853 2760 2894 est
2791 2856 2976 2894 cntum
3001 2842 3298 2896 inundatio.
3331 2842 3464 2896 Dum
3485 2844 3639 2912 irent,

2062 2931 2300 2986 mandati
2322 2941 2466 3000 sunt,
2487 2933 2614 3002 quia
2635 2947 2700 2987 ex
2719 2947 2826 3002 quo
2851 2933 3130 2988 tendentes
3153 2933 3218 2986 ad
3247 2934 3639 2992 confessionem

2060 3024 2544 3094 etptnnitcntiam,
2593 3033 2704 3078 tota
2735 3023 3124 3078 deliberatione
3179 3024 3376 3078 metuis
3413 3034 3634 3095 peccata

1981 3098 2022 3154 (ἶ
2057 3133 2150 3172 sua
2179 3117 2461 3184 damnant,
2489 3125 2546 3170 et
2565 3117 2852 3182 deserunt;
2875 3116 3176 3170 liberantur
3201 3117 3270 3170 ab
3304 3117 3384 3170 eis
3413 3118 3464 3171 in
3507 3131 3638 3174 con-

2055 3220 2242 3279 spectu
2285 3209 2482 3266 interni
2520 3209 2869 3278 inspectoris.
2919 3208 3070 3262 Un-Je
3107 3219 3162 3262 et
3185 3224 3279 3278 per
3315 3209 3636 3278 prophetam

2059 3301 2318 3356 Dominus
2342 3301 2458 3370 ipse
2479 3309 2712 3356 testatur
2739 3301 2864 3369 quia
2891 3299 3130 3368 impietas
3153 3299 3298 3367 impii
3329 3315 3434 3352 nou
3481 3315 3633 3352 noce-

2055 3393 2124 3446 bit
2147 3408 2192 3446 et
2215 3391 2269 3446 in
2293 3408 2601 3462 quacunque
2641 3392 2726 3445 die
2763 3405 3038 3444 conversus
3083 3390 3240 3458 fuerit
3263 3388 3327 3442 ab
3371 3389 3638 3459 impietate

2053 3501 2150 3542 sua
2209 3486 2428 3555 (lizeclt.
2491 3500 2710 3552 xxxiii,
2785 3484 2897 3554 1‘2).
2959 3481 3388 3536 Perveniemlum
3455 3490 3634 3538 tamen

2051 3587 2135 3633 est
2157 3577 2225 3632 ad
2247 3579 2576 3644 sacerdotes,
2627 3585 2684 3632 et
2733 3575 2802 3630 ab
2845 3575 2926 3630 eis
2969 3573 3256 3644 quaerenda
3313 3573 3530 3640 solutio,
3576 3582 3636 3628 ut

2054 3671 2142 3738 qui
2161 3668 2272 3736 jam
2301 3684 2484 3724 coram
2505 3667 2613 3722 Deo
2637 3676 2764 3726 sunt
2785 3667 3046 3730 inundati,
3063 3667 3346 3720 sacerdota
3357 3681 3406 3725 ιιι
3423 3663 3634 3736 judicio

2051 3758 2214 3812 etiam
2250 3757 2558 3810 hominibus
2581 3757 2938 3811 ostendantur
2971 3754 3178 3808 mundi.

2125 3849 2386 3916 Sequitur
2413 3865 2424 3899 :
2453 3845 2602 3900 Unus
2627 3858 2802 3899 autem
2829 3863 2894 3900 ex
2931 3845 3055 3908 illis,
3082 3856 3136 3898 ut
3161 3847 3287 3900 vidit
3313 3847 3439 3914 quia
3480 3863 3636 3900 mun-

2053 3941 2208 3992 datus
2235 3947 2331 4001 est,
2361 3954 2625 4007 regressus
2668 3947 2742 3990 est
2767 3953 2886 3990 cum
2934 3953 3124 4004 magna
3149 3951 3268 3990 voce
3289 3937 3632 4006 magniﬁcans

2055 4031 2238 4084 Deum.
2271 4029 2419 4084 Unus
2443 4030 2692 4098 designat
2720 4043 2885 4102 unum
2925 4027 2980 4080 in
3011 4027 3151 4082 bono
3189 4038 3630 4096 perseverantem

2051 4121 2244 4176 alicctu
2269 4135 2454 4176 eorum
2485 4121 2598 4189 qui,
2627 4129 2908 4189 postquam
2925 4119 3238 4188 pernitendo
3263 4120 3477 4172 veniam
3503 4119 3631 4175 adc-

2051 4211 2124 4280 pti
2151 4221 2300 4277 sunt,
2327 4221 2646 4280 permanent
2665 4211 2718 4264 in
2749 4209 3052 4264 humilitate
3067 4217 3122 4262 et
3143 4209 3439 4280 gratiarum
3456 4209 3630 4264 actio-

2051 4317 2138 4355 ne.
2173 4301 2326 4368 Quod
2357 4301 2502 4356 enim
2535 4301 2733 4356 dicitur
2759 4317 2916 4364 tutus,
2949 4299 3356 4371 intelligendum
3381 4310 3486 4364 est,
3520 4317 3630 4356 non

2050 4393 2279 4447 diversis
2311 4392 2422 4462 jam
2451 4406 2510 4446 se
2539 4391 2902 4446 voluntatibus
2923 4391 3160 4456 varians,
3185 4393 3280 4444 scd
3311 4391 3364 4444 iu
3399 4391 3506 4444 Deo
3519 4391 3630 4458 pla-

2048 4485 2202 4538 cendi
2229 4484 2500 4537 voluntate
2519 4483 2837 4550 perduratus.
2857 4481 2988 4534 Nam
3012 4491 3068 4536 ct
3088 4473 3277 4534 clunes
3297 4479 3484 4544 electi,
3503 4497 3627 4550 pra-

2048 4585 2165 4645 ptcr
2189 4577 2325 4632 hanc
2353 4575 2610 4630 bonitatis
2641 4574 3071 4639 unanimitatcm,
3101 4589 3208 4628 non
3231 4573 3400 4626 solum
3438 4589 3626 4638 unum,

2047 4669 2140 4722 scd
2187 4669 2350 4722 etiam
2395 4685 2532 4720 unus
2590 4677 2738 4722 recte
2782 4667 2884 4720 dici
2935 4675 3182 4736 possunt,
3219 4667 3360 4720 sicut
3423 4665 3626 4720 iudicat

2047 4761 2352 4830 Apostolus,
2382 4759 2468 4812 ubi
2497 4761 2562 4812 de
2585 4757 2860 4822 ontnibus,
2896 4757 2984 4826 qui
3017 4767 3144 4810 sunt
3180 4757 3232 4810 in
3263 4755 3504 4811 Eetlesia
3530 4757 3624 4810 bo-

2051 4853 2134 4906 nis
2164 4861 2218 4906 ct
2242 4851 2418 4912 malis.
2469 4851 2696 4922 mystice
2732 4848 3006 4918 loquitur:
3040 4847 3232 4903 Omnes
3263 4848 3466 4919 quidem
3505 4864 3628 4900 rur-

2050 4951 2193 5007 runt,
2218 4943 2306 4995 sed
2331 4958 2464 4994 unus
2511 4940 2698 5008 accipit
2725 4940 2958 4993 biavium
2987 4939 3033 5008 (Ι
3063 4938 3185 4994 Cor.
3213 4937 3412 5008 “.24).
3431 4937 3626 4992 Omnes

2047 5030 2190 5084 enim
2221 5029 2514 5086 Christiani
2547 5039 2602 5084 et
2627 5029 2750 5083 boui
2781 5038 2834 5084 ct
2855 5029 3001 5092 undi,
3035 5043 3130 5097 pro
3155 5029 3314 5082 modo
3336 5042 3434 5082 suo
3478 5027 3636 5093 quis-

2050 5139 2174 5192 que,
2210 5131 2428 5175 currunt
2462 5122 2528 5174 ad
2569 5122 2849 5184 hravtum;
2912 5121 3001 5173 sed
3039 5135 3198 5183 unus,
3247 5119 3335 5186 qui
3387 5117 3624 5188 legitime

2049 5216 2237 5272 currit.
2267 5216 2321 5269 id
2347 5225 2430 5269 est
2462 5215 2645 5268 unitas
2671 5213 2989 5272 electorum,
3044 5209 3274 5278 percipit
3302 5208 3450 5274 illud,
3481 5217 3625 5263 Slt‘ul.

2049 5323 2100 5365 et
2129 5327 2315 5365 omnes
2346 5311 2396 5362 hi
2429 5309 2624 5376 leprosi
2654 5305 2892 5362 tnumlati
2915 5314 3059 5370 sunt,
3092 5302 3186 5356 sed
3217 5315 3356 5355 unus
3376 5299 3622 5370 cgitgra-

2051 5409 2174 5459 tias.
2205 5406 2353 5458 Utms
2411 5405 2612 5474 itaque,
2663 5417 2784 5456 cum
2836 5400 3053 5454 vidisset
3083 5400 3224 5466 quod
3277 5395 3618 5450 at'rimitnuu

2047 5499 2189 5567 lepra
2221 5499 2508 5551 lllltlltltlllls
2531 5505 2696 5557 esset,
2740 5493 2896 5547 rediit
2925 5491 2988 5544 ad
3017 5490 3410 5549 inundatmcm,
3442 5495 3621 5557 grates

2045 5589 2091 5641 ri
2123 5589 2388 5648 referens,
2441 5597 2492 5638 et
2524 5602 2579 5640 sc
2613 5584 2784 5652 magis
2827 5581 2900 5634 illi
2947 5579 3256 5642 humiliatus,
3302 5577 3620 5652 etdcvotior

2045 5679 2305 5742 existens,
2360 5692 2420 5730 ac
2453 5691 2664 5742 SClttlrt‘l'
2708 5673 2752 5724 ei
2783 5673 2994 5739 placere
3044 5670 3285 5726 studens.
3353 5665 3484 5720 Nam
3527 5663 3624 5721 hic
