3910 6018
317 242 425 301 663

676 245 733 302 S.
775 247 1077 306 ANSELMI
1107 253 1456 310 CANTUAR.
1494 253 1812 311 ARClllEP.
1855 253 2002 311 OPP.
2049 254 2227 314 PARS
2264 256 2327 313 ll.
2360 288 2431 301 —-
2466 258 2829 318 ΡΑΒᾸΞΝΕΤ.
2872 260 2960 317 ΕΤ
2998 260 3240 319 ASCET.

3476 261 3586 320 666

320 379 481 425 unus.
507 372 563 418 ut
593 362 791 418 dictum
816 375 919 432 est,
944 380 1038 423 eos
1065 367 1158 437 qui
1183 369 1261 424 sic
1282 379 1449 439 agunt
1477 370 1744 441 designat.
1791 368 1895 427 No-
1926 371 1971 426 A
1996 370 2252 440 operibus
2279 370 2435 426 ﬁdem
2469 372 2568 427 sibi
2608 373 2778 429 solam
2804 373 3070 440 subicere,
3095 374 3237 430 sicut
3272 372 3348 430 illi
3374 391 3579 442 navent,

298 454 425 511 .luit
460 456 703 526 ingratus
717 456 831 527 iam
854 473 996 525 esse,
1024 458 1122 514 sed
1160 474 1424 526 regressus
1445 468 1520 514 est
1562 475 1681 513 cum
1709 475 1899 530 magna

322 565 443 605 voce
465 552 807 621 magniﬁcans
831 551 1018 605 Deum.
1046 550 1213 606 Recte
1234 566 1353 605 cum
1374 566 1564 621 magna
1599 568 1738 614 rore,
1773 551 1897 621 quia

325 656 517 710 magna
574 642 664 697 Dei
728 641 990 697 beneﬁcia
1044 656 1104 697 se
1151 644 1460 713 percepisse
1506 643 1899 713 gratulabatur.
1945 706 1961 720 .

329 727 523 799 Magna
546 747 687 797 uoce,
712 732 903 787 devota
949 732 1128 801 podus
1148 749 1312 803 quam
1353 734 1589 790 clamosa
1644 735 1904 789 debemus

325 820 645 892 intelligere.
693 823 811 880 Non
849 824 996 880 enim
1038 825 1235 897 exigua
1261 827 1409 882 vocis
1433 827 1716 882 devotiom:
1739 825 1902 880 Deum

323 912 675 980 magniﬁcare
698 914 969 984 cupiebat,
1006 917 1097 986 qui
1132 931 1192 973 se
1213 918 1280 972 de
1304 917 1467 971 tantis
1490 915 1648 971 malis
1693 915 1904 985 magni-

320 998 423 1056 ﬁco
444 1000 731 1057 liberatum
780 1005 1072 1078 gaudebat.
1104 1006 1568 1076 Interiorislepra:
1614 1005 1902 1062 sanitatem

322 1105 353 1141 a
384 1090 608 1185 Chrisg
628 1103 957 1185 consecutus
984 1097 1368 1168 magniﬁcabat
1389 1096 1583 1161 Deum,
1609 1105 1668 1152 ut
1691 1095 1901 1167 gloriﬁ-

300 1193 540 1245 ,caretur
554 1182 732 1240 "Pater
755 1189 811 1242 in
841 1183 1012 1243 Filio.

391 1274 463 1331 Et
486 1279 670 1334 cecidit
692 1279 745 1335 in
767 1280 958 1351 [aciem
979 1290 1101 1337 ante
1121 1282 1275 1349 pedes
1294 1280 1432 1352 ejus,
1463 1280 1591 1352 quia
1619 1281 1684 1337 de
1711 1279 1905 1348 priori-

320 1366 422 1425 bus
440 1369 653 1426 actibus
673 1371 1002 1428 erubescens
1029 1372 1130 1428 sibi
1162 1370 1283 1426 vilis
1305 1370 1577 1442 apparuit,
1628 1379 1685 1424 et
1708 1369 1905 1425 devota

321 1473 383 1518 se
403 1460 621 1519 Christo
637 1463 938 1519 humilitate
960 1464 1270 1535 prostravit.
1286 1461 1500 1518 Statum
1517 1461 1632 1532 iam
1651 1462 1898 1532 rigidita-

324 1550 397 1607 tis
415 1561 472 1607 et
491 1555 759 1623 superbiae
779 1570 885 1609 non
915 1554 1124 1624 habuit,
1156 1556 1250 1611 sed
1276 1563 1383 1610 tota
1410 1554 1609 1610 mentis
1646 1562 1897 1610 conster-

323 1645 545 1701 natione
564 1645 665 1701 sub
687 1647 915 1716 pedibus
965 1647 1267 1703 Salvatoris
1310 1648 1448 1703 bene
1474 1645 1667 1716 iacuit,
1710 1647 1909 1716 gratias

1968 480 1971 483 '
2003 464 2309 520 aestimavit.

2554 553 2832 610 llOMiLlA
2876 553 3014 610 XIV.

2002 647 2058 702 lu
2097 661 2432 701 EVANGELIUM
2460 660 2732 702 securibus
2753 646 3033 702 Joasnsu:
3066 644 3420 716 Eratquidam
3436 660 3592 717 regu-

2074 737 2179 798 lus,
2209 736 2363 799 cuius
2400 736 2545 805 [ilius
2580 735 2954 804 inﬁrmabatur
2971 734 3365 806 Capharnaum.
3394 734 3463 789 Et
3495 748 3582 791 re-

2075 829 2238 899 liqua.
2282 828 2462 896 (Joan.
2490 826 2682 898 tv,46.)

2077 919 2231 988 Quod
2258 920 2310 973 in
2325 918 2558 974 lectione
2581 919 2893 989 evangelica
2920 918 2988 974 de
3013 933 3120 974 uno
3166 918 3354 989 regulo
3392 918 3588 985 eteius

2008 1013 2119 1068 ﬁlio
2147 1012 2501 1084 singulariter
2526 1011 2728 1067 factum
2758 1012 3086 1077 audivimus,
3140 1011 3375 1065 humano
3402 1010 3587 1080 generi

2007 1104 2336 1175 generaliter
2383 1116 2685 1159 consonare
2737 1102 3061 1167 videbimus,
3116 1102 3161 1156 si
3192 1099 3588 1156 adbibita‘dili-

2007 1198 2186 1270 gentia
2217 1196 2502 1268 mysticum
2551 1194 2879 1250 intellectum
2928 1192 3236 1264 superﬁciei
3267 1192 3461 1247 littera:
3489 1204 3583 1246 co-

1986 1297 2277 1358 aptemus.
2302 1284 2565 1354 Regulum
2591 1292 2770 1340 autem
2786 1299 2816 1339 a
2846 1297 2973 1351 rege
2996 1297 3191 1338 nomen
3212 1281 3502 1337 deductum
3532 1287 3587 1333 et

2009 1376 2317 1434 litterarum
2364 1375 2723 1433 consonantia
2750 1375 3111 1439 demonstrat,
3158 1382 3216 1428 et
3259 1370 3589 1443 signiﬁcatio

2008 1467 2349 1525 deductionis
2372 1467 2654 1537 approbat.
2686 1466 2903 1522 Scimus
2953 1466 3117 1521 etiam
3145 1464 3274 1536 quia
3296 1462 3451 1519 fuere
3500 1476 3591 1516 re-

2010 1559 2140 1630 guli,
2175 1559 2226 1614 id
2252 1568 2337 1614 est
2365 1559 2603 1614 minores
2636 1572 2761 1628 rege
2776 1573 2823 1613 s.
2860 1556 3142 1613 Hominem
3172 1556 3338 1627 igitur
3386 1555 3454 1609 ad
3488 1544 3589 1610 ex;

2011 1650 2382 1707 cellentissimi
2435 1649 2598 1717 Regis
2652 1648 2944 1720 imaginem
2983 1657 3039 1703 et
3068 1647 3474 1702 similitudinem
3505 1645 3591 1699 l'a-

325 1750 487 1806 ayem
523 1737 667 1806 quod
689 1713 759 1791 de
783 1744 927 1793 tanta
979 1738 1199 1794 miseria
1254 1713 1515 1795 liberatus
1534 1746 1679 1794 esset
1694 1713 1727 1802 ;⁷
1741 1745 1789 1792 et
1825 1737 1909 1791 hic
1945 1713 1986 1768 Β
2010 1752 2157 1798 ctum
2188 1740 2344 1814 (Gen.
2379 1758 2418 1806 ι,
2446 1713 2558 1811 εϐἳ,
2588 1742 2714 1797 dum
2739 1713 2875 1796 bene
2900 1755 2960 1797 se
2991 1739 3151 1805 rexit,
3172 1741 3296 1794 dum
3320 1739 3423 1795 sibi
3453 1748 3596 1793 tern-

324 1836 437 1883 erat
463 1827 863 1899 Samaritanus,
910 1831 965 1886 id
987 1841 1074 1888 est
1098 1839 1303 1898 custos,
1347 1831 1509 1902 quia,
1538 1845 1608 1887 ne
1654 1836 1908 1901 percepta

326 1918 589 1975 beneﬁcia
620 1930 803 1990 posset
825 1922 1097 1990 amittere,
1129 1923 1385 1979 servabat
1412 1938 1476 1978 ea
1502 1937 1596 1993 per
1634 1921 1911 1978 humilita-

328 2008 399 2064 tis
424 2008 753 2076 custodiam,
787 2020 843 2066 et
863 2011 1100 2083 seipsum
1129 2020 1286 2067 caute
1301 2011 1414 2084 iam
1439 2011 1813 2078 custodiebat,
1842 2025 1910 2066 ne

327 2098 539 2171 plagam
572 2100 798 2157 ulterius
847 2101 1009 2173 leprae
1049 2103 1312 2174 spiritalis
1356 2104 1682 2168 incurreret,
1738 2114 1792 2161 et
1815 2120 1911 2162 cor

326 2203 488 2246 suum
512 2200 773 2263 actusque
795 2209 923 2250 suos
951 2210 981 2248 a
1005 2194 1150 2250 malo
1176 2196 1541 2252 custodiebat.

405 2282 741 2355 Respondeas
755 2287 1117 2355 autemlesus,
1150 2287 1282 2342 dixit
1305 2303 1325 2343 :
1349 2286 1540 2344 Nonne
1559 2288 1736 2344 decem
1760 2304 1913 2344 mun-

329 2377 442 2431 duti
471 2378 640 2432 sunt?
669 2388 720 2434 et
742 2395 921 2435 navem
962 2379 1051 2435 ubi
1095 2391 1214 2435 sunt
1240 2380 1266 2434 .7
1305 2378 1573 2451 Operibus
1617 2379 1777 2450 huius
1821 2381 1910 2449 qui

328 2470 533 2541 gratias
563 2470 766 2539 retulit,
791 2468 846 2527 et
898 2472 1129 2527 aliorum
1173 2472 1263 2541 qui
1324 2472 1518 2543 ingrati
1569 2472 1785 2528 fuerunt
1829 2488 1914 2528 re-

327 2559 543 2631 spondit
569 2559 854 2615 Dominus:
877 2558 1087 2626 Nonne,
1107 2560 1301 2629 inquit,
1320 2560 1494 2615 decem
1508 2561 1748 2615 mundati
1768 2572 1911 2629 sunt,

328 2660 586 2707 etomnes
612 2651 818 2720 pariter
843 2651 908 2705 ad
939 2650 1243 2706 reddendas
1263 2652 1467 2723 gratias
1489 2650 1670 2708 redire
1697 2652 1916 2709 debuis-

330 2744 491 2800 sent?
527 2743 713 2798 Decem
738 2745 981 2799 niundnti
1014 2757 1158 2813 sunt,
1187 2746 1311 2818 quia
1336 2745 1609 2817 legitimus
1656 2760 1915 2802 numerus

329 2837 717 2905 est'pu'rgatus.
749 2833 856 2890 Sed
882 2850 1060 2890 novem
1091 2838 1248 2906 quasi
1276 2836 1634 2892 neSciuntura
1661 2835 1912 2902 Domino,

327 2926 454 2996 quia
480 2924 787 2981 maluerunt
807 2926 1045 2999 elongari
1068 2927 1137 2983 ab
1157 2942 1222 2983 eo
1242 2943 1338 3000 per
1359 2936 1580 2998 peccata
1601 2942 1763 2997 quam
1782 2941 1914 2998 pro-

1994 1843 2270 1904 peranter
2331 1831 2659 1902 imperavit,
2702 1841 2900 1900 regem
2955 1829 3124 1886 fuisse
3176 1830 3301 1899 quis
3348 1829 3597 1885 dubitet?

2013 1925 2259 1996 Regnum
2281 1937 2412 1979 vero
2444 1923 2598 1979 istius
2627 1922 2791 1994 regis,
2820 1921 3103 1993 paradisus
3136 1921 3227 1976 Dei
3255 1921 3376 1987 fuit,
3405 1921 3457 1975 in
3489 1936 3597 1990 quo

2014 2015 2139 2071 felix
2170 2016 2330 2071 homo
2351 2015 2598 2082 colonus,
2622 2015 2675 2070 in
2704 2028 2813 2085 quo
2840 2012 3121 2083 operarius
3149 2012 3375 2082 positus,
3408 2013 3459 2065 in
3489 2025 3596 2081 quo

2014 2123 2109 2164 rex
2129 2116 2185 2162 et
2205 2107 2459 2163 dominus
2489 2115 2548 2161 ut
2576 2106 2949 2161 dominaretur
2967 2118 3032 2158 ac
3051 2110 3311 2173 praeesset
3339 2101 3525 2157 bestiis
3542 2109 3598 2154 ct

2011 2198 2270 2270 piscibus,
2299 2206 2462 2268 atque
2493 2197 2859 2268 reptilibus,el
2884 2196 3096 2261 avibus,
3124 2203 3378 2264 tanquam
3405 2207 3497 2249 rex
3537 2191 3592 2248 iu

2015 2287 2153 2345 solio
2170 2287 2468 2344 collocatus
2493 2296 2597 2341 est.

2086 2378 2216 2447 Sed,
2239 2380 2377 2451 proh
2406 2378 2585 2434 dolor!
2618 2376 2708 2449 qui
2752 2376 2854 2433 hoc
2889 2376 3049 2431 modo
3093 2388 3320 2446 magnus
3349 2389 3443 2429 rex
3471 2374 3595 2429 sub-

2013 2471 2232 2528 limatus
2276 2472 2632 2543 prresidebat,
2680 2486 2777 2542 per
2847 2468 3225 2525 iuobedieutize
3277 2478 3538 2523 tumorem
3567 2482 3597 2522 a

2017 2578 2184 2635 regno
2206 2562 2295 2618 illo
2316 2563 2568 2633 depulsus
2589 2571 2666 2617 est
2678 2603 2694 2629 ,
2711 2570 2769 2618 et
2785 2561 3041 2616 mrumnis
3060 2575 3122 2614 ac
3142 2559 3375 2614 tristitia:
3388 2559 3600 2628 exposi-

2019 2663 2105 2711 tus
2130 2662 2235 2710 est.
2286 2654 2513 2717 Tamen,
2566 2652 3197 2723 niiserante'Deo,cuins
3244 2652 3600 2706 miserationes

2021 2762 2180 2818 super
2203 2746 2380 2801 omnia
2409 2762 2564 2815 opera
2585 2746 2698 2816 ejus
2724 2743 2900 2815 (Psal.
2932 2761 3115 2810 cxuv,
3146 2744 3224 2816 9),
3256 2759 3363 2799 non
3395 2758 3462 2799 ex
3485 2750 3599 2798 toto

2016 2838 2183 2895 miser
2203 2840 2364 2894 homo
2388 2838 2439 2891 in
2471 2837 2787 2906 perditionis
2800 2837 3052 2906 abyssum
3072 2836 3318 2890 redactus
3340 2844 3451 2900 est;
3470 2846 3607 2903 quo-

2018 2931 2163 2987 niam
2193 2945 2369 3003 neque
2412 2930 2641 2986 liberum
2685 2927 2866 2982 amisit
2897 2927 3206 2999 arbitrium,
3238 2940 3413 2995 neque
3443 2940 3473 2979 a
3508 2940 3599 2978 ra-

330 3015 593 3115 ξίηιιξωτθ
700 3029 797 3086 Pe!“
820 3016 962 3115 bulla-
976 3032 1160 3115 (Ῑιηηις
1189 3018 1265 3073 De
1284 3018 1602 3089 quibusait:
1629 3015 1729 3072 Ubi
1756 3018 1915 3072 sunt?
1940 3052 1987 3115 ο
2020 3023 2182 3079 tionis
2201 3022 2501 3094 capacitate
2519 3019 2785 3075 alienatus
2810 3027 2916 3073 est.
2946 3016 3189 3072 Perdidit
3238 3030 3368 3087 ergo
3398 3029 3494 3086 per
3513 3027 3603 3070 sc-

300 3105 482 3177 ‘Quod
506 3117 587 3163 est
614 3109 793 3164 dicere
819 3123 835 3162 :
862 3108 964 3176 Qui
990 3109 1042 3165 in
1077 3110 1380 3167 humilitate
1407 3118 1460 3165 et
1485 3110 1780 3180 gratiarum
1817 3124 1911 3165 ac-

331 3200 479 3255 tione
499 3199 757 3256 deberent
774 3200 985 3265 adesse,
1010 3200 1100 3256 ubi
1116 3202 1274 3257 sum?
1295 3200 1394 3271 Qui
1413 3201 1541 3257 mihi
1557 3202 1916 3273 permeritum

332 3290 701 3347 devotioniset
718 3293 901 3361 operis
921 3293 1284 3363 propinquare
1332 3294 1612 3361 deberent,
1645 3293 1734 3347 ubi
1760 3291 1918 3347 sunt?

332 3381 434 3448 Qui
462 3382 516 3437 in
543 3383 891 3439 observantia
927 3384 1305 3438 mandatorum
1337 3398 1582 3440 meorum
1604 3399 1726 3440 esse
1757 3381 1918 3438 debe-

334 3482 480 3536 rent,
509 3475 598 3527 ubi
627 3489 747 3529 sunt
766 3474 791 3527 .9
813 3474 949 3541 Quia
962 3488 1094 3528 vero
1115 3476 1442 3531 nove-uarius
1469 3490 1727 3531 numerus
1755 3476 1920 3530 habet

334 3572 417 3618 ter
433 3568 631 3628 tria,et
659 3564 727 3619 ad
750 3563 906 3617 ﬁdem
932 3562 1216 3619 Trinitatis
1237 3566 1491 3634 pertinet,
1523 3567 1575 3620 bi
1606 3583 1784 3621 novem
1820 3567 1915 3622 dc-

334 3659 552 3729 siguant
584 3655 702 3711 illos
730 3655 848 3726 qui,
873 3665 1157 3725 postquam
1184 3658 1497 3728 paenitendo
1519 3658 1915 3724 mundatisuut,

338 3766 367 3803 a
410 3746 838 3817 praecedentibus
892 3746 1065 3815 culpis
1098 3747 1338 3802 existunt
1374 3747 1587 3803 desides
1624 3757 1679 3803 et
1717 3749 1917 3817 securi,

337 3854 438 3896 nec
483 3853 542 3924 se
568 3838 621 3893 in
650 3837 807 3894 bonis
844 3838 1099 3908 operibus
1138 3849 1421 3903 eserceut,
1461 3840 1555 3896 sed
1597 3840 1769 3896 solam
1816 3841 1917 3897 sibi

337 3932 497 3989 ﬁdem
533 3931 778 3989 sullicere
801 3941 1010 4004 putant.

411 4026 535 4082 Non
572 4038 646 4082 est
669 4030 907 4082 inventus
929 4027 1018 4097 qui
1046 4025 1258 4091 rediret,
1287 4036 1334 4080 et
1359 4028 1510 4080 daret
1540 4026 1763 4096 gloriam
1788 4026 1919 4089 Deo,

339 4119 440 4173 nisi
466 4119 550 4173 hic
576 4117 889 4188 alienigena,
929 4117 1054 4186 quia
1082 4129 1187 4170 non
1217 4116 1507 4182 invenitur,
1552 4116 1643 4187 qui
1668 4126 1789 4188 post
1820 4132 1913 4173 ac-

340 4222 550 4280 cepzam
580 4208 793 4263 veniam
819 4208 1133 4263 recordetur
1156 4206 1351 4261 divina:
1383 4207 1620 4278 pietatis,
1645 4217 1702 4265 et
1721 4209 1769 4264 ei
1799 4222 1923 4280 gra-

341 4296 448 4353 tias
484 4298 681 4352 devoto
723 4297 889 4351 corde
909 4293 1154 4350 referens
1191 4304 1505 4360 perseveret
1533 4296 1586 4349 in
1612 4296 1768 4352 bonis
1783 4296 1922 4352 acti-

2017 3116 2196 3186 ipsum
2225 3129 2479 3187 magnum
2511 3113 2671 3182 quid;
2703 3108 2918 3181 reliquit
2944 3116 3124 3163 autem
3149 3116 3204 3162 et
3232 3102 3599 3162 misericordia

2017 3205 2323 3279 Conditoris
2376 3217 2564 3275 parum
2604 3200 2754 3270 quid.
2788 3199 2842 3254 lu
2896 3211 2962 3253 eo
2995 3196 3185 3265 itaque
3225 3195 3367 3264 quod
3396 3192 3600 3259 amisit,

2020 3312 2116 3354 rex
2142 3312 2262 3352 esse
2284 3294 2476 3358 desiit;
2505 3293 2558 3347 in
2586 3307 2652 3347 eo
2680 3300 2862 3347 autem
2892 3289 3036 3360 quod
3076 3301 3187 3359 prae
3213 3287 3431 3343 caeteris
3480 3285 3600 3339 ani-

2020 3390 2254 3446 malibus
2278 3388 2379 3444 sibi
2413 3387 2662 3442 relictum
2703 3393 2808 3449 est,
2862 3382 3017 3452 quasi
3059 3379 3279 3452 regulus
3318 3378 3597 3434 victitavit.

2021 3483 2172 3550 Quod
2198 3482 2311 3552 ipsa
2342 3478 2614 3549 Evangelii
2636 3477 2800 3533 verba
2825 3476 3078 3532 videntur
3107 3470 3605 3537 innuere,dicendo

2020 3573 2144 3643 quia
2173 3580 2285 3626 erat
2309 3571 2523 3641 quidam
2547 3568 2775 3639 regulus.
2801 3566 2906 3623 Per
2931 3567 3033 3621 hoc
3061 3564 3206 3620 enim
3232 3563 3375 3633 quod
3405 3563 3604 3617 dicitur

2026 3663 2188 3735 186
2226 3672 2359 3726 erat,
2389 3659 2530 3730 quod
2564 3656 2892 3728 imperfectae
2915 3653 3327 3726 signiﬁcationis
3378 3652 3603 3707 verbum

2022 3766 2128 3820 est,
2152 3753 2298 3824 quod
2332 3752 2412 3808 sic
2436 3765 2502 3806 ex
2537 3759 2690 3820 parte
2713 3748 2825 3819 iam
2850 3745 3129 3818 praeteriit,
3162 3753 3221 3799 ut
3245 3757 3311 3798 ex
3342 3751 3497 3813 parte
3519 3741 3602 3793 vi-

2024 3848 2218 3903 deatur
2250 3846 2425 3901 adhuc
2447 3858 2554 3898 nou
2587 3840 2937 3913 przetcriisse,
2960 3847 3014 3893 et
3039 3849 3257 3891 sensum
3289 3834 3453 3888 habet
3478 3831 3607 3886 sub.

2023 3937 2338 4000 stautivum,
2367 3933 2601 3990 essentia
2628 3929 2863 3986 hominis
2888 3927 3186 3991 indicatur;
3226 3939 3347 3994 qua:
3369 3921 3481 3991 iam
3536 3935 3608 3976 ex

2024 4038 2180 4101 parte
2207 4027 2498 4082 transierat
2525 4030 2831 4089 mortua,et
2865 4036 2931 4076 ex
2963 4027 3117 4090 parte
3149 4016 3446 4088 aegrotabat
3480 4028 3607 4068 sau-

2025 4121 2134 4186 cia,
2164 4129 2223 4172 ut
2245 4131 2382 4188 pene
2412 4116 2547 4170 nihil
2574 4124 2719 4171 esset
2744 4116 2906 4170 homo
2930 4111 3020 4182 qui
3051 4118 3188 4176 erat,
3226 4106 3483 4178 quoniam
3518 4105 3606 4157 in—

2025 4211 2342 4281 ﬁrmabatur
2359 4219 2406 4263 et
2425 4209 2561 4263 mori
2588 4206 2885 4277 incipiebat,
2935 4204 3089 4275 cuius
3115 4203 3390 4272 proprium
3407 4213 3605 4253 nomen

1995 4310 2258 4367 'tacelur,
2309 4309 2365 4355 et
2408 4300 2610 4356 dicitur
2661 4316 2675 4351 :
2728 4297 2857 4351 Erat
2896 4295 3132 4367 quidam,
3160 4294 3285 4365 quia
3329 4307 3434 4347 non
3488 4298 3611 4345 erat

340 4390 464 4452 bus,
487 4387 589 4443 nisi
617 4387 707 4457 qui
737 4402 842 4443 non
866 4386 934 4441 sit
963 4400 1029 4440 ex
1059 4383 1183 4439 ﬁliis
1210 4392 1440 4441 terrenae
1483 4386 1792 4457 Babylonis,
1817 4387 1916 4444 sed
1953 4409 2000 4469 ῃ
2028 4394 2218 4463 dignus
2245 4392 2455 4454 audire,
2485 4389 2604 4445 novi
2635 4399 2683 4443 te
2708 4402 2774 4443 ea:
2798 4387 3004 4442 nomine
3025 4383 3225 4456 (Exod.
3254 4395 3448 4446 nstri,
3479 4380 3603 4449 l7),

338 4496 405 4537 ex
430 4480 558 4537 ﬁliis
583 4478 920 4536 Hierusalem
952 4480 1209 4536 caelestis.

415 4572 480 4626 Et
511 4574 586 4627 ait
609 4572 686 4626 illi
715 4587 736 4627 :
770 4570 961 4641 Surge,
996 4574 1144 4638 vade,
1201 4573 1327 4645 quia
1355 4571 1486 4642 ﬁdes
1520 4581 1612 4626 tua
1636 4582 1684 4627 te
1721 4573 1923 4628 salvum

343 4665 484 4729 fecit.
509 4665 796 4721 Humilitcr
816 4666 993 4722 adhuc
1010 4666 1209 4735 iacenti
1245 4682 1342 4737 pro
1362 4667 1601 4738 peccatis
1612 4664 1923 4736 paenitendo

342 4760 539 4818 deletis
568 4759 887 4831 prmcipitur
912 4769 975 4816 ut
1007 4770 1198 4832 surgat
1221 4760 1288 4816 ad
1346 4761 1485 4816 bene
1519 4759 1811 4829 agendum,
1867 4748 1925 4813 et

341 4853 527 4919 vadat,
560 4853 612 4907 id
641 4862 723 4908 cst
749 4862 1132 4924 promoventur
1160 4867 1223 4909 ac
1248 4852 1498 4925 proﬁciat
1529 4852 1582 4906 in
1611 4850 1766 4906 bonis
1790 4863 1923 4919 ope-

341 4945 511 5002 ribus.
544 4944 645 5012 Qui
677 4944 824 4998 enim
848 4944 1221 5000 inbrmitatein
1249 4959 1361 4998 suae
1388 4940 1715 4998 conditionis
1747 4939 1925 4995 humi-

252 5102 259 5108 ,
342 5039 467 5095 liter
493 5037 734 5111 agnovit,
779 5051 845 5093 ac
880 5036 1155 5109 pulverem
1195 5045 1251 5092 et
1278 5036 1516 5091 cinerem
1548 5047 1630 5089 .se
1660 5046 1782 5088 esse
1807 5045 1924 5102 pcr-

341 5130 551 5202 pendit,
569 5128 793 5200 iubetur
822 5129 889 5183 ad
917 5130 1132 5185 robusta
1158 5141 1322 5197 opera
1347 5140 1593 5198 surgere,
1625 5140 1687 5180 ac
1709 5138 1925 5195 promo-

342 5220 455 5276 veri
479 5220 532 5275 in
566 5217 1070 5290 profectuiustitiae.
1104 5218 1200 5274 Cui
1223 5228 1281 5273 et
1320 5218 1560 5273 dicitur:
1608 5215 1767 5272 Fides
1800 5225 1913 5269 .tua

339 5322 391 5370 te
417 5313 620 5370 salvum
638 5313 781 5382 fecit.
817 5312 1057 5369 Credidit
1087 5313 1232 5369 enim
1258 5322 1436 5383 grates
1468 5327 1587 5368 esse
1612 5311 1923 5367 referendas

340 5406 392 5479 ei
415 5406 540 5479 [al.,
570 5417 633 5463 ut
684 5407 792 5463 Deo
826 5404 901 5479 ei]
931 5407 1022 5477 qui
1061 5421 1121 5463 se
1142 5407 1497 5461 inundaverat
1522 5414 1578 5460 ct
1600 5419 1763 5475 opere
1780 5403 1922 5458 Deus

342 5499 677 5567 inualuerat,
709 5510 763 5555 et
817 5498 976 5554 ﬁdem
1024 5514 1141 5570 qua:
1171 5515 1261 5568 per
1291 5496 1621 5552 dilectionem
1673 5505 1923 5565 operatur

343 5588 486 5663 (Gal.
537 5608 591 5659 v-,
643 5592 731 5662 6)‘,
762 5595 1011 5658 habebat,
1053 5607 1117 5649 ac
1141 5607 1234 5664 per
1259 5606 1379 5649 eam
1403 5607 1430 5645 a
1463 5590 1733 5661 prioribus
1760 5588 1914 5643 malis

346 5683 527 5740 salvus
561 5690 677 5739 erat
702 5682 755 5739 in
781 5683 973 5753 quibus
1001 5694 1137 5742 ante.
1172 5683 1427 5755 perierat,
1486 5679 1614 5752 quia
1640 5694 1748 5736 non
1798 5678 1917 5735 sine

2026 4498 2205 4555 neque
2233 4491 2351 4539 erat
2402 4497 2594 4538 nomen
2635 4479 2751 4549 eius
2799 4476 3059 4547 scriptum
3087 4474 3140 4529 in
3172 4472 3346 4536 crelis,
3379 4479 3439 4526 ut
3466 4470 3608 4525 Deus

2027 4577 2494 4646 illuddiguaretur
2556 4573 2860 4628 nominare.
2913 4566 3048 4622 Nam
3076 4573 3132 4621 et
3154 4580 3253 4620 nos
3291 4565 3623 4634 plerumque

2025 4668 2386 4738 quorumdam
2410 4661 2687 4727 vocabula,
2717 4674 2836 4732 quae
2857 4669 3036 4714 tamen
3064 4657 3201 4713 bene
3231 4655 3607 4719 meminimus,

2027 4767 2249 4831 propter
2272 4754 2710 4826 dedignationem
2743 4747 3229 4821 praetermittimus,
3260 4759 3383 4799 cum
3412 4758 3606 4798 eorum

2026 4849 2460 4912 recordationem
2509 4844 2838 4901 fastidimus.
2898 4840 3103 4895 Idcirco
3158 4848 3340 4892 autem
3408 4850 3606 4890 nomen

2032 4945 2195 5001 istius
2242 4940 2472 5013 Spiritui
2512 4949 2708 4996 sancto
2756 4937 2985 4992 viluerat
3028 4932 3120 5003 qui
3181 4937 3438 5002 peccator
3471 4936 3606 4992 erat,

2024 5035 2151 5105 quia
2171 5034 2385 5088 inﬁmus
2406 5030 2634 5101 regulus.

2097 5124 2263 5193 Cujus
2293 5121 2438 5190 ﬁlius
2464 5120 2836 5189 inﬁrmabatur
2857 5115 3251 5186 Capliarnaunt.
3279 5108 3454 5164 Filius
3501 5115 3608 5172 est.

2025 5216 2079 5272 in
2106 5229 2211 5284 quo
2241 5224 2395 5284 pater
2422 5211 2616 5268 affectu
2671 5219 2904 5280 paterno
2951 5205 3258 5277 specialiter
3283 5201 3608 5263 delectatur,

2024 5320 2185 5376 quem
2218 5304 2517 5360 tenerrimo
2543 5312 2605 5357 ct
2636 5310 2752 5356 toto
2783 5310 3039 5368 tanquam
3067 5296 3305 5366 seipsum
3355 5291 3612 5364 confovet

2025 5398 2296 5468 amplexu.
2337 5395 2452 5453 Hoc
2472 5397 2526 5450 in
2559 5393 2777 5449 homine
2799 5390 3058 5446 interiore
3077 5387 3317 5441 animum
3350 5382 3609 5450 intelligi.-

2024 5505 2161 5555 mus,
2179 5503 2338 5558 quem
2364 5504 2393 5541 a
2415 5488 2589 5556 primo
2608 5484 2875 5540 Plasmate
2897 5471 3142 5549 usquead
3156 5478 3429 5534 Christum
3441 5474 3610 5529 multa

2026 5582 2349 5650 spiritalium
2375 5578 2604 5633 febrium
2658 5572 3102 5631 incommoditate
3148 5576 3481 5642 praeventum
3519 5580 3613 5620 nc~

2032 5691 2307 5747 quaquam
2339 5673 2671 5731 dubitamus.
2702 5670 3077 5741 Capharnaum
3108 5676 3286 5723 autem
3334 5677 3460 5733 ager
3485 5660 3608 5733 put—
