3910 6018
332 237 440 296 665

1419 239 1724 296 HOMILIIE
1765 240 1851 295 ET
1886 239 2498 297 EXHORTATIONES.

3487 243 3656 304 666.

331 355 626 412 chen-imus
651 354 870 418 dicitur,
901 363 956 408 ct
979 353 1208 408 mundus
1234 354 1356 418 istc,
1393 364 1774 412 creaturarum
1805 373 1897 412 or-
1941 363 1983 419 Λ
2015 353 2131 426 ejus
2159 354 2262 409 alia
2309 354 2362 410 in
2413 356 2664 425 przrscnti
2725 355 2928 424 aliquid
2955 356 3361 428 significabant,
3405 357 3507 412 alia
3539 359 3596 414 in

333 448 608 502 nutrientis
637 449 942 510 decoratus,
971 447 1151 516 magni
1175 445 1396 516 Opiﬁcis
1411 448 1754 506 ordinatione
1787 467 1918 506 con~

332 539 572 606 spicuus,
627 551 758 607 ager
807 537 1202 606 pulcherrimus
1231 552 1336 590 non
1363 537 1660 608 incongrue
1689 540 1914 610 intelligi

333 634 536 696 potest.
560 625 728 698 Cujus
755 625 978 682 colonus
1004 627 1186 692 homo,
1221 637 1410 696 utpote
1441 629 1650 683 advena
1683 639 1734 686 et
1764 645 1918 700 pere-

331 718 544 786 grinus,
597 725 802 786 quanto
829 717 1082 772 licentius
1111 719 1387 786 peccabat,
1443 728 1592 776 tanto
1641 721 1914 778 abundan-

335 808 443 861 tius
494 806 814 877 aegretabat.
869 806 1180 876 AEgrotavit
1206 816 1388 864 autem
1449 810 1682 864 hominis
1741 812 1916 878 portio

333 896 644 965 pretiosior,
666 897 880 952 animus
907 896 1176 962 videlicet,
1207 898 1298 968 qui
1323 907 1580 966 tanquam
1631 897 1775 954 [ilius
1816 899 1916 954 ho-

333 987 462 1042 mini
485 987 645 1042 debet
663 1002 782 1044 esse
802 988 1036 1044 charior.

403 1078 509 1132 llic
542 1091 660 1134 cum
683 1081 914 1136 audisset
949 1080 1073 1150 quia
1105 1079 1265 1136 Iesus
1291 1079 1556 1135 adueniret
1581 1099 1616 1136 a
1645 1081 1838 1136 Judtea
1861 1099 1916 1138 ιη

332 1167 634 1238 Calilwam,
651 1171 780 1224 abiit
803 1171 874 1225 ad
899 1187 1040 1239 eum,
1063 1182 1110 1226 et
1137 1173 1354 1243 rogabat
1393 1187 1512 1225 eum
1551 1183 1603 1236 ut
1633 1173 1916 1228 descende-

295 1271 432 1334 -ret,
476 1269 524 1316 et
563 1271 774 1316 sanaret
825 1261 997 1332 ﬁlium
1052 1263 1200 1332 ejus;
1241 1261 1517 1332 incipiebat
1561 1265 1700 1318 enim
1759 1264 1912 1318 mori.

332 1353 516 1408 Judma
541 1353 760 1424 quidem
795 1356 1076 1426 confessio,
1116 1356 1230 1412 sive
1257 1357 1520 1418 laudatio,
1553 1367 1608 1412 et
1635 1357 1916 1426 gloriﬁca-

331 1446 404 1498 tio
425 1461 442 1508 ;
467 1444 682 1500 Catilina
709 1461 838 1501 vero
869 1450 1255 1516 interpretatur
1297 1448 1694 1518 transmigratio
1731 1448 1896 1517 facta.

333 1534 401 1588 Et
429 1533 586 1590 Iesus
609 1536 755 1592 venit
779 1551 810 1590 a
831 1535 1012 1591 ludant
1036 1537 1089 1591 in
1116 1537 1414 1604 Galilzeam,
1467 1538 1685 1607 quando
1731 1553 1760 1592 a
1785 1551 1915 1592 con-

333 1625 570 1682 fessione
595 1641 652 1684 ct
681 1629 1010 1696 laudatione,
1033 1645 1154 1700 quae
1175 1631 1248 1686 illi
1271 1647 1488 1687 sursum
1515 1646 1544 1686 a
1581 1632 1788 1687 sanctis
1813 1649 1910 1690 an-

2021 446 2260 502 fnturum
2309 448 2734 517 prospiciebant.
2793 447 3022 518 Regulus
3073 463 3204 516 ergo
3274 448 3594 506 descensum

2017 535 2138 606 ejus
2167 538 2236 592 ad
2277 537 2506 594 salutem
2545 539 2639 592 lilii
2696 538 2952 608 rogabat;
3005 537 3266 593 Dominus
3293 547 3472 596 autem
3495 539 3594 596 de-

2019 641 2270 684 scensum
2319 643 2476 684 suum
2529 629 2966 694 commendabat,
3017 636 3074 684 et
3095 628 3282 699 regqu
3325 629 3594 685 subtiliter

2021 719 2326 784 intimabat,
2355 719 2542 774 dicens
2595 737 2608 773 :
2649 717 2772 773 Nisi
2805 714 2956 787 signa
2977 728 3026 774 et
3060 721 3300 790 prodigia
3327 720 3587 789 videritis,

2019 825 2122 862 non
2149 809 2380 862 creditis.
2403 808 2482 862 Ac
2503 809 2546 864 si
2571 809 2773 864 diceret
2811 827 2824 862 :
2861 811 3161 888 Descensns
3191 825 3342 864 meus
3365 810 3430 864 ad
3447 825 3595 866 mor-

2021 903 2126 950 tem
2156 904 2209 949 et
2240 895 2304 948 ad
2331 893 2558 958 inferos,
2585 910 2743 964 quem
2771 895 3071 959 desideras,
3103 896 3314 965 signum
3341 911 3596 967 magnum

2019 994 2123 1051 est,
2159 987 2284 1056 quia
2315 985 2738 1042 febricitantium
2767 986 2920 1042 salus
2948 995 3052 1052 cst,
3079 995 3134 1042 et
3155 988 3454 1058 prodigium
3481 1005 3596 1044 ma-

2019 1089 2180 1145 gnum
2203 1084 2309 1142 est,
2341 1077 2466 1145 quia
2495 1078 2820 1132 resurrectio
2849 1087 3184 1132 mortuorum
3202 1077 3434 1134 est.Nec
3465 1081 3598 1136 ﬁdes

2017 1163 2326 1219 Christiana
2357 1165 2408 1218 in
2439 1166 2692 1236 gentibus
2730 1167 2994 1236 pullulare
3045 1169 3266 1234 poterit,
3315 1170 3416 1224 nisi
3443 1172 3596 1239 signa

2017 1255 2132 1311 hinc
2158 1266 2207 1310 et
2231 1257 2479 1328 prodigia
2521 1259 2738 1314 viderit.
2775 1259 2913 1313 Dicit
2937 1260 3005 1312 ad
3029 1277 3148 1314 eum
3187 1259 3420 1328 regulus,
3459 1277 3598 1317 unus

2017 1346 2244 1402 credens
2271 1361 2338 1402 ex
2363 1347 2632 1414 gentibus,
2659 1351 2898 1418 gentium
2933 1351 3182 1420 primitiae
3205 1351 3592 1421 prmsignatus:

2022 1436 2260 1504 Domine,
2287 1438 2559 1506 descende,
2585 1441 2890 1512 priusquam
2941 1443 3201 1495 moriatur
3247 1442 3386 1510 filius
3427 1457 3594 1496 meus.

2017 1531 2259 1597 Domine,
2305 1533 2740 1604 quandoquidem
2781 1535 3076 1589 descensus
3122 1543 3245 1588 tuus
3283 1533 3498 1604 signant
3541 1541 3597 1588 et

2017 1623 2320 1694 prodigium
2343 1639 2594 1694 magnum
2627 1635 2732 1690 est,
2764 1639 2862 1680 nec
2889 1626 3208 1694 przeputium
3237 1625 3304 1680 ab
3363 1624 3595 1678 inﬁrmi-
3645 1649 3648 1652 -

331 1718 464 1788 solis
495 1720 830 1776 incessanter
880 1711 1146 1788 dabatur,
1197 1723 1444 1793 dignatus
1494 1734 1578 1780 est
1603 1740 1700 1795 per
1735 1727 1915 1783 carnis
1947 1711 1988 1764 Β
2017 1719 2214 1776 tatibus
2240 1719 2354 1774 suis
2380 1720 2580 1790 poterit
2627 1719 3030 1782 convalescere,
3067 1718 3170 1772 nisi
3211 1719 3362 1787 signa
3397 1718 3515 1771 tunc
3541 1725 3590 1771 et

331 1811 756 1880 assumptionem
783 1812 972 1868 venire
995 1813 1062 1868 ad
1093 1829 1212 1878 nos,
1237 1815 1328 1884 qui
1383 1817 1910 1888 transmigrationem

333 1901 637 1958 feceramus
668 1920 697 1957 a
721 1905 973 1972 paradiso
995 1905 1062 1960 ad
1095 1906 1254 1976 hujus
1283 1906 1476 1962 vallem
1531 1909 1786 1966 miserim.
1847 1911 1915 1965 Et

333 1993 480 2050 hunc
523 1995 811 2050 adventum
835 1997 1040 2054 audivit
1081 1998 1314 2068 regulus,
1339 1999 1466 2068 quia
1493 1999 1645 2056 illum
1697 2017 1793 2072 per
1813 2003 1913 2057 Za-

331 2085 571 2144 chariam
595 2088 756 2142 homo
779 2087 958 2143 dicere
979 2089 1242 2158 comperit
1267 2089 1484 2144 :Lauda
1497 2100 1544 2145 et
1566 2090 1769 2157 ltrtare,
1795 2093 1911 2161 [ilia

331 2177 490 2243 Sion,
519 2181 644 2250 quia
674 2196 789 2234 ecce
813 2196 906 2251 ego
945 2181 1120 2246 uenio,
1149 2192 1198 2236 et
1223 2183 1470 2236 habitabo
1521 2185 1578 2238 iu
1613 2185 1786 2238 medio
1811 2187 1912 2251 tui,

330 2271 406 2324 ait
429 2269 682 2325 Dominus
707 2270 892 2342 (Zaclt.
920 2287 984 2338 ιι,
1011 2272 1120 2340 10).
1151 2272 1396 2342 Cumque
1420 2274 1534 2330 huic
1569 2283 1626 2330 ct
1653 2275 1734 2330 his
1763 2277 1914 2330 simi-

331 2360 402 2416 lia
429 2363 493 2416 de
550 2361 666 2431 ejus
731 2361 964 2418 adventu
989 2366 1150 2419 verba
1203 2367 1590 2435 pr0pltctarum
1645 2369 1911 2434 audisset,

328 2452 460 2506 abiit
493 2455 561 2506 ad
595 2470 734 2518 eum,
764 2469 862 2524 pro
890 2455 999 2510 tilio
1013 2455 1433 2524 supplicaturus,
1467 2472 1646 2512 mores
1671 2467 1910 2512 minatu-

333 2558 450 2608 rus,
475 2543 528 2598 in
561 2547 736 2614 ipsum
759 2546 1090 2600 crediturus.
1116 2546 1256 2599 Abiit
1307 2547 1376 2600 ad
1399 2565 1542 2610 eum,
1593 2549 1720 2617 quia
1750 2550 1915 2617 coepit

331 2635 401 2689 ad
423 2633 542 2702 ejus
579 2635 740 2690 ﬁdem
766 2634 1160 2704 aliquantulum
1189 2638 1476 2692 accedere.
1509 2635 1578 2690 Et
1614 2639 1832 2708 rogabat
1855 2649 1909 2691 ut

331 2727 686 2792 descenderet,
744 2737 1021 2783 etsauaret
1064 2728 1239 2797 ﬁlium
1295 2729 1432 2799 ejus,
1455 2743 1616 2798 quem
1675 2731 1913 2786 diximus

332 2821 574 2874 aninmm
599 2819 768 2890 ipsius
801 2834 946 2885 esse,
979 2821 1102 2889 quia
1129 2835 1228 2890 per
1263 2821 1606 2876 Psalmistam
1647 2823 1859 2876 dicebat
1894 2839 1908 2874 :

329 2910 573 2978 Domine,
611 2912 808 2966 inclina
835 2913 987 2967 cozlos
1011 2923 1149 2979 tuos,
1168 2923 1213 2966 et
1238 2913 1489 2967 descende
1512 2912 1686 2983 (Psal.
1720 2929 1908 2982 exuit,

329 3001 386 3070 5)
421 3019 441 3068 ;
469 3015 524 3060 et
553 3022 566 3056 :
603 3003 844 3068 Domine,
874 3006 1114 3060 miserere
1148 3006 1268 3068 mei,
1298 3023 1430 3060 sana
1469 3006 1702 3059 animum
1737 3022 1909 3059 meam

327 3098 454 3166 quia
495 3098 702 3166 peccaui
740 3097 830 3150 tibi
860 3094 1034 3167 (Psal.
1060 3113 1150 3162 XL,
1191 3096 1268 3167 5).
1311 3095 1546 3166 Rogabat
1601 3107 1656 3150 ut
1704 3098 1916 3153 descen-

327 3188 494 3252 deret,
521 3188 624 3242 hoc
652 3197 758 3255 est,
781 3188 848 3242 ad
909 3189 1270 3245 humilitatem
1309 3189 1576 3258 passionis
1610 3204 1670 3244 se
1699 3191 1914 3244 miscri-

330 3278 568 3333 corditer
595 3278 902 3346 inclinaret,
925 3290 972 3334 et
1003 3281 1174 3348 ﬁlium
1192 3281 1328 3350 ejus,
1357 3282 1460 3336 hoc
1491 3289 1576 3336 est
1597 3283 1904 3336 chariorem

329 3367 450 3438 ejus
478 3371 808 3439 portionem,
840 3381 1080 3426 sanaret.
1111 3371 1224 3426 Non
1267 3373 1414 3426 enim
1465 3381 1678 3441 poterat
1703 3374 1916 3428 animus

332 3461 570 3517 hominis
609 3477 638 3516 a
677 3463 880 3532 peccati
931 3465 1119 3518 morbo
1177 3465 1383 3528 sanari,
1409 3444 1511 3519 nisi
1553 3467 1914 3520 medicamen-

279 3563 284 3574 ‘
335 3561 446 3606 tum
471 3552 519 3606 ci
556 3551 710 3606 ﬁeret
731 3567 880 3606 mors
905 3551 1074 3621 ipsius
1099 3552 1314 3606 medici.

403 3641 694 3712 lncipiebat
723 3645 860 3698 enim
887 3644 1094 3712 peccati
1119 3643 1376 3713 languore
1393 3641 1508 3711 jam
1535 3644 1690 3700 mori.
1715 3643 1812 3699 Hic
1834 3653 1917 3700 est
1939 3675 1946 3680 -

333 3735 484 3790 enim
516 3736 758 3800 saucius,
785 3751 970 3804 quem,
999 3725 1286 3792 sicnt'alibi
1319 3735 1542 3800 dicitur,
1571 3735 1809 3792 latrones
1859 3736 1912 3790 in

329 3830 418 3882 via
435 3829 756 3890 semivivum
783 3827 1071 3899 reliquere.
1107 3828 1253 3882 Vivit
1277 3828 1420 3882 enim
1449 3842 1518 3898 ex
1547 3841 1610 3882 ea
1641 3836 1794 3895 parte
1809 3843 1915 3896 qua

333 3920 502 3976 Deum
535 3929 710 3989 potest
739 3933 1087 3990 cognoscere,
1119 3927 1175 3974 et
1203 3919 1335 3989 quid
1360 3927 1568 3974 rectum
1597 3919 1674 3974 sit
1706 3919 1912 3974 discer-

343 4027 504 4076 nere;
537 4021 782 4066 tnortuns
810 4026 938 4066 vero
962 4020 1045 4065 cst
1065 4027 1130 4066 ex
1155 4027 1220 4066 ea
1245 4021 1396 4080 parte
1421 4025 1526 4080 qua
1551 4011 1788 4080 peceatis
1835 4021 1915 4065 ta-

331 4104 524 4169 bescit,
551 4082 628 4158 'ct
659 4103 899 4172 nequitia
957 4103 1160 4160 deﬁcit.
1191 4103 1266 4158 Ex
1293 4111 1405 4160 toto
1431 4112 1610 4158 autem
1639 4105 1744 4158 erit
1769 4119 1916 4158 mor-

335 4205 483 4258 tuus,
528 4194 572 4248 si
613 4195 776 4248 fuerit
809 4194 1024 4248 inferno
1046 4195 1354 4249 damnatus.
1373 4195 1464 4250 Sic
1494 4210 1623 4265 ergo
1645 4193 1918 4264 incipiebat

333 4285 488 4347 mori,
533 4285 584 4338 id
606 4294 688 4340 est
717 4284 968 4338 vitiorum
1021 4285 1276 4354 languore
1316 4285 1540 4339 nimium
1573 4287 1916 4356 gravabatur,

2013 1811 2252 1880 prodigia
2283 1810 2543 1866 meruerit
2574 1811 2775 1874 videre,
2803 1810 3078 1872 descende,
3119 1809 3377 1878 quoniam
3407 1807 3601 1862 melius

2014 1914 2117 1968 est,
2143 1905 2286 1959 sicut
2318 1903 2722 1974 praeordinasti,
2753 1912 2810 1956 ut
2839 1903 3136 1956 descendas
3161 1915 3321 1970 quam
3347 1909 3410 1954 ut
3454 1899 3598 1968 ﬁlius

2015 2013 2180 2060 meus,
2207 1997 2258 2050 id
2307 2007 2390 2052 est
2425 1996 2640 2067 gentilis
2689 1995 2870 2064 populi
2907 1994 3148 2058 animus,
3213 1994 3269 2048 in
3327 2003 3594 2048 interritam

2015 2097 2218 2158 pereat.
2243 2088 2388 2142 Descr
2402 2089 2502 2144 nde
2521 2102 2652 2158 ergo
2669 2089 2734 2142 de
2765 2085 3132 2141 incarnatione
3157 2085 3224 2140 ad
3251 2084 3586 2155 passionem,

2014 2180 2269 2248 quoniam
2292 2195 2358 2236 ex
2380 2181 2632 2250 passione
2657 2189 2744 2234 tua
2777 2187 3139 2248 consequetur
3162 2176 3344 2232 anima
3371 2189 3493 2230 mea
3525 2173 3592 2230 li-

2015 2269 2372 2326 lterationem.

2093 2362 2226 2418 Huic
2257 2373 2423 2418 tanta:
2443 2363 2566 2417 fidei
2589 2378 2656 2418 ac
2689 2362 2962 2417 devotioni
3005 2361 3270 2416 duntaxat
3318 2358 3601 2430 respondit

2015 2455 2274 2512 Dominus
2308 2474 2321 2510 :
2360 2455 2526 2520 Vade,
2555 2455 2697 2524 ﬁlius
2746 2465 2867 2510 tuus
2903 2456 3049 2510 uiuit.
3083 2456 3286 2510 Durum
3311 2463 3397 2508 est
3443 2454 3591 2510 enim

2016 2544 2313 2616 intelligere
2387 2547 2554 2614 quod'
2604 2545 2884 2600 incredulo
2957 2553 3013 2600 et
3065 2544 3266 2598 inﬁdeli
3331 2544 3530 2598 dixerit
3581 2561 3596 2599 :

2028 2633 2186 2704 Vade,
2228 2636 2373 2706 [ilius
2427 2646 2548 2690 tuus
2593 2637 2712 2692 uiuit
2755 2636 2860 2691 nisi
2901 2635 3256 2706 supplicantis
3307 2633 3466 2688 ﬁdem
3505 2633 3602 2688 de-

2016 2726 2394 2796 votionemque
2448 2727 2808 2797 cognovisset.
2877 2725 3102 2780 Prsescit
3153 2725 3315 2795 igitur
3351 2764 3368 2790 ,
3441 2733 3597 2780 ante-

2014 2831 2176 2885 quam
2221 2818 2541 2872 miraculum
2593 2818 2836 2885 faceret,
2880 2818 3132 2872 subtilem
3176 2817 3405 2872 ﬁdeliter
3449 2816 3600 2871 obse-

2013 2909 2216 2965 crantis
2281 2911 2720 2980 reSponsionem,
2778 2920 2833 2966 et
2887 2911 2956 2964 ad
3013 2909 3258 2964 miraculi
3333 2908 3599 2976 processit

2017 3002 2409 3067 ostensionem,
2445 3010 2506 3055 ut
2533 3001 2750 3056 ettldes
2789 2999 2904 3069 jam
2957 3000 3230 3055 credentis
3279 3000 3600 3068 procederet

2020 3091 2071 3145 in
2105 3091 2614 3148 manifestationem.
2681 3090 2842 3156 Vade,
2871 3090 3188 3160 inquit,hoc
3229 3098 3314 3144 est
3339 3087 3404 3142 ad
3428 3087 3600 3156 perfe-

2017 3185 2252 3240 ctionem
2303 3186 2627 3254 transmigra
2665 3183 3078 3253 c0gitationum,
3125 3189 3184 3234 et
3229 3181 3372 3254 sicut
3401 3177 3598 3232 audisri

2019 3294 2193 3333 meam
2236 3279 2690 3344 incarnationem,
2747 3284 3002 3344 exspecta
3055 3275 3218 3328 etiam
3265 3272 3594 3340 passionem.

2018 3367 2136 3422 Jam
2170 3368 2314 3422 enim
2364 3383 2430 3422 ex
2467 3368 2570 3422 hac
2621 3367 2742 3420 lidci
2776 3365 3014 3420 scintilla
3047 3363 3191 3432 ﬁlius
3240 3372 3382 3428 tuus,
3431 3361 3598 3414 idest

2017 3459 2230 3514 animus
2272 3469 2420 3526 tuus,
2463 3459 2604 3514 vivit.
2653 3457 2764 3520 Nec
2814 3469 3140 3527 quemquam
3202 3461 3417 3508 moveat
3455 3451 3598 3521 quod

2017 3550 2196 3604 omnia
2223 3551 2338 3605 ιιωο
2356 3553 2522 3606 verba
2545 3549 2840 3604 secundum
2862 3547 3146 3602 historiam
3185 3559 3291 3599 non
3313 3543 3597 3598 invenian-

2021 3651 2107 3696 tur
2126 3651 2182 3698 et
2203 3658 2234 3696 a
2275 3643 2477 3712 regulo,
2503 3642 2659 3696 idest
2689 3641 2758 3694 ab
2782 3641 3016 3694 humano
3054 3651 3272 3708 genere,
3299 3636 3438 3690 dicta
3477 3649 3600 3690 esse

2020 3734 2271 3796 Domino,
2295 3743 2350 3788 et
2379 3747 2408 3785 a
2461 3732 2690 3786 Domino
2751 3730 2932 3799 generi
2969 3730 3222 3782 humano.
3262 3723 3420 3778 Tales
3453 3725 3600 3780 enim

2020 3833 2147 3881 sunt
2167 3825 2286 3878 istic
2303 3822 2624 3883 locutiones,
2656 3819 2844 3888 quales
2869 3827 2920 3872 et
2947 3817 3050 3870 illa:
3071 3816 3138 3870 de
3165 3815 3406 3870 Canticis
3457 3829 3590 3868 can-

2022 3917 2284 3978 ticorum,
2344 3912 2434 3967 ubi
2481 3923 2712 3980 sponsus
2764 3911 2832 3962 ad
2883 3921 3163 3977 sponsam,
3205 3913 3264 3958 et
3282 3917 3476 3974 Sponsa
3531 3904 3598 3958 ad

2021 4021 2275 4077 sponsum
2315 4019 2376 4059 ea
2397 4003 2559 4057 verba
2585 4001 2842 4070 loquitur,
2871 4014 2991 4071 qua:
3017 4011 3278 4066 nusquam
3304 3993 3598 4049 historiali-

2023 4109 2106 4154 ter
2133 4099 2494 4168 reperiuntur.
2523 4095 2707 4160 Neque
2732 4093 2876 4148 enim
2907 4103 3013 4148 tam
3039 4090 3264 4145 vocibus
3321 4103 3484 4156 quam
3507 4101 3592 4140 rc-

2023 4194 2121 4247 bus
2146 4190 2278 4244 liunt
2305 4188 2604 4256 hujusmodi
2625 4187 2940 4256 locutiones.
2969 4182 3130 4248 Vade,
3155 4181 3252 4246 ait,
3271 4180 3372 4234 hoc
3393 4187 3498 4247 est,
3526 4178 3592 4232 ad

2024 4282 2226 4351 majora
2277 4280 2400 4336 ﬁdei
2450 4294 2792 4350 promovere,
2837 4287 2894 4331 et
2920 4275 2989 4330 ad
3041 4272 3342 4342 Spiritalem
3375 4285 3596 4326 sensum

333 4381 389 4428 ct
437 4374 596 4428 morti
625 4373 990 4428 damnationis
1011 4381 1227 4427 αξιοι-ηπ
1257 4374 1675 4443 propinquabat.
1715 4373 1822 4430 Sed
1849 4388 1916 4428 ne
1953 4393 1998 4447 ι)
2024 4375 2373 4448 progredere,
2422 4373 2676 4442 quoniam
2700 4369 2843 4439 [ilius
2873 4379 2993 4421 tuus
3031 4367 3176 4429 vivit,
3200 4379 3268 4419 ex
3317 4364 3422 4418 hac
3475 4361 3599 4416 ﬁdei

332 4481 398 4520 ea
427 4473 538 4520 toto
565 4475 886 4530 moreretur,
933 4465 1164 4520 accessit
1215 4475 1370 4534 pater
1395 4466 1462 4517 ad
1485 4463 1670 4518 .Iesum
1728 4479 1826 4534 pro
1852 4480 1918 4518 eo

338 4565 648 4627 rogaturus.
677 4567 732 4610 ut
759 4555 873 4624 ipse
913 4557 1002 4625 qui
1037 4555 1167 4618 vita,
1194 4554 1284 4618 qui
1314 4555 1574 4618 medicus,
1620 4555 1712 4623 qui
1747 4555 1918 4608 medi-

337 4646 462 4700 cina
487 4655 591 4708 est,
625 4645 876 4700 obriarct
902 4645 1084 4698 morti.
1139 4644 1265 4700 Post
1313 4653 1540 4699 mortem
1579 4645 1722 4700 enim
1775 4645 1920 4700 nttlla

337 4745 522 4807 posset
558 4735 790 4791 inveniri
818 4734 1118 4800 medicina,
1160 4735 1284 4806 quia
1317 4735 1371 4788 in
1421 4735 1626 4805 inferno
1673 4735 1818 4789 nulla
1845 4745 1921 4790 est

337 4831 646 4900 redemptio.
676 4829 936 4898 Quisquis
956 4827 1100 4882 enim
1126 4827 1294 4882 semel
1331 4837 1548 4882 aeterna:
1585 4827 1920 4883 damnationi

340 4921 596 4988 traditus,
617 4935 896 4992 nunquam
917 4921 1146 4976 ulterius
1173 4919 1604 4990 redemptionem
1659 4919 1922 4990 consequi

337 5023 536 5084 potest.

417 5107 674 5162 Dominus
698 5116 878 5162 autem
903 5106 1088 5177 regulo
1113 5108 1425 5177 deprecanti
1451 5107 1734 5177 respondit
1758 5125 1771 5160 :
1803 5106 1925 5163 Nisi

338 5197 488 5267 signa
509 5208 558 5252 et
579 5197 818 5268 prodigia
841 5198 1096 5262 videritis,
1121 5215 1224 5252 non
1260 5199 1494 5254 creditis.
1523 5199 1671 5254 Inter
1693 5199 1846 5268 signa
1874 5209 1928 5254 ct

337 5290 584 5361 prodigia
609 5291 710 5346 hoc
737 5291 925 5358 distat,
962 5293 1104 5360 quod
1137 5292 1286 5360 signa
1312 5293 1530 5359 quidem
1569 5292 1926 5358 dicuntur,eo

339 5378 486 5446 quod
517 5377 932 5446 praesentialiter
957 5378 1156 5447 aliquid
1188 5377 1526 5448 signiﬁcent;
1557 5378 1798 5447 prodigia
1831 5394 1920 5432 ve—

342 5483 426 5536 ro,
450 5471 602 5540 quasi
633 5471 938 5541 porrodicia
972 5479 1252 5533 vocantur,
1279 5485 1342 5522 eo
1364 5471 1505 5539 quod
1531 5485 1694 5539 porro
1718 5469 1922 5536 dicant,

345 5575 508 5629 porro
535 5562 867 5633 significent,
897 5573 952 5617 et
982 5551 1186 5632 aliquid
1211 5561 1450 5616 futurum
1486 5563 1830 5629 portendant.
1865 5564 1928 5620 Et

347 5651 606 5712 Dominus
639 5655 795 5727 signa
823 5653 949 5711 fecit
975 5661 1134 5724 atque
1163 5653 1424 5724 prodigia,
1459 5653 1715 5724 quoniam
1762 5667 1924 5722 opera

2021 4468 2388 4532 inchoatione,
2411 4474 2466 4520 et
2495 4480 2558 4518 ex
2593 4475 2710 4516 mea
2739 4457 3218 4530 praedestinatione

2093 4559 2330 4614 Credidit
2379 4559 2427 4610 ei
2481 4557 2635 4609 homo
2659 4551 2888 4607 sermoni
2915 4565 3066 4621 quem
3091 4549 3222 4602 dixit
3245 4547 3294 4602 ei
3315 4546 3490 4610 Iesus,
3553 4555 3600 4599 et

2023 4651 2149 4705 ibat.
2181 4650 2412 4704 Credidit
2437 4649 2728 4702 humanum
2758 4641 3080 4716 genusquod
3101 4641 3312 4694 animus
3337 4655 3476 4695 suns
3503 4653 3600 4708 per

2013 4743 2118 4798 .Dei
2143 4741 2372 4812 gratiam
2407 4740 2634 4796 interius
2665 4738 2888 4800 viveret,
2917 4735 3173 4806 quoniam
3197 4748 3268 4786 ex
3295 4730 3600 4786 Salvatoris

2025 4849 2297 4900 sermone,
2322 4849 2484 4904 quem
2524 4846 2777 4886 veracem
2801 4844 2923 4890 esse
2971 4827 3184 4890 didicit,
3233 4825 3336 4880 hoc
3364 4823 3602 4886 audivit;

2025 4939 2072 4982 et
2097 4928 2228 4991 ibat,
2263 4925 2555 4996 proﬁciens
2584 4925 2634 4978 in
2665 4925 2768 4978 lide
2796 4931 2844 4976 et
2877 4919 3142 4976 moribus.

2099 5018 2222 5072 1am
2245 5027 2419 5072 autem
2449 5034 2508 5072 eo
2535 5015 2894 5082 descendente,
2921 5013 3056 5067 serui
3091 5015 3428 5064 occurrerunt
3457 5005 3526 5068 ei,
3557 5013 3606 5058 et

2034 5111 2400 5166 nuntiaverunt
2435 5110 2662 5164 dicentes
2689 5108 2812 5178 quia
2829 5107 2974 5175 ﬁlius
2996 5105 3110 5173 ejus
3131 5102 3338 5156 viveret.
3371 5098 3606 5152 Interro-

2029 5203 2186 5272 gabat
2225 5218 2346 5271 ergo
2374 5201 2558 5255 horam
2581 5199 2644 5254 ab
2667 5200 2762 5262 eis,
2793 5197 2846 5252 in
2873 5213 2976 5265 qua
3017 5193 3200 5246 melius
3231 5188 3488 5244 habuerit.
3543 5182 3606 5238 Et

2031 5294 2277 5347 dixerunt
2305 5293 2351 5346 ei
2379 5308 2398 5346 :
2425 5291 2562 5358 Quia
2589 5291 2698 5344 lteri
2723 5291 2852 5342 hora
2890 5285 3107 5354 septima
3135 5281 3336 5348 reliquit
3360 5293 3478 5332 eum
3527 5276 3604 5344 fe—

2033 5383 2157 5436 bris.
2181 5381 2534 5436 Descendente
2571 5381 2812 5440 homine,
2845 5376 2898 5430 id
2926 5384 3012 5428 est
3041 5373 3106 5426 ad
3135 5371 3376 5440 seipsnm
3427 5382 3610 5422 rever-

2035 5481 2204 5538 tente,
2231 5480 2288 5526 et
2321 5471 2680 5541 cogitationes
2713 5485 2837 5524 snas
2884 5464 3238 5533 inspiciente,
3269 5469 3610 5514 occurrerunt

2033 5565 2080 5618 ei
2130 5565 2262 5618 servi
2293 5564 2401 5627 sui,
2438 5564 2528 5632 qui
2567 5579 2672 5616 non
2707 5561 2997 5626 incongrue
3031 5555 3326 5610 rationales
3373 5551 3610 5606 hominis

2038 5670 2227 5714 sarisas
2260 5655 2650 5726 intelliguntur,
2687 5651 2776 5720 qui
2805 5649 3000 5705 debent
3025 5647 3250 5715 homini,
3273 5653 3455 5716 utpote
3515 5645 3610 5698 do-
