3884 6052
383 258 488 315 667

743 262 801 319 S.
844 264 1140 322 ANSELMI
1180 268 1531 326 CANTHAR.
1566 271 1884 329 ARClilEP.

2044 272 2087 326 Ρ.
2129 270 2311 328 PARS
2351 273 2411 327 ll.
2462 304 2525 315 --
2554 273 2921 329 ΡΛιὶᾸΞΝΕΤ.
2963 275 3051 330 ΕΤ
3085 276 3306 336 ASCET

3544 278 3652 336 668

378 379 530 435 mino
558 394 654 435 suo
676 376 902 440 servile,
926 391 982 434 et
1013 398 1132 450 quae
1154 382 1388 453 jucunda
1413 387 1521 440 sint
1553 390 1822 450 nuntiare,
1880 404 1944 444 ac
1977 394 2021 449 Λ
2052 385 2180 441 illud
2204 387 2271 441 ad
2293 385 2596 457 perfectum
2621 388 2874 455 adduxit;
2897 398 2951 443 et
2975 389 3260 447 audiamus
3283 407 3470 449 vocem
3496 397 3647 454 Psal-

381 467 452 523 de
475 469 735 536 sospitate
767 468 932 523 totius
963 469 1242 525 interioris
1290 473 1527 529 hominis
1564 486 1618 530 et
1663 477 1828 532 animi
1873 494 1957 533 re-

378 559 672 627 apondere,
709 558 849 613 sicut
871 560 956 613 hic
981 561 1235 616 dicuntur
1257 566 1535 622 nuntiasse
1564 568 1726 624 lilium
1752 571 1953 627 vivere.

378 649 659 705 Hominem
686 651 830 705 enim
859 667 890 706 a
921 652 1029 707 Deo
1056 655 1407 723 descendere,
1431 670 1514 714 est
1562 662 1954 719 humanitatem

373 750 671 796 nostrama
718 744 1183 814 contemplatione
1225 748 1311 804 illa
1364 768 1652 823 parumper
1700 754 1878 820 avelli,
1903 765 1956 810 et

374 834 554 896 adea,
585 847 706 902 qua:
758 834 897 888 intra
933 852 1052 901 nos,
1083 849 1245 904 sunt,
1291 841 1684 912 aliquantulum
1734 849 1952 914 reverti,

370 922 501 990 quid
530 938 741 990 sumus,
792 927 922 996 quid
967 929 1178 998 egimus
1205 932 1433 989 solerter
1483 935 1704 991 intueri.
1753 938 1955 1009 Servos

368 1026 553 1072 autem
604 1017 826 1074 domino
878 1020 1224 1078 descendenti
1270 1042 1585 1093 occurrere,
1630 1041 1715 1084 est
1761 1048 1954 1089 sensus

366 1125 559 1165 omnes
589 1113 754 1166 totius
800 1114 1155 1170 humanitatis
1202 1120 1467 1189 obsequio
1492 1122 1703 1178 Domini
1736 1141 1948 1195 parcre,

366 1212 424 1258 et
448 1220 551 1277 suo
578 1206 958 1275 patrilnnilias
987 1226 1104 1278 qn:e
1131 1219 1256 1266 sunt
1295 1214 1556 1282 placitura
1610 1220 1805 1275 devote
1865 1236 1950 1275 rc-

368 1296 538 1353 ferre.
572 1297 745 1353 llomo
770 1314 923 1368 vero,
970 1302 1080 1369 jam
1110 1303 1203 1359 Dei
1256 1305 1527 1376 colloquio
1556 1311 1846 1366 roboratus
1897 1323 1953 1367 et

369 1384 775 1455 Scripturarntn
811 1393 1077 1445 exercitio
1110 1407 1408 1459 recreatus,
1442 1406 1699 1468 tanquam
1730 1400 1950 1472 indaga-

370 1483 458 1531 tor
486 1477 913 1535 discretissimns
962 1484 1122 1538 debet
1174 1488 1536 1557 perpendere,
1584 1500 1637 1544 et
1689 1501 1947 1561 tanquam

363 1579 660 1653 servos‘et
716 1573 922 1627 amicos
969 1589 1164 1630 sensus
1214 1592 1340 1632 suos
1364 1581 1648 1637 consulere
1670 1599 1773 1653 qua
1817 1585 1948 1640 hora

365 1659 506 1715 ﬁlius
532 1642 663 1715 StiltS
686 1663 881 1718 melius
912 1665 1182 1731 habuerit,
1209 1652 1428 1738 quando
1454 1673 1669 1729 animus
1699 1690 1830 1730 suus
1880 1675 1939 1729 Ii-

367 1751 553 1806 berins
581 1753 947 1810 convaluerit.
970 1758 1035 1812 Et
1065 1758 1167 1813 hoc
1197 1772 1281 1815 est
1333 1762 1493 1833 187
1532 1767 1675 1836 quod
1723 1767 1941 1835 dicitur,

363 1844 489 1912 quia
536 1845 892 1915 interrogabat
950 1852 1133 1904 harant
1162 1853 1230 1905 ab
1266 1853 1363 1921 eis,
1386 1857 1438 1909 in
1465 1873 1571 1927 qua
1605 1859 1790 1916 melius
1843 1863 1943 1915 ha-

361 1937 552 1987 btterit.

432 2026 538 2080 Sed
587 2029 717 2098 quid
767 2029 906 2083 servi
961 2033 1359 2104 responderint,
1400 2039 1730 2097 audiamus:
1782 2043 1938 2109 fleri,

361 2111 629 2186 inquiunt,
676 2120 809 2176 liora
864 2125 1083 2193 septima
1129 2127 1335 2198 reliquit
1388 2147 1504 2184 eum
1562 2132 1740 2203 febris.
1788 2134 1936 2198 fleri,

358 2212 572 2276 tempus
626 2221 711 2266 est
745 2217 1100 2283 pneteritnm.
1153 2219 1373 2287 Etnos,
1405 2224 1531 2278 dum
1580 2225 1631 2280 in
1688 2227 1790 2283 hac
1832 2231 1937 2283 vita

357 2310 564 2361 sumius,
593 2301 700 2357 duo
748 2313 990 2376 tempora
1033 2311 1332 2378 sentimus;
1393 2316 1610 2370 tertium
1660 2331 1939 2389 exspecta-

358 2406 500 2447 mus.
533 2393 728 2451 Totum
782 2408 995 2471 tempus
1048 2404 1117 2459 ab
1173 2406 1345 2461 Adam
1393 2425 1565 2479 usque
1612 2412 1680 2466 ad
1734 2415 1936 2471 Christi

354 2484 710 2554 passionem,
777 2495 1107 2559 praeteritum
1175 2504 1386 2567 tempus
1441 2512 1542 2556 est.
1594 2504 1636 2558 A
1689 2506 1938 2574 passione

354 2574 554 2630 Christi
603 2594 773 2648 usque
808 2584 876 2636 ad
925 2585 1066 2639 diem
1093 2583 1303 2657 judicii,
1358 2592 1674 2649 hodiernum
1728 2604 1938 2669 tempus

354 2675 458 2720 est.
489 2666 531 2720 A
582 2669 668 2722 die
691 2671 901 2740 jndicLi,
935 2677 1153 2744 quando
1176 2676 1289 2747 jam
1322 2696 1549 2752 corpora
1601 2698 1782 2742 nostra
1816 2666 1934 2746 fue-

354 2756 467 2810 rint
494 2757 813 2828 reformata,
878 2765 1097 2819 tertium
1140 2776 1351 2838 tempus
1404 2773 1526 2837 erit,
1576 2777 1718 2845 quod
1774 2780 1933 2835 ﬁnem

354 2844 557 2902 habere
586 2864 691 2904 non
740 2853 955 2921 poterit.
1013 2854 1146 2911 Heri
1173 2871 1304 2929 ergo
1356 2861 1408 2914 in
1453 2844 1703 2932 passione
1731 2867 1932 2926 Christi

355 2936 561 3008 reliquit
593 2940 866 2998 hominem
892 2944 1082 3013 febris,
1110 2951 1365 3022 quoniam
1397 2954 1646 3013 Christus
1675 2960 1932 3019 vitiorum

2060 476 2236 529 mistte
2287 475 2717 544 conquerentis:
2766 476 3138 547 Imperfectum
3179 497 3350 536 meum
3402 485 3649 544 viderunt

2058 564 2198 620 oculi
2258 567 2336 620 tui
2377 564 2551 635 (Psal.
2592 581 2866 633 cxxxvnt,
2927 569 3038 640 16).
3099 570 3207 628 Sed
3254 577 3398 645 qttod
3439 577 3512 633 illi
3540 580 3652 639 diei

2058 657 2272 725 defuit,
2341 659 2458 714 dies
2521 669 2707 714 nostra
2748 663 2867 718 dies
2907 672 3117 733 octava,
3182 666 3297 723 dies
3338 669 3480 725 diem
3528 672 3656 736 illn-

2058 755 2274 811 minans
2297 756 2584 827 supplevit.
2616 757 2758 813 Ecce
2793 760 2992 814 etenim
3017 760 3444 821 Pentateuchum
3468 767 3653 827 ablato

2057 842 2226 915 Moysi
2252 846 2519 901 velamine
2543 847 2775 901 reVelata
2800 851 2941 904 facie
2965 850 3210 922 legimus,
3235 865 3288 910 et
3312 856 3642 931 DecaIOgum

2057 934 2122 988 ad
2148 935 2557 991 observantiam
2583 938 2825 1009 quinque
2864 954 3118 996 sensuum
3145 951 3459 1000 nostrorum
3482 949 3648 1018 spiri-

2058 1027 2275 1082 tualiter
2315 1030 2631 1100 redigimus,
2676 1041 2733 1086 et
2756 1033 2983 1103 quinque
3004 1036 3282 1103 prudentes
3323 1053 3351 1091 a
3391 1039 3640 1109 quinque

2056 1117 2218 1175 fatuis
2245 1121 2541 1192 virginibus
2567 1123 2785 1195 (Matth.
2814 1140 2950 1189 xxv,
2973 1125 3029 1195 ὅ)
3065 1137 3490 1196 sequestramus.
3517 1133 3646 1189 Dies

2054 1213 2233 1264 autem
2278 1219 2463 1266 nostra
2510 1212 2659 1269 horis
2699 1214 2983 1269 duodecim
3010 1217 3341 1283 extenditur,
3383 1222 3643 1289 quoniam

2053 1297 2247 1354 civitas
2270 1309 2455 1355 nostra
2502 1302 2674 1370 portis
2708 1302 2990 1358 duodecim
3032 1306 3313 1375 gloriatur,
3356 1309 3643 1367 duodecim

2051 1390 2311 1457 apostolis
2356 1394 2787 1460 commendatur,
2856 1396 3137 1453 duodecim
3189 1400 3390 1468 sportis
3443 1402 3644 1459 divina:

2052 1479 2339 1537 atllnentiae
2377 1482 2656 1553 plenitudo
2696 1494 2753 1541 et
2804 1486 3062 1543 Ecclesia:
3102 1487 3359 1548 valetudo
3405 1492 3643 1549 circum-

2052 1571 2244 1627 fertur.

2120 1662 2369 1734 Cognovit
2400 1681 2521 1735 ergo
2542 1675 2694 1721 oater
2713 1667 2838 1737 quia
2857 1667 2950 1722 illa
2974 1670 3106 1724 hara
3128 1681 3263 1734 erat,
3287 1672 3342 1728 in
3369 1690 3473 1745 qua
3497 1675 3637 1729 dixit

2048 1755 2097 1810 ei
2117 1754 2272 1809 Jesus
2300 1774 2319 1813 :
2353 1755 2527 1811 Filius
2561 1767 2683 1812 tuus
2702 1761 2839 1816 vivit.
2863 1762 3052 1816 Omnis
3086 1765 3176 1832 qui
3203 1773 3457 1834 tanquam
3488 1780 3641 1838 pater

2048 1859 2148 1901 suo
2174 1856 2370 1915 prmest
2394 1847 2591 1913 animo,
2621 1859 2676 1904 et
2695 1865 2759 1904 ex
2787 1852 2995 1907 ratione
3016 1853 3177 1908 debet
3201 1859 3555 1926 perpendere,
3578 1868 3641 1914 et

2045 1949 2111 1989 ex
2137 1935 2488 1990 servientium
2513 1938 2615 1992 sibi
2639 1954 2893 1995 sensuum
2920 1942 3091 1997 relatu
3130 1954 3295 2015 atque
3317 1944 3639 2017 Scriptura-

2046 2041 2164 2080 rum
2198 2029 2545 2083 attestatione
2591 2031 2872 2103 colligere,
2909 2036 3163 2104 quoniam
3217 2036 3468 2093 hesterno
3502 2049 3638 2095 tem-

2046 2134 2178 2189 pore
2233 2120 2285 2174 in
2339 2119 2565 2188 Christi,
2598 2139 2718 2194 quae
2760 2135 2845 2181 est
2879 2126 3012 2181 hora
3065 2128 3328 2198 septima,
3380 2135 3638 2201 passione

2043 2210 2207 2279 coepit
2230 2209 2443 2265 animus
2466 2210 2696 2268 hominis
2719 2229 2812 2285 per
2840 2216 2998 2271 ﬁdem
3030 2218 3233 2288 vivere,
3262 2221 3362 2276 hoc
3381 2232 3486 2289 est,
3512 2239 3637 2278 cre-

2042 2302 2216 2357 dendo
2247 2304 2623 2378 sicutoportet
2662 2307 2715 2360 iu
2752 2305 2955 2364 Christi
2993 2319 3243 2379 mortem,
3277 2313 3636 2371 meruitillico

2046 2391 2216 2445 vitam
2248 2395 2519 2464 accipere.

2116 2477 2181 2533 Et
2205 2482 2424 2537 credidit
2449 2483 2577 2553 ipse,
2624 2492 2675 2539 et
2715 2484 2902 2539 domus
2939 2487 3055 2556 ejus
3077 2498 3207 2544 tota.
3230 2490 3418 2547 Credit
3443 2504 3636 2563 pater;

2037 2569 2165 2638 quia
2197 2580 2423 2640 peccato
2446 2571 2555 2641 iam
2587 2584 2867 2643 evacuato,
2897 2579 3053 2647 quasi
3102 2579 3252 2634 febre
3292 2581 3382 2637 lilii
3426 2584 3633 2640 exstin-

2039 2666 2148 2723 cta,
2197 2662 2346 2731 cupit
2389 2662 2787 2733 inexplebiliter
2830 2676 2884 2721 ct
2936 2668 3307 2726 indeﬁeienter
3354 2675 3635 2732 adhaerere

2037 2750 2285 2808 Domino.
2313 2751 2497 2809 Credit
2522 2764 2571 2809 et
2593 2757 2779 2811 domus
2807 2758 2919 2828 ejus
2940 2769 3048 2815 tota
3064 2778 3086 2827 ;
3113 2764 3366 2833 quoniam
3419 2783 3629 2835 omnes,

2037 2842 2131 2912 qui
2165 2843 2218 2899 in
2270 2843 2387 2914 ipso
2419 2855 2567 2913 sunt,
2595 2848 2790 2904 animae
2822 2860 2999 2906 motus
3037 2851 3156 2921 ejus
3203 2854 3465 2911 voluntati
3494 2859 3629 2914 obe~

2035 2932 2213 3002 diunt,
2259 2946 2316 2991 et
2355 2936 2422 2993 de
2449 2937 2652 2993 virtute
2702 2940 2756 2994 in
2804 2941 3059 2997 virtutem
3108 2945 3419 3014 proﬁciunt,
3469 2959 3529 3004 ut
3559 2964 3624 3006 ex

355 3041 665 3088 nostrorum
706 3038 1022 3107 peregrinos
1071 3050 1128 3096 et
1170 3045 1504 3103 inordinatos
1555 3047 1824 3116 fervores.
1869 3071 1932 3114 ac
1965 3072 2007 3131 ο
2039 3024 2699 3131 ίρδῇ,θ⁰,¹¹³⁰ῗι¹³ί¹ί“¹ῗί³“¹
2737 3033 3185 3131 "dmucogamur
3209 3036 3552 3131 9°"°_“‘°°""

352 3124 627 3179 variarum
652 3126 920 3183 incentiva
949 3130 1233 3190 libidiuutn
1256 3138 1403 3194 cruci
1435 3155 1547 3194 suae
1582 3141 1772 3213 aﬁlxit,
1800 3149 1931 3217 quia

351 3217 631 3289 languores
663 3232 866 3278 nostros
919 3225 1208 3293 ipseJulit,
1240 3241 1287 3283 et
1329 3231 1538 3288 dolores
1581 3246 1786 3293 nostros
1828 3242 1938 3311 ipse

349 3309 573 3376 portavit
602 3307 739 3378 (Isa.
779 3326 900 3377 LIII,
920 3312 999 3382 4).
1029 3312 1135 3370 Sed
1161 3325 1267 3371 tam
1297 3336 1549 3391 magnum
1578 3334 1797 3396 tamque
1819 3307 1938 3384 diu-

353 3405 569 3451 turnum
603 3398 736 3462 lteri,
773 3402 936 3457 horas
960 3419 1086 3459 suas
1112 3406 1319 3471 habuit,
1349 3410 1474 3465 dum
1513 3427 1607 3482 per
1636 3425 1934 3485 temporum

352 3485 686 3542 incrementa
747 3498 958 3559 tempus
1007 3496 1235 3563 tempori
1285 3503 1573 3556 successit.
1623 3504 1706 3560 Ab
1761 3509 1932 3564 Adam

348 3579 493 3631 enim
523 3583 782 3648 usquead
820 3582 952 3647 Noe,
1005 3587 1176 3655 prima
1208 3589 1338 3644 hora
1369 3598 1452 3648 cst
1496 3612 1616 3665 qum
1650 3600 1700 3653 in
1732 3603 1935 3659 diluvio

347 3669 576 3724 alterata
599 3673 756 3727 est.A
775 3672 883 3728 Noe
906 3674 1245 3733 iuAbraham
1271 3686 1523 3753 extende,
1548 3699 1602 3741 et
1634 3690 1819 3747 horam
1850 3709 1937 3748 se-

345 3762 591 3816 cundam
639 3764 689 3818 in
740 3766 1155 3828 circumcisione
1211 3779 1507 3844 perpende.
1567 3780 1806 3840 Tertiam
1865 3787 1933 3841 ah

346 3849 622 3906 Abraham
645 3853 698 3909 in
726 3853 963 3928 Moysen,
1001 3870 1055 3916 ct
1083 3877 1212 3920 cave
1240 3881 1304 3920 ne
1323 3872 1706 3937 prmtermittas
1732 3872 1926 3943 legem.

346 3942 612 4006 Quartam
645 3962 673 4000 a
715 3947 897 4022 Moyse
934 3951 986 4006 in
1017 3952 1206 4020 David,
1245 3957 1429 4028 ibique
1478 3942 1793 4019 Judwormn
1841 3984 1930 4022 re-

348 4052 514 4105 gnum
563 4037 757 4097 ﬂorere
806 4045 1034 4100 videbis.
1085 4046 1342 4114 Quintam
1384 4067 1412 4104 a
1469 4052 1635 4109 David
1666 4072 1836 4128 usque
1864 4062 1929 4113 ad

346 4136 561 4199 tempus
612 4137 1140 4203 transmigrationis,
1191 4150 1247 4196 et
1294 4143 1456 4199 Israel
1497 4147 1724 4216 gloriam
1783 4168 1927 4206 tuar-

345 4220 528 4276 cuisse
563 4237 667 4278 non
698 4227 941 4294 negabis.
971 4228 1095 4284 lude
1117 4240 1324 4286 sextam
1355 4251 1526 4306 usque
1564 4238 1630 4291 ad
1671 4241 1931 4296 nativita-

348 4320 459 4367 tem
486 4316 656 4370 sancti
684 4315 908 4375 Joannis
944 4320 1137 4390 dirige,
1162 4323 1355 4394 ibique
1402 4325 1572 4397 legem
1600 4345 1663 4385 ac
1699 4333 1929 4402 prophe-

2040 3172 2051 3183 ,
2113 3116 2211 3173 llis
2235 3119 2309 3174 ita
2334 3120 2618 3186 discussis,
2649 3131 2817 3177 totam
2842 3124 3017 3181 adhuc
3041 3140 3108 3182 ex
3130 3127 3320 3181 ordine
3340 3128 3627 3186 let-tionem

2039 3220 2279 3266 nrev‘ter
2302 3212 2551 3268 volumus
2594 3224 2859 3282 repetere,
2906 3227 2967 3272 ut
3002 3221 3268 3288 possimus
3306 3230 3362 3276 et
3390 3238 3477 3289 ea,
3507 3239 3627 3294 qua:

2038 3302 2216 3358 adhuc
2253 3302 2415 3358 aliter
2455 3304 2522 3358 de
2563 3304 2649 3358 illa
2677 3307 2967 3375 sentimus,
2992 3312 3225 3379 aperire.
3254 3312 3387 3366 Erat
3407 3316 3624 3384 quidam

2038 3392 2271 3463 regulus,
2298 3403 2408 3450 etc.
2429 3394 2674 3461 Quatuor
2695 3396 2943 3453 homines
2966 3397 3020 3453 in
3047 3399 3335 3471 Evangelio
3364 3403 3623 3460 Dominus

2036 3485 2106 3539 ad
2133 3483 2299 3539 vitam
2328 3487 2636 3540 revocavit:
2666 3487 2827 3543 istum
2862 3489 3030 3558 reguli
3060 3490 3250 3555 tilium,
3282 3494 3372 3563 qui
3407 3494 3624 3562 incipie-

2038 3574 2122 3627 bat
2148 3574 2301 3635 mori,
2333 3583 2387 3629 et
2414 3575 2738 3646 signiﬁcavit
2757 3579 3006 3648 spiritum
3031 3580 3266 3636 hominis
3283 3584 3373 3652 qui
3397 3599 3498 3654 per
3517 3586 3622 3642 ini-

2038 3670 2170 3724 tium
2185 3683 2482 3725 consensus
2491 3678 2668 3741 prava:
2677 3671 3048 3729 delectationis
3064 3676 3388 3734 intrinsecus
3401 3679 3625 3736 inchoat

2038 3761 2171 3816 mori
2190 3777 2205 3827 ;
2225 3769 2280 3817 et
2296 3761 2527 3831 puellam
2537 3762 2649 3830 jam
2664 3773 2950 3830 mortuam,
2968 3767 3061 3821 sed
3084 3769 3262 3824 adlmc
3281 3770 3441 3825 domo
3460 3770 3614 3825 clau—

2035 3868 2180 3921 sam,
2224 3868 2346 3924 qtae
2396 3855 2723 3919 signiﬁcavit
2779 3866 3014 3912 mentem
3066 3858 3302 3913 hominis
3345 3860 3613 3916 introrsus

2036 3961 2131 4016 per
2150 3960 2472 4002 consensum
2499 3946 2694 4015 iniquae
2722 3947 3099 4005 delectationis
3122 3963 3410 4011 mortuam.
3442 3965 3496 4008 et
3522 3970 3620 4024 per

2037 4035 2289 4092 latentem
2361 4035 2512 4106 pravi
2563 4038 2745 4106 operis
2814 4042 3269 4108 perpetrationem
3303 4059 3318 4108 ;
3358 4043 3616 4113 juvenem

2033 4146 2249 4201 quoque
2276 4131 2515 4186 delatum
2539 4142 2693 4186 extra
2716 4140 2951 4201 portatu,
2983 4133 3075 4202 qui
3106 4134 3617 4203 designavit-homi-

2035 4239 2178 4289 nem,
2208 4222 2364 4293 cujus
2405 4223 2666 4293 spiritalis
2712 4238 2857 4278 mors
2895 4224 3107 4293 publice
3145 4232 3295 4294 patet
3324 4225 3375 4279 in
3418 4240 3614 4299 opere;

2030 4316 2126 4371 sed
2165 4325 2219 4370 et
2248 4315 2512 4369 Lazarum
2536 4314 2955 4384 quatriduanum
2984 4330 3051 4370 ac
3072 4315 3320 4380 fetidum,
3339 4317 3429 4387 qui
3452 4316 3622 4386 signi-

350 4412 435 4456 tas
473 4403 673 4458 habere
701 4406 860 4463 ﬁnem
891 4408 1153 4481 intellige.
1184 4411 1482 4483 Septimum
1515 4416 1583 4471 ab
1610 4425 1732 4472 ortu
1753 4421 1928 4475 sancti

2044 4409 2225 4464 lleavit
2257 4420 2599 4478 peccatorem
2647 4409 2799 4478 longa
2833 4408 3219 4462 consuetudine
3254 4408 3525 4478 iacentem
3559 4411 3613 4462 in

343 4494 575 4553 Joannis
620 4513 789 4568 usque
820 4501 886 4554 ad
937 4504 1241 4571 passionem
1291 4506 1587 4563 Salvatoris
1627 4510 1833 4575 metire,
1880 4521 1935 4587 ct.

347 4585 421 4654 ibi
445 4589 607 4644 totius
634 4594 816 4648 mundi
846 4606 1053 4652 reatum
1082 4600 1398 4655 cruciﬁxum
1427 4601 1638 4670 collige.
1696 4594 1821 4658 llaic
1847 4585 1934 4659 est

246 4672 255 4682 ’
347 4680 492 4734 enim
523 4682 655 4736 hora
687 4684 927 4753 septima,
967 4685 1020 4741 in
1069 4705 1174 4759 qua
1223 4692 1399 4761 febris,
1454 4693 1682 4749 docente
1711 4703 1766 4748 et
1816 4710 1931 4751 m0-

342 4782 512 4828 nentc
544 4773 786 4844 Christo,
816 4780 1055 4835 animum
1090 4791 1332 4838 nostrum
1375 4784 1525 4854 quasi
1564 4786 1729 4856 reguli
1760 4785 1929 4840 ﬁlium

343 4863 576 4936 reliquit.
620 4867 687 4923 Et
727 4880 857 4926 ecce
897 4870 1009 4943 jam
1057 4873 1110 4928 in
1166 4882 1357 4929 octava
1401 4889 1604 4934 smnus.
1646 4882 1809 4944 atque
1835 4892 1931 4947 pro

344 4968 526 5015 octava
572 4959 802 5019 Domino
831 4966 1099 5035 psalmum
1148 4958 1521 5023 decantamus.
1553 4966 1753 5023 Sumus
1781 4969 1927 5025 enim

344 5048 399 5103 in
429 5052 660 5120 quadam
685 5058 1115 5131 resurrectionis
1150 5058 1342 5131 gloria,
1379 5059 1431 5114 in
1470 5060 1702 5128 quadam
1750 5061 1920 5115 hone-

344 5142 499 5198 statis
535 5146 851 5213 emlncntia,
883 5158 943 5203 ut
979 5162 1083 5204 non
1112 5150 1185 5204 sit
1207 5148 1318 5219 jam
1349 5150 1492 5218 quod
1522 5149 1798 5207 doleamus
1824 5151 1925 5205 nisi

344 5229 485 5289 forte
515 5237 863 5293 morticinnm
910 5239 1127 5310 aliquod
1158 5248 1276 5309 post
1306 5238 1559 5309 baptismi
1595 5239 1925 5297 lavationem

343 5320 576 5379 ultronei
609 5327 967 5395 tetigerimns.
1011 5328 1197 5400 Itaque
1239 5337 1452 5399 tempus
1482 5331 1836 5401 praeteritum,
1866 5340 1926 5386 ut

344 5409 814 5482 imperfectionem
877 5435 1031 5474 suam
1087 5421 1454 5485 demonstret,
1507 5431 1713 5491 svptem
1775 5424 1924 5478 horis

342 5515 768 5565 consummatur.
821 5510 956 5566 Nam
990 5512 1033 5567 si
1088 5511 1229 5567 diem
1285 5510 1581 5583 perfectam
1621 5515 1918 5584 habuisset,

347 5595 496 5650 boris
528 5599 812 5655 duodecim
842 5604 1210 5659 clauderetur.
1270 5606 1477 5660 Desunt
1521 5604 1787 5661 ltestcrme
1816 5610 1919 5662 diei

347 5687 493 5743 hera:
516 5690 751 5759 quinque
772 5702 825 5746 ut
853 5695 1214 5765 intciliganbs
1229 5700 1352 5768 quia
1380 5699 1511 5754 nihil
1529 5699 1610 5753 lex
1636 5708 1687 5755 et
1715 5708 1919 5768 tempus

2036 4502 2242 4557 tumulo
2282 4502 2574 4557 mortifera:
2611 4501 3059 4562 conversationis,
3090 4510 3144 4556 et
3168 4513 3515 4573 spargentem
3546 4502 3615 4559 de

2033 4610 2094 4651 se
2122 4596 2347 4650 fetorem
2385 4594 2617 4650 sordidae
2662 4594 2950 4664 opinionis.
2999 4593 3055 4648 In
3104 4594 3192 4650 his
3219 4609 3349 4665 ergo
3379 4606 3616 4664 quatuor

2033 4686 2225 4741 mortis
2249 4685 2525 4750 gradibus,
2571 4685 2673 4739 iste
2695 4685 2786 4753 qui
2818 4699 2960 4739 nunc
2991 4683 3156 4754 reguli
3185 4684 3325 4739 ﬁlius
3364 4685 3617 4741 laborare

2033 4776 2385 4842 describitur,
2415 4785 2500 4832 est
2533 4776 2760 4847 primus.
2807 4776 2919 4831 Nec
2944 4784 3028 4831 est
3071 4776 3177 4829 ulla
3210 4777 3262 4829 in
3289 4777 3389 4832 hoc
3412 4777 3615 4832 sa‘culo

2033 4884 2181 4924 mors
2229 4867 2445 4933 animm,
2490 4867 2592 4922 nisi
2638 4864 2821 4934 fallor,
2854 4880 2973 4935 qua:
3023 4865 3076 4921 in
3125 4865 3305 4936 aliquo
3346 4868 3611 4938 graduum

2032 4960 2257 5016 istorum
2288 4974 2395 5013 non
2432 4958 2773 5024 inveniatur;
2806 4967 2863 5014 et
2902 4957 3106 5013 idcirco
3144 4957 3402 5014 Dominus
3421 4973 3617 5013 omnes

2032 5052 2163 5108 istos
2201 5051 2553 5107 resuscitasse
2591 5048 2935 5112 describitur,
2975 5058 3048 5107 ut.
3071 5065 3261 5104 omnes
3301 5051 3610 5104 animarum

2032 5154 2237 5200 mortes
2277 5144 2342 5197 ad
2384 5128 2560 5197 vitam.
2610 5142 2908 5197 reformare
2967 5149 3321 5198 monstretur.
3377 5140 3484 5197 Sed
3540 5143 3612 5198 ad

2028 5234 2315 5292 lectionem
2348 5234 2706 5305 reSpiciamus

2099 5326 2230 5380 Erat
2255 5326 2470 5397 quidam
2497 5325 2724 5396 regulus,
2757 5325 2910 5395 cujus
2938 5325 3083 5394 ﬁlius
3113 5323 3482 5395 inﬁrmabatttr
3507 5320 3613 5379 Ca-

2025 5422 2341 5490 pharmmm.
2387 5418 2612 5490 Regulus
2655 5419 2779 5484 istc,
2820 5418 2960 5473 ratio
3009 5432 3116 5472 non
3159 5417 3615 5472 inconvenienter

2025 5515 2341 5587 intelligitur
2373 5530 2387 5569 :
2429 5514 2571 5583 ﬁlius
2599 5513 2736 5584 ejus,
2769 5513 3038 5581 cogitatus
3066 5512 3159 5582 qui
3185 5525 3252 5567 ex
3292 5508 3607 5565 rationabili

2024 5626 2184 5666 sensu
2218 5608 2478 5664 nascitur.
2509 5606 2638 5660 Erat
2679 5605 2891 5677 quidam
2922 5605 3150 5675 regulus,
3178 5604 3229 5660 id
3253 5613 3334 5660 cst
3359 5603 3607 5658 ratioua-

2025 5700 2146 5755 bilis
2190 5714 2401 5763 sensus,
2449 5697 2601 5768 cujus
2652 5696 2891 5767 potentia
2943 5693 3211 5751 defectum
3263 5695 3603 5764 patiebatur,
