  <div class='ocr_page' id='page_1' title='image "/cluster/home/n/w/nwhite01/storage/ocr_20150623/158/hvd.32044054760160/340.png"; bbox 0 0 3910 6018; ppageno 0'>
   <div class='ocr_carea' id='block_1_1' title="bbox 257 231 1801 300">
    <p class='ocr_par' dir='ltr' id='par_1_1' title="bbox 257 231 1801 296">
     <span class='ocr_line' id='line_1_1' title="bbox 257 231 1801 296; baseline 0.006 -9"><span class='ocrx_word' id='word_1_1' title='bbox 257 231 362 288; x_wconf 82' lang='grc'><strong>669</strong></span> <span class='ocrx_word' id='word_1_2' title='bbox 1300 237 1606 294; x_wconf 76' lang='lat' dir='ltr'><strong>llOMlLl/E</strong></span> <span class='ocrx_word' id='word_1_3' title='bbox 1644 239 1730 296; x_wconf 82' lang='lat' dir='ltr'><strong>ET</strong></span> <span class='ocrx_word' id='word_1_4' title='bbox 1775 241 1801 296; x_wconf 80' lang='grc' dir='ltr'><strong>Ε</strong></span> 
     </span>
    </p>
   </div>
   <div class='ocr_carea' id='block_1_2' title="bbox 1971 231 3515 300">
    <p class='ocr_par' dir='ltr' id='par_1_2' title="bbox 1971 240 3515 300">
     <span class='ocr_line' id='line_1_2' title="bbox 1971 240 3515 300; baseline 0.002 -5"><span class='ocrx_word' id='word_1_5' title='bbox 1971 240 2350 296; x_wconf 72' lang='lat' dir='ltr'><strong>RTATIONES</strong></span> <span class='ocrx_word' id='word_1_6' title='bbox 3409 245 3515 300; x_wconf 71' lang='grc' dir='ltr'><strong>(ΠΟ</strong></span> 
     </span>
    </p>
   </div>
   <div class='ocr_carea' id='block_1_3' title="bbox 255 341 3513 427">
    <p class='ocr_par' dir='ltr' id='par_1_3' title="bbox 255 341 3513 427">
     <span class='ocr_line' id='line_1_3' title="bbox 255 341 3513 427; baseline 0.005 -33"><span class='ocrx_word' id='word_1_7' title='bbox 255 358 414 414; x_wconf 81' lang='lat' dir='ltr'><strong>cujus</strong></span> <span class='ocrx_word' id='word_1_8' title='bbox 435 342 674 411; x_wconf 76' lang='lat' dir='ltr'><strong>spiritale</strong></span> <span class='ocrx_word' id='word_1_9' title='bbox 695 359 914 412; x_wconf 84' lang='lat' dir='ltr'><strong>regnum</strong></span> <span class='ocrx_word' id='word_1_10' title='bbox 937 341 1108 398; x_wconf 73' lang='lat' dir='ltr'><strong>fuerat</strong></span> <span class='ocrx_word' id='word_1_11' title='bbox 1133 345 1672 419; x_wconf 83' lang='lat' dir='ltr'><strong>imminutum.Cujus</strong></span> <span class='ocrx_word' id='word_1_12' title='bbox 1690 351 1830 418; x_wconf 78' lang='lat' dir='ltr'><strong>ﬁlius</strong></span> <span class='ocrx_word' id='word_1_13' title='bbox 1863 364 1902 410; x_wconf 72' lang='grc' dir='ltr'>Α</span> <span class='ocrx_word' id='word_1_14' title='bbox 1931 363 2094 407; x_wconf 84' lang='lat' dir='ltr'><strong>estut</strong></span> <span class='ocrx_word' id='word_1_15' title='bbox 2125 355 2176 408; x_wconf 90' lang='lat' dir='ltr'><strong>hi</strong></span> <span class='ocrx_word' id='word_1_16' title='bbox 2225 356 2468 410; x_wconf 76' lang='lat' dir='ltr'><strong>nuntient</strong></span> <span class='ocrx_word' id='word_1_17' title='bbox 2515 356 2699 423; x_wconf 76' lang='lat' dir='ltr'><strong>regulo</strong></span> <span class='ocrx_word' id='word_1_18' title='bbox 2761 356 2926 410; x_wconf 88' lang='lat' dir='ltr'><strong>vitam</strong></span> <span class='ocrx_word' id='word_1_19' title='bbox 2973 357 3064 412; x_wconf 83' lang='lat' dir='ltr'><strong>lilii</strong></span> <span class='ocrx_word' id='word_1_20' title='bbox 3099 358 3204 420; x_wconf 89' lang='lat' dir='ltr'><strong>sui,</strong></span> <span class='ocrx_word' id='word_1_21' title='bbox 3249 370 3513 427; x_wconf 77' lang='lat' dir='ltr'><strong>quatenus</strong></span> 
     </span>
    </p>
   </div>
   <div class='ocr_carea' id='block_1_4' title="bbox 257 431 3515 518">
    <p class='ocr_par' dir='ltr' id='par_1_4' title="bbox 257 431 3515 518">
     <span class='ocr_line' id='line_1_4' title="bbox 257 431 3515 518; baseline 0.006 -33"><span class='ocrx_word' id='word_1_22' title='bbox 257 431 652 501; x_wconf 76' lang='lat' dir='ltr'><strong>iiiﬁrmabatur,</strong></span> <span class='ocrx_word' id='word_1_23' title='bbox 686 432 737 486; x_wconf 93' lang='lat' dir='ltr'><strong>id</strong></span> <span class='ocrx_word' id='word_1_24' title='bbox 766 443 848 488; x_wconf 89' lang='lat' dir='ltr'><strong>est</strong></span> <span class='ocrx_word' id='word_1_25' title='bbox 877 431 1030 500; x_wconf 83' lang='lat' dir='ltr'><strong>cujus</strong></span> <span class='ocrx_word' id='word_1_26' title='bbox 1056 434 1324 504; x_wconf 79' lang='lat' dir='ltr'><strong>cogitatus</strong></span> <span class='ocrx_word' id='word_1_27' title='bbox 1353 448 1406 490; x_wconf 90' lang='lat' dir='ltr'><strong>et</strong></span> <span class='ocrx_word' id='word_1_28' title='bbox 1441 439 1666 506; x_wconf 90' lang='lat' dir='ltr'><strong>spiritus</strong></span> <span class='ocrx_word' id='word_1_29' title='bbox 1691 441 1840 494; x_wconf 82' lang='lat' dir='ltr'><strong>inlir-</strong></span> <span class='ocrx_word' id='word_1_30' title='bbox 1945 445 2102 498; x_wconf 89' lang='lat' dir='ltr'><strong>hunc-</strong></span> <span class='ocrx_word' id='word_1_31' title='bbox 2133 445 2498 500; x_wconf 85' lang='lat' dir='ltr'><strong>indubitanter</strong></span> <span class='ocrx_word' id='word_1_32' title='bbox 2551 447 2734 502; x_wconf 79' lang='lat' dir='ltr'><strong>vivere</strong></span> <span class='ocrx_word' id='word_1_33' title='bbox 2769 447 2938 510; x_wconf 86' lang='lat' dir='ltr'><strong>sciat;</strong></span> <span class='ocrx_word' id='word_1_34' title='bbox 2985 448 3110 516; x_wconf 82' lang='lat' dir='ltr'><strong>quia</strong></span> <span class='ocrx_word' id='word_1_35' title='bbox 3169 465 3274 502; x_wconf 90' lang='lat' dir='ltr'><strong>non</strong></span> <span class='ocrx_word' id='word_1_36' title='bbox 3341 459 3515 518; x_wconf 84' lang='lat' dir='ltr'><strong>potest</strong></span> 
     </span>
    </p>
   </div>
   <div class='ocr_carea' id='block_1_5' title="bbox 259 521 3512 606">
    <p class='ocr_par' dir='ltr' id='par_1_5' title="bbox 259 521 3512 606">
     <span class='ocr_line' id='line_1_5' title="bbox 259 521 3512 606; baseline 0.005 -30"><span class='ocrx_word' id='word_1_37' title='bbox 259 523 424 577; x_wconf 78' lang='lat' dir='ltr'><strong>initer</strong></span> <span class='ocrx_word' id='word_1_38' title='bbox 453 521 742 578; x_wconf 86' lang='lat' dir='ltr'><strong>resistebat</strong></span> <span class='ocrx_word' id='word_1_39' title='bbox 769 525 973 590; x_wconf 89' lang='lat' dir='ltr'><strong>peccati</strong></span> <span class='ocrx_word' id='word_1_40' title='bbox 1001 524 1472 582; x_wconf 77' lang='lat' dir='ltr'><strong>delectationibus.</strong></span> <span class='ocrx_word' id='word_1_41' title='bbox 1521 529 1840 593; x_wconf 69' lang='lat' dir='ltr'><strong>lnﬁrmaba~</strong></span> <span class='ocrx_word' id='word_1_42' title='bbox 1945 535 2084 589; x_wconf 81' lang='lat' dir='ltr'><strong>ratio</strong></span> <span class='ocrx_word' id='word_1_43' title='bbox 2115 535 2384 590; x_wconf 88' lang='lat' dir='ltr'><strong>veraciter</strong></span> <span class='ocrx_word' id='word_1_44' title='bbox 2421 551 2718 606; x_wconf 76' lang='lat' dir='ltr'><strong>agnoscere</strong></span> <span class='ocrx_word' id='word_1_45' title='bbox 2759 538 3052 606; x_wconf 78' lang='lat' dir='ltr'><strong>cogitatum</strong></span> <span class='ocrx_word' id='word_1_46' title='bbox 3104 553 3258 592; x_wconf 90' lang='lat' dir='ltr'><strong>suum</strong></span> <span class='ocrx_word' id='word_1_47' title='bbox 3307 541 3512 604; x_wconf 80' lang='lat' dir='ltr'><strong>vivere,</strong></span> 
     </span>
    </p>
   </div>
   <div class='ocr_carea' id='block_1_6' title="bbox 261 611 3512 696">
    <p class='ocr_par' dir='ltr' id='par_1_6' title="bbox 261 611 3512 696">
     <span class='ocr_line' id='line_1_6' title="bbox 261 611 3512 696; baseline 0.006 -30"><span class='ocrx_word' id='word_1_48' title='bbox 261 623 352 667; x_wconf 88' lang='lat' dir='ltr'><strong>tur</strong></span> <span class='ocrx_word' id='word_1_49' title='bbox 374 621 554 666; x_wconf 88' lang='lat' dir='ltr'><strong>autem</strong></span> <span class='ocrx_word' id='word_1_50' title='bbox 601 614 652 666; x_wconf 91' lang='lat' dir='ltr'><strong>in</strong></span> <span class='ocrx_word' id='word_1_51' title='bbox 683 611 1091 682; x_wconf 82' lang='lat' dir='ltr'><strong>Capharnaum..</strong></span> <span class='ocrx_word' id='word_1_52' title='bbox 1117 615 1482 681; x_wconf 41' lang='lat' dir='ltr'><strong>Cap-harnaum</strong></span> <span class='ocrx_word' id='word_1_53' title='bbox 1512 635 1642 674; x_wconf 88' lang='lat' dir='ltr'><strong>vero</strong></span> <span class='ocrx_word' id='word_1_54' title='bbox 1675 629 1838 676; x_wconf 79' lang='lat' dir='ltr'><strong>Inter-</strong></span> <span class='ocrx_word' id='word_1_55' title='bbox 1943 625 2044 678; x_wconf 91' lang='lat' dir='ltr'><strong>nisi</strong></span> <span class='ocrx_word' id='word_1_56' title='bbox 2077 626 2192 696; x_wconf 82' lang='lat' dir='ltr'><strong>ejus</strong></span> <span class='ocrx_word' id='word_1_57' title='bbox 2216 627 2382 680; x_wconf 88' lang='lat' dir='ltr'><strong>vitam</strong></span> <span class='ocrx_word' id='word_1_58' title='bbox 2411 641 2572 695; x_wconf 87' lang='lat' dir='ltr'><strong>opera</strong></span> <span class='ocrx_word' id='word_1_59' title='bbox 2603 628 2742 682; x_wconf 87' lang='lat' dir='ltr'><strong>bona</strong></span> <span class='ocrx_word' id='word_1_60' title='bbox 2763 629 2868 682; x_wconf 85' lang='lat' dir='ltr'><strong>sibi</strong></span> <span class='ocrx_word' id='word_1_61' title='bbox 2901 637 3108 684; x_wconf 85' lang='lat' dir='ltr'><strong>certam</strong></span> <span class='ocrx_word' id='word_1_62' title='bbox 3141 631 3512 685; x_wconf 86' lang='lat' dir='ltr'><strong>indicaverint.</strong></span> 
     </span>
    </p>
   </div>
   <div class='ocr_carea' id='block_1_7' title="bbox 259 703 3514 789">
    <p class='ocr_par' dir='ltr' id='par_1_7' title="bbox 259 703 3514 789">
     <span class='ocr_line' id='line_1_7' title="bbox 259 703 3514 789; baseline 0.006 -35"><span class='ocrx_word' id='word_1_63' title='bbox 259 712 503 771; x_wconf 88' lang='lat' dir='ltr'><strong>pretatnr</strong></span> <span class='ocrx_word' id='word_1_64' title='bbox 536 719 660 770; x_wconf 82' lang='lat' dir='ltr'><strong>ager</strong></span> <span class='ocrx_word' id='word_1_65' title='bbox 694 703 1062 758; x_wconf 79' lang='lat' dir='ltr'><strong>consolationis</strong></span> <span class='ocrx_word' id='word_1_66' title='bbox 1101 714 1154 758; x_wconf 89' lang='lat' dir='ltr'><strong>et</strong></span> <span class='ocrx_word' id='word_1_67' title='bbox 1189 705 1309 758; x_wconf 79' lang='lat' dir='ltr'><strong>villa</strong></span> <span class='ocrx_word' id='word_1_68' title='bbox 1353 708 1755 774; x_wconf 75' lang='lat' dir='ltr'><strong>consolationis,</strong></span> <span class='ocrx_word' id='word_1_69' title='bbox 1783 718 1839 764; x_wconf 90' lang='lat' dir='ltr'><strong>et</strong></span> <span class='ocrx_word' id='word_1_70' title='bbox 1943 713 2057 768; x_wconf 79' lang='lat' dir='ltr'><strong>Non</strong></span> <span class='ocrx_word' id='word_1_71' title='bbox 2089 716 2232 770; x_wconf 89' lang='lat' dir='ltr'><strong>enim</strong></span> <span class='ocrx_word' id='word_1_72' title='bbox 2265 715 2368 770; x_wconf 88' lang='lat' dir='ltr'><strong>sibi</strong></span> <span class='ocrx_word' id='word_1_73' title='bbox 2405 717 2604 785; x_wconf 82' lang='lat' dir='ltr'><strong>aliquis</strong></span> <span class='ocrx_word' id='word_1_74' title='bbox 2657 718 2816 772; x_wconf 84' lang='lat' dir='ltr'><strong>debet</strong></span> <span class='ocrx_word' id='word_1_75' title='bbox 2839 719 3083 782; x_wconf 83' lang='lat' dir='ltr'><strong>credere,</strong></span> <span class='ocrx_word' id='word_1_76' title='bbox 3124 721 3382 789; x_wconf 83' lang='lat' dir='ltr'><strong>quidquid</strong></span> <span class='ocrx_word' id='word_1_77' title='bbox 3411 722 3514 774; x_wconf 91' lang='lat' dir='ltr'><strong>sibi</strong></span> 
     </span>
    </p>
   </div>
   <div class='ocr_carea' id='block_1_8' title="bbox 257 793 3517 879">
    <p class='ocr_par' dir='ltr' id='par_1_8' title="bbox 257 793 3517 879">
     <span class='ocr_line' id='line_1_8' title="bbox 257 793 3517 879; baseline 0.006 -33"><span class='ocrx_word' id='word_1_78' title='bbox 257 793 529 862; x_wconf 80' lang='lat' dir='ltr'><strong>signiﬁcat</strong></span> <span class='ocrx_word' id='word_1_79' title='bbox 559 793 702 848; x_wconf 91' lang='lat' dir='ltr'><strong>hunc</strong></span> <span class='ocrx_word' id='word_1_80' title='bbox 737 797 1019 860; x_wconf 78' lang='lat' dir='ltr'><strong>tumidum,</strong></span> <span class='ocrx_word' id='word_1_81' title='bbox 1047 797 1097 850; x_wconf 90' lang='lat' dir='ltr'><strong>in</strong></span> <span class='ocrx_word' id='word_1_82' title='bbox 1127 813 1234 865; x_wconf 91' lang='lat' dir='ltr'><strong>quo</strong></span> <span class='ocrx_word' id='word_1_83' title='bbox 1265 800 1614 867; x_wconf 90' lang='lat' dir='ltr'><strong>temporalem</strong></span> <span class='ocrx_word' id='word_1_84' title='bbox 1641 803 1840 858; x_wconf 88' lang='lat' dir='ltr'><strong>habent</strong></span> <span class='ocrx_word' id='word_1_85' title='bbox 1941 805 2154 860; x_wconf 89' lang='lat' dir='ltr'><strong>animus</strong></span> <span class='ocrx_word' id='word_1_86' title='bbox 2175 805 2240 859; x_wconf 90' lang='lat' dir='ltr'><strong>de</strong></span> <span class='ocrx_word' id='word_1_87' title='bbox 2263 807 2532 877; x_wconf 79' lang='lat' dir='ltr'><strong>cogitatus</strong></span> <span class='ocrx_word' id='word_1_88' title='bbox 2561 809 2645 862; x_wconf 87' lang='lat' dir='ltr'><strong>sui</strong></span> <span class='ocrx_word' id='word_1_89' title='bbox 2682 810 2790 863; x_wconf 89' lang='lat' dir='ltr'><strong>vita</strong></span> <span class='ocrx_word' id='word_1_90' title='bbox 2821 810 2938 865; x_wconf 89' lang='lat' dir='ltr'><strong>sine</strong></span> <span class='ocrx_word' id='word_1_91' title='bbox 2963 811 3146 879; x_wconf 83' lang='lat' dir='ltr'><strong>operis</strong></span> <span class='ocrx_word' id='word_1_92' title='bbox 3169 812 3517 866; x_wconf 86' lang='lat' dir='ltr'><strong>attestatioue</strong></span> 
     </span>
    </p>
   </div>
   <div class='ocr_carea' id='block_1_9' title="bbox 255 883 3512 967">
    <p class='ocr_par' dir='ltr' id='par_1_9' title="bbox 255 883 3512 967">
     <span class='ocr_line' id='line_1_9' title="bbox 255 883 3512 967; baseline 0.005 -30"><span class='ocrx_word' id='word_1_93' title='bbox 255 884 683 962; x_wconf 75' lang='lat' dir='ltr'><strong>consolationem</strong></span> <span class='ocrx_word' id='word_1_94' title='bbox 727 883 822 946; x_wconf 90' lang='lat' dir='ltr'><strong>illi,</strong></span> <span class='ocrx_word' id='word_1_95' title='bbox 853 887 1050 954; x_wconf 88' lang='lat' dir='ltr'><strong>quibus</strong></span> <span class='ocrx_word' id='word_1_96' title='bbox 1081 887 1277 940; x_wconf 87' lang='lat' dir='ltr'><strong>dicitur</strong></span> <span class='ocrx_word' id='word_1_97' title='bbox 1304 905 1318 941; x_wconf 92' lang='lat'><strong>:</strong></span> <span class='ocrx_word' id='word_1_98' title='bbox 1367 887 1452 943; x_wconf 76' lang='lat' dir='ltr'><strong>Vte</strong></span> <span class='ocrx_word' id='word_1_99' title='bbox 1485 891 1624 944; x_wconf 85' lang='lat' dir='ltr'><strong>vobis</strong></span> <span class='ocrx_word' id='word_1_100' title='bbox 1663 893 1840 946; x_wconf 85' lang='lat' dir='ltr'><strong>diviti—</strong></span> <span class='ocrx_word' id='word_1_101' title='bbox 1945 896 2240 964; x_wconf 90' lang='lat' dir='ltr'><strong>respondit.</strong></span> <span class='ocrx_word' id='word_1_102' title='bbox 2269 895 2328 952; x_wconf 89' lang='lat' dir='ltr'><strong>Si</strong></span> <span class='ocrx_word' id='word_1_103' title='bbox 2353 897 2498 952; x_wconf 90' lang='lat' dir='ltr'><strong>enim</strong></span> <span class='ocrx_word' id='word_1_104' title='bbox 2525 897 2798 966; x_wconf 80' lang='lat' dir='ltr'><strong>veraciter</strong></span> <span class='ocrx_word' id='word_1_105' title='bbox 2821 898 3047 953; x_wconf 89' lang='lat' dir='ltr'><strong>interius</strong></span> <span class='ocrx_word' id='word_1_106' title='bbox 3077 899 3512 967; x_wconf 78' lang='lat' dir='ltr'><strong>vivitcogitatus,</strong></span> 
     </span>
    </p>
   </div>
   <div class='ocr_carea' id='block_1_10' title="bbox 259 977 3510 1056">
    <p class='ocr_par' dir='ltr' id='par_1_10' title="bbox 259 977 3510 1056">
     <span class='ocr_line' id='line_1_10' title="bbox 259 977 3510 1056; baseline 0.005 -28"><span class='ocrx_word' id='word_1_107' title='bbox 259 978 380 1040; x_wconf 85' lang='lat' dir='ltr'><strong>bus,</strong></span> <span class='ocrx_word' id='word_1_108' title='bbox 409 977 496 1044; x_wconf 85' lang='lat' dir='ltr'><strong>qui</strong></span> <span class='ocrx_word' id='word_1_109' title='bbox 519 977 717 1028; x_wconf 80' lang='lat' dir='ltr'><strong>habetis</strong></span> <span class='ocrx_word' id='word_1_110' title='bbox 740 977 1147 1030; x_wconf 73' lang='lat' dir='ltr'><strong>consolationem</strong></span> <span class='ocrx_word' id='word_1_111' title='bbox 1189 987 1410 1032; x_wconf 75' lang='lat' dir='ltr'><strong>vestram</strong></span> <span class='ocrx_word' id='word_1_112' title='bbox 1436 977 1588 1045; x_wconf 87' lang='lat' dir='ltr'><strong>(Luc.</strong></span> <span class='ocrx_word' id='word_1_113' title='bbox 1617 995 1692 1045; x_wconf 76' lang='lat' dir='ltr'><strong>vr,</strong></span> <span class='ocrx_word' id='word_1_114' title='bbox 1723 981 1839 1052; x_wconf 62' lang='lat'><strong>9.4),</strong></span> <span class='ocrx_word' id='word_1_115' title='bbox 1941 1003 2064 1040; x_wconf 81' lang='lat' dir='ltr'><strong>mox</strong></span> <span class='ocrx_word' id='word_1_116' title='bbox 2101 987 2152 1040; x_wconf 92' lang='lat' dir='ltr'><strong>in</strong></span> <span class='ocrx_word' id='word_1_117' title='bbox 2205 1001 2370 1056; x_wconf 85' lang='lat' dir='ltr'><strong>opere</strong></span> <span class='ocrx_word' id='word_1_118' title='bbox 2412 997 2814 1056; x_wconf 88' lang='lat' dir='ltr'><strong>componuntur</strong></span> <span class='ocrx_word' id='word_1_119' title='bbox 2843 989 3142 1043; x_wconf 78' lang='lat' dir='ltr'><strong>exteriores</strong></span> <span class='ocrx_word' id='word_1_120' title='bbox 3183 999 3375 1044; x_wconf 88' lang='lat' dir='ltr'><strong>motus.</strong></span> <span class='ocrx_word' id='word_1_121' title='bbox 3415 989 3510 1044; x_wconf 62' lang='lat' dir='ltr'><strong>Inc</strong></span> 
     </span>
    </p>
   </div>
   <div class='ocr_carea' id='block_1_11' title="bbox 258 1068 3508 1146">
    <p class='ocr_par' dir='ltr' id='par_1_11' title="bbox 258 1068 3508 1146">
     <span class='ocr_line' id='line_1_11' title="bbox 258 1068 3508 1146; baseline 0.003 -23"><span class='ocrx_word' id='word_1_122' title='bbox 258 1078 316 1124; x_wconf 87' lang='lat' dir='ltr'><strong>et</strong></span> <span class='ocrx_word' id='word_1_123' title='bbox 367 1068 432 1122; x_wconf 89' lang='lat' dir='ltr'><strong>de</strong></span> <span class='ocrx_word' id='word_1_124' title='bbox 472 1083 580 1137; x_wconf 85' lang='lat' dir='ltr'><strong>quo</strong></span> <span class='ocrx_word' id='word_1_125' title='bbox 619 1069 846 1138; x_wconf 79' lang='lat' dir='ltr'><strong>legimus</strong></span> <span class='ocrx_word' id='word_1_126' title='bbox 879 1071 1000 1138; x_wconf 84' lang='lat' dir='ltr'><strong>quia</strong></span> <span class='ocrx_word' id='word_1_127' title='bbox 1047 1087 1171 1140; x_wconf 87' lang='lat' dir='ltr'><strong>ager</strong></span> <span class='ocrx_word' id='word_1_128' title='bbox 1213 1082 1288 1132; x_wconf 88' lang='lat' dir='ltr'><strong>est</strong></span> <span class='ocrx_word' id='word_1_129' title='bbox 1343 1073 1569 1128; x_wconf 83' lang='lat' dir='ltr'><strong>mundus</strong></span> <span class='ocrx_word' id='word_1_130' title='bbox 1621 1075 1837 1145; x_wconf 78' lang='lat' dir='ltr'><strong>(Matth.</strong></span> <span class='ocrx_word' id='word_1_131' title='bbox 1939 1076 2238 1144; x_wconf 80' lang='lat' dir='ltr'><strong>terrogabat</strong></span> <span class='ocrx_word' id='word_1_132' title='bbox 2267 1093 2413 1144; x_wconf 84' lang='lat' dir='ltr'><strong>ergo,</strong></span> <span class='ocrx_word' id='word_1_133' title='bbox 2449 1076 2499 1130; x_wconf 88' lang='lat' dir='ltr'><strong>id</strong></span> <span class='ocrx_word' id='word_1_134' title='bbox 2527 1086 2610 1131; x_wconf 84' lang='lat' dir='ltr'><strong>est</strong></span> <span class='ocrx_word' id='word_1_135' title='bbox 2634 1077 2906 1130; x_wconf 82' lang='lat' dir='ltr'><strong>subtiliter</strong></span> <span class='ocrx_word' id='word_1_136' title='bbox 2949 1077 3304 1146; x_wconf 81' lang='lat' dir='ltr'><strong>investigahat</strong></span> <span class='ocrx_word' id='word_1_137' title='bbox 3329 1081 3508 1136; x_wconf 86' lang='lat' dir='ltr'><strong>horam</strong></span> 
     </span>
    </p>
   </div>
   <div class='ocr_carea' id='block_1_12' title="bbox 259 1159 3514 1236">
    <p class='ocr_par' dir='ltr' id='par_1_12' title="bbox 259 1159 3514 1236">
     <span class='ocr_line' id='line_1_12' title="bbox 259 1159 3514 1236; baseline 0.004 -22"><span class='ocrx_word' id='word_1_138' title='bbox 259 1176 382 1226; x_wconf 83' lang='lat' dir='ltr'><strong>xm,</strong></span> <span class='ocrx_word' id='word_1_139' title='bbox 410 1159 520 1230; x_wconf 80' lang='lat'><strong>58).</strong></span> <span class='ocrx_word' id='word_1_140' title='bbox 557 1159 938 1228; x_wconf 76' lang='lat' dir='ltr'><strong>Iri/innabatur</strong></span> <span class='ocrx_word' id='word_1_141' title='bbox 957 1177 1088 1230; x_wconf 78' lang='lat' dir='ltr'><strong>ergo</strong></span> <span class='ocrx_word' id='word_1_142' title='bbox 1118 1163 1174 1216; x_wconf 88' lang='lat' dir='ltr'><strong>in</strong></span> <span class='ocrx_word' id='word_1_143' title='bbox 1213 1161 1606 1230; x_wconf 74' lang='lat' dir='ltr'><strong>Capharimum,</strong></span> <span class='ocrx_word' id='word_1_144' title='bbox 1637 1167 1760 1236; x_wconf 83' lang='lat' dir='ltr'><strong>quia</strong></span> <span class='ocrx_word' id='word_1_145' title='bbox 1787 1169 1838 1223; x_wconf 89' lang='lat' dir='ltr'><strong>in</strong></span> <span class='ocrx_word' id='word_1_146' title='bbox 1935 1163 2004 1214; x_wconf 82' lang='lat' dir='ltr'><strong>ab</strong></span> <span class='ocrx_word' id='word_1_147' title='bbox 2035 1163 2110 1216; x_wconf 72' lang='lat' dir='ltr'><strong>cis</strong></span> <span class='ocrx_word' id='word_1_148' title='bbox 2137 1200 2154 1226; x_wconf 80' lang='grc'><em>,</em></span> <span class='ocrx_word' id='word_1_149' title='bbox 2195 1163 2248 1216; x_wconf 81' lang='lat' dir='ltr'><strong>in</strong></span> <span class='ocrx_word' id='word_1_150' title='bbox 2294 1179 2398 1232; x_wconf 84' lang='lat' dir='ltr'><strong>qua</strong></span> <span class='ocrx_word' id='word_1_151' title='bbox 2450 1164 2634 1216; x_wconf 68' lang='lat' dir='ltr'><strong>ntelius</strong></span> <span class='ocrx_word' id='word_1_152' title='bbox 2685 1165 2944 1218; x_wconf 79' lang='lat' dir='ltr'><strong>habuerit.</strong></span> <span class='ocrx_word' id='word_1_153' title='bbox 2995 1163 3167 1233; x_wconf 78' lang='lat' dir='ltr'><strong>Opera</strong></span> <span class='ocrx_word' id='word_1_154' title='bbox 3219 1167 3362 1220; x_wconf 75' lang='lat' dir='ltr'><strong>enim</strong></span> <span class='ocrx_word' id='word_1_155' title='bbox 3419 1181 3514 1236; x_wconf 84' lang='lat' dir='ltr'><strong>per</strong></span> 
     </span>
    </p>
   </div>
   <div class='ocr_carea' id='block_1_13' title="bbox 257 1249 3508 1327">
    <p class='ocr_par' dir='ltr' id='par_1_13' title="bbox 257 1249 3508 1327">
     <span class='ocr_line' id='line_1_13' title="bbox 257 1249 3508 1327; baseline 0.003 -25"><span class='ocrx_word' id='word_1_156' title='bbox 257 1249 738 1320; x_wconf 78' lang='lat' dir='ltr'><strong>prosperitatibus,</strong></span> <span class='ocrx_word' id='word_1_157' title='bbox 795 1258 850 1303; x_wconf 89' lang='lat' dir='ltr'><strong>et</strong></span> <span class='ocrx_word' id='word_1_158' title='bbox 895 1250 1123 1316; x_wconf 88' lang='lat' dir='ltr'><strong>divitiis,</strong></span> <span class='ocrx_word' id='word_1_159' title='bbox 1147 1261 1310 1320; x_wconf 87' lang='lat' dir='ltr'><strong>atque</strong></span> <span class='ocrx_word' id='word_1_160' title='bbox 1361 1252 1636 1310; x_wconf 71' lang='lat' dir='ltr'><strong>bfamlitiis</strong></span> <span class='ocrx_word' id='word_1_161' title='bbox 1683 1257 1840 1322; x_wconf 75' lang='lat' dir='ltr'><strong>hujus</strong></span> <span class='ocrx_word' id='word_1_162' title='bbox 1941 1258 2179 1312; x_wconf 87' lang='lat' dir='ltr'><strong>membra</strong></span> <span class='ocrx_word' id='word_1_163' title='bbox 2207 1257 2450 1326; x_wconf 84' lang='lat' dir='ltr'><strong>corporis</strong></span> <span class='ocrx_word' id='word_1_164' title='bbox 2477 1257 2736 1318; x_wconf 82' lang='lat' dir='ltr'><strong>exhibita.</strong></span> <span class='ocrx_word' id='word_1_165' title='bbox 2763 1259 2866 1312; x_wconf 79' lang='lat' dir='ltr'><strong>huc</strong></span> <span class='ocrx_word' id='word_1_166' title='bbox 2895 1259 3218 1327; x_wconf 73' lang='lat' dir='ltr'><strong>respondere</strong></span> <span class='ocrx_word' id='word_1_167' title='bbox 3241 1270 3508 1327; x_wconf 88' lang='lat' dir='ltr'><strong>poterant.</strong></span> 
     </span>
    </p>
   </div>
   <div class='ocr_carea' id='block_1_14' title="bbox 259 1338 3514 1420">
    <p class='ocr_par' dir='ltr' id='par_1_14' title="bbox 259 1338 3514 1420">
     <span class='ocr_line' id='line_1_14' title="bbox 259 1338 3514 1420; baseline 0.003 -28"><span class='ocrx_word' id='word_1_168' title='bbox 259 1338 446 1392; x_wconf 65' lang='lat' dir='ltr'><strong>Samnii</strong></span> <span class='ocrx_word' id='word_1_169' title='bbox 493 1339 636 1392; x_wconf 83' lang='lat' dir='ltr'><strong>vires</strong></span> <span class='ocrx_word' id='word_1_170' title='bbox 673 1339 918 1393; x_wconf 85' lang='lat' dir='ltr'><strong>internas</strong></span> <span class='ocrx_word' id='word_1_171' title='bbox 967 1341 1276 1406; x_wconf 84' lang='lat' dir='ltr'><strong>amittebat,</strong></span> <span class='ocrx_word' id='word_1_172' title='bbox 1326 1351 1385 1394; x_wconf 92' lang='lat' dir='ltr'><strong>nt</strong></span> <span class='ocrx_word' id='word_1_173' title='bbox 1423 1343 1532 1410; x_wconf 88' lang='lat' dir='ltr'><strong>jam</strong></span> <span class='ocrx_word' id='word_1_174' title='bbox 1587 1347 1840 1401; x_wconf 83' lang='lat' dir='ltr'><strong>resistere</strong></span> <span class='ocrx_word' id='word_1_175' title='bbox 2011 1350 2080 1402; x_wconf 81' lang='lat' dir='ltr'><strong>Et</strong></span> <span class='ocrx_word' id='word_1_176' title='bbox 2109 1351 2381 1414; x_wconf 73' lang='lat' dir='ltr'><strong>dixerunt,</strong></span> <span class='ocrx_word' id='word_1_177' title='bbox 2415 1350 2464 1402; x_wconf 91' lang='lat' dir='ltr'><strong>id</strong></span> <span class='ocrx_word' id='word_1_178' title='bbox 2511 1359 2784 1404; x_wconf 84' lang='lat' dir='ltr'><strong>estcausa</strong></span> <span class='ocrx_word' id='word_1_179' title='bbox 2829 1349 3158 1420; x_wconf 80' lang='lat' dir='ltr'><strong>intelligendi</strong></span> <span class='ocrx_word' id='word_1_180' title='bbox 3195 1351 3435 1415; x_wconf 82' lang='lat' dir='ltr'><strong>luerunt,</strong></span> <span class='ocrx_word' id='word_1_181' title='bbox 3465 1355 3514 1404; x_wconf 77' lang='lat' dir='ltr'><strong>ei</strong></span> 
     </span>
    </p>
   </div>
   <div class='ocr_carea' id='block_1_15' title="bbox 261 1428 3510 1510">
    <p class='ocr_par' dir='ltr' id='par_1_15' title="bbox 261 1428 3510 1510">
     <span class='ocr_line' id='line_1_15' title="bbox 261 1428 3510 1510; baseline 0.005 -30"><span class='ocrx_word' id='word_1_182' title='bbox 261 1429 440 1482; x_wconf 75' lang='lat' dir='ltr'><strong>noxiis</strong></span> <span class='ocrx_word' id='word_1_183' title='bbox 467 1428 918 1482; x_wconf 71' lang='lat' dir='ltr'><strong>delectationibus</strong></span> <span class='ocrx_word' id='word_1_184' title='bbox 945 1445 1048 1482; x_wconf 90' lang='lat' dir='ltr'><strong>non</strong></span> <span class='ocrx_word' id='word_1_185' title='bbox 1081 1431 1303 1485; x_wconf 79' lang='lat' dir='ltr'><strong>valeret.</strong></span> <span class='ocrx_word' id='word_1_186' title='bbox 1335 1431 1436 1485; x_wconf 83' lang='lat' dir='ltr'><strong>llic</strong></span> <span class='ocrx_word' id='word_1_187' title='bbox 1459 1451 1586 1503; x_wconf 74' lang='lat' dir='ltr'><strong>ergo</strong></span> <span class='ocrx_word' id='word_1_188' title='bbox 1608 1440 1836 1506; x_wconf 68' lang='lat' dir='ltr'><strong>regulus,</strong></span> <span class='ocrx_word' id='word_1_189' title='bbox 1937 1442 2058 1510; x_wconf 78' lang='lat' dir='ltr'><strong>quia</strong></span> <span class='ocrx_word' id='word_1_190' title='bbox 2077 1442 2210 1503; x_wconf 85' lang='lat' dir='ltr'><strong>heri,</strong></span> <span class='ocrx_word' id='word_1_191' title='bbox 2239 1441 2292 1496; x_wconf 90' lang='lat' dir='ltr'><strong>id</strong></span> <span class='ocrx_word' id='word_1_192' title='bbox 2319 1449 2402 1494; x_wconf 87' lang='lat' dir='ltr'><strong>est</strong></span> <span class='ocrx_word' id='word_1_193' title='bbox 2431 1441 2481 1494; x_wconf 91' lang='lat' dir='ltr'><strong>in</strong></span> <span class='ocrx_word' id='word_1_194' title='bbox 2507 1441 2900 1508; x_wconf 51' lang='lat' dir='ltr'><strong>praeteritorum</strong></span> <span class='ocrx_word' id='word_1_195' title='bbox 2927 1442 3298 1496; x_wconf 78' lang='lat' dir='ltr'><strong>recordatione</strong></span> <span class='ocrx_word' id='word_1_196' title='bbox 3319 1457 3510 1510; x_wconf 85' lang='lat' dir='ltr'><strong>pecca-</strong></span> 
     </span>
    </p>
   </div>
   <div class='ocr_carea' id='block_1_16' title="bbox 259 1518 3513 1601">
    <p class='ocr_par' dir='ltr' id='par_1_16' title="bbox 259 1518 3513 1601">
     <span class='ocr_line' id='line_1_16' title="bbox 259 1518 3513 1601; baseline 0.004 -29"><span class='ocrx_word' id='word_1_197' title='bbox 259 1518 312 1572; x_wconf 79' lang='lat' dir='ltr'><strong>id</strong></span> <span class='ocrx_word' id='word_1_198' title='bbox 341 1530 424 1574; x_wconf 81' lang='lat' dir='ltr'><strong>est</strong></span> <span class='ocrx_word' id='word_1_199' title='bbox 448 1519 784 1574; x_wconf 84' lang='lat' dir='ltr'><strong>rationabilis</strong></span> <span class='ocrx_word' id='word_1_200' title='bbox 810 1534 1020 1586; x_wconf 88' lang='lat' dir='ltr'><strong>sensus,</strong></span> <span class='ocrx_word' id='word_1_201' title='bbox 1051 1537 1166 1575; x_wconf 85' lang='lat' dir='ltr'><strong>cum</strong></span> <span class='ocrx_word' id='word_1_202' title='bbox 1200 1537 1230 1576; x_wconf 89' lang='lat' dir='ltr'><strong>a</strong></span> <span class='ocrx_word' id='word_1_203' title='bbox 1261 1523 1577 1580; x_wconf 83' lang='lat' dir='ltr'><strong>doctoribus</strong></span> <span class='ocrx_word' id='word_1_204' title='bbox 1605 1529 1835 1582; x_wconf 87' lang='lat' dir='ltr'><strong>audisset</strong></span> <span class='ocrx_word' id='word_1_205' title='bbox 1941 1543 2144 1598; x_wconf 87' lang='lat' dir='ltr'><strong>torum,</strong></span> <span class='ocrx_word' id='word_1_206' title='bbox 2201 1533 2254 1586; x_wconf 88' lang='lat' dir='ltr'><strong>in</strong></span> <span class='ocrx_word' id='word_1_207' title='bbox 2303 1532 2432 1585; x_wconf 86' lang='lat' dir='ltr'><strong>hora</strong></span> <span class='ocrx_word' id='word_1_208' title='bbox 2477 1533 2718 1600; x_wconf 81' lang='lat' dir='ltr'><strong>septima,</strong></span> <span class='ocrx_word' id='word_1_209' title='bbox 2773 1532 2876 1586; x_wconf 91' lang='lat' dir='ltr'><strong>hoc</strong></span> <span class='ocrx_word' id='word_1_210' title='bbox 2923 1543 3004 1586; x_wconf 87' lang='lat' dir='ltr'><strong>est</strong></span> <span class='ocrx_word' id='word_1_211' title='bbox 3060 1532 3111 1585; x_wconf 92' lang='lat' dir='ltr'><strong>in</strong></span> <span class='ocrx_word' id='word_1_212' title='bbox 3163 1533 3513 1601; x_wconf 89' lang='lat' dir='ltr'><strong>inspiratione</strong></span> 
     </span>
    </p>
   </div>
   <div class='ocr_carea' id='block_1_17' title="bbox 255 1611 3514 1694">
    <p class='ocr_par' dir='ltr' id='par_1_17' title="bbox 255 1611 3514 1694">
     <span class='ocr_line' id='line_1_17' title="bbox 255 1611 3514 1694; baseline 0.005 -32"><span class='ocrx_word' id='word_1_213' title='bbox 255 1612 382 1679; x_wconf 83' lang='lat' dir='ltr'><strong>quia</strong></span> <span class='ocrx_word' id='word_1_214' title='bbox 423 1611 578 1664; x_wconf 82' lang='lat' dir='ltr'><strong>Jcsns</strong></span> <span class='ocrx_word' id='word_1_215' title='bbox 609 1613 870 1665; x_wconf 77' lang='lat' dir='ltr'><strong>adveniret</strong></span> <span class='ocrx_word' id='word_1_216' title='bbox 921 1631 950 1665; x_wconf 77' lang='grc' dir='ltr'><strong>ιι</strong></span> <span class='ocrx_word' id='word_1_217' title='bbox 974 1613 1164 1666; x_wconf 73' lang='lat' dir='ltr'><strong>Judwu</strong></span> <span class='ocrx_word' id='word_1_218' title='bbox 1213 1615 1266 1667; x_wconf 86' lang='lat' dir='ltr'><strong>in</strong></span> <span class='ocrx_word' id='word_1_219' title='bbox 1325 1615 1622 1682; x_wconf 74' lang='lat' dir='ltr'><strong>Gali/(ram,</strong></span> <span class='ocrx_word' id='word_1_220' title='bbox 1680 1618 1838 1674; x_wconf 80' lang='lat' dir='ltr'><strong>idest</strong></span> <span class='ocrx_word' id='word_1_221' title='bbox 1873 1687 1908 1694; x_wconf 88' lang='lat'><strong>__</strong></span> <span class='ocrx_word' id='word_1_222' title='bbox 1939 1623 2272 1694; x_wconf 80' lang='lat' dir='ltr'><strong>septiformis</strong></span> <span class='ocrx_word' id='word_1_223' title='bbox 2301 1622 2562 1692; x_wconf 85' lang='lat' dir='ltr'><strong>Spiritus,</strong></span> <span class='ocrx_word' id='word_1_224' title='bbox 2603 1623 2806 1693; x_wconf 87' lang='lat' dir='ltr'><strong>reliquit</strong></span> <span class='ocrx_word' id='word_1_225' title='bbox 2832 1640 2946 1677; x_wconf 89' lang='lat' dir='ltr'><strong>eum</strong></span> <span class='ocrx_word' id='word_1_226' title='bbox 2972 1623 3152 1691; x_wconf 76' lang='lat' dir='ltr'><strong>febris,</strong></span> <span class='ocrx_word' id='word_1_227' title='bbox 3190 1624 3348 1679; x_wconf 85' lang='lat' dir='ltr'><strong>idest</strong></span> <span class='ocrx_word' id='word_1_228' title='bbox 3385 1641 3514 1680; x_wconf 81' lang='lat' dir='ltr'><strong>cen-</strong></span> 
     </span>
    </p>
   </div>
   <div class='ocr_carea' id='block_1_18' title="bbox 257 1687 3510 1778">
    <p class='ocr_par' dir='ltr' id='par_1_18' title="bbox 257 1687 3510 1778">
     <span class='ocr_line' id='line_1_18' title="bbox 257 1687 3510 1778; baseline 0.005 -25"><span class='ocrx_word' id='word_1_229' title='bbox 257 1703 384 1770; x_wconf 85' lang='lat' dir='ltr'><strong>quia</strong></span> <span class='ocrx_word' id='word_1_230' title='bbox 415 1702 662 1758; x_wconf 76' lang='lat' dir='ltr'><strong>Salvator</strong></span> <span class='ocrx_word' id='word_1_231' title='bbox 690 1705 904 1760; x_wconf 85' lang='lat' dir='ltr'><strong>veniret</strong></span> <span class='ocrx_word' id='word_1_232' title='bbox 947 1721 976 1758; x_wconf 87' lang='lat' dir='ltr'><strong>a</strong></span> <span class='ocrx_word' id='word_1_233' title='bbox 1019 1706 1360 1762; x_wconf 80' lang='lat' dir='ltr'><strong>confessione</strong></span> <span class='ocrx_word' id='word_1_234' title='bbox 1409 1725 1752 1778; x_wconf 84' lang='lat' dir='ltr'><strong>peccatorum</strong></span> <span class='ocrx_word' id='word_1_235' title='bbox 1783 1714 1834 1766; x_wconf 92' lang='lat' dir='ltr'><strong>iu</strong></span> <span class='ocrx_word' id='word_1_236' title='bbox 1870 1687 1912 1740; x_wconf 75' lang='grc' dir='ltr'><strong>Β</strong></span> <span class='ocrx_word' id='word_1_237' title='bbox 1939 1699 2302 1770; x_wconf 82' lang='lat' dir='ltr'><strong>suetudinaria</strong></span> <span class='ocrx_word' id='word_1_238' title='bbox 2331 1724 2386 1768; x_wconf 89' lang='lat' dir='ltr'><strong>et</strong></span> <span class='ocrx_word' id='word_1_239' title='bbox 2411 1713 2623 1768; x_wconf 76' lang='lat' dir='ltr'><strong>fervens</strong></span> <span class='ocrx_word' id='word_1_240' title='bbox 2657 1727 2722 1768; x_wconf 90' lang='lat' dir='ltr'><strong>ac</strong></span> <span class='ocrx_word' id='word_1_241' title='bbox 2761 1714 2988 1768; x_wconf 86' lang='lat' dir='ltr'><strong>tremula</strong></span> <span class='ocrx_word' id='word_1_242' title='bbox 3021 1715 3382 1770; x_wconf 86' lang='lat' dir='ltr'><strong>imbecillitas.</strong></span> <span class='ocrx_word' id='word_1_243' title='bbox 3419 1714 3510 1770; x_wconf 81' lang='lat' dir='ltr'><strong>Vel</strong></span> 
     </span>
    </p>
   </div>
   <div class='ocr_carea' id='block_1_19' title="bbox 259 1793 3511 1872">
    <p class='ocr_par' dir='ltr' id='par_1_19' title="bbox 259 1793 3511 1872">
     <span class='ocr_line' id='line_1_19' title="bbox 259 1793 3511 1872; baseline 0.005 -28"><span class='ocrx_word' id='word_1_244' title='bbox 259 1793 792 1864; x_wconf 81' lang='lat' dir='ltr'><strong>transmigrationem</strong></span> <span class='ocrx_word' id='word_1_245' title='bbox 824 1805 1208 1865; x_wconf 67' lang='lat' dir='ltr'><strong>perpetratum,</strong></span> <span class='ocrx_word' id='word_1_246' title='bbox 1254 1799 1354 1851; x_wconf 82' lang='lat' dir='ltr'><strong>huc</strong></span> <span class='ocrx_word' id='word_1_247' title='bbox 1387 1803 1561 1854; x_wconf 79' lang='lat' dir='ltr'><strong>estad</strong></span> <span class='ocrx_word' id='word_1_248' title='bbox 1593 1819 1706 1864; x_wconf 83' lang='lat' dir='ltr'><strong>eos,</strong></span> <span class='ocrx_word' id='word_1_249' title='bbox 1745 1805 1834 1872; x_wconf 88' lang='lat' dir='ltr'><strong>qui</strong></span> <span class='ocrx_word' id='word_1_250' title='bbox 1937 1803 2070 1868; x_wconf 88' lang='lat' dir='ltr'><strong>heri,</strong></span> <span class='ocrx_word' id='word_1_251' title='bbox 2108 1804 2160 1857; x_wconf 97' lang='lat' dir='ltr'><strong>id</strong></span> <span class='ocrx_word' id='word_1_252' title='bbox 2187 1814 2270 1858; x_wconf 91' lang='lat' dir='ltr'><strong>est</strong></span> <span class='ocrx_word' id='word_1_253' title='bbox 2307 1804 2432 1858; x_wconf 90' lang='lat' dir='ltr'><strong>dum</strong></span> <span class='ocrx_word' id='word_1_254' title='bbox 2475 1813 2620 1858; x_wconf 81' lang='lat' dir='ltr'><strong>esset</strong></span> <span class='ocrx_word' id='word_1_255' title='bbox 2655 1819 2840 1856; x_wconf 89' lang='lat' dir='ltr'><strong>coram</strong></span> <span class='ocrx_word' id='word_1_256' title='bbox 2885 1805 2990 1860; x_wconf 81' lang='lat' dir='ltr'><strong>Deo</strong></span> <span class='ocrx_word' id='word_1_257' title='bbox 3031 1805 3082 1858; x_wconf 90' lang='lat' dir='ltr'><strong>in</strong></span> <span class='ocrx_word' id='word_1_258' title='bbox 3121 1806 3386 1868; x_wconf 88' lang='lat' dir='ltr'><strong>oratione,</strong></span> <span class='ocrx_word' id='word_1_259' title='bbox 3427 1823 3511 1860; x_wconf 84' lang='lat' dir='ltr'><strong>re-</strong></span> 
     </span>
    </p>
   </div>
   <div class='ocr_carea' id='block_1_20' title="bbox 261 1881 3510 1968">
    <p class='ocr_par' dir='ltr' id='par_1_20' title="bbox 261 1881 3510 1968">
     <span class='ocr_line' id='line_1_20' title="bbox 261 1881 3510 1968; baseline 0.005 -34"><span class='ocrx_word' id='word_1_260' title='bbox 261 1881 326 1935; x_wconf 78' lang='lat' dir='ltr'><strong>ad</strong></span> <span class='ocrx_word' id='word_1_261' title='bbox 357 1883 694 1952; x_wconf 84' lang='lat' dir='ltr'><strong>iniquitatem</strong></span> <span class='ocrx_word' id='word_1_262' title='bbox 743 1887 1286 1957; x_wconf 74' lang='lat' dir='ltr'><strong>transmigraverant,</strong></span> <span class='ocrx_word' id='word_1_263' title='bbox 1329 1890 1454 1943; x_wconf 86' lang='lat' dir='ltr'><strong>abiit</strong></span> <span class='ocrx_word' id='word_1_264' title='bbox 1500 1892 1568 1942; x_wconf 87' lang='lat' dir='ltr'><strong>ad</strong></span> <span class='ocrx_word' id='word_1_265' title='bbox 1612 1909 1750 1954; x_wconf 84' lang='lat' dir='ltr'><strong>eum,</strong></span> <span class='ocrx_word' id='word_1_266' title='bbox 1785 1894 1836 1946; x_wconf 89' lang='lat' dir='ltr'><strong>id</strong></span> <span class='ocrx_word' id='word_1_267' title='bbox 1939 1895 2088 1964; x_wconf 78' lang='lat' dir='ltr'><strong>liqui;</strong></span> <span class='ocrx_word' id='word_1_268' title='bbox 2113 1895 2412 1962; x_wconf 81' lang='lat' dir='ltr'><strong>cogitatum</strong></span> <span class='ocrx_word' id='word_1_269' title='bbox 2443 1909 2598 1968; x_wconf 81' lang='lat' dir='ltr'><strong>suum</strong></span> <span class='ocrx_word' id='word_1_270' title='bbox 2645 1893 2824 1961; x_wconf 76' lang='lat' dir='ltr'><strong>febris.</strong></span> <span class='ocrx_word' id='word_1_271' title='bbox 2865 1895 2990 1948; x_wconf 88' lang='lat' dir='ltr'><strong>Dies</strong></span> <span class='ocrx_word' id='word_1_272' title='bbox 3019 1895 3229 1964; x_wconf 89' lang='lat' dir='ltr'><strong>.qnippe</strong></span> <span class='ocrx_word' id='word_1_273' title='bbox 3259 1895 3332 1948; x_wconf 91' lang='lat' dir='ltr'><strong>illi</strong></span> <span class='ocrx_word' id='word_1_274' title='bbox 3361 1905 3510 1961; x_wconf 89' lang='lat' dir='ltr'><strong>erat,</strong></span> 
     </span>
    </p>
   </div>
   <div class='ocr_carea' id='block_1_21' title="bbox 253 1979 3514 2056">
    <p class='ocr_par' dir='ltr' id='par_1_21' title="bbox 253 1979 3514 2056">
     <span class='ocr_line' id='line_1_21' title="bbox 253 1979 3514 2056; baseline 0.004 -28"><span class='ocrx_word' id='word_1_275' title='bbox 253 1983 339 2028; x_wconf 87' lang='lat' dir='ltr'><strong>est</strong></span> <span class='ocrx_word' id='word_1_276' title='bbox 378 1989 476 2044; x_wconf 87' lang='lat' dir='ltr'><strong>per</strong></span> <span class='ocrx_word' id='word_1_277' title='bbox 517 1991 666 2044; x_wconf 84' lang='lat' dir='ltr'><strong>spem</strong></span> <span class='ocrx_word' id='word_1_278' title='bbox 688 1989 740 2030; x_wconf 90' lang='lat' dir='ltr'><strong>ct</strong></span> <span class='ocrx_word' id='word_1_279' title='bbox 778 1979 1118 2034; x_wconf 75' lang='lat' dir='ltr'><strong>devotionem</strong></span> <span class='ocrx_word' id='word_1_280' title='bbox 1158 1981 1390 2036; x_wconf 65' lang='lat' dir='ltr'><strong>acces&gt;it</strong></span> <span class='ocrx_word' id='word_1_281' title='bbox 1430 1983 1508 2051; x_wconf 83' lang='lat' dir='ltr'><strong>spi</strong></span> <span class='ocrx_word' id='word_1_282' title='bbox 1545 1983 1745 2038; x_wconf 78' lang='lat' dir='ltr'><strong>itJiter</strong></span> <span class='ocrx_word' id='word_1_283' title='bbox 1767 1985 1836 2038; x_wconf 85' lang='lat' dir='ltr'><strong>ad</strong></span> <span class='ocrx_word' id='word_1_284' title='bbox 1939 1987 2062 2040; x_wconf 88' lang='lat' dir='ltr'><strong>dum</strong></span> <span class='ocrx_word' id='word_1_285' title='bbox 2095 1987 2210 2056; x_wconf 90' lang='lat' dir='ltr'><strong>ipse</strong></span> <span class='ocrx_word' id='word_1_286' title='bbox 2237 1987 2348 2042; x_wconf 89' lang='lat' dir='ltr'><strong>Deo</strong></span> <span class='ocrx_word' id='word_1_287' title='bbox 2369 1987 2424 2040; x_wconf 91' lang='lat' dir='ltr'><strong>in</strong></span> <span class='ocrx_word' id='word_1_288' title='bbox 2453 1985 2906 2056; x_wconf 84' lang='lat' dir='ltr'><strong>contemplatione</strong></span> <span class='ocrx_word' id='word_1_289' title='bbox 2931 1993 2988 2039; x_wconf 89' lang='lat' dir='ltr'><strong>et</strong></span> <span class='ocrx_word' id='word_1_290' title='bbox 3017 1987 3268 2040; x_wconf 86' lang='lat' dir='ltr'><strong>oratione</strong></span> <span class='ocrx_word' id='word_1_291' title='bbox 3289 1987 3514 2042; x_wconf 68' lang='lat' dir='ltr'><strong>assiste-~</strong></span> 
     </span>
    </p>
   </div>
   <div class='ocr_carea' id='block_1_22' title="bbox 253 2069 3510 2146">
    <p class='ocr_par' dir='ltr' id='par_1_22' title="bbox 253 2069 3510 2146">
     <span class='ocr_line' id='line_1_22' title="bbox 253 2069 3510 2146; baseline 0.005 -30"><span class='ocrx_word' id='word_1_292' title='bbox 253 2081 398 2128; x_wconf 87' lang='lat' dir='ltr'><strong>eum,</strong></span> <span class='ocrx_word' id='word_1_293' title='bbox 432 2075 636 2120; x_wconf 89' lang='lat' dir='ltr'><strong>utcum</strong></span> <span class='ocrx_word' id='word_1_294' title='bbox 685 2069 750 2123; x_wconf 88' lang='lat' dir='ltr'><strong>ad</strong></span> <span class='ocrx_word' id='word_1_295' title='bbox 799 2083 858 2124; x_wconf 91' lang='lat' dir='ltr'><strong>se</strong></span> <span class='ocrx_word' id='word_1_296' title='bbox 897 2070 1230 2126; x_wconf 83' lang='lat' dir='ltr'><strong>deduceret:</strong></span> <span class='ocrx_word' id='word_1_297' title='bbox 1278 2082 1324 2124; x_wconf 90' lang='lat' dir='ltr'><strong>et</strong></span> <span class='ocrx_word' id='word_1_298' title='bbox 1378 2074 1592 2142; x_wconf 84' lang='lat' dir='ltr'><strong>rogabat</strong></span> <span class='ocrx_word' id='word_1_299' title='bbox 1632 2085 1836 2130; x_wconf 86' lang='lat' dir='ltr'><strong>eumut</strong></span> <span class='ocrx_word' id='word_1_300' title='bbox 1941 2089 2050 2144; x_wconf 90' lang='lat' dir='ltr'><strong>ret;</strong></span> <span class='ocrx_word' id='word_1_301' title='bbox 2089 2080 2182 2134; x_wconf 89' lang='lat' dir='ltr'><strong>sed</strong></span> <span class='ocrx_word' id='word_1_302' title='bbox 2229 2093 2332 2132; x_wconf 84' lang='lat' dir='ltr'><strong>nox</strong></span> <span class='ocrx_word' id='word_1_303' title='bbox 2385 2077 2530 2134; x_wconf 82' lang='lat' dir='ltr'><strong>iacta</strong></span> <span class='ocrx_word' id='word_1_304' title='bbox 2574 2087 2676 2140; x_wconf 85' lang='lat' dir='ltr'><strong>est,</strong></span> <span class='ocrx_word' id='word_1_305' title='bbox 2715 2077 2842 2131; x_wconf 89' lang='lat' dir='ltr'><strong>dmn</strong></span> <span class='ocrx_word' id='word_1_306' title='bbox 2894 2078 2962 2130; x_wconf 88' lang='lat' dir='ltr'><strong>ad</strong></span> <span class='ocrx_word' id='word_1_307' title='bbox 3007 2078 3244 2146; x_wconf 88' lang='lat' dir='ltr'><strong>seipsmn</strong></span> <span class='ocrx_word' id='word_1_308' title='bbox 3289 2079 3510 2132; x_wconf 85' lang='lat' dir='ltr'><strong>rediret.</strong></span> 
     </span>
    </p>
   </div>
   <div class='ocr_carea' id='block_1_23' title="bbox 254 2159 3516 2236">
    <p class='ocr_par' dir='ltr' id='par_1_23' title="bbox 254 2159 3516 2236">
     <span class='ocr_line' id='line_1_23' title="bbox 254 2159 3516 2236; baseline 0.004 -29"><span class='ocrx_word' id='word_1_309' title='bbox 254 2159 606 2225; x_wconf 71' lang='lat' dir='ltr'><strong>descenderet,</strong></span> <span class='ocrx_word' id='word_1_310' title='bbox 640 2161 740 2214; x_wconf 90' lang='lat' dir='ltr'><strong>hoc</strong></span> <span class='ocrx_word' id='word_1_311' title='bbox 774 2170 860 2216; x_wconf 87' lang='lat' dir='ltr'><strong>est</strong></span> <span class='ocrx_word' id='word_1_312' title='bbox 895 2163 1320 2216; x_wconf 81' lang='lat' dir='ltr'><strong>misericordiam</strong></span> <span class='ocrx_word' id='word_1_313' title='bbox 1347 2181 1498 2218; x_wconf 88' lang='lat' dir='ltr'><strong>suam</strong></span> <span class='ocrx_word' id='word_1_314' title='bbox 1532 2166 1836 2234; x_wconf 87' lang='lat' dir='ltr'><strong>inclinaret,</strong></span> <span class='ocrx_word' id='word_1_315' title='bbox 1941 2167 2164 2230; x_wconf 88' lang='lat' dir='ltr'><strong>Deinde,</strong></span> <span class='ocrx_word' id='word_1_316' title='bbox 2193 2183 2316 2222; x_wconf 91' lang='lat' dir='ltr'><strong>cum</strong></span> <span class='ocrx_word' id='word_1_317' title='bbox 2339 2181 2502 2236; x_wconf 88' lang='lat' dir='ltr'><strong>opera</strong></span> <span class='ocrx_word' id='word_1_318' title='bbox 2530 2181 2830 2234; x_wconf 86' lang='lat' dir='ltr'><strong>sensusque</strong></span> <span class='ocrx_word' id='word_1_319' title='bbox 2851 2181 2978 2220; x_wconf 89' lang='lat' dir='ltr'><strong>suos</strong></span> <span class='ocrx_word' id='word_1_320' title='bbox 3003 2166 3148 2220; x_wconf 81' lang='lat' dir='ltr'><strong>clara</strong></span> <span class='ocrx_word' id='word_1_321' title='bbox 3179 2168 3374 2220; x_wconf 82' lang='lat' dir='ltr'><strong>mentis</strong></span> <span class='ocrx_word' id='word_1_322' title='bbox 3395 2167 3516 2220; x_wconf 89' lang='lat' dir='ltr'><strong>luce</strong></span> 
     </span>
    </p>
   </div>
   <div class='ocr_carea' id='block_1_24' title="bbox 252 2252 3512 2327">
    <p class='ocr_par' dir='ltr' id='par_1_24' title="bbox 252 2252 3512 2327">
     <span class='ocr_line' id='line_1_24' title="bbox 252 2252 3512 2327; baseline 0.002 -25"><span class='ocrx_word' id='word_1_323' title='bbox 252 2257 302 2302; x_wconf 83' lang='lat' dir='ltr'><strong>et</strong></span> <span class='ocrx_word' id='word_1_324' title='bbox 326 2259 535 2304; x_wconf 85' lang='lat' dir='ltr'><strong>sanaret</strong></span> <span class='ocrx_word' id='word_1_325' title='bbox 564 2252 858 2321; x_wconf 78' lang='lat' dir='ltr'><strong>cogitatum</strong></span> <span class='ocrx_word' id='word_1_326' title='bbox 889 2253 1004 2322; x_wconf 84' lang='lat' dir='ltr'><strong>ejus</strong></span> <span class='ocrx_word' id='word_1_327' title='bbox 1036 2253 1102 2307; x_wconf 91' lang='lat' dir='ltr'><strong>de</strong></span> <span class='ocrx_word' id='word_1_328' title='bbox 1134 2255 1502 2312; x_wconf 83' lang='lat' dir='ltr'><strong>imbecillitate</strong></span> <span class='ocrx_word' id='word_1_329' title='bbox 1541 2259 1832 2314; x_wconf 86' lang='lat' dir='ltr'><strong>resistendi</strong></span> <span class='ocrx_word' id='word_1_330' title='bbox 1937 2257 2223 2327; x_wconf 84' lang='lat' dir='ltr'><strong>vigilanter</strong></span> <span class='ocrx_word' id='word_1_331' title='bbox 2265 2257 2554 2326; x_wconf 86' lang='lat' dir='ltr'><strong>aspiceret,</strong></span> <span class='ocrx_word' id='word_1_332' title='bbox 2581 2255 2698 2310; x_wconf 89' lang='lat' dir='ltr'><strong>dies</strong></span> <span class='ocrx_word' id='word_1_333' title='bbox 2723 2255 2796 2309; x_wconf 92' lang='lat' dir='ltr'><strong>illi</strong></span> <span class='ocrx_word' id='word_1_334' title='bbox 2823 2256 3068 2324; x_wconf 72' lang='lat' dir='ltr'><strong>anedam</strong></span> <span class='ocrx_word' id='word_1_335' title='bbox 3107 2257 3362 2310; x_wconf 88' lang='lat' dir='ltr'><strong>radiavit.</strong></span> <span class='ocrx_word' id='word_1_336' title='bbox 3395 2256 3512 2311; x_wconf 86' lang='lat' dir='ltr'><strong>Non</strong></span> 
     </span>
    </p>
   </div>
   <div class='ocr_carea' id='block_1_25' title="bbox 255 2336 3514 2416">
    <p class='ocr_par' dir='ltr' id='par_1_25' title="bbox 255 2336 3514 2416">
     <span class='ocr_line' id='line_1_25' title="bbox 255 2336 3514 2416; baseline 0.003 -26"><span class='ocrx_word' id='word_1_337' title='bbox 255 2336 532 2393; x_wconf 89' lang='lat' dir='ltr'><strong>blanditiis</strong></span> <span class='ocrx_word' id='word_1_338' title='bbox 561 2357 576 2394; x_wconf 88' lang='lat'><strong>:</strong></span> <span class='ocrx_word' id='word_1_339' title='bbox 607 2341 885 2411; x_wconf 75' lang='lat' dir='ltr'><strong>incipiebat</strong></span> <span class='ocrx_word' id='word_1_340' title='bbox 921 2344 1059 2398; x_wconf 85' lang='lat' dir='ltr'><strong>enim</strong></span> <span class='ocrx_word' id='word_1_341' title='bbox 1107 2346 1260 2410; x_wconf 84' lang='lat' dir='ltr'><strong>mori,</strong></span> <span class='ocrx_word' id='word_1_342' title='bbox 1299 2346 1352 2401; x_wconf 89' lang='lat' dir='ltr'><strong>id</strong></span> <span class='ocrx_word' id='word_1_343' title='bbox 1394 2358 1480 2402; x_wconf 90' lang='lat' dir='ltr'><strong>est</strong></span> <span class='ocrx_word' id='word_1_344' title='bbox 1529 2351 1836 2406; x_wconf 89' lang='lat' dir='ltr'><strong>consentire</strong></span> <span class='ocrx_word' id='word_1_345' title='bbox 1939 2357 2118 2403; x_wconf 87' lang='lat' dir='ltr'><strong>tamen</strong></span> <span class='ocrx_word' id='word_1_346' title='bbox 2149 2349 2201 2402; x_wconf 91' lang='lat' dir='ltr'><strong>in</strong></span> <span class='ocrx_word' id='word_1_347' title='bbox 2227 2349 2349 2412; x_wconf 87' lang='lat' dir='ltr'><strong>hac,</strong></span> <span class='ocrx_word' id='word_1_348' title='bbox 2367 2347 2462 2402; x_wconf 89' lang='lat' dir='ltr'><strong>sed</strong></span> <span class='ocrx_word' id='word_1_349' title='bbox 2488 2347 2540 2400; x_wconf 89' lang='lat' dir='ltr'><strong>in</strong></span> <span class='ocrx_word' id='word_1_350' title='bbox 2564 2346 2836 2414; x_wconf 81' lang='lat' dir='ltr'><strong>praeterita</strong></span> <span class='ocrx_word' id='word_1_351' title='bbox 2865 2345 3040 2411; x_wconf 85' lang='lat' dir='ltr'><strong>die,id</strong></span> <span class='ocrx_word' id='word_1_352' title='bbox 3067 2355 3274 2400; x_wconf 88' lang='lat' dir='ltr'><strong>estnon</strong></span> <span class='ocrx_word' id='word_1_353' title='bbox 3299 2347 3514 2416; x_wconf 87' lang='lat' dir='ltr'><strong>quando</strong></span> 
     </span>
    </p>
   </div>
   <div class='ocr_carea' id='block_1_26' title="bbox 254 2430 3514 2508">
    <p class='ocr_par' dir='ltr' id='par_1_26' title="bbox 254 2430 3514 2508">
     <span class='ocr_line' id='line_1_26' title="bbox 254 2430 3514 2508; baseline -0.001 -16"><span class='ocrx_word' id='word_1_354' title='bbox 254 2430 512 2498; x_wconf 69' lang='grc' dir='ltr'><strong>ρεερειιὶε.</strong></span> <span class='ocrx_word' id='word_1_355' title='bbox 1937 2441 2038 2496; x_wconf 88' lang='lat' dir='ltr'><strong>sibi</strong></span> <span class='ocrx_word' id='word_1_356' title='bbox 2073 2439 2174 2508; x_wconf 87' lang='lat' dir='ltr'><strong>ipsi</strong></span> <span class='ocrx_word' id='word_1_357' title='bbox 2226 2437 2456 2508; x_wconf 78' lang='lat' dir='ltr'><strong>vigilans</strong></span> <span class='ocrx_word' id='word_1_358' title='bbox 2502 2437 2832 2502; x_wconf 88' lang='lat' dir='ltr'><strong>attendebat,</strong></span> <span class='ocrx_word' id='word_1_359' title='bbox 2858 2436 2950 2491; x_wconf 89' lang='lat' dir='ltr'><strong>sed</strong></span> <span class='ocrx_word' id='word_1_360' title='bbox 2985 2437 3201 2504; x_wconf 72' lang='lat' dir='ltr'><strong>(pratulo</strong></span> <span class='ocrx_word' id='word_1_361' title='bbox 3234 2437 3342 2490; x_wconf 87' lang='lat' dir='ltr'><strong>Deo</strong></span> <span class='ocrx_word' id='word_1_362' title='bbox 3393 2452 3514 2505; x_wconf 88' lang='lat' dir='ltr'><strong>pre-</strong></span> 
     </span>
    </p>
   </div>
   <div class='ocr_carea' id='block_1_27' title="bbox 327 2519 3512 2596">
    <p class='ocr_par' dir='ltr' id='par_1_27' title="bbox 327 2519 3512 2596">
     <span class='ocr_line' id='line_1_27' title="bbox 327 2519 3512 2596; baseline 0.003 -25"><span class='ocrx_word' id='word_1_363' title='bbox 327 2519 470 2574; x_wconf 72' lang='lat' dir='ltr'><strong>Dixit</strong></span> <span class='ocrx_word' id='word_1_364' title='bbox 499 2537 616 2592; x_wconf 84' lang='lat' dir='ltr'><strong>ergo</strong></span> <span class='ocrx_word' id='word_1_365' title='bbox 637 2521 792 2578; x_wconf 84' lang='lat' dir='ltr'><strong>Jesus</strong></span> <span class='ocrx_word' id='word_1_366' title='bbox 811 2523 878 2576; x_wconf 83' lang='lat' dir='ltr'><strong>ad</strong></span> <span class='ocrx_word' id='word_1_367' title='bbox 900 2525 1414 2594; x_wconf 85' lang='lat' dir='ltr'><strong>eum,increpansin</strong></span> <span class='ocrx_word' id='word_1_368' title='bbox 1437 2543 1502 2582; x_wconf 89' lang='lat' dir='ltr'><strong>eo</strong></span> <span class='ocrx_word' id='word_1_369' title='bbox 1528 2529 1833 2586; x_wconf 87' lang='lat' dir='ltr'><strong>tarditatem</strong></span> <span class='ocrx_word' id='word_1_370' title='bbox 1938 2539 2090 2586; x_wconf 88' lang='lat' dir='ltr'><strong>cator</strong></span> <span class='ocrx_word' id='word_1_371' title='bbox 2135 2529 2442 2594; x_wconf 87' lang='lat' dir='ltr'><strong>assistebat,</strong></span> <span class='ocrx_word' id='word_1_372' title='bbox 2497 2527 2704 2596; x_wconf 85' lang='lat' dir='ltr'><strong>reliquit</strong></span> <span class='ocrx_word' id='word_1_373' title='bbox 2762 2526 2974 2580; x_wconf 89' lang='lat' dir='ltr'><strong>interna</strong></span> <span class='ocrx_word' id='word_1_374' title='bbox 3025 2526 3184 2594; x_wconf 81' lang='lat' dir='ltr'><strong>febris</strong></span> <span class='ocrx_word' id='word_1_375' title='bbox 3215 2527 3512 2594; x_wconf 84' lang='lat' dir='ltr'><strong>cogitataut</strong></span> 
     </span>
    </p>
   </div>
   <div class='ocr_carea' id='block_1_28' title="bbox 251 2611 3510 2692">
    <p class='ocr_par' dir='ltr' id='par_1_28' title="bbox 251 2611 3510 2692">
     <span class='ocr_line' id='line_1_28' title="bbox 251 2611 3510 2692; baseline 0.003 -30"><span class='ocrx_word' id='word_1_376' title='bbox 251 2622 444 2662; x_wconf 88' lang='lat' dir='ltr'><strong>eorum</strong></span> <span class='ocrx_word' id='word_1_377' title='bbox 487 2611 578 2678; x_wconf 89' lang='lat' dir='ltr'><strong>qui</strong></span> <span class='ocrx_word' id='word_1_378' title='bbox 626 2611 874 2664; x_wconf 56' lang='lat' dir='ltr'><strong>haesitant</strong></span> <span class='ocrx_word' id='word_1_379' title='bbox 905 2611 958 2665; x_wconf 92' lang='lat' dir='ltr'><strong>in</strong></span> <span class='ocrx_word' id='word_1_380' title='bbox 1001 2613 1106 2667; x_wconf 84' lang='lat' dir='ltr'><strong>ﬁde</strong></span> <span class='ocrx_word' id='word_1_381' title='bbox 1136 2631 1150 2666; x_wconf 87' lang='lat'><strong>:</strong></span> <span class='ocrx_word' id='word_1_382' title='bbox 1183 2613 1302 2668; x_wconf 85' lang='lat' dir='ltr'><strong>Nisi</strong></span> <span class='ocrx_word' id='word_1_383' title='bbox 1323 2617 1474 2685; x_wconf 86' lang='lat' dir='ltr'><strong>signa</strong></span> <span class='ocrx_word' id='word_1_384' title='bbox 1512 2627 1558 2671; x_wconf 87' lang='lat' dir='ltr'><strong>et</strong></span> <span class='ocrx_word' id='word_1_385' title='bbox 1593 2619 1834 2686; x_wconf 83' lang='lat' dir='ltr'><strong>prodigia</strong></span> <span class='ocrx_word' id='word_1_386' title='bbox 1936 2624 2088 2692; x_wconf 88' lang='lat' dir='ltr'><strong>quasi</strong></span> <span class='ocrx_word' id='word_1_387' title='bbox 2121 2621 2286 2676; x_wconf 85' lang='lat' dir='ltr'><strong>lilium</strong></span> <span class='ocrx_word' id='word_1_388' title='bbox 2317 2621 2496 2676; x_wconf 88' lang='lat' dir='ltr'><strong>cordis</strong></span> <span class='ocrx_word' id='word_1_389' title='bbox 2518 2620 2618 2674; x_wconf 89' lang='lat' dir='ltr'><strong>sui.</strong></span> <span class='ocrx_word' id='word_1_390' title='bbox 2645 2617 2712 2672; x_wconf 80' lang='lat' dir='ltr'><strong>Et</strong></span> <span class='ocrx_word' id='word_1_391' title='bbox 2737 2619 2942 2688; x_wconf 82' lang='lat' dir='ltr'><strong>reliquit</strong></span> <span class='ocrx_word' id='word_1_392' title='bbox 2971 2635 3086 2672; x_wconf 87' lang='lat' dir='ltr'><strong>eum</strong></span> <span class='ocrx_word' id='word_1_393' title='bbox 3115 2620 3246 2672; x_wconf 87' lang='lat' dir='ltr'><strong>hora</strong></span> <span class='ocrx_word' id='word_1_394' title='bbox 3271 2621 3510 2687; x_wconf 54' lang='lat' dir='ltr'><strong>atq-tium,</strong></span> 
     </span>
    </p>
   </div>
   <div class='ocr_carea' id='block_1_29' title="bbox 253 2699 3506 2780">
    <p class='ocr_par' dir='ltr' id='par_1_29' title="bbox 253 2699 3506 2780">
     <span class='ocr_line' id='line_1_29' title="bbox 253 2699 3506 2780; baseline 0.003 -28"><span class='ocrx_word' id='word_1_395' title='bbox 253 2699 508 2762; x_wconf 84' lang='lat' dir='ltr'><strong>videritis,</strong></span> <span class='ocrx_word' id='word_1_396' title='bbox 537 2716 637 2753; x_wconf 87' lang='lat' dir='ltr'><strong>non</strong></span> <span class='ocrx_word' id='word_1_397' title='bbox 665 2701 892 2754; x_wconf 80' lang='lat' dir='ltr'><strong>creditis.</strong></span> <span class='ocrx_word' id='word_1_398' title='bbox 922 2701 1044 2756; x_wconf 85' lang='lat' dir='ltr'><strong>Non</strong></span> <span class='ocrx_word' id='word_1_399' title='bbox 1073 2704 1280 2758; x_wconf 79' lang='lat' dir='ltr'><strong>creditis</strong></span> <span class='ocrx_word' id='word_1_400' title='bbox 1303 2703 1564 2772; x_wconf 87' lang='lat' dir='ltr'><strong>judicium</strong></span> <span class='ocrx_word' id='word_1_401' title='bbox 1585 2706 1833 2762; x_wconf 67' lang='lat' dir='ltr'><strong>laturam</strong></span> <span class='ocrx_word' id='word_1_402' title='bbox 1939 2714 1992 2768; x_wconf 85' lang='lat' dir='ltr'><strong>id</strong></span> <span class='ocrx_word' id='word_1_403' title='bbox 2028 2725 2112 2768; x_wconf 76' lang='lat' dir='ltr'><strong>est</strong></span> <span class='ocrx_word' id='word_1_404' title='bbox 2137 2713 2189 2766; x_wconf 86' lang='lat' dir='ltr'><strong>in</strong></span> <span class='ocrx_word' id='word_1_405' title='bbox 2231 2713 2624 2767; x_wconf 88' lang='lat' dir='ltr'><strong>illuminatione</strong></span> <span class='ocrx_word' id='word_1_406' title='bbox 2647 2709 2980 2778; x_wconf 83' lang='lat' dir='ltr'><strong>scptil&#39;ormis</strong></span> <span class='ocrx_word' id='word_1_407' title='bbox 3006 2710 3210 2778; x_wconf 72' lang='lat' dir='ltr'><strong>gratize.</strong></span> <span class='ocrx_word' id='word_1_408' title='bbox 3257 2709 3506 2780; x_wconf 79' lang='lat' dir='ltr'><strong>Cognovit</strong></span> 
     </span>
    </p>
   </div>
   <div class='ocr_carea' id='block_1_30' title="bbox 253 2791 3514 2875">
    <p class='ocr_par' dir='ltr' id='par_1_30' title="bbox 253 2791 3514 2875">
     <span class='ocr_line' id='line_1_30' title="bbox 253 2791 3514 2875; baseline 0.003 -31"><span class='ocrx_word' id='word_1_409' title='bbox 253 2791 557 2844; x_wconf 87' lang='lat' dir='ltr'><strong>securitate</strong></span> <span class='ocrx_word' id='word_1_410' title='bbox 615 2803 906 2861; x_wconf 80' lang='lat' dir='ltr'><strong>torpentes,</strong></span> <span class='ocrx_word' id='word_1_411' title='bbox 965 2794 1066 2847; x_wconf 87' lang='lat' dir='ltr'><strong>nisi</strong></span> <span class='ocrx_word' id='word_1_412' title='bbox 1116 2796 1454 2852; x_wconf 89' lang='lat' dir='ltr'><strong>mirabilibus</strong></span> <span class='ocrx_word' id='word_1_413' title='bbox 1501 2800 1829 2854; x_wconf 81' lang='lat' dir='ltr'><strong>exritemini.</strong></span> <span class='ocrx_word' id='word_1_414' title='bbox 1936 2821 2058 2875; x_wconf 83' lang='lat' dir='ltr'><strong>ergo</strong></span> <span class='ocrx_word' id='word_1_415' title='bbox 2083 2817 2250 2872; x_wconf 85' lang='lat' dir='ltr'><strong>pater,</strong></span> <span class='ocrx_word' id='word_1_416' title='bbox 2276 2805 2326 2857; x_wconf 90' lang='lat' dir='ltr'><strong>id</strong></span> <span class='ocrx_word' id='word_1_417' title='bbox 2357 2812 2440 2858; x_wconf 88' lang='lat' dir='ltr'><strong>est</strong></span> <span class='ocrx_word' id='word_1_418' title='bbox 2471 2803 2634 2856; x_wconf 89' lang='lat' dir='ltr'><strong>etiam</strong></span> <span class='ocrx_word' id='word_1_419' title='bbox 2665 2801 2970 2856; x_wconf 87' lang='lat' dir='ltr'><strong>admonitus</strong></span> <span class='ocrx_word' id='word_1_420' title='bbox 2993 2802 3368 2869; x_wconf 80' lang='lat' dir='ltr'><strong>experimento</strong></span> <span class='ocrx_word' id='word_1_421' title='bbox 3390 2816 3514 2854; x_wconf 50' lang='lat' dir='ltr'><strong>cars</strong></span> 
     </span>
    </p>
   </div>
   <div class='ocr_carea' id='block_1_31' title="bbox 257 2883 3512 2960">
    <p class='ocr_par' dir='ltr' id='par_1_31' title="bbox 257 2883 3512 2960">
     <span class='ocr_line' id='line_1_31' title="bbox 257 2883 3512 2960; baseline 0.002 -23"><span class='ocrx_word' id='word_1_422' title='bbox 257 2883 518 2939; x_wconf 78' lang='lat' dir='ltr'><strong>Videnles</strong></span> <span class='ocrx_word' id='word_1_423' title='bbox 567 2888 712 2940; x_wconf 90' lang='lat' dir='ltr'><strong>enim</strong></span> <span class='ocrx_word' id='word_1_424' title='bbox 763 2889 910 2958; x_wconf 82' lang='lat' dir='ltr'><strong>signa</strong></span> <span class='ocrx_word' id='word_1_425' title='bbox 963 2889 1140 2944; x_wconf 88' lang='lat' dir='ltr'><strong>solent</strong></span> <span class='ocrx_word' id='word_1_426' title='bbox 1193 2891 1494 2960; x_wconf 89' lang='lat' dir='ltr'><strong>hujnsmodi</strong></span> <span class='ocrx_word' id='word_1_427' title='bbox 1553 2896 1831 2950; x_wconf 85' lang='lat' dir='ltr'><strong>hominum</strong></span> <span class='ocrx_word' id='word_1_428' title='bbox 1937 2896 2137 2949; x_wconf 87' lang='lat' dir='ltr'><strong>nalium</strong></span> <span class='ocrx_word' id='word_1_429' title='bbox 2173 2910 2426 2949; x_wconf 89' lang='lat' dir='ltr'><strong>sensuum</strong></span> <span class='ocrx_word' id='word_1_430' title='bbox 2469 2903 2764 2948; x_wconf 87' lang='lat' dir='ltr'><strong>etartunm</strong></span> <span class='ocrx_word' id='word_1_431' title='bbox 2815 2892 3302 2958; x_wconf 86' lang='lat' dir='ltr'><strong>obtemperantium</strong></span> <span class='ocrx_word' id='word_1_432' title='bbox 3325 2892 3426 2946; x_wconf 86' lang='lat' dir='ltr'><strong>sibi</strong></span> <span class='ocrx_word' id='word_1_433' title='bbox 3459 2891 3512 2945; x_wconf 90' lang='lat' dir='ltr'><strong>in</strong></span> 
     </span>
    </p>
   </div>
   <div class='ocr_carea' id='block_1_32' title="bbox 253 2981 3512 3052">
    <p class='ocr_par' dir='ltr' id='par_1_32' title="bbox 253 2981 3512 3052">
     <span class='ocr_line' id='line_1_32' title="bbox 253 2981 3512 3052; baseline 0.001 -22"><span class='ocrx_word' id='word_1_434' title='bbox 253 2986 468 3032; x_wconf 83' lang='lat' dir='ltr'><strong>mentes</strong></span> <span class='ocrx_word' id='word_1_435' title='bbox 511 2981 726 3044; x_wconf 88' lang='lat' dir='ltr'><strong>terreri,</strong></span> <span class='ocrx_word' id='word_1_436' title='bbox 754 2991 808 3033; x_wconf 90' lang='lat' dir='ltr'><strong>et</strong></span> <span class='ocrx_word' id='word_1_437' title='bbox 845 2982 1068 3034; x_wconf 79' lang='lat' dir='ltr'><strong>credere</strong></span> <span class='ocrx_word' id='word_1_438' title='bbox 1111 2989 1179 3034; x_wconf 84' lang='lat' dir='ltr'><strong>ad</strong></span> <span class='ocrx_word' id='word_1_439' title='bbox 1219 2985 1422 3038; x_wconf 80' lang='lat' dir='ltr'><strong>harant.</strong></span> <span class='ocrx_word' id='word_1_440' title='bbox 1468 2985 1592 3040; x_wconf 84' lang='lat' dir='ltr'><strong>Non</strong></span> <span class='ocrx_word' id='word_1_441' title='bbox 1621 2991 1831 3044; x_wconf 83' lang='lat' dir='ltr'><strong>creditis</strong></span> <span class='ocrx_word' id='word_1_442' title='bbox 1860 3027 1902 3052; x_wconf 70' lang='grc' dir='ltr'>η</span> <span class='ocrx_word' id='word_1_443' title='bbox 1937 2988 2132 3042; x_wconf 87' lang='lat' dir='ltr'><strong>bonum</strong></span> <span class='ocrx_word' id='word_1_444' title='bbox 2155 2987 2536 3040; x_wconf 86' lang='lat' dir='ltr'><strong>animadvertit</strong></span> <span class='ocrx_word' id='word_1_445' title='bbox 2565 2983 2841 3038; x_wconf 78' lang='lat' dir='ltr'><strong>rationalis</strong></span> <span class='ocrx_word' id='word_1_446' title='bbox 2865 2999 3092 3047; x_wconf 87' lang='lat' dir='ltr'><strong>sensus;</strong></span> <span class='ocrx_word' id='word_1_447' title='bbox 3115 2984 3238 3052; x_wconf 86' lang='lat' dir='ltr'><strong>quia</strong></span> <span class='ocrx_word' id='word_1_448' title='bbox 3267 2981 3356 3035; x_wconf 76' lang='lat' dir='ltr'><strong>ilta</strong></span> <span class='ocrx_word' id='word_1_449' title='bbox 3384 2987 3512 3036; x_wconf 86' lang='lat' dir='ltr'><strong>hora</strong></span> 
     </span>
    </p>
   </div>
   <div class='ocr_carea' id='block_1_33' title="bbox 253 3067 3516 3147">
    <p class='ocr_par' dir='ltr' id='par_1_33' title="bbox 253 3067 3516 3147">
     <span class='ocr_line' id='line_1_33' title="bbox 253 3067 3516 3147; baseline 0.003 -29"><span class='ocrx_word' id='word_1_450' title='bbox 253 3067 524 3121; x_wconf 86' lang='lat' dir='ltr'><strong>mandatis</strong></span> <span class='ocrx_word' id='word_1_451' title='bbox 550 3070 702 3132; x_wconf 83' lang='lat' dir='ltr'><strong>meis,</strong></span> <span class='ocrx_word' id='word_1_452' title='bbox 729 3071 854 3140; x_wconf 87' lang='lat' dir='ltr'><strong>quia</strong></span> <span class='ocrx_word' id='word_1_453' title='bbox 879 3088 983 3124; x_wconf 85' lang='lat' dir='ltr'><strong>non</strong></span> <span class='ocrx_word' id='word_1_454' title='bbox 1005 3088 1065 3125; x_wconf 89' lang='lat' dir='ltr'><strong>ea</strong></span> <span class='ocrx_word' id='word_1_455' title='bbox 1097 3073 1301 3140; x_wconf 75' lang='lat' dir='ltr'><strong>lat-itis;</strong></span> <span class='ocrx_word' id='word_1_456' title='bbox 1339 3093 1444 3130; x_wconf 87' lang='lat' dir='ltr'><strong>non</strong></span> <span class='ocrx_word' id='word_1_457' title='bbox 1467 3077 1677 3130; x_wconf 80' lang='lat' dir='ltr'><strong>creditis</strong></span> <span class='ocrx_word' id='word_1_458' title='bbox 1703 3095 1828 3145; x_wconf 88' lang='lat' dir='ltr'><strong>pro-</strong></span> <span class='ocrx_word' id='word_1_459' title='bbox 1860 3067 1904 3086; x_wconf 66' lang='grc' dir='ltr'>υ</span> <span class='ocrx_word' id='word_1_460' title='bbox 1935 3087 2066 3143; x_wconf 78' lang='lat' dir='ltr'><strong>erat,</strong></span> <span class='ocrx_word' id='word_1_461' title='bbox 2107 3079 2159 3131; x_wconf 90' lang='lat' dir='ltr'><strong>in</strong></span> <span class='ocrx_word' id='word_1_462' title='bbox 2199 3095 2302 3147; x_wconf 89' lang='lat' dir='ltr'><strong>qua</strong></span> <span class='ocrx_word' id='word_1_463' title='bbox 2349 3077 2479 3130; x_wconf 71' lang='lat' dir='ltr'><strong>dixit</strong></span> <span class='ocrx_word' id='word_1_464' title='bbox 2508 3077 2555 3130; x_wconf 89' lang='lat' dir='ltr'><strong>ei</strong></span> <span class='ocrx_word' id='word_1_465' title='bbox 2581 3074 2736 3128; x_wconf 84' lang='lat' dir='ltr'><strong>Jesus</strong></span> <span class='ocrx_word' id='word_1_466' title='bbox 2768 3091 2785 3129; x_wconf 93' lang='lat'><em>:</em></span> <span class='ocrx_word' id='word_1_467' title='bbox 2819 3073 2988 3127; x_wconf 83' lang='lat' dir='ltr'><strong>Filius</strong></span> <span class='ocrx_word' id='word_1_468' title='bbox 3017 3084 3138 3127; x_wconf 84' lang='lat' dir='ltr'><strong>tuus</strong></span> <span class='ocrx_word' id='word_1_469' title='bbox 3179 3074 3318 3134; x_wconf 80' lang='lat' dir='ltr'><strong>vivit,</strong></span> <span class='ocrx_word' id='word_1_470' title='bbox 3349 3074 3401 3128; x_wconf 88' lang='lat' dir='ltr'><strong>id</strong></span> <span class='ocrx_word' id='word_1_471' title='bbox 3431 3082 3516 3128; x_wconf 87' lang='lat' dir='ltr'><strong>est</strong></span> 
     </span>
    </p>
   </div>
   <div class='ocr_carea' id='block_1_34' title="bbox 251 3159 3514 3240">
    <p class='ocr_par' dir='ltr' id='par_1_34' title="bbox 251 3159 3514 3240">
     <span class='ocr_line' id='line_1_34' title="bbox 251 3159 3514 3240; baseline 0.002 -28"><span class='ocrx_word' id='word_1_472' title='bbox 251 3159 598 3214; x_wconf 44' lang='lat' dir='ltr'><strong>missionibus</strong></span> <span class='ocrx_word' id='word_1_473' title='bbox 635 3162 794 3226; x_wconf 82' lang='lat' dir='ltr'><strong>meis,</strong></span> <span class='ocrx_word' id='word_1_474' title='bbox 828 3164 1080 3232; x_wconf 69' lang='lat' dir='ltr'><strong>(patulam</strong></span> <span class='ocrx_word' id='word_1_475' title='bbox 1123 3164 1220 3218; x_wconf 89' lang='lat' dir='ltr'><strong>has</strong></span> <span class='ocrx_word' id='word_1_476' title='bbox 1252 3181 1494 3234; x_wconf 60' lang='lat' dir='ltr'><strong>quaerere</strong></span> <span class='ocrx_word' id='word_1_477' title='bbox 1535 3169 1826 3238; x_wconf 80' lang='lat' dir='ltr'><strong>negligitis.</strong></span> <span class='ocrx_word' id='word_1_478' title='bbox 1935 3171 1988 3224; x_wconf 89' lang='lat' dir='ltr'><strong>in</strong></span> <span class='ocrx_word' id='word_1_479' title='bbox 2023 3187 2128 3240; x_wconf 87' lang='lat' dir='ltr'><strong>qua</strong></span> <span class='ocrx_word' id='word_1_480' title='bbox 2179 3170 2328 3239; x_wconf 87' lang='lat' dir='ltr'><strong>prius</strong></span> <span class='ocrx_word' id='word_1_481' title='bbox 2363 3184 2512 3237; x_wconf 84' lang='lat' dir='ltr'><strong>spem</strong></span> <span class='ocrx_word' id='word_1_482' title='bbox 2557 3168 2674 3234; x_wconf 88' lang='lat' dir='ltr'><strong>ejus</strong></span> <span class='ocrx_word' id='word_1_483' title='bbox 2707 3166 2880 3220; x_wconf 74' lang='lat' dir='ltr'><strong>erexit</strong></span> <span class='ocrx_word' id='word_1_484' title='bbox 2931 3166 2997 3219; x_wconf 89' lang='lat' dir='ltr'><strong>de</strong></span> <span class='ocrx_word' id='word_1_485' title='bbox 3046 3165 3220 3219; x_wconf 90' lang='lat' dir='ltr'><strong>salute</strong></span> <span class='ocrx_word' id='word_1_486' title='bbox 3245 3166 3514 3234; x_wconf 70' lang='lat' dir='ltr'><strong>cogitantes</strong></span> 
     </span>
    </p>
   </div>
   <div class='ocr_carea' id='block_1_35' title="bbox 253 3247 3510 3330">
    <p class='ocr_par' dir='ltr' id='par_1_35' title="bbox 253 3247 3510 3330">
     <span class='ocr_line' id='line_1_35' title="bbox 253 3247 3510 3330; baseline 0.002 -28"><span class='ocrx_word' id='word_1_487' title='bbox 253 3247 420 3317; x_wconf 79' lang='lat' dir='ltr'><strong>Signa</strong></span> <span class='ocrx_word' id='word_1_488' title='bbox 450 3260 496 3303; x_wconf 89' lang='lat' dir='ltr'><strong>et</strong></span> <span class='ocrx_word' id='word_1_489' title='bbox 531 3252 770 3319; x_wconf 75' lang='lat' dir='ltr'><strong>prodigia</strong></span> <span class='ocrx_word' id='word_1_490' title='bbox 800 3263 922 3306; x_wconf 88' lang='lat' dir='ltr'><strong>sunt</strong></span> <span class='ocrx_word' id='word_1_491' title='bbox 962 3254 1112 3307; x_wconf 78' lang='lat' dir='ltr'><strong>vobis</strong></span> <span class='ocrx_word' id='word_1_492' title='bbox 1154 3257 1480 3322; x_wconf 86' lang='lat' dir='ltr'><strong>necessaria,</strong></span> <span class='ocrx_word' id='word_1_493' title='bbox 1509 3269 1568 3310; x_wconf 90' lang='lat' dir='ltr'><strong>ut</strong></span> <span class='ocrx_word' id='word_1_494' title='bbox 1598 3274 1693 3328; x_wconf 86' lang='lat' dir='ltr'><strong>per</strong></span> <span class='ocrx_word' id='word_1_495' title='bbox 1720 3260 1832 3314; x_wconf 75' lang='lat' dir='ltr'><strong>hmo</strong></span> <span class='ocrx_word' id='word_1_496' title='bbox 1935 3263 2040 3318; x_wconf 78' lang='lat' dir='ltr'><strong>Sui.</strong></span> <span class='ocrx_word' id='word_1_497' title='bbox 2077 3260 2140 3314; x_wconf 83' lang='lat' dir='ltr'><strong>Et</strong></span> <span class='ocrx_word' id='word_1_498' title='bbox 2174 3263 2332 3316; x_wconf 84' lang='lat' dir='ltr'><strong>credit</strong></span> <span class='ocrx_word' id='word_1_499' title='bbox 2361 3263 2468 3330; x_wconf 83' lang='lat' dir='ltr'><strong>ipse</strong></span> <span class='ocrx_word' id='word_1_500' title='bbox 2495 3259 2771 3314; x_wconf 89' lang='lat' dir='ltr'><strong>rationalis</strong></span> <span class='ocrx_word' id='word_1_501' title='bbox 2808 3271 2999 3312; x_wconf 86' lang='lat' dir='ltr'><strong>sensus</strong></span> <span class='ocrx_word' id='word_1_502' title='bbox 3027 3258 3118 3326; x_wconf 89' lang='lat' dir='ltr'><strong>qui</strong></span> <span class='ocrx_word' id='word_1_503' title='bbox 3184 3256 3333 3324; x_wconf 87' lang='lat' dir='ltr'><strong>prius</strong></span> <span class='ocrx_word' id='word_1_504' title='bbox 3387 3269 3510 3325; x_wconf 89' lang='lat' dir='ltr'><strong>per-</strong></span> 
     </span>
    </p>
   </div>
   <div class='ocr_carea' id='block_1_36' title="bbox 255 3340 3510 3419">
    <p class='ocr_par' dir='ltr' id='par_1_36' title="bbox 255 3340 3510 3419">
     <span class='ocr_line' id='line_1_36' title="bbox 255 3340 3510 3419; baseline 0.003 -28"><span class='ocrx_word' id='word_1_505' title='bbox 255 3340 416 3393; x_wconf 88' lang='lat' dir='ltr'><strong>lidem</strong></span> <span class='ocrx_word' id='word_1_506' title='bbox 439 3359 557 3412; x_wconf 77' lang='lat' dir='ltr'><strong>qua:</strong></span> <span class='ocrx_word' id='word_1_507' title='bbox 581 3359 674 3411; x_wconf 81' lang='lat' dir='ltr'><strong>per</strong></span> <span class='ocrx_word' id='word_1_508' title='bbox 692 3344 995 3396; x_wconf 85' lang='lat' dir='ltr'><strong>charitatem</strong></span> <span class='ocrx_word' id='word_1_509' title='bbox 1019 3355 1284 3412; x_wconf 71' lang='lat' dir='ltr'><strong>oyeratur,</strong></span> <span class='ocrx_word' id='word_1_510' title='bbox 1312 3347 1674 3403; x_wconf 87' lang='lat' dir='ltr'><strong>adducamini.</strong></span> <span class='ocrx_word' id='word_1_511' title='bbox 1695 3349 1832 3403; x_wconf 89' lang='lat' dir='ltr'><strong>Dicit</strong></span> <span class='ocrx_word' id='word_1_512' title='bbox 1937 3355 2073 3408; x_wconf 78' lang='lat' dir='ltr'><strong>recte</strong></span> <span class='ocrx_word' id='word_1_513' title='bbox 2103 3370 2208 3408; x_wconf 81' lang='lat' dir='ltr'><strong>non</strong></span> <span class='ocrx_word' id='word_1_514' title='bbox 2236 3352 2509 3418; x_wconf 80' lang='lat' dir='ltr'><strong>credebat,</strong></span> <span class='ocrx_word' id='word_1_515' title='bbox 2540 3361 2588 3404; x_wconf 86' lang='lat' dir='ltr'><strong>et</strong></span> <span class='ocrx_word' id='word_1_516' title='bbox 2623 3352 2812 3404; x_wconf 85' lang='lat' dir='ltr'><strong>domus</strong></span> <span class='ocrx_word' id='word_1_517' title='bbox 2851 3351 2964 3419; x_wconf 88' lang='lat' dir='ltr'><strong>ejus</strong></span> <span class='ocrx_word' id='word_1_518' title='bbox 3017 3358 3147 3413; x_wconf 88' lang='lat' dir='ltr'><strong>tota,</strong></span> <span class='ocrx_word' id='word_1_519' title='bbox 3181 3348 3230 3402; x_wconf 84' lang='lat' dir='ltr'><strong>id</strong></span> <span class='ocrx_word' id='word_1_520' title='bbox 3261 3346 3510 3402; x_wconf 71' lang='lat' dir='ltr'><strong>cst-uni-</strong></span> 
     </span>
    </p>
   </div>
   <div class='ocr_carea' id='block_1_37' title="bbox 251 3431 3512 3514">
    <p class='ocr_par' dir='ltr' id='par_1_37' title="bbox 251 3431 3512 3514">
     <span class='ocr_line' id='line_1_37' title="bbox 251 3431 3512 3514; baseline 0.003 -31"><span class='ocrx_word' id='word_1_521' title='bbox 251 3431 324 3484; x_wconf 83' lang='lat' dir='ltr'><strong>ad</strong></span> <span class='ocrx_word' id='word_1_522' title='bbox 365 3449 482 3486; x_wconf 85' lang='lat' dir='ltr'><strong>eum</strong></span> <span class='ocrx_word' id='word_1_523' title='bbox 533 3433 762 3502; x_wconf 66' lang='lat' dir='ltr'><strong>regulus,</strong></span> <span class='ocrx_word' id='word_1_524' title='bbox 815 3435 1130 3504; x_wconf 84' lang='lat' dir='ltr'><strong>inpotentia</strong></span> <span class='ocrx_word' id='word_1_525' title='bbox 1193 3436 1493 3493; x_wconf 88' lang='lat' dir='ltr'><strong>minoratus</strong></span> <span class='ocrx_word' id='word_1_526' title='bbox 1528 3457 1540 3492; x_wconf 90' lang='lat'>:</span> <span class='ocrx_word' id='word_1_527' title='bbox 1573 3439 1818 3506; x_wconf 84' lang='lat' dir='ltr'><strong>Domine,</strong></span> <span class='ocrx_word' id='word_1_528' title='bbox 1935 3461 2092 3502; x_wconf 88' lang='lat' dir='ltr'><strong>versa</strong></span> <span class='ocrx_word' id='word_1_529' title='bbox 2121 3445 2406 3498; x_wconf 90' lang='lat' dir='ltr'><strong>multitudo</strong></span> <span class='ocrx_word' id='word_1_530' title='bbox 2456 3444 2842 3514; x_wconf 75' lang='lat' dir='ltr'><strong>cogitationum</strong></span> <span class='ocrx_word' id='word_1_531' title='bbox 2893 3441 3088 3495; x_wconf 89' lang='lat' dir='ltr'><strong>mentis</strong></span> <span class='ocrx_word' id='word_1_532' title='bbox 3131 3441 3270 3511; x_wconf 85' lang='lat' dir='ltr'><strong>ejus.</strong></span> <span class='ocrx_word' id='word_1_533' title='bbox 3301 3440 3370 3494; x_wconf 85' lang='lat' dir='ltr'><strong>Et</strong></span> <span class='ocrx_word' id='word_1_534' title='bbox 3413 3453 3512 3493; x_wconf 90' lang='lat' dir='ltr'><strong>nos</strong></span> 
     </span>
    </p>
   </div>
   <div class='ocr_carea' id='block_1_38' title="bbox 249 3523 3507 3607">
    <p class='ocr_par' dir='ltr' id='par_1_38' title="bbox 249 3523 3507 3607">
     <span class='ocr_line' id='line_1_38' title="bbox 249 3523 3507 3607; baseline 0.004 -32"><span class='ocrx_word' id='word_1_535' title='bbox 249 3523 526 3588; x_wconf 80' lang='lat' dir='ltr'><strong>descende,</strong></span> <span class='ocrx_word' id='word_1_536' title='bbox 555 3527 710 3582; x_wconf 90' lang='lat' dir='ltr'><strong>idest</strong></span> <span class='ocrx_word' id='word_1_537' title='bbox 736 3527 1056 3582; x_wconf 85' lang='lat' dir='ltr'><strong>heuelicium</strong></span> <span class='ocrx_word' id='word_1_538' title='bbox 1090 3527 1542 3584; x_wconf 67' lang='lat' dir='ltr'><strong>tumvisitationis</strong></span> <span class='ocrx_word' id='word_1_539' title='bbox 1571 3541 1833 3588; x_wconf 86' lang='lat' dir='ltr'><strong>autcom-</strong></span> <span class='ocrx_word' id='word_1_540' title='bbox 1936 3537 2118 3607; x_wconf 87' lang='lat' dir='ltr'><strong>itaque</strong></span> <span class='ocrx_word' id='word_1_541' title='bbox 2161 3537 2480 3592; x_wconf 85' lang='lat' dir='ltr'><strong>hcnelicium</strong></span> <span class='ocrx_word' id='word_1_542' title='bbox 2553 3538 2654 3590; x_wconf 89' lang='lat' dir='ltr'><strong>hoc</strong></span> <span class='ocrx_word' id='word_1_543' title='bbox 2733 3534 3032 3589; x_wconf 88' lang='lat' dir='ltr'><strong>Salvatoris</strong></span> <span class='ocrx_word' id='word_1_544' title='bbox 3088 3541 3507 3602; x_wconf 83' lang='lat' dir='ltr'><strong>cognoscentes,</strong></span> 
     </span>
    </p>
   </div>
   <div class='ocr_carea' id='block_1_39' title="bbox 251 3617 3508 3694">
    <p class='ocr_par' dir='ltr' id='par_1_39' title="bbox 251 3617 3508 3694">
     <span class='ocr_line' id='line_1_39' title="bbox 251 3617 3508 3694; baseline 0.002 -26"><span class='ocrx_word' id='word_1_545' title='bbox 251 3617 522 3682; x_wconf 85' lang='lat' dir='ltr'><strong>passionis</strong></span> <span class='ocrx_word' id='word_1_546' title='bbox 551 3619 616 3672; x_wconf 88' lang='lat' dir='ltr'><strong>ad</strong></span> <span class='ocrx_word' id='word_1_547' title='bbox 667 3635 750 3674; x_wconf 90' lang='lat' dir='ltr'><strong>me</strong></span> <span class='ocrx_word' id='word_1_548' title='bbox 798 3619 1092 3674; x_wconf 88' lang='lat' dir='ltr'><strong>clementer</strong></span> <span class='ocrx_word' id='word_1_549' title='bbox 1128 3621 1370 3686; x_wconf 88' lang='lat' dir='ltr'><strong>humilia,</strong></span> <span class='ocrx_word' id='word_1_550' title='bbox 1421 3623 1726 3694; x_wconf 78' lang='lat' dir='ltr'><strong>priusquam</strong></span> <span class='ocrx_word' id='word_1_551' title='bbox 1767 3639 1832 3677; x_wconf 74' lang='lat' dir='ltr'><strong>ex</strong></span> <span class='ocrx_word' id='word_1_552' title='bbox 1879 3669 1882 3672; x_wconf 46' lang='grc' dir='ltr'>λ</span> <span class='ocrx_word' id='word_1_553' title='bbox 1935 3630 2266 3692; x_wconf 75' lang='lat' dir='ltr'><strong>Studeamus,</strong></span> <span class='ocrx_word' id='word_1_554' title='bbox 2293 3628 2336 3682; x_wconf 89' lang='lat' dir='ltr'><strong>si</strong></span> <span class='ocrx_word' id='word_1_555' title='bbox 2368 3641 2586 3680; x_wconf 91' lang='lat' dir='ltr'><strong>necesse</strong></span> <span class='ocrx_word' id='word_1_556' title='bbox 2615 3626 2800 3690; x_wconf 78' lang='lat' dir='ltr'><strong>fuerit,</strong></span> <span class='ocrx_word' id='word_1_557' title='bbox 2827 3625 2878 3678; x_wconf 90' lang='lat' dir='ltr'><strong>in</strong></span> <span class='ocrx_word' id='word_1_558' title='bbox 2903 3625 3057 3678; x_wconf 89' lang='lat' dir='ltr'><strong>nobis</strong></span> <span class='ocrx_word' id='word_1_559' title='bbox 3087 3624 3214 3691; x_wconf 88' lang='lat' dir='ltr'><strong>ipsis</strong></span> <span class='ocrx_word' id='word_1_560' title='bbox 3238 3625 3339 3678; x_wconf 86' lang='lat' dir='ltr'><strong>hoc</strong></span> <span class='ocrx_word' id='word_1_561' title='bbox 3369 3625 3508 3677; x_wconf 90' lang='lat' dir='ltr'><strong>idem</strong></span> 
     </span>
    </p>
   </div>
   <div class='ocr_carea' id='block_1_40' title="bbox 255 3713 3508 3791">
    <p class='ocr_par' dir='ltr' id='par_1_40' title="bbox 255 3713 3508 3791">
     <span class='ocr_line' id='line_1_40' title="bbox 255 3713 3508 3791; baseline 0.002 -29"><span class='ocrx_word' id='word_1_562' title='bbox 255 3717 370 3762; x_wconf 88' lang='lat' dir='ltr'><strong>toto</strong></span> <span class='ocrx_word' id='word_1_563' title='bbox 399 3725 496 3778; x_wconf 86' lang='lat' dir='ltr'><strong>per</strong></span> <span class='ocrx_word' id='word_1_564' title='bbox 522 3721 957 3766; x_wconf 86' lang='lat' dir='ltr'><strong>consummatum</strong></span> <span class='ocrx_word' id='word_1_565' title='bbox 989 3713 1197 3781; x_wconf 87' lang='lat' dir='ltr'><strong>peccati</strong></span> <span class='ocrx_word' id='word_1_566' title='bbox 1222 3727 1544 3768; x_wconf 85' lang='lat' dir='ltr'><strong>consensum</strong></span> <span class='ocrx_word' id='word_1_567' title='bbox 1576 3715 1835 3768; x_wconf 86' lang='lat' dir='ltr'><strong>moriatur</strong></span> <span class='ocrx_word' id='word_1_568' title='bbox 1933 3719 2200 3791; x_wconf 63' lang='lat' dir='ltr'><strong>experiri;</strong></span> <span class='ocrx_word' id='word_1_569' title='bbox 2239 3726 2298 3772; x_wconf 86' lang='lat' dir='ltr'><strong>ut</strong></span> <span class='ocrx_word' id='word_1_570' title='bbox 2325 3717 2574 3786; x_wconf 88' lang='lat' dir='ltr'><strong>quisquis</strong></span> <span class='ocrx_word' id='word_1_571' title='bbox 2608 3717 2898 3785; x_wconf 79' lang='lat' dir='ltr'><strong>cogitatum</strong></span> <span class='ocrx_word' id='word_1_572' title='bbox 2931 3730 3112 3776; x_wconf 91' lang='lat' dir='ltr'><strong>suum,</strong></span> <span class='ocrx_word' id='word_1_573' title='bbox 3141 3715 3294 3782; x_wconf 78' lang='lat' dir='ltr'><strong>quasi</strong></span> <span class='ocrx_word' id='word_1_574' title='bbox 3321 3715 3508 3778; x_wconf 88' lang='lat' dir='ltr'><strong>lilium,</strong></span> 
     </span>
    </p>
   </div>
   <div class='ocr_carea' id='block_1_41' title="bbox 253 3803 3508 3870">
    <p class='ocr_par' dir='ltr' id='par_1_41' title="bbox 253 3803 3508 3870">
     <span class='ocr_line' id='line_1_41' title="bbox 253 3803 3508 3870; baseline -0.005 0"><span class='ocrx_word' id='word_1_575' title='bbox 253 3804 699 3870; x_wconf 61' lang='lat' dir='ltr'><strong>Cl’li&#39;tatusmeus.</strong></span> <span class='ocrx_word' id='word_1_576' title='bbox 809 3813 817 3820; x_wconf 92' lang='lat'><strong><em>‘</em></strong></span> <span class='ocrx_word' id='word_1_577' title='bbox 1841 3819 1851 3832; x_wconf 89' lang='lat'><strong>‘</strong></span> <span class='ocrx_word' id='word_1_578' title='bbox 1936 3809 2130 3864; x_wconf 88' lang='lat' dir='ltr'><strong>viderit</strong></span> <span class='ocrx_word' id='word_1_579' title='bbox 2159 3808 2300 3862; x_wconf 89' lang='lat' dir='ltr'><strong>inter</strong></span> <span class='ocrx_word' id='word_1_580' title='bbox 2328 3805 2609 3860; x_wconf 87' lang='lat' dir='ltr'><strong>illecebras</strong></span> <span class='ocrx_word' id='word_1_581' title='bbox 2639 3803 3054 3858; x_wconf 88' lang='lat' dir='ltr'><strong>delectationnm</strong></span> <span class='ocrx_word' id='word_1_582' title='bbox 3095 3803 3372 3870; x_wconf 81' lang='lat' dir='ltr'><strong>languere,</strong></span> <span class='ocrx_word' id='word_1_583' title='bbox 3403 3819 3508 3856; x_wconf 85' lang='lat' dir='ltr'><strong>non</strong></span> 
     </span>
    </p>
   </div>
   <div class='ocr_carea' id='block_1_42' title="bbox 325 3889 3514 3970">
    <p class='ocr_par' dir='ltr' id='par_1_42' title="bbox 325 3889 3514 3970">
     <span class='ocr_line' id='line_1_42' title="bbox 325 3889 3514 3970; baseline -0.001 -25"><span class='ocrx_word' id='word_1_584' title='bbox 325 3892 462 3946; x_wconf 89' lang='lat' dir='ltr'><strong>Dicit</strong></span> <span class='ocrx_word' id='word_1_585' title='bbox 486 3893 740 3952; x_wconf 80' lang='lat' dir='ltr'><strong>eiJesns:</strong></span> <span class='ocrx_word' id='word_1_586' title='bbox 765 3895 926 3963; x_wconf 89' lang='lat' dir='ltr'><strong>Vade,</strong></span> <span class='ocrx_word' id='word_1_587' title='bbox 956 3897 1006 3951; x_wconf 92' lang='lat' dir='ltr'><strong>id</strong></span> <span class='ocrx_word' id='word_1_588' title='bbox 1037 3907 1142 3964; x_wconf 90' lang='lat' dir='ltr'><strong>est,</strong></span> <span class='ocrx_word' id='word_1_589' title='bbox 1167 3898 1439 3954; x_wconf 87' lang='lat' dir='ltr'><strong>collabora</strong></span> <span class='ocrx_word' id='word_1_590' title='bbox 1463 3901 1650 3970; x_wconf 75' lang='lat' dir='ltr'><strong>gratia:</strong></span> <span class='ocrx_word' id='word_1_591' title='bbox 1679 3915 1830 3964; x_wconf 65' lang='lat' dir='ltr'><strong>meat,</strong></span> <span class='ocrx_word' id='word_1_592' title='bbox 1934 3900 2075 3954; x_wconf 91' lang='lat' dir='ltr'><strong>sinet</strong></span> <span class='ocrx_word' id='word_1_593' title='bbox 2113 3910 2236 3952; x_wconf 90' lang='lat' dir='ltr'><strong>eum</strong></span> <span class='ocrx_word' id='word_1_594' title='bbox 2292 3910 2360 3950; x_wconf 82' lang='lat' dir='ltr'><strong>ex</strong></span> <span class='ocrx_word' id='word_1_595' title='bbox 2415 3903 2546 3958; x_wconf 91' lang='lat' dir='ltr'><strong>toto,</strong></span> <span class='ocrx_word' id='word_1_596' title='bbox 2596 3891 2739 3946; x_wconf 77' lang='lat' dir='ltr'><strong>sicut</strong></span> <span class='ocrx_word' id='word_1_597' title='bbox 2775 3891 2938 3944; x_wconf 80' lang='lat' dir='ltr'><strong>tiliam</strong></span> <span class='ocrx_word' id='word_1_598' title='bbox 2967 3889 3369 3959; x_wconf 76' lang='lat' dir='ltr'><strong>arrhisynagogi</strong></span> <span class='ocrx_word' id='word_1_599' title='bbox 3419 3905 3514 3958; x_wconf 90' lang='lat' dir='ltr'><strong>per</strong></span> 
     </span>
    </p>
   </div>
   <div class='ocr_carea' id='block_1_43' title="bbox 251 3978 3503 4079">
    <p class='ocr_par' dir='ltr' id='par_1_43' title="bbox 251 3978 3503 4079">
     <span class='ocr_line' id='line_1_43' title="bbox 251 3978 3503 4079; baseline -0.002 -43"><span class='ocrx_word' id='word_1_600' title='bbox 251 3985 546 4054; x_wconf 79' lang='lat' dir='ltr'><strong>proﬁciens</strong></span> <span class='ocrx_word' id='word_1_601' title='bbox 577 3988 627 4039; x_wconf 91' lang='lat' dir='ltr'><strong>in</strong></span> <span class='ocrx_word' id='word_1_602' title='bbox 659 3988 816 4042; x_wconf 86' lang='lat' dir='ltr'><strong>bonis</strong></span> <span class='ocrx_word' id='word_1_603' title='bbox 859 3989 1114 4058; x_wconf 75' lang='lat' dir='ltr'><strong>operibus</strong></span> <span class='ocrx_word' id='word_1_604' title='bbox 1150 4005 1272 4044; x_wconf 90' lang='lat' dir='ltr'><strong>cum</strong></span> <span class='ocrx_word' id='word_1_605' title='bbox 1297 3990 1564 4060; x_wconf 89' lang='lat' dir='ltr'><strong>adjutorio</strong></span> <span class='ocrx_word' id='word_1_606' title='bbox 1595 4006 1744 4056; x_wconf 87' lang='lat' dir='ltr'><strong>meo;</strong></span> <span class='ocrx_word' id='word_1_607' title='bbox 1779 4001 1836 4045; x_wconf 84' lang='lat' dir='ltr'><strong>cl.</strong></span> <span class='ocrx_word' id='word_1_608' title='bbox 1933 4001 2256 4042; x_wconf 85' lang='lat' dir='ltr'><strong>consensum</strong></span> <span class='ocrx_word' id='word_1_609' title='bbox 2283 3982 2698 4050; x_wconf 79' lang='lat' dir='ltr'><strong>delectationem</strong></span> <span class='ocrx_word' id='word_1_610' title='bbox 2715 3990 2770 4034; x_wconf 87' lang='lat' dir='ltr'><strong>et</strong></span> <span class='ocrx_word' id='word_1_611' title='bbox 2795 3993 2890 4049; x_wconf 89' lang='lat' dir='ltr'><strong>per</strong></span> <span class='ocrx_word' id='word_1_612' title='bbox 2913 3978 3190 4078; x_wconf 78' lang='lat' dir='ltr'><strong>actionem</strong></span> <span class='ocrx_word' id='word_1_613' title='bbox 3215 3979 3349 4030; x_wconf 87' lang='lat' dir='ltr'><strong>mori</strong></span> <span class='ocrx_word' id='word_1_614' title='bbox 3367 3994 3397 4079; x_wconf 40' lang='lat'><strong>;.</strong></span> <span class='ocrx_word' id='word_1_615' title='bbox 3411 3979 3503 4031; x_wconf 83' lang='lat' dir='ltr'><strong>sed</strong></span> 
     </span>
    </p>
   </div>
   <div class='ocr_carea' id='block_1_44' title="bbox 251 4069 3504 4150">
    <p class='ocr_par' dir='ltr' id='par_1_44' title="bbox 251 4069 3504 4150">
     <span class='ocr_line' id='line_1_44' title="bbox 251 4069 3504 4150; baseline -0.002 -23"><span class='ocrx_word' id='word_1_616' title='bbox 251 4094 278 4130; x_wconf 82' lang='lat' dir='ltr'><strong>s</strong></span> <span class='ocrx_word' id='word_1_617' title='bbox 304 4093 334 4130; x_wconf 95' lang='lat' dir='ltr'><strong>c</strong></span> <span class='ocrx_word' id='word_1_618' title='bbox 360 4078 502 4146; x_wconf 75' lang='lat' dir='ltr'><strong>ﬁlius</strong></span> <span class='ocrx_word' id='word_1_619' title='bbox 535 4079 714 4133; x_wconf 78' lang='lat' dir='ltr'><strong>cordis</strong></span> <span class='ocrx_word' id='word_1_620' title='bbox 742 4079 814 4133; x_wconf 89' lang='lat' dir='ltr'><strong>tui</strong></span> <span class='ocrx_word' id='word_1_621' title='bbox 843 4080 1140 4149; x_wconf 80' lang='lat' dir='ltr'><strong>profectum</strong></span> <span class='ocrx_word' id='word_1_622' title='bbox 1163 4081 1386 4150; x_wconf 78' lang='lat' dir='ltr'><strong>justitia:</strong></span> <span class='ocrx_word' id='word_1_623' title='bbox 1414 4083 1555 4137; x_wconf 79' lang='lat' dir='ltr'><strong>vivit.</strong></span> <span class='ocrx_word' id='word_1_624' title='bbox 1601 4083 1830 4136; x_wconf 85' lang='lat' dir='ltr'><strong>Credidit</strong></span> <span class='ocrx_word' id='word_1_625' title='bbox 1934 4085 2192 4132; x_wconf 82' lang='lat' dir='ltr'><strong>occurrat</strong></span> <span class='ocrx_word' id='word_1_626' title='bbox 2220 4071 2486 4128; x_wconf 85' lang='lat' dir='ltr'><strong>Salvatori</strong></span> <span class='ocrx_word' id='word_1_627' title='bbox 2516 4072 2746 4125; x_wconf 89' lang='lat' dir='ltr'><strong>salutem</strong></span> <span class='ocrx_word' id='word_1_628' title='bbox 2775 4069 3112 4139; x_wconf 85' lang='lat' dir='ltr'><strong>peccantium</strong></span> <span class='ocrx_word' id='word_1_629' title='bbox 3139 4069 3422 4136; x_wconf 72' lang='lat' dir='ltr'><strong>quaerenti,</strong></span> <span class='ocrx_word' id='word_1_630' title='bbox 3453 4077 3504 4122; x_wconf 88' lang='lat' dir='ltr'><strong>et</strong></span> 
     </span>
    </p>
   </div>
   <div class='ocr_carea' id='block_1_45' title="bbox 251 4161 3512 4242">
    <p class='ocr_par' dir='ltr' id='par_1_45' title="bbox 251 4161 3512 4242">
     <span class='ocr_line' id='line_1_45' title="bbox 251 4161 3512 4242; baseline -0.003 -20"><span class='ocrx_word' id='word_1_631' title='bbox 251 4171 427 4236; x_wconf 70' lang='lat' dir='ltr'><strong>homo,</strong></span> <span class='ocrx_word' id='word_1_632' title='bbox 455 4170 505 4223; x_wconf 84' lang='lat' dir='ltr'><strong>id</strong></span> <span class='ocrx_word' id='word_1_633' title='bbox 537 4181 618 4224; x_wconf 82' lang='lat' dir='ltr'><strong>est</strong></span> <span class='ocrx_word' id='word_1_634' title='bbox 650 4171 906 4226; x_wconf 77' lang='lat' dir='ltr'><strong>obediens</strong></span> <span class='ocrx_word' id='word_1_635' title='bbox 937 4171 1036 4226; x_wconf 86' lang='lat' dir='ltr'><strong>l‘nit</strong></span> <span class='ocrx_word' id='word_1_636' title='bbox 1064 4174 1222 4238; x_wconf 91' lang='lat' dir='ltr'><strong>ratio,</strong></span> <span class='ocrx_word' id='word_1_637' title='bbox 1249 4175 1476 4226; x_wconf 88' lang='lat' dir='ltr'><strong>sermoni</strong></span> <span class='ocrx_word' id='word_1_638' title='bbox 1521 4189 1670 4242; x_wconf 84' lang='lat' dir='ltr'><strong>quem</strong></span> <span class='ocrx_word' id='word_1_639' title='bbox 1699 4173 1831 4226; x_wconf 70' lang='lat' dir='ltr'><strong>dixit</strong></span> <span class='ocrx_word' id='word_1_640' title='bbox 1935 4171 2023 4238; x_wconf 88' lang='lat' dir='ltr'><strong>pia</strong></span> <span class='ocrx_word' id='word_1_641' title='bbox 2070 4167 2466 4237; x_wconf 86' lang='lat' dir='ltr'><strong>supplicatione</strong></span> <span class='ocrx_word' id='word_1_642' title='bbox 2513 4164 2757 4220; x_wconf 88' lang='lat' dir='ltr'><strong>obtineat</strong></span> <span class='ocrx_word' id='word_1_643' title='bbox 2786 4164 2854 4218; x_wconf 85' lang='lat' dir='ltr'><strong>ab</strong></span> <span class='ocrx_word' id='word_1_644' title='bbox 2883 4177 2948 4218; x_wconf 92' lang='lat' dir='ltr'><strong>eo</strong></span> <span class='ocrx_word' id='word_1_645' title='bbox 2989 4161 3153 4214; x_wconf 88' lang='lat' dir='ltr'><strong>vitam</strong></span> <span class='ocrx_word' id='word_1_646' title='bbox 3185 4175 3249 4216; x_wconf 86' lang='lat' dir='ltr'><strong>ac</strong></span> <span class='ocrx_word' id='word_1_647' title='bbox 3285 4161 3512 4215; x_wconf 86' lang='lat' dir='ltr'><strong>salutem</strong></span> 
     </span>
    </p>
   </div>
   <div class='ocr_carea' id='block_1_46' title="bbox 253 4251 1797 4332">
    <p class='ocr_par' dir='ltr' id='par_1_46' title="bbox 253 4261 1668 4332">
     <span class='ocr_line' id='line_1_46' title="bbox 253 4261 1668 4332; baseline 0.001 -18"><span class='ocrx_word' id='word_1_648' title='bbox 253 4263 500 4324; x_wconf 74' lang='lat' dir='ltr'><strong>ttlesus,</strong></span> <span class='ocrx_word' id='word_1_649' title='bbox 535 4270 580 4313; x_wconf 84' lang='lat' dir='ltr'><strong>et</strong></span> <span class='ocrx_word' id='word_1_650' title='bbox 610 4261 736 4324; x_wconf 85' lang='lat' dir='ltr'><strong>ibat,</strong></span> <span class='ocrx_word' id='word_1_651' title='bbox 775 4264 1141 4330; x_wconf 82' lang='lat' dir='ltr'><strong>promovendo</strong></span> <span class='ocrx_word' id='word_1_652' title='bbox 1166 4279 1222 4318; x_wconf 86' lang='lat' dir='ltr'><strong>sc</strong></span> <span class='ocrx_word' id='word_1_653' title='bbox 1250 4263 1298 4315; x_wconf 91' lang='lat' dir='ltr'><strong>in</strong></span> <span class='ocrx_word' id='word_1_654' title='bbox 1325 4265 1406 4316; x_wconf 91' lang='lat' dir='ltr'><strong>via</strong></span> <span class='ocrx_word' id='word_1_655' title='bbox 1425 4262 1668 4332; x_wconf 59' lang='lat' dir='ltr'><strong>justitiaa.</strong></span> 
     </span>
    </p>
   </div>
   <div class='ocr_carea' id='block_1_47' title="bbox 1967 4251 3511 4332">
    <p class='ocr_par' dir='ltr' id='par_1_47' title="bbox 1967 4251 3511 4328">
     <span class='ocr_line' id='line_1_47' title="bbox 1967 4251 3511 4328; baseline -0.003 -18"><span class='ocrx_word' id='word_1_656' title='bbox 1967 4259 2073 4328; x_wconf 80' lang='lat' dir='ltr'><strong>jus,</strong></span> <span class='ocrx_word' id='word_1_657' title='bbox 2113 4265 2400 4326; x_wconf 62' lang='lat' dir='ltr'><strong>praestante</strong></span> <span class='ocrx_word' id='word_1_658' title='bbox 2443 4254 2613 4325; x_wconf 89' lang='lat' dir='ltr'><strong>ipsius</strong></span> <span class='ocrx_word' id='word_1_659' title='bbox 2660 4253 2834 4324; x_wconf 79' lang='lat' dir='ltr'><strong>gratia</strong></span> <span class='ocrx_word' id='word_1_660' title='bbox 2881 4251 3200 4316; x_wconf 86' lang='lat' dir='ltr'><strong>Salvatoris,</strong></span> <span class='ocrx_word' id='word_1_661' title='bbox 3249 4252 3338 4318; x_wconf 89' lang='lat' dir='ltr'><strong>qui</strong></span> <span class='ocrx_word' id='word_1_662' title='bbox 3389 4267 3511 4306; x_wconf 86' lang='lat' dir='ltr'><strong>cum</strong></span> 
     </span>
    </p>
   </div>
   <div class='ocr_carea' id='block_1_48' title="bbox 321 4344 1865 4420">
    <p class='ocr_par' dir='ltr' id='par_1_48' title="bbox 321 4349 1834 4420">
     <span class='ocr_line' id='line_1_48' title="bbox 321 4349 1834 4420; baseline 0.005 -18"><span class='ocrx_word' id='word_1_663' title='bbox 321 4349 448 4403; x_wconf 87' lang='lat' dir='ltr'><strong>Jam</strong></span> <span class='ocrx_word' id='word_1_664' title='bbox 487 4361 662 4404; x_wconf 86' lang='lat' dir='ltr'><strong>autent</strong></span> <span class='ocrx_word' id='word_1_665' title='bbox 710 4369 770 4406; x_wconf 92' lang='lat' dir='ltr'><strong>eo</strong></span> <span class='ocrx_word' id='word_1_666' title='bbox 827 4353 1186 4420; x_wconf 87' lang='lat' dir='ltr'><strong>descendente,</strong></span> <span class='ocrx_word' id='word_1_667' title='bbox 1235 4357 1286 4408; x_wconf 92' lang='lat' dir='ltr'><strong>id</strong></span> <span class='ocrx_word' id='word_1_668' title='bbox 1318 4364 1400 4410; x_wconf 88' lang='lat' dir='ltr'><strong>est</strong></span> <span class='ocrx_word' id='word_1_669' title='bbox 1425 4370 1484 4408; x_wconf 89' lang='lat' dir='ltr'><strong>se</strong></span> <span class='ocrx_word' id='word_1_670' title='bbox 1513 4355 1834 4410; x_wconf 86' lang='lat' dir='ltr'><strong>lmmiliantc</strong></span> 
     </span>
    </p>
   </div>
   <div class='ocr_carea' id='block_1_49' title="bbox 1968 4344 3512 4420">
    <p class='ocr_par' dir='ltr' id='par_1_49' title="bbox 1968 4344 3512 4417">
     <span class='ocr_line' id='line_1_49' title="bbox 1968 4344 3512 4417; baseline -0.005 -14"><span class='ocrx_word' id='word_1_671' title='bbox 1968 4355 2100 4404; x_wconf 71' lang='lat' dir='ltr'><strong>’atre</strong></span> <span class='ocrx_word' id='word_1_672' title='bbox 2134 4358 2188 4402; x_wconf 85' lang='lat' dir='ltr'><strong>et</strong></span> <span class='ocrx_word' id='word_1_673' title='bbox 2233 4347 2435 4417; x_wconf 80' lang='lat' dir='ltr'><strong>Spiritu</strong></span> <span class='ocrx_word' id='word_1_674' title='bbox 2483 4355 2673 4400; x_wconf 81' lang='lat' dir='ltr'><strong>sancto</strong></span> <span class='ocrx_word' id='word_1_675' title='bbox 2719 4344 2852 4398; x_wconf 86' lang='lat' dir='ltr'><strong>vivit</strong></span> <span class='ocrx_word' id='word_1_676' title='bbox 2895 4352 2951 4398; x_wconf 89' lang='lat' dir='ltr'><strong>et</strong></span> <span class='ocrx_word' id='word_1_677' title='bbox 3003 4353 3192 4412; x_wconf 81' lang='lat' dir='ltr'><strong>regnat</strong></span> <span class='ocrx_word' id='word_1_678' title='bbox 3229 4344 3388 4408; x_wconf 88' lang='lat' dir='ltr'><strong>Deus,</strong></span> <span class='ocrx_word' id='word_1_679' title='bbox 3419 4357 3512 4412; x_wconf 86' lang='lat' dir='ltr'><strong>per</strong></span> 
     </span>
    </p>
   </div>
   <div class='ocr_carea' id='block_1_50' title="bbox 252 4439 2944 4514">
    <p class='ocr_par' dir='ltr' id='par_1_50' title="bbox 252 4439 2944 4514">
     <span class='ocr_line' id='line_1_50' title="bbox 252 4439 2944 4514; baseline -0.002 -21"><span class='ocrx_word' id='word_1_680' title='bbox 252 4441 304 4493; x_wconf 93' lang='lat' dir='ltr'><strong>in</strong></span> <span class='ocrx_word' id='word_1_681' title='bbox 339 4443 678 4508; x_wconf 76' lang='lat' dir='ltr'><strong>pmnitentia,</strong></span> <span class='ocrx_word' id='word_1_682' title='bbox 729 4452 782 4496; x_wconf 89' lang='lat' dir='ltr'><strong>et</strong></span> <span class='ocrx_word' id='word_1_683' title='bbox 814 4444 1101 4514; x_wconf 81' lang='lat' dir='ltr'><strong>aliligente,</strong></span> <span class='ocrx_word' id='word_1_684' title='bbox 1145 4453 1198 4499; x_wconf 90' lang='lat' dir='ltr'><strong>ct</strong></span> <span class='ocrx_word' id='word_1_685' title='bbox 1223 4445 1290 4498; x_wconf 87' lang='lat' dir='ltr'><strong>ad</strong></span> <span class='ocrx_word' id='word_1_686' title='bbox 1343 4445 1581 4512; x_wconf 86' lang='lat' dir='ltr'><strong>seipsum</strong></span> <span class='ocrx_word' id='word_1_687' title='bbox 1619 4445 1688 4499; x_wconf 86' lang='lat' dir='ltr'><strong>ab</strong></span> <span class='ocrx_word' id='word_1_688' title='bbox 1725 4449 1835 4500; x_wconf 88' lang='lat' dir='ltr'><strong>alto</strong></span> <span class='ocrx_word' id='word_1_689' title='bbox 1937 4444 2116 4500; x_wconf 86' lang='lat' dir='ltr'><strong>omnia</strong></span> <span class='ocrx_word' id='word_1_690' title='bbox 2149 4441 2342 4498; x_wconf 79' lang='lat' dir='ltr'><strong>sa:cu|a</strong></span> <span class='ocrx_word' id='word_1_691' title='bbox 2373 4439 2716 4495; x_wconf 63' lang='lat' dir='ltr'><strong>saeculorum.</strong></span> <span class='ocrx_word' id='word_1_692' title='bbox 2753 4439 2944 4491; x_wconf 87' lang='lat' dir='ltr'><strong>Amen.</strong></span> 
     </span>
    </p>
   </div>
   <div class='ocr_carea' id='block_1_51' title="bbox 251 4525 2939 4600">
    <p class='ocr_par' dir='ltr' id='par_1_51' title="bbox 251 4525 2939 4600">
     <span class='ocr_line' id='line_1_51' title="bbox 251 4525 2939 4600; baseline 0.005 -19"><span class='ocrx_word' id='word_1_693' title='bbox 251 4531 721 4598; x_wconf 76' lang='lat' dir='ltr'><strong>cotitemplationis</strong></span> <span class='ocrx_word' id='word_1_694' title='bbox 769 4532 1048 4599; x_wconf 88' lang='lat' dir='ltr'><strong>redeunte,</strong></span> <span class='ocrx_word' id='word_1_695' title='bbox 1082 4534 1213 4586; x_wconf 83' lang='lat' dir='ltr'><strong>servi</strong></span> <span class='ocrx_word' id='word_1_696' title='bbox 1245 4544 1581 4587; x_wconf 85' lang='lat' dir='ltr'><strong>occurrerunt</strong></span> <span class='ocrx_word' id='word_1_697' title='bbox 1618 4535 1698 4600; x_wconf 83' lang='lat' dir='ltr'><strong>ei,</strong></span> <span class='ocrx_word' id='word_1_698' title='bbox 1733 4535 1834 4590; x_wconf 91' lang='lat' dir='ltr'><strong>hoc</strong></span> <span class='ocrx_word' id='word_1_699' title='bbox 2506 4526 2784 4583; x_wconf 69' lang='grc' dir='ltr'><strong>ΙΙΟΜΠᾸΑ</strong></span> <span class='ocrx_word' id='word_1_700' title='bbox 2823 4525 2939 4580; x_wconf 70' lang='lat' dir='ltr'><strong>xv-</strong></span> 
     </span>
    </p>
   </div>
   <div class='ocr_carea' id='block_1_52' title="bbox 249 4616 3514 4690">
    <p class='ocr_par' dir='ltr' id='par_1_52' title="bbox 249 4616 3514 4690">
     <span class='ocr_line' id='line_1_52' title="bbox 249 4616 3514 4690; baseline -0.002 -16"><span class='ocrx_word' id='word_1_701' title='bbox 249 4629 334 4674; x_wconf 85' lang='lat' dir='ltr'><strong>cst</strong></span> <span class='ocrx_word' id='word_1_702' title='bbox 358 4623 599 4674; x_wconf 85' lang='lat' dir='ltr'><strong>membra</strong></span> <span class='ocrx_word' id='word_1_703' title='bbox 625 4621 870 4690; x_wconf 88' lang='lat' dir='ltr'><strong>corporis</strong></span> <span class='ocrx_word' id='word_1_704' title='bbox 896 4622 976 4676; x_wconf 87' lang='lat' dir='ltr'><strong>sui</strong></span> <span class='ocrx_word' id='word_1_705' title='bbox 1002 4625 1410 4678; x_wconf 87' lang='lat' dir='ltr'><strong>subservicrunt</strong></span> <span class='ocrx_word' id='word_1_706' title='bbox 1432 4624 1480 4678; x_wconf 88' lang='lat' dir='ltr'><strong>ei</strong></span> <span class='ocrx_word' id='word_1_707' title='bbox 1512 4625 1577 4676; x_wconf 89' lang='lat' dir='ltr'><strong>ad</strong></span> <span class='ocrx_word' id='word_1_708' title='bbox 1611 4625 1833 4685; x_wconf 88' lang='lat' dir='ltr'><strong>bonum,</strong></span> <span class='ocrx_word' id='word_1_709' title='bbox 1936 4625 1986 4682; x_wconf 67' lang='lat' dir='ltr'><strong>lu</strong></span> <span class='ocrx_word' id='word_1_710' title='bbox 2015 4638 2346 4680; x_wconf 61' lang='lat' dir='ltr'><strong>t-zvartctauutt</strong></span> <span class='ocrx_word' id='word_1_711' title='bbox 2374 4636 2646 4677; x_wconf 75' lang='lat' dir='ltr'><strong>secuunuu</strong></span> <span class='ocrx_word' id='word_1_712' title='bbox 2667 4633 2924 4674; x_wconf 66' lang='lat' dir='ltr'><strong>Joannem.</strong></span> <span class='ocrx_word' id='word_1_713' title='bbox 2957 4616 3066 4687; x_wconf 84' lang='lat' dir='ltr'><strong>Ego</strong></span> <span class='ocrx_word' id='word_1_714' title='bbox 3086 4633 3202 4670; x_wconf 86' lang='lat' dir='ltr'><strong>sum</strong></span> <span class='ocrx_word' id='word_1_715' title='bbox 3219 4625 3400 4686; x_wconf 83' lang='lat' dir='ltr'><strong>pastor</strong></span> <span class='ocrx_word' id='word_1_716' title='bbox 3421 4616 3514 4668; x_wconf 87' lang='lat' dir='ltr'><strong>bo-</strong></span> 
     </span>
    </p>
   </div>
   <div class='ocr_carea' id='block_1_53' title="bbox 245 4708 3514 4784">
    <p class='ocr_par' dir='ltr' id='par_1_53' title="bbox 245 4708 3514 4784">
     <span class='ocr_line' id='line_1_53' title="bbox 245 4708 3514 4784; baseline -0 -20"><span class='ocrx_word' id='word_1_717' title='bbox 245 4712 401 4782; x_wconf 84' lang='lat' dir='ltr'><strong>juxta</strong></span> <span class='ocrx_word' id='word_1_718' title='bbox 434 4712 561 4766; x_wconf 90' lang='lat' dir='ltr'><strong>illud</strong></span> <span class='ocrx_word' id='word_1_719' title='bbox 587 4713 826 4782; x_wconf 87' lang='lat' dir='ltr'><strong>Apostoli</strong></span> <span class='ocrx_word' id='word_1_720' title='bbox 858 4729 872 4767; x_wconf 90' lang='lat'><strong>:</strong></span> <span class='ocrx_word' id='word_1_721' title='bbox 906 4713 1052 4767; x_wconf 86' lang='lat' dir='ltr'><strong>Sicut</strong></span> <span class='ocrx_word' id='word_1_722' title='bbox 1080 4715 1386 4768; x_wconf 75' lang='lat' dir='ltr'><strong>exhibuislis</strong></span> <span class='ocrx_word' id='word_1_723' title='bbox 1415 4715 1642 4768; x_wconf 87' lang='lat' dir='ltr'><strong>membra</strong></span> <span class='ocrx_word' id='word_1_724' title='bbox 1666 4726 1832 4768; x_wconf 81' lang='lat' dir='ltr'><strong>vestra</strong></span> <span class='ocrx_word' id='word_1_725' title='bbox 2007 4735 2124 4772; x_wconf 87' lang='lat' dir='ltr'><strong>nus.</strong></span> <span class='ocrx_word' id='word_1_726' title='bbox 2157 4715 2335 4770; x_wconf 85' lang='lat' dir='ltr'><strong>Bonus</strong></span> <span class='ocrx_word' id='word_1_727' title='bbox 2361 4725 2541 4784; x_wconf 85' lang='lat' dir='ltr'><strong>pastor</strong></span> <span class='ocrx_word' id='word_1_728' title='bbox 2570 4713 2800 4765; x_wconf 82' lang='lat' dir='ltr'><strong>animum</strong></span> <span class='ocrx_word' id='word_1_729' title='bbox 2832 4727 2985 4765; x_wconf 82' lang='lat' dir='ltr'><strong>suout</strong></span> <span class='ocrx_word' id='word_1_730' title='bbox 3023 4711 3166 4778; x_wconf 87' lang='lat' dir='ltr'><strong>ponit</strong></span> <span class='ocrx_word' id='word_1_731' title='bbox 3208 4725 3302 4778; x_wconf 81' lang='lat' dir='ltr'><strong>pro</strong></span> <span class='ocrx_word' id='word_1_732' title='bbox 3339 4708 3514 4762; x_wconf 77' lang='lat' dir='ltr'><strong>oribus</strong></span> 
     </span>
    </p>
   </div>
   <div class='ocr_carea' id='block_1_54' title="bbox 251 4801 3517 4877">
    <p class='ocr_par' dir='ltr' id='par_1_54' title="bbox 251 4801 3517 4877">
     <span class='ocr_line' id='line_1_54' title="bbox 251 4801 3517 4877; baseline -0.002 -18"><span class='ocrx_word' id='word_1_733' title='bbox 251 4807 446 4860; x_wconf 83' lang='lat' dir='ltr'><strong>servire</strong></span> <span class='ocrx_word' id='word_1_734' title='bbox 489 4807 837 4860; x_wconf 80' lang='lat' dir='ltr'><strong>immunditia:</strong></span> <span class='ocrx_word' id='word_1_735' title='bbox 879 4817 925 4860; x_wconf 88' lang='lat' dir='ltr'><strong>et</strong></span> <span class='ocrx_word' id='word_1_736' title='bbox 960 4807 1226 4877; x_wconf 86' lang='lat' dir='ltr'><strong>iniquitati</strong></span> <span class='ocrx_word' id='word_1_737' title='bbox 1262 4813 1330 4860; x_wconf 87' lang='lat' dir='ltr'><strong>ad</strong></span> <span class='ocrx_word' id='word_1_738' title='bbox 1375 4807 1731 4877; x_wconf 87' lang='lat' dir='ltr'><strong>iniquitatem;</strong></span> <span class='ocrx_word' id='word_1_739' title='bbox 1761 4807 1833 4860; x_wconf 91' lang='lat' dir='ltr'><strong>ita</strong></span> <span class='ocrx_word' id='word_1_740' title='bbox 1997 4809 2129 4862; x_wconf 87' lang='lat' dir='ltr'><strong>suis.</strong></span> <span class='ocrx_word' id='word_1_741' title='bbox 2151 4806 2504 4862; x_wconf 61' lang='lat' dir='ltr'><strong>illercenarius</strong></span> <span class='ocrx_word' id='word_1_742' title='bbox 2530 4813 2782 4864; x_wconf 59' lang='lat' dir='ltr'><strong>autemet</strong></span> <span class='ocrx_word' id='word_1_743' title='bbox 2799 4802 2887 4872; x_wconf 85' lang='lat' dir='ltr'><strong>qui</strong></span> <span class='ocrx_word' id='word_1_744' title='bbox 2916 4819 3016 4855; x_wconf 88' lang='lat' dir='ltr'><strong>non</strong></span> <span class='ocrx_word' id='word_1_745' title='bbox 3037 4811 3110 4854; x_wconf 85' lang='lat' dir='ltr'><strong>est</strong></span> <span class='ocrx_word' id='word_1_746' title='bbox 3139 4811 3340 4870; x_wconf 78' lang='lat' dir='ltr'><strong>pastor,</strong></span> <span class='ocrx_word' id='word_1_747' title='bbox 3365 4801 3517 4870; x_wconf 83' lang='lat' dir='ltr'><strong>cujus</strong></span> 
     </span>
    </p>
   </div>
   <div class='ocr_carea' id='block_1_55' title="bbox 252 4893 3518 4967">
    <p class='ocr_par' dir='ltr' id='par_1_55' title="bbox 252 4893 3518 4967">
     <span class='ocr_line' id='line_1_55' title="bbox 252 4893 3518 4967; baseline -0.001 -19"><span class='ocrx_word' id='word_1_748' title='bbox 252 4911 396 4948; x_wconf 87' lang='lat' dir='ltr'><strong>nunc</strong></span> <span class='ocrx_word' id='word_1_749' title='bbox 417 4895 648 4950; x_wconf 64' lang='lat' dir='ltr'><strong>exhibete</strong></span> <span class='ocrx_word' id='word_1_750' title='bbox 675 4897 905 4950; x_wconf 87' lang='lat' dir='ltr'><strong>membra</strong></span> <span class='ocrx_word' id='word_1_751' title='bbox 929 4907 1094 4950; x_wconf 84' lang='lat' dir='ltr'><strong>vestra</strong></span> <span class='ocrx_word' id='word_1_752' title='bbox 1119 4899 1309 4950; x_wconf 81' lang='lat' dir='ltr'><strong>servire</strong></span> <span class='ocrx_word' id='word_1_753' title='bbox 1321 4897 1545 4967; x_wconf 83' lang='lat' dir='ltr'><strong>justiliu:</strong></span> <span class='ocrx_word' id='word_1_754' title='bbox 1561 4897 1614 4950; x_wconf 87' lang='lat' dir='ltr'><strong>in</strong></span> <span class='ocrx_word' id='word_1_755' title='bbox 1642 4896 1840 4950; x_wconf 37' lang='lat' dir='ltr'><strong>sancti;</strong></span> <span class='ocrx_word' id='word_1_756' title='bbox 2009 4917 2108 4953; x_wconf 89' lang='lat' dir='ltr'><strong>non</strong></span> <span class='ocrx_word' id='word_1_757' title='bbox 2141 4909 2259 4951; x_wconf 85' lang='lat' dir='ltr'><strong>sunt</strong></span> <span class='ocrx_word' id='word_1_758' title='bbox 2301 4895 2668 4964; x_wconf 69' lang='lat' dir='ltr'><strong>ores-propria?</strong></span> <span class='ocrx_word' id='word_1_759' title='bbox 2689 4935 2704 4960; x_wconf 83' lang='grc'><strong><em>,</em></strong></span> <span class='ocrx_word' id='word_1_760' title='bbox 2749 4895 2881 4946; x_wconf 79' lang='lat' dir='ltr'><strong>ridet</strong></span> <span class='ocrx_word' id='word_1_761' title='bbox 2915 4893 3092 4962; x_wconf 87' lang='lat' dir='ltr'><strong>lupum</strong></span> <span class='ocrx_word' id='word_1_762' title='bbox 3121 4893 3449 4955; x_wconf 49' lang='lat' dir='ltr'><strong>uenientem,</strong></span> <span class='ocrx_word' id='word_1_763' title='bbox 3470 4901 3518 4944; x_wconf 85' lang='lat' dir='ltr'><strong>et</strong></span> 
     </span>
    </p>
   </div>
   <div class='ocr_carea' id='block_1_56' title="bbox 249 4981 3512 5058">
    <p class='ocr_par' dir='ltr' id='par_1_56' title="bbox 249 4981 3512 5058">
     <span class='ocr_line' id='line_1_56' title="bbox 249 4981 3512 5058; baseline -0.003 -17"><span class='ocrx_word' id='word_1_764' title='bbox 249 4989 551 5056; x_wconf 81' lang='lat' dir='ltr'><strong>ﬁcationcm</strong></span> <span class='ocrx_word' id='word_1_765' title='bbox 580 4987 757 5058; x_wconf 81' lang='lat' dir='ltr'><strong>(Rom.</strong></span> <span class='ocrx_word' id='word_1_766' title='bbox 783 4990 1079 5056; x_wconf 72' lang='lat' dir='ltr'><strong>vr,15).Ett</strong></span> <span class='ocrx_word' id='word_1_767' title='bbox 1109 4991 1211 5044; x_wconf 85' lang='lat' dir='ltr'><strong>hac</strong></span> <span class='ocrx_word' id='word_1_768' title='bbox 1236 4991 1544 5046; x_wconf 83' lang='lat' dir='ltr'><strong>obeditione</strong></span> <span class='ocrx_word' id='word_1_769' title='bbox 1571 5005 1667 5044; x_wconf 89' lang='lat' dir='ltr'><strong>sua</strong></span> <span class='ocrx_word' id='word_1_770' title='bbox 1699 5007 1833 5044; x_wconf 90' lang='lat' dir='ltr'><strong>nun-</strong></span> <span class='ocrx_word' id='word_1_771' title='bbox 2000 4988 2208 5042; x_wconf 85' lang='lat' dir='ltr'><strong>dimittit</strong></span> <span class='ocrx_word' id='word_1_772' title='bbox 2234 4998 2424 5050; x_wconf 75' lang='lat' dir='ltr'><strong>oves,et</strong></span> <span class='ocrx_word' id='word_1_773' title='bbox 2449 4985 2578 5054; x_wconf 76' lang='lat' dir='ltr'><strong>fugit</strong></span> <span class='ocrx_word' id='word_1_774' title='bbox 2597 5001 2612 5048; x_wconf 89' lang='lat'><strong><em>;</em></strong></span> <span class='ocrx_word' id='word_1_775' title='bbox 2631 4995 2674 5037; x_wconf 88' lang='lat' dir='ltr'><strong>et</strong></span> <span class='ocrx_word' id='word_1_776' title='bbox 2701 4986 2851 5052; x_wconf 86' lang='lat' dir='ltr'><strong>lupus</strong></span> <span class='ocrx_word' id='word_1_777' title='bbox 2877 4982 3092 5052; x_wconf 86' lang='lat' dir='ltr'><strong>rapit,et</strong></span> <span class='ocrx_word' id='word_1_778' title='bbox 3116 4981 3358 5050; x_wconf 84' lang='lat' dir='ltr'><strong>dispergit</strong></span> <span class='ocrx_word' id='word_1_779' title='bbox 3382 4995 3512 5032; x_wconf 80' lang='lat' dir='ltr'><strong>ores.</strong></span> 
     </span>
    </p>
   </div>
   <div class='ocr_carea' id='block_1_57' title="bbox 256 5073 3516 5152">
    <p class='ocr_par' dir='ltr' id='par_1_57' title="bbox 256 5073 3516 5152">
     <span class='ocr_line' id='line_1_57' title="bbox 256 5073 3516 5152; baseline -0.004 -19"><span class='ocrx_word' id='word_1_780' title='bbox 256 5081 530 5133; x_wconf 89' lang='lat' dir='ltr'><strong>tiavcrunt</strong></span> <span class='ocrx_word' id='word_1_781' title='bbox 567 5079 614 5134; x_wconf 91' lang='lat' dir='ltr'><strong>ei</strong></span> <span class='ocrx_word' id='word_1_782' title='bbox 637 5081 778 5150; x_wconf 91' lang='lat' dir='ltr'><strong>quod</strong></span> <span class='ocrx_word' id='word_1_783' title='bbox 811 5080 1038 5135; x_wconf 91' lang='lat' dir='ltr'><strong>interior</strong></span> <span class='ocrx_word' id='word_1_784' title='bbox 1080 5081 1242 5152; x_wconf 74' lang='lat'><strong>183</strong></span> <span class='ocrx_word' id='word_1_785' title='bbox 1271 5081 1413 5150; x_wconf 85' lang='lat' dir='ltr'><strong>ﬁlius</strong></span> <span class='ocrx_word' id='word_1_786' title='bbox 1459 5081 1575 5150; x_wconf 82' lang='lat' dir='ltr'><strong>ejus</strong></span> <span class='ocrx_word' id='word_1_787' title='bbox 1605 5083 1832 5136; x_wconf 90' lang='lat' dir='ltr'><strong>viveret.</strong></span> <span class='ocrx_word' id='word_1_788' title='bbox 2005 5081 2543 5135; x_wconf 79' lang='lat' dir='ltr'><strong>Mercenariusaulem</strong></span> <span class='ocrx_word' id='word_1_789' title='bbox 2569 5076 2860 5146; x_wconf 77' lang='lat' dir='ltr'><strong>{ugit,quia</strong></span> <span class='ocrx_word' id='word_1_790' title='bbox 2875 5073 3226 5128; x_wconf 86' lang='lat' dir='ltr'><strong>mercenarius</strong></span> <span class='ocrx_word' id='word_1_791' title='bbox 3242 5079 3516 5134; x_wconf 87' lang='lat' dir='ltr'><strong>est,etnon</strong></span> 
     </span>
    </p>
   </div>
   <div class='ocr_carea' id='block_1_58' title="bbox 253 5159 3516 5243">
    <p class='ocr_par' dir='ltr' id='par_1_58' title="bbox 253 5159 3516 5243">
     <span class='ocr_line' id='line_1_58' title="bbox 253 5159 3516 5243; baseline -0.004 -19"><span class='ocrx_word' id='word_1_792' title='bbox 253 5169 372 5224; x_wconf 83' lang='lat' dir='ltr'><strong>Non</strong></span> <span class='ocrx_word' id='word_1_793' title='bbox 401 5171 546 5224; x_wconf 89' lang='lat' dir='ltr'><strong>enim</strong></span> <span class='ocrx_word' id='word_1_794' title='bbox 570 5187 702 5227; x_wconf 90' lang='lat' dir='ltr'><strong>caro</strong></span> <span class='ocrx_word' id='word_1_795' title='bbox 722 5175 786 5226; x_wconf 86' lang='lat' dir='ltr'><strong>ad</strong></span> <span class='ocrx_word' id='word_1_796' title='bbox 817 5174 1239 5228; x_wconf 78' lang='lat' dir='ltr'><strong>bonumservirc</strong></span> <span class='ocrx_word' id='word_1_797' title='bbox 1265 5185 1448 5242; x_wconf 84' lang='lat' dir='ltr'><strong>parata</strong></span> <span class='ocrx_word' id='word_1_798' title='bbox 1467 5189 1587 5228; x_wconf 82' lang='lat' dir='ltr'><strong>esse</strong></span> <span class='ocrx_word' id='word_1_799' title='bbox 1612 5173 1830 5243; x_wconf 83' lang='lat' dir='ltr'><strong>poterit,</strong></span> <span class='ocrx_word' id='word_1_800' title='bbox 2011 5172 2229 5242; x_wconf 64' lang='lat' dir='ltr'><strong>pertinet</strong></span> <span class='ocrx_word' id='word_1_801' title='bbox 2255 5170 2321 5222; x_wconf 87' lang='lat' dir='ltr'><strong>ad</strong></span> <span class='ocrx_word' id='word_1_802' title='bbox 2355 5185 2470 5222; x_wconf 87' lang='lat' dir='ltr'><strong>eum</strong></span> <span class='ocrx_word' id='word_1_803' title='bbox 2500 5168 2562 5221; x_wconf 86' lang='lat' dir='ltr'><strong>de</strong></span> <span class='ocrx_word' id='word_1_804' title='bbox 2589 5168 2783 5222; x_wconf 85' lang='lat' dir='ltr'><strong>oribus.</strong></span> <span class='ocrx_word' id='word_1_805' title='bbox 2809 5165 2873 5218; x_wconf 84' lang='lat' dir='ltr'><strong>Et</strong></span> <span class='ocrx_word' id='word_1_806' title='bbox 2904 5163 3126 5230; x_wconf 88' lang='lat' dir='ltr'><strong>reliqua.</strong></span> <span class='ocrx_word' id='word_1_807' title='bbox 3144 5160 3304 5231; x_wconf 83' lang='lat' dir='ltr'><strong>(Joan</strong></span> <span class='ocrx_word' id='word_1_808' title='bbox 3329 5176 3380 5219; x_wconf 70' lang='grc' dir='ltr'><strong>ι.</strong></span> <span class='ocrx_word' id='word_1_809' title='bbox 3408 5159 3516 5225; x_wconf 80' lang='lat' dir='ltr'><strong>ll.)</strong></span> 
     </span>
    </p>
   </div>
   <div class='ocr_carea' id='block_1_59' title="bbox 253 5255 3516 5333">
    <p class='ocr_par' dir='ltr' id='par_1_59' title="bbox 253 5255 3516 5333">
     <span class='ocr_line' id='line_1_59' title="bbox 253 5255 3516 5333; baseline -0.003 -17"><span class='ocrx_word' id='word_1_810' title='bbox 253 5263 298 5316; x_wconf 88' lang='lat' dir='ltr'><strong>si</strong></span> <span class='ocrx_word' id='word_1_811' title='bbox 333 5263 559 5316; x_wconf 86' lang='lat' dir='ltr'><strong>interior</strong></span> <span class='ocrx_word' id='word_1_812' title='bbox 613 5265 863 5320; x_wconf 86' lang='lat' dir='ltr'><strong>dominus</strong></span> <span class='ocrx_word' id='word_1_813' title='bbox 910 5263 1026 5333; x_wconf 85' lang='lat' dir='ltr'><strong>ejus</strong></span> <span class='ocrx_word' id='word_1_814' title='bbox 1068 5265 1119 5320; x_wconf 90' lang='lat' dir='ltr'><strong>in</strong></span> <span class='ocrx_word' id='word_1_815' title='bbox 1153 5268 1290 5320; x_wconf 90' lang='lat' dir='ltr'><strong>bona</strong></span> <span class='ocrx_word' id='word_1_816' title='bbox 1316 5267 1591 5321; x_wconf 88' lang='lat' dir='ltr'><strong>voluntate</strong></span> <span class='ocrx_word' id='word_1_817' title='bbox 1648 5267 1834 5321; x_wconf 81' lang='lat' dir='ltr'><strong>virens</strong></span> <span class='ocrx_word' id='word_1_818' title='bbox 2013 5261 2148 5328; x_wconf 81' lang='lat' dir='ltr'><strong>Quia</strong></span> <span class='ocrx_word' id='word_1_819' title='bbox 2179 5259 2418 5329; x_wconf 87' lang='lat' dir='ltr'><strong>plerique</strong></span> <span class='ocrx_word' id='word_1_820' title='bbox 2469 5258 2570 5313; x_wconf 89' lang='lat' dir='ltr'><strong>sibi</strong></span> <span class='ocrx_word' id='word_1_821' title='bbox 2606 5259 2736 5328; x_wconf 86' lang='lat' dir='ltr'><strong>ipsis</strong></span> <span class='ocrx_word' id='word_1_822' title='bbox 2768 5271 2871 5310; x_wconf 90' lang='lat' dir='ltr'><strong>non</strong></span> <span class='ocrx_word' id='word_1_823' title='bbox 2902 5255 3266 5316; x_wconf 85' lang='lat' dir='ltr'><strong>attendentes,</strong></span> <span class='ocrx_word' id='word_1_824' title='bbox 3293 5265 3392 5304; x_wconf 87' lang='lat' dir='ltr'><strong>nec</strong></span> <span class='ocrx_word' id='word_1_825' title='bbox 3421 5267 3516 5306; x_wconf 83' lang='lat' dir='ltr'><strong>sua</strong></span> 
     </span>
    </p>
   </div>
   <div class='ocr_carea' id='block_1_60' title="bbox 254 5341 3512 5444">
    <p class='ocr_par' dir='ltr' id='par_1_60' title="bbox 254 5341 3512 5444">
     <span class='ocr_line' id='line_1_60' title="bbox 254 5341 3512 5444; baseline -0.004 -36"><span class='ocrx_word' id='word_1_826' title='bbox 254 5368 364 5408; x_wconf 88' lang='lat' dir='ltr'><strong>non</strong></span> <span class='ocrx_word' id='word_1_827' title='bbox 399 5353 578 5409; x_wconf 80' lang='lat' dir='ltr'><strong>fuerit.</strong></span> <span class='ocrx_word' id='word_1_828' title='bbox 617 5353 711 5409; x_wconf 86' lang='lat' dir='ltr'><strong>Vel</strong></span> <span class='ocrx_word' id='word_1_829' title='bbox 733 5356 868 5410; x_wconf 85' lang='lat' dir='ltr'><strong>servi</strong></span> <span class='ocrx_word' id='word_1_830' title='bbox 897 5365 1022 5410; x_wconf 90' lang='lat' dir='ltr'><strong>sunt</strong></span> <span class='ocrx_word' id='word_1_831' title='bbox 1050 5356 1296 5410; x_wconf 89' lang='lat' dir='ltr'><strong>carnales</strong></span> <span class='ocrx_word' id='word_1_832' title='bbox 1332 5370 1542 5420; x_wconf 87' lang='lat' dir='ltr'><strong>sensus,</strong></span> <span class='ocrx_word' id='word_1_833' title='bbox 1581 5359 1670 5425; x_wconf 88' lang='lat' dir='ltr'><strong>qui</strong></span> <span class='ocrx_word' id='word_1_834' title='bbox 1713 5371 1834 5410; x_wconf 86' lang='lat' dir='ltr'><strong>scr-</strong></span> <span class='ocrx_word' id='word_1_835' title='bbox 1937 5353 2070 5408; x_wconf 84' lang='lat' dir='ltr'><strong>vitia</strong></span> <span class='ocrx_word' id='word_1_836' title='bbox 2102 5352 2532 5416; x_wconf 54' lang='lat' dir='ltr'><strong>considerantes,</strong></span> <span class='ocrx_word' id='word_1_837' title='bbox 2562 5349 2796 5420; x_wconf 80' lang='lat' dir='ltr'><strong>gaudent</strong></span> <span class='ocrx_word' id='word_1_838' title='bbox 2828 5346 2880 5400; x_wconf 93' lang='lat' dir='ltr'><strong>in</strong></span> <span class='ocrx_word' id='word_1_839' title='bbox 2909 5347 3067 5412; x_wconf 88' lang='lat' dir='ltr'><strong>hujus</strong></span> <span class='ocrx_word' id='word_1_840' title='bbox 3105 5341 3354 5444; x_wconf 60' lang='lat' dir='ltr'><strong>lectionis</strong></span> <span class='ocrx_word' id='word_1_841' title='bbox 3409 5350 3512 5444; x_wconf 71' lang='lat' dir='ltr'><strong>tra-</strong></span> 
     </span>
    </p>
   </div>
   <div class='ocr_carea' id='block_1_61' title="bbox 251 5433 3513 5517">
    <p class='ocr_par' dir='ltr' id='par_1_61' title="bbox 251 5433 3513 5517">
     <span class='ocr_line' id='line_1_61' title="bbox 251 5433 3513 5517; baseline -0.002 -18"><span class='ocrx_word' id='word_1_842' title='bbox 251 5446 372 5500; x_wconf 84' lang='lat' dir='ltr'><strong>vire</strong></span> <span class='ocrx_word' id='word_1_843' title='bbox 401 5445 598 5500; x_wconf 89' lang='lat' dir='ltr'><strong>debent</strong></span> <span class='ocrx_word' id='word_1_844' title='bbox 623 5448 814 5502; x_wconf 88' lang='lat' dir='ltr'><strong>rationi</strong></span> <span class='ocrx_word' id='word_1_845' title='bbox 843 5467 854 5501; x_wconf 90' lang='lat'><strong><em>:</em></strong></span> <span class='ocrx_word' id='word_1_846' title='bbox 880 5449 972 5517; x_wconf 90' lang='lat' dir='ltr'><strong>qui</strong></span> <span class='ocrx_word' id='word_1_847' title='bbox 1012 5458 1346 5501; x_wconf 86' lang='lat' dir='ltr'><strong>occurrerunt</strong></span> <span class='ocrx_word' id='word_1_848' title='bbox 1379 5449 1446 5508; x_wconf 80' lang='lat' dir='ltr'><strong>ei.</strong></span> <span class='ocrx_word' id='word_1_849' title='bbox 1482 5448 1606 5501; x_wconf 91' lang='lat' dir='ltr'><strong>dum</strong></span> <span class='ocrx_word' id='word_1_850' title='bbox 1647 5462 1708 5502; x_wconf 87' lang='lat' dir='ltr'><strong>se</strong></span> <span class='ocrx_word' id='word_1_851' title='bbox 1743 5465 1837 5516; x_wconf 89' lang='lat' dir='ltr'><strong>pa-</strong></span> <span class='ocrx_word' id='word_1_852' title='bbox 1938 5443 2141 5498; x_wconf 83' lang='lat' dir='ltr'><strong>ctatulo</strong></span> <span class='ocrx_word' id='word_1_853' title='bbox 2165 5443 2352 5496; x_wconf 89' lang='lat' dir='ltr'><strong>audire</strong></span> <span class='ocrx_word' id='word_1_854' title='bbox 2378 5441 2760 5496; x_wconf 87' lang='lat' dir='ltr'><strong>lacerationem</strong></span> <span class='ocrx_word' id='word_1_855' title='bbox 2786 5438 2904 5491; x_wconf 83' lang='lat' dir='ltr'><strong>vita:</strong></span> <span class='ocrx_word' id='word_1_856' title='bbox 2931 5445 3206 5506; x_wconf 84' lang='lat' dir='ltr'><strong>pastorum</strong></span> <span class='ocrx_word' id='word_1_857' title='bbox 3230 5433 3513 5488; x_wconf 71' lang='lat' dir='ltr'><strong>Ecclesizn:</strong></span> 
     </span>
    </p>
   </div>
   <div class='ocr_carea' id='block_1_62' title="bbox 255 5524 3516 5608">
    <p class='ocr_par' dir='ltr' id='par_1_62' title="bbox 255 5524 3516 5608">
     <span class='ocr_line' id='line_1_62' title="bbox 255 5524 3516 5608; baseline -0.005 -16"><span class='ocrx_word' id='word_1_858' title='bbox 255 5548 406 5592; x_wconf 89' lang='lat' dir='ltr'><strong>ratos</strong></span> <span class='ocrx_word' id='word_1_859' title='bbox 434 5538 498 5591; x_wconf 82' lang='lat' dir='ltr'><strong>ad</strong></span> <span class='ocrx_word' id='word_1_860' title='bbox 528 5539 843 5608; x_wconf 83' lang='lat' dir='ltr'><strong>obsequium</strong></span> <span class='ocrx_word' id='word_1_861' title='bbox 876 5539 1126 5596; x_wconf 65' lang='lat' dir='ltr'><strong>oliorum.</strong></span> <span class='ocrx_word' id='word_1_862' title='bbox 1157 5539 1218 5593; x_wconf 79' lang='lat' dir='ltr'><strong>Et</strong></span> <span class='ocrx_word' id='word_1_863' title='bbox 1249 5541 1362 5592; x_wconf 86' lang='lat' dir='ltr'><strong>sive</strong></span> <span class='ocrx_word' id='word_1_864' title='bbox 1393 5538 1636 5606; x_wconf 73' lang='lat' dir='ltr'><strong>corporis</strong></span> <span class='ocrx_word' id='word_1_865' title='bbox 1662 5548 1830 5602; x_wconf 82' lang='lat' dir='ltr'><strong>artus,</strong></span> <span class='ocrx_word' id='word_1_866' title='bbox 1939 5551 2035 5589; x_wconf 86' lang='lat' dir='ltr'><strong>nos</strong></span> <span class='ocrx_word' id='word_1_867' title='bbox 2058 5535 2216 5588; x_wconf 83' lang='lat' dir='ltr'><strong>aliam</strong></span> <span class='ocrx_word' id='word_1_868' title='bbox 2245 5535 2292 5588; x_wconf 90' lang='lat' dir='ltr'><strong>ei</strong></span> <span class='ocrx_word' id='word_1_869' title='bbox 2331 5533 2558 5590; x_wconf 77' lang='lat' dir='ltr'><strong>fecimus</strong></span> <span class='ocrx_word' id='word_1_870' title='bbox 2609 5527 3113 5600; x_wconf 83' lang='lat' dir='ltr'><strong>expositiunrulam,</strong></span> <span class='ocrx_word' id='word_1_871' title='bbox 3151 5541 3272 5595; x_wconf 69' lang='lat' dir='ltr'><strong>qua:</strong></span> <span class='ocrx_word' id='word_1_872' title='bbox 3321 5541 3417 5580; x_wconf 89' lang='lat' dir='ltr'><strong>nos</strong></span> <span class='ocrx_word' id='word_1_873' title='bbox 3449 5524 3516 5580; x_wconf 89' lang='lat' dir='ltr'><strong>ad</strong></span> 
     </span>
    </p>
   </div>
   <div class='ocr_carea' id='block_1_63' title="bbox 251 5617 3516 5702">
    <p class='ocr_par' dir='ltr' id='par_1_63' title="bbox 251 5617 3516 5702">
     <span class='ocr_line' id='line_1_63' title="bbox 251 5617 3516 5702; baseline -0.003 -18"><span class='ocrx_word' id='word_1_874' title='bbox 251 5632 368 5684; x_wconf 82' lang='lat' dir='ltr'><strong>sive</strong></span> <span class='ocrx_word' id='word_1_875' title='bbox 397 5632 642 5687; x_wconf 84' lang='lat' dir='ltr'><strong>carnales</strong></span> <span class='ocrx_word' id='word_1_876' title='bbox 674 5647 864 5688; x_wconf 81' lang='lat' dir='ltr'><strong>sensus</strong></span> <span class='ocrx_word' id='word_1_877' title='bbox 913 5633 1279 5702; x_wconf 77' lang='lat' dir='ltr'><strong>intelligantur</strong></span> <span class='ocrx_word' id='word_1_878' title='bbox 1309 5631 1359 5686; x_wconf 91' lang='lat' dir='ltr'><strong>hi</strong></span> <span class='ocrx_word' id='word_1_879' title='bbox 1409 5631 1564 5695; x_wconf 69' lang='lat' dir='ltr'><strong>servi,</strong></span> <span class='ocrx_word' id='word_1_880' title='bbox 1614 5646 1832 5686; x_wconf 75' lang='lat' dir='ltr'><strong>necesse</strong></span> <span class='ocrx_word' id='word_1_881' title='bbox 1939 5625 2122 5681; x_wconf 86' lang='lat' dir='ltr'><strong>intima</strong></span> <span class='ocrx_word' id='word_1_882' title='bbox 2175 5636 2356 5682; x_wconf 82' lang='lat' dir='ltr'><strong>nostra</strong></span> <span class='ocrx_word' id='word_1_883' title='bbox 2419 5633 2659 5684; x_wconf 77' lang='lat' dir='ltr'><strong>revocet,</strong></span> <span class='ocrx_word' id='word_1_884' title='bbox 2717 5631 2776 5674; x_wconf 90' lang='lat' dir='ltr'><strong>ut</strong></span> <span class='ocrx_word' id='word_1_885' title='bbox 2838 5619 3014 5674; x_wconf 89' lang='lat' dir='ltr'><strong>nullus</strong></span> <span class='ocrx_word' id='word_1_886' title='bbox 3053 5618 3299 5676; x_wconf 86' lang='lat' dir='ltr'><strong>mordere</strong></span> <span class='ocrx_word' id='word_1_887' title='bbox 3352 5617 3516 5673; x_wconf 85' lang='lat' dir='ltr'><strong>vitam</strong></span> 
     </span>
    </p>
   </div>
  </div>
