3884 6052
454 296 557 352 671

815 295 875 353 s.
912 280 1214 353 ANSELMI
1251 269 1600 352 CANTUAlt.
1642 292 1960 351 ARCIIIEP.
2002 290 2038 372 ο

2144 328 2152 344 .
2193 286 2374 343 PARS
2412 284 2480 342 ll.
2516 316 2584 328 —
2627 283 2990 343 PABENE’I‘.
3031 282 3120 340 ΕΤ
3158 284 3403 344 ASCET.

3619 283 3730 340 (s72

457 408 897 477 pnepositorum,
923 421 1085 475 quam
1108 405 1363 461 Christus
1392 421 1489 475 per
1510 404 1749 475 seipsum
1773 405 2043 460 discussu-
2072 410 2116 467 Α
2221 395 2372 451 Videt
2395 396 2575 467 lupum
2604 398 2911 463 venientem,
2942 408 2989 451 et
3030 398 3246 452 dimittit
3301 415 3448 463 0068;
3478 399 3608 470 aula
3638 400 3729 457 vel

456 511 553 554 rus
581 505 687 562 est,
716 497 944 561 audeat;
987 496 1082 551 sed
1132 496 1308 566 magis
1341 496 1719 567 unusquisque
1769 496 1892 551 talis
1919 509 2041 550 esse

457 588 700 649 studeat,
731 584 947 654 qualem
990 585 1344 655 approbando
1397 586 1557 641 lectio
1601 587 1941 640 demonstrat
1986 595 2043 639 et

456 677 596 731 mala
617 690 738 745 quae
758 675 1132 745 reprehendit,
1165 685 1376 731 caveat.
1423 676 1688 747 Loquitur
1719 685 1901 732 autem
1935 676 2040 731 De-

455 767 638 821 minus
662 766 976 830 Pliarisazis,
1018 768 1110 835 qui
1159 782 1220 823 se
1265 783 1572 823 caecosnou
1601 767 2038 838 essejactabant,

448 868 512 917 et
569 860 624 915 in
680 874 873 925 eorum
908 871 1035 930 typo
1080 865 1380 917 cmcitatem
1425 861 1668 917 omnium
1713 861 2045 933 pseudorcli-

453 949 733 1020 giosorum
765 950 1007 1003 deuenit.
1040 949 1114 1003 Ea
1159 964 1288 1006 vero
1332 966 1453 1019 quae
1489 951 1750 1021 loquitur,
1784 952 1865 1006 sic
1902 965 2044 1005 nunc

454 1040 843 1110 intelligamus,
873 1050 934 1095 ut
959 1056 1064 1096 non
1092 1044 1158 1095 ad
1186 1043 1361 1111 ipsum
1392 1053 1574 1112 caput,
1606 1045 1698 1100 sed
1727 1044 1795 1099 ad
1826 1043 2045 1114 aliquod

452 1130 571 1199 ejus
644 1132 948 1187 membrum
1027 1133 1357 1188 referantur.
1428 1133 1562 1188 Nam
1619 1134 1916 1205 smpissime
1987 1134 2043 1189 in

454 1222 755 1293 Scripturis
781 1225 943 1279 verba
990 1223 1202 1279 Domini
1247 1226 1424 1295 primo
1452 1227 1520 1282 ad
1551 1228 1727 1297 ipsum
1758 1226 2043 1282 Dominum

455 1311 789 1380 referuntur,
821 1323 881 1370 et;
903 1313 1102 1371 deimle
1139 1316 1205 1370 ad
1244 1316 1539 1373 Ecclesiam
1566 1333 1687 1388 quae
1722 1327 1807 1373 est
1844 1330 2045 1386 corpus

454 1400 596 1470 ejus,
630 1401 717 1459 vel
747 1403 816 1459 ad
868 1404 1102 1474 aliquem
1131 1406 1429 1463 electorum
1479 1409 1571 1479 qui
1602 1418 1688 1464 est
1743 1409 2044 1462 membrum

454 1493 591 1563 eius,
616 1494 766 1550 velut
795 1510 918 1550 cum
955 1497 1092 1552 dicit
1119 1512 1135 1551 :
1165 1497 1383 1565 Judica,
1408 1500 1649 1564 Domine,
1673 1510 1910 1555 nocentes
1941 1516 2041 1563 me,

450 1602 695 1656 expugna
727 1587 1091 1659 impugnantes
1113 1606 1192 1646 me
1227 1588 1402 1660 (Psat.
1450 1607 1638 1659 xxxw,
1673 1591 1742 1663 I),
1772 1601 1827 1647 et
1861 1592 1946 1647 bis
1971 1591 2044 1647 si-

2145 487 2199 542 in
2230 487 2448 541 homine
2489 501 2769 557 perverso,
2805 487 2889 542 vel
2940 487 2993 541 in
3030 486 3442 544 tribulationum
3488 490 3727 560 procella

2143 588 2401 649 surgente
2421 578 2589 633 sentit
2616 578 2808 635 adesse
2849 580 3104 645 bestiam,
3145 594 3267 651 quin
3294 582 3560 638 bonorum
3597 597 3729 655 0pc-

2142 687 2263 727 rum
2285 686 2416 726 oves
2442 671 2639 740 quaarit
2662 672 2947 739 devorare,
2973 672 3132 727 idest
3159 673 3456 741 diabolum,
3484 678 3576 746 qui
3604 687 3727 732 ten-

2143 763 2441 819 tationibus
2508 763 2902 818 adversitatum
2975 762 3168 818 nititur
3248 764 3390 819 erile
3462 767 3730 821 virtutum

2142 856 2510 923 exstinguere.
2550 853 2616 908 Et
2648 854 2741 924 qui
2793 856 2947 925 prius
2995 854 3117 910 ideo
3175 854 3315 910 bona
3351 853 3614 920 faciebat,
3668 866 3731 912 ut

2146 946 2453 1002 mercedem
2484 961 2583 1016 pro
2610 945 2694 1000 his
2721 946 2777 1001 in
2813 948 3066 1017 praesenti
3107 945 3403 1011 reciperet;
3447 964 3588 1003 nunc
3626 965 3731 1003 an-

2147 1049 2254 1095 tem
2293 1054 2393 1109 pro
2432 1039 2565 1110 ip~is
2618 1038 2908 1094 imminere
2950 1038 3055 1094 sibi
3109 1040 3338 1096 adversa
3382 1040 3729 1110 considerat;

2144 1131 2362 1185 dimittit
2398 1147 2539 1197 ones,
2573 1128 2836 1200 relinquit
2882 1129 3115 1186 virtutes
3155 1145 3293 1201 quas
3334 1132 3608 1197 servabat,
3639 1131 3733 1189 de-

2146 1227 2285 1280 serit
2316 1224 2455 1279 bona
2483 1238 2606 1294 qua:
2631 1222 2887 1290 iaciebat,
2909 1239 2980 1280 ne
3007 1239 3106 1293 pro
3127 1224 3258 1294 ipsis
3278 1224 3417 1279 mala
3432 1226 3727 1288 sustineat;

2145 1326 2193 1370 et
2231 1315 2387 1385 fugit,
2434 1316 2537 1369 hoc
2565 1324 2647 1370 est
2680 1314 2999 1370 adversitati
3032 1331 3091 1371 se
3129 1316 3401 1372 subducit.
3441 1315 3556 1371 Non
3583 1318 3729 1372 enim

2149 1414 2258 1459 tam
2292 1405 2418 1460 loco
2437 1420 2601 1475 quam
2633 1420 2860 1476 operum
2886 1406 3265 1462 immutatione
3296 1408 3447 1478 fugit.
3481 1406 3550 1461 Et
3577 1408 3731 1475 lupus

2147 1499 2310 1568 rapit,
2342 1499 2602 1569 quoniam
2658 1498 2909 1555 diabolus
2957 1515 3021 1555 ea
3081 1500 3402 1555 meritorum
3445 1499 3585 1554 bona
3612 1513 3735 1569 qua:

2148 1588 2432 1645 videbatur
2452 1589 2681 1656 habere,
2706 1588 2865 1645 tollit.
2893 1589 2959 1657 Et
2986 1591 3237 1662 dispergit
3268 1590 3544 1661 oves,quia
3573 1590 3735 1646 dissi-

2148 1689 2242 1750 pat
2263 1679 2380 1749 ejtts
2422 1681 2689 1742 actiones,
2722 1690 2781 1734 tit
2809 1681 2996 1735 omnia
3044 1696 3167 1751 qua:
3206 1679 3322 1749 jam
3354 1679 3568 1747 fecerit,
3622 1681 3734 1737 siut

532 1764 685 1821 Nunc
707 1766 872 1838 igitur
910 1765 1013 1822 ista
1060 1784 1183 1838 quae
1224 1768 1485 1840 loquitur,
1535 1771 1614 1826 sic
1643 1769 1866 1840 intelligi
1893 1769 2043 1824 volu-
2072 1759 2119 1820 Β
2147 1770 2524 1841 incomposita,
2551 1779 2607 1825 et
2630 1771 2950 1843 incongrua,
2980 1780 3036 1827 et
3058 1771 3395 1827 dissidentia.

457 1871 599 1923 mus,
614 1867 868 1928 tanquam
886 1864 930 1916 si
945 1878 1005 1918 ea
1019 1863 1140 1933 quis
1155 1874 1464 1941 sanctorum
1480 1862 1596 1932 ejus
1611 1861 1942 1930 loqueretur;
1964 1860 2041 1915 ait

453 1946 600 2003 enim
626 1966 639 2001 ε
660 1947 772 2020 Ego
789 1966 904 2005 sunt
925 1963 1107 2021 pastor
1126 1954 1311 2009 bonus.
1329 1953 1781 2025 Etunusqttisque
1797 1960 2039 2007 nostrum

455 2042 617 2115 debet
639 2058 759 2098 esse
778 2053 978 2112 pastor,
1002 2048 1108 2100 nan
1138 2044 1549 2114 qualiscunque,
1573 2046 1665 2099 sed
1687 2044 1886 2107 bonus;
1914 2043 2040 2112 quia

455 2146 676 2202 gregem
701 2134 910 2197 ovium,
940 2135 991 2189 id
1013 2145 1099 2191 est
1125 2138 1448 2190 mundarum
1488 2144 1543 2190 et
1582 2135 1923 2189 iunoxiarum
1952 2149 2042 2187 co-

454 2220 779 2290 gitationum
836 2233 1002 2292 atque
1058 2225 1322 2279 virtutum
1372 2224 1557 2290 habet,
1613 2238 1773 2295 quem
1826 2225 2044 2295 pascuis

456 2311 864 2380 Scripturarum
914 2329 1143 2383 pascens
1190 2317 1414 2382 nutriat,
1455 2330 1614 2385 quem
1664 2315 1815 2371 velut
1863 2316 1931 2371 de
1976 2329 2048 2370 eo

456 2401 719 2458 rationem
738 2404 1049 2461 redditurus
1071 2406 1297 2462 Domino
1311 2408 1602 2463 custodiat.
1627 2407 1841 2462 Talium
1858 2410 2042 2464 ovium

456 2493 684 2549 idoneus
714 2505 899 2566 pastor
925 2507 1043 2553 erat
1064 2508 1284 2554 sanctus
1317 2500 1502 2565 David,
1528 2502 1744 2572 quando
1779 2503 1832 2557 in
1861 2517 2040 2572 regem

456 2595 653 2640 unctus
670 2597 777 2651 est,
800 2590 970 2659 utqui
1003 2592 1138 2646 bene
1165 2607 1292 2647 suos
1315 2608 1495 2649 mores
1514 2604 1569 2649 et
1593 2594 1828 2663 seipsuni
1857 2608 2045 2666 regere

457 2682 703 2742 noverat,
729 2688 907 2732 rector
931 2679 1155 2735 aliorum
1182 2682 1355 2738 ﬁeret.
1380 2683 1589 2738 Talium
1613 2684 1794 2741 ovium
1822 2696 2042 2742 sanctus

453 2759 557 2817 Job
576 2773 779 2835 septem
804 2768 972 2823 millia
1001 2772 1476 2844 possidebat;quia
1504 2775 1740 2845 perfecte
1757 2777 2042 2833 virtutibus

456 2853 789 2923 septiformis
817 2860 1007 2926 gratia:
1045 2861 1249 2918 ditatus
1277 2875 1417 2919 erat.
1447 2866 1587 2921 Sunt
1613 2882 1743 2922 vero
1778 2868 2038 2935 nonnulli,

455 2945 549 3015 qui
576 2943 716 3003 bona
751 2964 872 3020 qua:
917 2951 1141 3018 faciunt,
1194 2970 1535 3027 nequaquam
1578 2948 1834 3016 sensibus
1862 2968 1916 3015 et
1950 2975 2041 3014 re-

455 3035 597 3106 gulis
643 3038 980 3109 eloquiorum
1033 3045 1125 3100 Dei
1162 3057 1411 3115 pascunt,
1460 3050 1554 3105 sed
1599 3049 1753 3118 juxta
1793 3052 1934 3121 quod
1960 3053 2041 3107 eis

457 3135 663 3181 rectum
685 3129 1185 3191 videturnutriunt.
1222 3136 1285 3190 Et
1309 3138 1361 3192 lii
1407 3137 1644 3208 perfecto
1685 3141 1807 3195 boni
1860 3151 2041 3212 pasto-

457 3231 547 3272 res
575 3232 682 3275 non
737 3232 892 3288 sunt;
927 3231 1053 3294 quia
1101 3240 1292 3298 greges
1332 3230 1608 3284 actionum
1663 3246 1883 3286 suarum
1938 3247 2040 3286 non

454 3311 594 3369 bene
628 3327 878 3386 pascunt,
909 3335 1034 3375 cum
1069 3324 1331 3393 scriptum
1361 3324 1469 3380 sit:
1500 3324 1695 3380 Discite
1718 3326 1842 3381 bene
1869 3327 2043 3396 facere

454 3400 596 3472 (Isa.
621 3419 659 3471 t,
691 3406 804 3475 l7).

527 3494 708 3552 Bonus
738 3514 867 3555 vero
915 3513 1096 3571 pastor
1137 3506 1369 3560 animant
1397 3522 1547 3560 suam
1570 3508 1719 3575 ponit
1740 3524 1835 3578 pro
1863 3508 2041 3564 ovibus

452 3588 603 3652 suis;
644 3590 768 3658 quia
797 3603 1116 3660 praesentem
1145 3598 1308 3651 vitam
1333 3613 1508 3663 suam,
1534 3614 1655 3668 quae
1680 3600 2041 3670 appellatione

454 3679 652 3734 animm
697 3683 1030 3754 designatur,
1067 3686 1119 3742 in
1150 3686 1532 3756 aﬂlictionibus
1590 3691 1759 3760 punit,
1811 3691 1913 3746 hoc
1957 3701 2043 3747 est

451 3776 752 3838 spontanea
774 3773 1046 3830 voluntate
1065 3779 1292 3841 cruciat,
1319 3794 1415 3848 pro
1436 3779 1667 3835 utilitate
1680 3781 2039 3850 spiritualium

449 3874 673 3918 suarum
699 3865 959 3922 virtutum
986 3876 1041 3923 et
1071 3868 1333 3925 bonarum
1357 3873 1653 3927 actionum.
1679 3871 2039 3929 Mercenart'us

446 3965 645 4019 autent,
669 3966 717 4011 et
739 3959 829 4026 qui
855 3976 959 4014 non
987 3971 1062 4015 est
1084 3974 1281 4031 pastor,
1307 3965 1457 4033 cujus
1490 3981 1591 4019 non
1621 3975 1742 4018 sunt
1774 3982 1889 4019 oves
1915 3982 2039 4035 pro-

448 4045 599 4111 priae,
631 4047 770 4101 videt
799 4050 981 4117 lupum
1005 4052 1308 4112 venien'em.
1339 4063 1385 4106 et
1407 4053 1781 4119 dimittiLoves,
1812 4065 1858 4108 et
1882 4054 2035 4123 fugit.

451 4132 519 4186 Et
545 4134 698 4204 lupus
723 4138 884 4207 rapit,
908 4149 956 4193 et
988 4140 1237 4211 dispergit
1279 4158 1413 4196 ores.
1462 4141 1824 4198 Hercenarius
1860 4157 2036 4200 autem

449 4226 606 4295 fugit,
630 4228 755 4299 quia
801 4232 1156 4285 mercenarius
1177 4244 1335 4297 est,et
1368 4250 1469 4287 non
1489 4236 1707 4304 pertinet
1731 4236 1802 4289 ad
1824 4252 1940 4290 cum
1973 4237 2038 4290 de

448 4318 652 4372 ovibus.
707 4320 917 4376 Dictum
959 4333 1077 4377 erat
1105 4324 1172 4379 de
1205 4339 1291 4388 co,
1343 4327 1435 4394 qui
1486 4325 1833 4382 laudabiliter
1888 4328 2032 4399 agit;

2222 1864 2384 1935 189
2416 1863 2772 1919 Mercenarius
2809 1872 2983 1918 autem
3007 1880 3110 1918 non
3141 1863 3343 1918 resistit
3366 1862 3491 1933 lupo
3515 1876 3730 1933 gnegem

2144 1969 2301 2008 suum
2327 1955 2398 2009 ita
2430 1955 2739 2021 devoranti,
2785 1953 2879 2010 sed
2913 1955 3048 2025 fugit
3081 1968 3097 2020 ;
3131 1952 3257 2024 quia
3289 1952 3377 2009 ille
3415 1953 3507 2022 qui
3558 1953 3730 2006 virtu-

2147 2054 2258 2099 tum
2289 2053 2385 2100 aut
2434 2045 2812 2116 religiosarum
2851 2046 3129 2102 actionum
3178 2043 3322 2099 ovile
3367 2059 3472 2098 nou
3510 2050 3733 2112 propter

2148 2137 2295 2205 ipsas
2327 2136 2576 2200 virtutes,
2619 2136 2716 2192 sed
2745 2144 2968 2208 propter
3000 2135 3153 2191 lucra
3188 2135 3506 2205 temporalia
3548 2126 3738 2191 scrva-

2144 2230 2255 2291 bzt,
2288 2229 2491 2285 recedit
2515 2228 2585 2284 ab
2613 2242 2799 2284 earum
2831 2226 3018 2292 tutela,
3055 2235 3111 2282 et
3146 2225 3407 2295 relinquit
3432 2239 3527 2279 eas
3552 2225 3606 2279 in
3637 2237 3731 2277 ore

2143 2318 2503 2380 devoratoris,
2534 2333 2604 2372 ne
2641 2315 2941 2386 periculum
2987 2315 3190 2371 sentiat
3232 2313 3596 2369 advel-sitatis.
3629 2311 3729 2380 Qui

2144 2415 2431 2479 propterea
2458 2408 2537 2464 sic
2559 2407 2714 2479 fugit,
2734 2407 2860 2474 quia
2887 2406 3243 2460 mercenarius
3268 2414 3374 2468 est,
3406 2403 3458 2458 id
3487 2411 3574 2459 est
3602 2403 3728 2473 quia

2144 2503 2406 2556 virtutum
2435 2514 2600 2569 opera
2628 2508 2847 2569 propter
2886 2497 3377 2553 emolumentorum
3429 2493 3727 2550 carnalium

2145 2589 2448 2645 mercedem
2479 2602 2702 2643 servare
2745 2596 3146 2653 consueverat;
3179 2595 3227 2640 et
3270 2600 3374 2640 non
3414 2585 3633 2655 pertinet
3661 2587 3728 2637 ad

2143 2697 2262 2751 eum
2289 2682 2353 2734 de
2383 2680 2579 2742 ovibus,
2611 2680 2735 2751 quia
2767 2693 2875 2734 non
2907 2686 3036 2734 sunt
3061 2676 3177 2745 ejus
3199 2678 3426 2731 virtutes
3447 2674 3531 2730 vel
3562 2668 3730 2730 actio-

2130 2785 2240 2826 nes
2270 2776 2406 2840 quas
2433 2769 2694 2834 custodit,
2729 2770 2826 2824 sed
2861 2768 3014 2822 lucra
3063 2781 3184 2837 qua:
3226 2780 3326 2836 pro
3368 2766 3452 2821 bis
3481 2764 3724 2834 appetit;

2146 2876 2244 2917 nec
2265 2875 2447 2916 earum
2479 2860 2709 2929 perditio
2743 2869 2977 2915 mentem
3004 2858 3122 2928 ejus
3155 2856 3340 2913 dolore
3382 2857 3574 2928 tangit,
3601 2857 3727 2927 quia

2144 2970 2250 3009 non
2280 2966 2395 3019 cas,
2420 2953 2513 3007 sed
2538 2953 2842 3008 mercedem
2884 2950 3082 3021 diligit.

2216 3044 2502 3113 ﬂuensque
2528 3059 2709 3099 sermo
2734 3042 2949 3097 divinus
2975 3042 3386 3112 perversitatem
3412 3055 3600 3097 eorum
3634 3040 3726 3110 qui

2147 3137 2270 3192 ﬁcto
2289 3137 2472 3198 corde,
2502 3137 2645 3192 sicut
2685 3136 2974 3200 Pharisaei,
3008 3134 3144 3190 bona
3186 3142 3402 3205 gerunt,
3434 3133 3536 3189 sub
3568 3133 3729 3188 unius

2146 3238 2274 3300 typo
2317 3229 2637 3295 denotavit;
2668 3238 2724 3282 et
2769 3236 2889 3298 post
2929 3226 3046 3282 haec
3084 3227 3261 3282 denuo
3295 3227 3585 3296 puritatem
3634 3241 3725 3281 c0-

2145 3327 2407 3396 rum,qui
2459 3325 2701 3396 perfecto
2734 3324 2897 3380 corde
2950 3321 3087 3377 bona
3143 3321 3375 3386 faciunt,
3419 3322 3726 3378 describere

2142 3416 2353 3486 incipit,
2388 3418 2513 3471 dum
2544 3430 2677 3472 voce
2706 3414 2990 3483 cujuslibet
3031 3412 3217 3468 talium
3259 3412 3427 3468 dicit:
3456 3411 3570 3483 Ego
3609 3428 3726 3465 sum

2141 3518 2321 3579 pastor
2352 3507 2536 3562 bonus.
2568 3508 2643 3563 Ac
2683 3508 2727 3562 si
2758 3507 2945 3561 dicat:
2986 3506 3096 3578 Ego
3142 3506 3280 3561 bene
3320 3518 3483 3575 pasco
3520 3512 3574 3559 et
3599 3519 3722 3574 ger-

2144 3613 2304 3653 mana
2335 3598 2705 3654 sollicitudine
2743 3598 3056 3654 custodiens
3096 3598 3279 3652 nutrio
3304 3610 3433 3651 oves
3463 3595 3723 3649 bonarum

2141 3690 2555 3761 cogitationum,
2594 3700 2757 3760 atque
2796 3690 3059 3758 virtutum
3105 3688 3234 3742 milii
3265 3685 3528 3742 divinitus
3555 3684 3722 3740 tradi-

2142 3790 2344 3837 tarum.
2369 3781 2437 3836 Et
2473 3797 2726 3852 cognosco
2774 3796 2916 3835 meas
2964 3795 3111 3844 oves,
3146 3779 3198 3835 id
3240 3786 3326 3834 est
3359 3792 3463 3831 non
3513 3774 3727 3845 neglige

2139 3887 2196 3932 et
2237 3877 2401 3948 diligo
2451 3891 2600 3933 meas
2642 3876 2871 3932 virtutes
2898 3894 2911 3930 :
2938 3885 2986 3930 et
3018 3884 3332 3945 cognoscunt
3376 3890 3458 3929 me
3495 3888 3643 3932 mem,
3673 3871 3724 3928 id

2139 3976 2254 4035 est,
2298 3967 2445 4023 velut
2473 3966 2671 4022 dilecto
2703 3966 2833 4021 milii
2870 3965 3174 4029 adluereut,
3213 3980 3310 4020 nec
3337 3980 3367 4018 a
3412 3980 3500 4019 me
3542 3964 3626 4017 vel
3672 3964 3723 4016 in

2138 4060 2380 4115 adversis
2404 4049 2751 4130 separantur.
2785 4058 2920 4113 Eum
2954 4073 3189 4128 namque
3219 4067 3534 4127 cognoscunt
3557 4057 3715 4111 virtu-

2141 4158 2240 4214 tes,
2276 4150 2367 4219 qui
2393 4163 2499 4204 uon
2530 4148 2589 4204 ﬁt
2622 4149 2703 4204 eis
2733 4147 3040 4219 incognitus
3077 4160 3174 4216 per
3202 4145 3417 4216 aliquas
3468 4145 3724 4200 vitiorum

2139 4242 2588 4313 perpetrationes.

2207 4333 2354 4389 Sicut
2382 4334 2519 4388 novit
2542 4349 2622 4386 me
2655 4330 2836 4398 Pater,
2865 4342 2914 4387 et
2940 4347 3032 4402 ego
3064 4345 3291 4401 agnosco
3314 4328 3527 4384 Patrem
3551 4345 3571 4393 ;
3595 4329 3723 4399 quia

447 4408 652 4463 dicitur
680 4418 736 4465 et
769 4410 833 4465 de
873 4409 985 4477 illo,
1025 4412 1117 4482 qui
1171 4416 1413 4484 segu'tcr
1454 4415 1588 4469 vivit
1624 4430 1639 4469 :
1673 4415 1898 4481 dictum,
1941 4418 2027 4471 in-
2065 4441 2110 4500 ί)
2137 4425 2279 4481 sicut
2303 4427 2538 4480 cmlestis
2574 4423 2664 4478 ille
2712 4423 2873 4478 Pater
2907 4424 3098 4480 dilexit
3147 4441 3233 4479 me
3274 4430 3491 4495 propter
3520 4436 3630 4485 me.
3672 4420 3723 4475 id

449 4514 637 4566 quam,
668 4499 843 4556 fuerat
868 4502 935 4557 de
958 4513 1195 4573 pastore,
1236 4505 1328 4574 qui
1361 4522 1469 4560 non
1498 4517 1714 4560 recusat
1738 4523 1833 4575 pro
1853 4508 2033 4562 ovibus

449 4591 680 4646 animum
711 4608 941 4663 ponere;
984 4598 1184 4652 dicitur
1212 4607 1267 4653 et
1305 4601 1371 4654 de
1397 4602 1754 4665 mercenario,
1800 4602 1893 4673 qui
1926 4618 2031 4658 non

450 4683 612 4738 audet
641 4683 768 4754 lupo
791 4686 1069 4743 resistere.
1115 4688 1249 4743 Nam
1281 4694 1637 4748 mercenarius
1663 4702 1766 4757 est,
1810 4695 1900 4762 qtti
1937 4706 2044 4764 pro'

452 4776 702 4832 mercede
729 4784 1105 4848 temporalium
1133 4800 1312 4839 rerum
1340 4788 1451 4857 agit
1479 4786 1639 4852 bona,
1657 4788 1745 4856 qui
1781 4805 1883 4843 non
1912 4805 2032 4859 gra-

451 4867 521 4921 tis
556 4869 721 4922 Deum
767 4862 918 4936 coiit,
973 4875 1063 4943 qui
1094 4890 1194 4944 pro
1237 4877 1321 4933 bis
1371 4892 1492 4948 qua:
1542 4879 1794 4951 religiose
1820 4881 2032 4936 videtur

446 4958 686 5028 epeiari,
710 4961 904 5030 quierit
943 4962 997 5020 in
1043 4965 1148 5022 hoc
1182 4968 1381 5024 saeculo
1425 4969 1708 5040 praemium
1742 4970 1826 5025 vel
1858 4970 2032 5028 laudis

448 5049 531 5107 vel
580 5052 842 5109 muneris.
891 5054 961 5110 Et
1015 5057 1121 5115 iste
1172 5076 1279 5117 non
1326 5069 1413 5117 est
1456 5071 1678 5132 pastor;
1722 5062 1850 5133 quia
1898 5078 2031 5119 oves

445 5148 717 5203 actionum
743 5161 965 5204 suarum
997 5165 1101 5206 non
1132 5153 1308 5222 pascit
1335 5154 1752 5224 Scripturarum
1786 5157 2027 5226 pascuis,

447 5253 595 5301 ιιιεο
616 5246 776 5302 modo
790 5246 870 5302 vel
886 5247 1083 5307 studio,
1111 5261 1220 5317 quo
1240 5260 1397 5301 sacra
1425 5247 1638 5318 eloquia
1665 5248 1880 5314 docent,
1907 5258 2033 5337 agat

448 5336 779 5413 illas.gCujus
839 5355 943 5393 non
990 5347 1112 5392 sunt
1157 5353 1270 5392 oves
1312 5339 1571 5407 proprior;
1601 5339 1726 5405 quia
1778 5336 2027 5405 virtutes,

444 5445 581 5499 quas
604 5430 656 5486 in
682 5432 863 5501 seipse
891 5431 1167 5485 custodire
1192 5428 1424 5494 videtur,
1457 5445 1525 5485 an
1553 5446 1618 5487 eo
1651 5442 1778 5488 sunt
1801 5433 2025 5500 alienae,

445 5521 572 5576 dum
618 5536 712 5578 eas
740 5524 809 5580 ob
852 5522 1224 5579 transitoriam
1268 5522 1681 5579 retributionem
1724 5535 1929 5592 servat,
1973 5538 2029 5583 et

360 5610 363 5613 ’
449 5629 553 5668 non
582 5615 738 5682 quasi
774 5616 1021 5686 praprias
1051 5624 1217 5670 amat.
1254 5613 1351 5670 llic
1378 5629 1508 5685 ergo
1541 5617 1631 5684 qui
1668 5616 1722 5670 in
1752 5617 2027 5687 prosperis

446 5704 526 5760 sic
560 5703 779 5771 agebat,
820 5706 1099 5762 audiamus
1129 5708 1180 5762 iu
1216 5708 1455 5764 adversis
1480 5706 1605 5777 quid
1646 5705 1824 5763 faciat.

2134 4528 2216 4573 est
2251 4526 2471 4585 propter
2501 4524 2676 4571 meam
2705 4517 2958 4585 salutem,
2982 4529 3035 4572 et
3064 4533 3168 4573 non
3195 4527 3417 4588 propter
3447 4514 3627 4579 aliud;
3653 4516 3723 4569 ita

2134 4620 2187 4665 et
2216 4627 2317 4681 ego
2339 4610 2503 4680 diligo
2532 4625 2655 4664 eum
2682 4619 2905 4679 propter
2936 4620 3152 4675 cum,et
3174 4626 3280 4666 non
3308 4619 3527 4680 propter
3553 4608 3719 4662 aliud.

2134 4700 2268 4754 Nam
2311 4716 2412 4754 nec
2440 4700 2525 4754 ille
2551 4698 2695 4754 aliud
2725 4700 2975 4770 qtursivit
3003 4715 3103 4771 pro
3141 4700 3243 4756 bac
3270 4698 3583 4759 dilectione,
3618 4696 3720 4751 nisi

2135 4804 2251 4854 me,
2286 4804 2385 4844 nec
2415 4802 2515 4859 ego
2564 4789 2711 4843 aliud
2749 4804 2937 4858 quer
2983 4804 3082 4860 pro
3126 4789 3229 4844 hac
3277 4786 3590 4852 dilectione,
3616 4784 3718 4839 nisi

2135 4880 2304 4936 illum.
2339 4880 2477 4935 llinc
2505 4882 2758 4951 estquod
2781 4889 2835 4936 et
2861 4880 2914 4935 in
2939 4879 3169 4950 epistola
3207 4895 3303 4935 sua
3326 4877 3565 4934 Joannes
3592 4877 3671 4930 ait
3701 4893 3716 4933 :

2135 4970 2272 5037 Quia
2299 4971 2432 5025 sicut
2479 4970 2568 5025 ille
2594 4983 2689 5037 est,
2723 4972 2799 5026 ita
2836 4982 2886 5027 et
2920 4988 3013 5026 nos
3059 4987 3243 5024 sumus
3283 4971 3337 5024 in
3379 4970 3478 5023 Iioc
3522 4968 3719 5021 mendo

2133 5063 2183 5135 (1
2215 5061 2378 5117 Joan.
2409 5078 2483 5131 tv,
2526 5063 2637 5136 17).
2686 5065 2835 5121 Sicut
2871 5065 3016 5120 enim
3046 5079 3153 5119 non
3179 5063 3547 5134 aequalitatem
3572 5076 3718 5116 nunc

2131 5153 2421 5224 signiﬁcat,
2450 5153 2547 5210 sed
2568 5154 3006 5223 similitudinem;
3045 5154 3170 5226 quia
3207 5170 3315 5211 non
3343 5153 3622 5224 loquimur
3651 5152 3719 5207 de

2132 5246 2518 5316 Redemptore,
2545 5248 2635 5318 qui
2679 5248 2973 5304 secundum
3010 5248 3348 5304 divinitatem
3381 5246 3607 5316 arqualis
3635 5252 3718 5299 est

2130 5339 2310 5405 Patri;
2335 5340 2427 5394 sed
2455 5340 2523 5394 de
2566 5339 2864 5409 redempto,
2894 5339 2983 5408 qui
3014 5343 3315 5393 membrum
3352 5348 3437 5392 est
3479 5334 3716 5390 Redem-

2131 5430 2449 5502 ptoris.rQui
2476 5430 2685 5485 scilicet
2709 5429 3022 5500 redemptus
3044 5429 3319 5500 subiungit
3343 5446 3358 5480 :
3389 5426 3455 5482 Et
3482 5426 3717 5481 animam

2131 5539 2298 5576 ineant
2326 5538 2462 5590 pono
2482 5538 2577 5590 pro
2597 5522 2774 5575 ovibus
2800 5522 2943 5577 meis.
2978 5520 3034 5575 Id
3059 5521 3143 5577 est
3175 5519 3524 5590 temporalem
3547 5519 3716 5573 vitam

2133 5613 2357 5668 humilio
2389 5612 2441 5665 in
2473 5610 2765 5678 laboribus,
2796 5623 2851 5668 et
2889 5612 3135 5680 expende
3185 5620 3243 5666 ut
3278 5597 3407 5668 oves
3448 5610 3714 5664 virtutum

2130 5717 2183 5762 et
2217 5706 2487 5794 actionum
2520 5720 2767 5761 mearum
2798 5721 2903 5761 non
2937 5706 3202 5770 amittam,
3237 5704 3329 5761 sed
3361 5701 3715 5773 multiplicem
