3910 6018
244 223 360 280 673

1187 216 1492 276 HOMILl/E
1533 219 1620 276 ΕΤ
1665 215 1902 275 ΕΧΙΙΟΒ
1921 216 2276 274 l'ATlONES.

3425 223 3534 280 674

253 355 312 402 et
347 343 576 398 foveam.
611 337 748 406 Quia
776 349 904 392 vero
923 342 1044 405 post
1067 335 1254 389 activa:
1279 336 1401 390 vitae
1431 334 1845 404 laboresjustus
1875 337 1919 394 Α
1951 341 2152 397 autem,
2177 332 2244 386 de
2280 331 2494 386 mortali
2538 331 2588 385 in
2637 341 2866 386 mortem
2907 333 3362 406 prmcipitarctur.
3414 338 3544 396 Per-

253 437 326 490 ad
359 429 791 498 contemplativa:
849 425 1183 480 suavitatem
1218 425 1482 493 prolicere
1532 423 1688 490 solet,
1721 431 1845 492 apte

253 522 475 592 subjicit
501 535 514 573 :
543 517 610 571 Et
641 516 778 571 alias
817 531 932 570 oues
979 514 1168 579 habeo,
1192 531 1311 582 qua:
1351 530 1454 568 non
1495 523 1614 568 sunt
1645 529 1711 568 ea:
1747 515 1844 568 hoc

252 613 396 675 ovili,
425 610 480 666 id
509 619 596 666 est
648 609 877 663 virtutes
909 606 1172 662 theoricaa
1221 605 1544 669 dulcedinis,
1569 619 1692 674 quae
1740 619 1844 658 non

251 712 374 758 sunt
399 717 466 757 ex
493 714 654 770 grege
683 700 943 752 virtutum
971 697 1225 767 practice:
1249 696 1673 752 exercitationis.
1695 695 1845 750 Alias

249 791 399 846 enim
427 788 657 844 virtutes
692 786 856 842 habet
898 785 1078 854 justus
1113 785 1168 840 in
1221 785 1396 840 activa
1425 785 1560 851 vita,
1605 795 1661 841 et
1709 784 1846 842 alias

223 879 310 934 .in
335 876 776 950 contemplativa.
803 874 871 930 Et
895 875 1036 942 illas,
1071 875 1266 946 inquit,
1289 890 1409 946 quae
1447 883 1574 931 sunt
1603 884 1846 932 contem-

251 971 531 1044 plationis,
560 979 760 1038 oportet
798 984 879 1022 me
902 967 1165 1022 adducere
1187 967 1258 1022 ad
1281 967 1388 1022 ima
1411 983 1546 1022 mea:
1575 967 1844 1038 possibili-

253 1064 404 1130 tatis,
429 1061 570 1116 utin
608 1059 1026 1116 conversatione
1049 1073 1170 1120 mea
1211 1058 1416 1116 sociam
1442 1058 1573 1118 illas
1601 1059 1690 1116 his
1725 1073 1845 1130 qua:

251 1161 382 1207 sunt
409 1150 662 1206 actionis.

330 1242 394 1295 Et
415 1257 586 1296 vocem
611 1255 782 1294 meam
813 1247 1028 1294 aument
1049 1253 1069 1294 :
1099 1239 1227 1310 quia
1257 1253 1566 1308 sermonem
1595 1239 1844 1296 volunta-

251 1335 324 1388 tis
351 1348 484 1387 mea:
511 1331 734 1396 facient,
767 1332 870 1386 hoc
903 1339 988 1386 est
1029 1341 1218 1385 nutum
1247 1331 1427 1387 cordis
1455 1331 1560 1387 mei
1603 1346 1840 1404 sequen-

251 1436 362 1479 tur.
396 1423 528 1478 Nam
553 1431 607 1478 et
634 1439 728 1478 cor
757 1423 920 1478 habet
959 1437 1114 1478 suam
1157 1438 1369 1489 vocem,
1394 1438 1658 1494 suamque
1699 1423 1844 1478 locu-

250 1519 480 1572 tionem.
521 1514 584 1580 Et
607 1513 694 1583 ﬁet
733 1529 894 1567 unum
934 1513 1066 1568 ovile
1117 1512 1187 1568 de
1216 1513 1509 1570 virtutibus
1559 1515 1843 1583 utriusque

247 1609 406 1674 vitaz;
433 1618 482 1662 et
507 1621 643 1660 unus
679 1614 860 1675 pastor
885 1603 978 1660 fiet
1021 1613 1400 1674 utrarumque,
1443 1619 1598 1660 meus
1635 1604 1842 1660 scilicet

1949 436 2144 476 suasns
2177 435 2308 492 ergo
2335 437 2364 474 a
2402 421 2638 486 diabolo,
2664 421 2820 491 juxta
2855 424 3156 480 terribilem
3191 430 3281 481 Dei
3319 434 3545 484 commi-

1950 514 2250 580 nationem,
2282 515 2348 570 de
2379 513 2592 568 mortali
2629 524 2878 570 mortuus
2923 515 3098 572 factus
3121 527 3224 583 est,
3255 525 3310 574 ct
3333 519 3480 589 juste
3509 537 3541 576 a

1949 603 2164 660 diabolo
2188 619 2490 674 possessus,
2540 605 2628 660 cui
2675 615 2870 674 Sponte
2907 617 3262 663 consenserat
3288 607 3444 680 (Gen.
3477 625 3539 678 ιι,
3583 591 3606 618 ⁶’

1948 696 2059 766 l7).
2085 694 2267 750 Voluit
2321 705 2505 750 tamen
2537 711 2661 752 eum
2717 696 2860 752 Deus
2899 698 3218 768 requirere;
3245 700 3372 769 quia
3414 701 3542 756 licet

1947 796 2160 857 sponte,
2188 786 2364 842 aliena
2411 796 2592 842 tamen
2637 788 2836 844 cecidit
2873 789 3248 857 persuasione.
3282 790 3541 850 Diabolus

1947 892 2077 932 vero
2103 877 2304 947 requiri
2337 891 2448 932 non
2474 877 2700 944 debuit;
2731 879 2859 947 quia
2907 880 2958 934 in
2995 889 3202 936 natura:
3235 896 3348 936 suae
3371 881 3540 937 firmi-

1948 967 2136 1022 mitate
2166 982 2262 1038 per
2303 967 2542 1038 seipsum
2599 967 2746 1022 nulla
2797 969 3142 1024 extrinsecus
3187 972 3540 1040 persuasione

1945 1058 2164 1116 cecidit.
2216 1056 2470 1128 Oportuit
2495 1073 2627 1129 ergo
2659 1067 2719 1113 ut
2755 1070 3036 1114 auctorem
3067 1060 3258 1116 salutis
3290 1062 3537 1130 haberet,

1944 1163 2042 1218 per
2076 1149 2395 1218 quemjusta
2424 1150 2634 1204 ratione
2657 1152 2724 1204 ad
2765 1151 2934 1204 Deum
2983 1151 3206 1206 rediret.
3243 1153 3539 1212 Videamus

1945 1257 2078 1314 ergo
2109 1241 2232 1312 quis
2287 1241 2382 1297 ille
2419 1251 2612 1296 auctor
2638 1256 2759 1296 esse
2788 1243 3048 1310 potuerit.
3081 1243 3136 1297 Si
3169 1243 3309 1299 Dens
3329 1245 3536 1314 simpli-

1944 1333 2080 1388 citer
2109 1341 2276 1394 esset.
2304 1339 2520 1401 poterat
2545 1331 2764 1400 quidem
2794 1331 3064 1386 diabolqu
3101 1332 3340 1403 vincere,
3365 1336 3538 1390 homi-

1945 1435 2068 1475 nem
2105 1420 2354 1490 eriperc;
2398 1419 2493 1474 sed
2527 1420 2640 1473 haec
2663 1419 2774 1474 sola
2796 1419 2910 1487 jam
2949 1429 3094 1475 esset
3133 1423 3395 1490 potentia,
3430 1437 3538 1478 non

1945 1510 2354 1581 ratiojustitiae;
2389 1511 2432 1566 si
2457 1509 2695 1576 diabolo,
2725 1511 2816 1580 qui
2849 1512 3042 1566 mortis
3085 1513 3319 1568 habebat
3369 1515 3540 1583 impc-

1946 1605 2086 1660 rium
2135 1602 2326 1676 (Hebr.
2373 1619 2438 1668 ιι,
2491 1601 2602 1673 li),
2640 1602 2780 1656 sicut
2821 1601 2899 1656 ait
2937 1603 3251 1671 Apostolus,
3286 1607 3540 1675 quamvis

247 1697 484 1763 animus,
507 1695 600 1766 qui
642 1695 696 1750 in
746 1703 1102 1766 utrarumque
1139 1694 1386 1750 custodia
1437 1695 1508 1750 sit
1554 1694 1838 1754 sollicitus.
1874 1703 1918 1762 Β
1949 1711 2063 1751 rem
2095 1695 2326 1750 alienam
2361 1694 2670 1758 invasisset,
2699 1701 2880 1747 tamen
2906 1703 3102 1764 sponte
3141 1699 3535 1754 assentientem

247 1780 377 1844 llaec
402 1789 584 1857 itaque
609 1787 652 1841 si
681 1787 804 1857 quis
827 1786 1116 1858 diligenter
1151 1785 1412 1852 attendat,
1440 1794 1494 1841 et
1521 1795 1699 1841 utrum
1727 1787 1842 1855 ipse

247 1882 330 1936 sic
356 1879 528 1951 egerit
559 1877 640 1934 vel
673 1893 778 1933 non
802 1879 976 1948 egerit
1009 1877 1283 1949 inspiciat,
1320 1877 1549 1934 desistet
1596 1876 1841 1934 lacerare

245 1973 414 2027 vitam
447 1979 722 2042 pastorum
751 1969 1024 2026 Ecclesitn.

755 2059 1038 2117 HOMILIA
1077 2059 1193 2115 xvr
1225 2061 1304 2132 (1)

244 2151 301 2210 ιιι
341 2169 500 2212 tum»
535 2169 548 2210 :
581 2151 804 2209 Docebat
845 2153 984 2208 enim
1032 2167 1150 2208 eum
1199 2161 1409 2224 propter
1443 2167 1594 2224 quem
1627 2153 1835 2220 omnia,

463 2256 512 2302 et
537 2263 629 2316 per
652 2261 804 2317 quem
833 2246 1029 2312 omnia,
1057 2255 1164 2300 etc.
1199 2244 1386 2316 (Hebr.
1417 2259 1478 2310 ιι,
1513 2245 1624 2316 10.)

323 2341 464 2393 Dens
495 2329 841 2408 omnipotens
863 2337 906 2390 si
940 2335 1143 2390 nullam
1175 2336 1390 2406 penitus
1424 2347 1732 2391 creaturam
1762 2336 1838 2390 fe-

243 2430 433 2494 cisset,
459 2430 512 2484 in
553 2430 732 2500 seipse
782 2427 938 2498 plene
991 2429 1183 2482 beatus
1230 2441 1352 2482 esse
1396 2427 1608 2497 potuit;
1638 2427 1837 2497 quippe

244 2520 395 2574 nullo
425 2519 691 2590 indigens,
717 2519 812 2573 sed
850 2518 1066 2572 sibimet
1109 2531 1497 2588 usquequaque
1538 2515 1835 2573 sufliciens.

244 2609 448 2664 Voleus
479 2619 660 2663 autem
683 2624 747 2663 ex
779 2623 988 2663 suumia
1029 2607 1272 2664 bonitate
1320 2605 1626 2664 creaturam
1668 2606 1838 2662 beati-

245 2701 420 2766 ficari,
451 2700 594 2768 quod
631 2712 696 2752 cx
727 2697 895 2768 ipsius
941 2706 1150 2751 tantmn
1207 2697 1518 2766 cognitione
1563 2705 1618 2752 et
1653 2709 1837 2750 amore

243 2791 486 2844 futurum
525 2799 666 2854 erat,
697 2787 982 2858 angelicas
1032 2797 1317 2841 creaturas
1373 2786 1524 2853 fecit,
1560 2789 1589 2842 a
1640 2787 1837 2857 quibus

243 2881 587 2944 laudaretur;
614 2893 718 2942 non
751 2886 812 2931 ut
833 2875 885 2931 ei
913 2875 980 2930 de
1013 2875 1170 2931 laude
1199 2891 1388 2930 eorum
1415 2876 1616 2946 aliquid
1645 2891 1834 2932 accre-

241 2977 444 3033 scerct,
477 2970 572 3024 sed
609 2966 760 3038 ipsis.
793 2965 964 3020 Porro
985 2965 1178 3020 eadem
1204 2967 1466 3032 bonitate,
1491 2975 1550 3032 ut
1588 2968 1704 3022 laus
1733 2968 1835 3022 im-

1939 1787 2082 1858 juste
2109 1786 2390 1844 obtinendi
2417 1785 2696 1841 hominem
2729 1786 2811 1841 sic
2861 1787 3135 1841 subditum
3167 1787 3428 1845 auferret.
3478 1791 3535 1846 Si

1943 1879 2105 1934 homo
2157 1877 2388 1948 simplex
2415 1883 2590 1942 esset;
2633 1877 2908 1946 quomodo
2935 1877 2989 1932 in
3027 1891 3224 1934 natura
3277 1892 3537 1951 corrupta

1943 1971 2240 2033 resisteret,
2280 1969 2372 2040 qui
2423 1969 2476 2024 in
2522 1968 2736 2023 meliori
2777 1977 2922 2024 statu
2973 1973 3180 2040 positus
3217 1981 3324 2026 tam
3377 1973 3538 2030 facile

1941 2062 2248 2118 succubuit.
2283 2061 2384 2116 llic
2421 2060 2718 2116 notandmn
2760 2066 2844 2116 est
2887 2063 3028 2131 quod
3075 2064 3248 2132 gratia
3293 2067 3382 2120 Dei
3427 2068 3537 2122 vim

1943 2165 2048 2206 non
2089 2150 2253 2208 infert
2279 2151 2452 2206 libero
2498 2149 2744 2204 arbitrio.
2783 2149 3014 2217 Rursus,
3055 2153 3099 2208 si
3131 2153 3269 2208 hanc
3297 2171 3533 2224 pugnam

1941 2244 2162 2316 angelus
2189 2251 2514 2310 assumeret,
2549 2256 2720 2313 quare
2751 2253 3039 2312 propterea
3063 2245 3312 2300 diabolus
3353 2249 3531 2302 victus

1939 2335 2104 2390 etiam
2135 2334 2410 2390 hominem
2440 2333 2738 2398 amitteret,
2765 2334 2908 2387 ratio
2957 2349 3062 2387 non
3093 2345 3258 2390 esset.
3291 2334 3398 2399 Sed
3430 2353 3532 2392 nec

1939 2425 2162 2496 angelus
2199 2426 2254 2480 in
2287 2425 2506 2480 homine
2527 2423 2646 2488 haec
2675 2431 2919 2494 poterat;
2950 2423 3080 2494 quia
3119 2425 3164 2480 si
3196 2425 3250 2481 in
3281 2441 3378 2480 sua
3403 2429 3533 2482 sim-

1939 2517 2062 2589 plici
2092 2513 2294 2573 et'forti
2320 2527 2509 2570 natura
2537 2515 2788 2571 infirmus
2811 2517 3064 2572 inventus
3084 2528 3188 2585 est,
3219 2520 3388 2574 multo
3419 2537 3533 2574 ma-

1939 2607 2022 2678 gis
2051 2609 2248 2662 intima:
2275 2607 2399 2662 huic
2429 2616 2656 2673 naturaa,
2688 2608 2940 2660 humanm
2967 2606 3240 2674 videlicet,
3265 2609 3533 2666 admistus

1939 2699 2131 2756 debilis
2157 2700 2514 2755 inveniretur.
2551 2697 2779 2769 Oportet
2801 2715 2936 2778 ergo
2971 2712 3032 2756 ut
3061 2712 3254 2757 auctor
3275 2703 3366 2757 ille
3391 2703 3534 2757 salu-

1940 2793 2009 2848 tis
2051 2791 2193 2847 Deus
2217 2792 2270 2847 in
2313 2793 2531 2847 homine
2555 2793 2658 2858 sit,
2685 2793 2776 2863 qui
2808 2808 2872 2848 ex
2917 2794 3020 2849 hoc
3061 2794 3206 2864 quod
3245 2795 3387 2850 Deus
3429 2805 3529 2858 est,
3611 2829 3614 2834 -

1939 2882 2144 2952 possit;
2169 2896 2238 2936 ex
2269 2881 2370 2936 hoc
2407 2883 2550 2952 quod
2583 2883 2762 2948 homo,
2782 2883 2996 2939 debeat.
3025 2878 3278 2954 congruo
3305 2884 3530 2939 multum

1939 2975 2147 3042 ordine,
2188 2983 2248 3029 ut
2278 2973 2418 3029 sicut
2445 2973 2691 3028 diabolus
2725 2972 2866 3028 mala
2901 2973 3088 3029 fraude
3111 2975 3346 3046 primum
3385 2976 3535 3029 iuva-

243 3058 484 3130 pcrfccta
517 3075 623 3112 non
667 3065 835 3122 esset,
872 3069 1192 3126 corpoream
1233 3065 1540 3112 creaturam
1573 3045 1832 3124 condidit,

1940 3067 2077 3122 vasit
2111 3079 2222 3121 rem
2266 3066 2527 3131 alienam;
2555 3067 2626 3120 ita
2670 3067 2810 3121 Deus
2845 3067 3010 3129 bona,
3037 3075 3098 3121 ut
3141 3068 3212 3120 ita
3263 3067 3527 3133 dicamus,

239 3162 300 3208 et
323 3151 634 3208 beatificare
657 3150 849 3207 voluit.
889 3149 1003 3204 Hac
1027 3151 1094 3206 de
1133 3165 1299 3205 causa
1325 3151 1572 3221 spiritum
1602 3151 1836 3206 rationa-

241 3245 350 3300 lem
398 3245 614 3316 corpori
647 3245 870 3309 indidit;
901 3243 1142 3314 qualiter
1169 3245 1310 3300 bene
1357 3245 1588 3315 regendo
1635 3244 1831 3316 ipsum,

242 3337 404 3393 simul
429 3351 554 3396 cum
592 3350 820 3408 corpore
851 3335 902 3390 in
939 3335 1048 3391 Deo
1075 3335 1482 3392 beatificaretur
1509 3353 1524 3403 ;
1547 3335 1694 3390 etita
1719 3335 1834 3391 laus

243 3427 338 3482 Dei
378 3427 446 3482 ab
483 3427 630 3482 omni
674 3434 922 3482 creatura
967 3425 1122 3496 plena
1173 3435 1337 3483 esset.
1393 3427 1522 3483 Inde
1557 3435 1642 3483 est
1688 3427 1834 3498 quod

239 3520 426 3574 omnia
485 3520 710 3575 laudare
767 3519 936 3576 Deum
1000 3519 1305 3588 dicuntur;
1359 3520 1484 3574 dum
1538 3519 1834 3575 rationales

241 3619 530 3674 creatum,
559 3609 732 3681 angeli
766 3605 994 3675 scilicet,
1019 3617 1074 3663 et
1107 3610 1357 3664 homines
1390 3609 1584 3664 miram
1614 3609 1705 3663 Dei
1736 3623 1833 3679 po-

241 3704 468 3758 tentiam
516 3712 574 3759 et
621 3702 917 3759 bonitatem
953 3715 1058 3758 tam
1105 3701 1158 3756 in
1189 3716 1249 3756 se
1297 3715 1460 3770 quam
1515 3701 1567 3755 in
1620 3701 1832 3756 cit-teris

243 3798 512 3853 creaturis
554 3799 822 3852 mirantur
845 3805 901 3852 et
950 3795 1193 3851 laudant.
1237 3792 1329 3850 Sic
1368 3807 1499 3863 ergo
1545 3791 1832 3861 Aposwlus

241 3884 322 3938 ait
352 3901 368 3939 :
399 3882 622 3954 Propter
650 3901 768 3940 eum
807 3885 1006 3949 omnia,
1051 3883 1261 3939 scilicet
1289 3879 1613 3936 laudandum
1641 3891 1696 3935 et
1721 3879 1832 3950 glo-

247 3973 620 4038 rificandum;
679 3983 727 4028 et
787 3989 882 4043 per
943 3988 1061 4028 eum
1115 3971 1292 4026 omnia
1323 4009 1340 4037 ,
1415 3967 1548 4025 nihil
1625 3967 1830 4024 scilicet

243 4064 517 4135 superﬂue
583 4073 688 4119 est.
761 4063 914 4132 Quod
979 4063 1025 4119 si
1069 4077 1257 4118 verum
1305 4069 1440 4126 est,
1519 4059 1632 4115 imo
1702 4058 1828 4130 quia

241 4172 430 4212 verum
459 4165 572 4220 est;
621 4157 892 4212 hominem
925 4155 992 4210 ad
1035 4155 1262 4225 gloriam
1303 4153 1428 4209 duci
1473 4165 1696 4208 necesse
1723 4160 1827 4207 est.

241 4251 374 4319 Quae
403 4259 579 4305 tamen
610 4251 908 4306 necessitas
934 4263 1042 4304 non
1072 4247 1291 4302 aliunde
1313 4261 1475 4316 quam
1507 4259 1574 4300 ex
1630 4259 1824 4316 magna

241 4343 362 4404 Dei,
393 4356 552 4413 quam
583 4341 952 4412 praediximus,
984 4339 1226 4396 bonitate
1267 4338 1565 4394 descendit.
1603 4335 1774 4392 Houm
1797 4353 1825 4390 a

237 4441 469 4505 peccato
495 4447 596 4488 suo
624 4432 870 4502 perditus
899 4440 984 4487 est
1010 4447 1026 4495 ;
1059 4443 1190 4500 ergo
1218 4427 1286 4484 ad
1325 4427 1552 4499 gloriam
1589 4441 1694 4480 non
1727 4427 1826 4481 du-

239 4527 414 4592 citur;
439 4540 569 4596 ergo
591 4525 705 4594 ipse
729 4537 832 4578 non
859 4523 1060 4578 laudat.
1083 4521 1494 4590 Consequeuter
1513 4519 1678 4590 igitur
1703 4533 1824 4574 cor-

239 4631 403 4686 porea
439 4625 688 4672 creatura
713 4633 822 4673 non
861 4615 1044 4670 laudat
1077 4631 1090 4668 :
1119 4614 1296 4670 otiose
1329 4613 1494 4684 igitur
1544 4613 1687 4666 facta
1719 4621 1820 4668 est.

239 4711 396 4777 Quod
422 4711 468 4765 si
499 4711 574 4766 ita
605 4721 690 4766 est
717 4727 734 4778 ;
766 4725 896 4780 ergo
926 4723 1026 4764 nec
1062 4707 1160 4777 ipsi
1189 4704 1365 4777 angeli
1389 4705 1547 4776 plene
1579 4703 1825 4770 laudant,

240 4818 365 4857 cum
395 4819 653 4859 numerus
682 4819 872 4861 eorum
903 4803 975 4858 sit
1020 4800 1340 4856 diminutas.
1389 4797 1460 4854 Ut
1483 4807 1662 4852 autem
1709 4797 1827 4852 haec

237 4896 426 4950 omnia
476 4895 910 4951 inconvenientia
949 4895 1020 4950 ab
1065 4894 1181 4962 ipso
1203 4907 1312 4962 quo
1331 4890 1630 4961 procedunt
1683 4888 1828 4945 fonte

237 4985 674 5055 supprimamus,
723 4985 994 5040 hominem
1034 4983 1304 5052 perditum
1334 4980 1398 5034 ad
1431 4978 1656 5048 gloriam
1704 4977 1825 5033 duci

239 5077 654 5132 consﬁtuamus.
684 5074 851 5145 Cujus
898 5073 1147 5144 gloriosae
1183 5071 1502 5127 salvationis
1553 5069 1823 5137 ordinem,

239 5172 361 5243 ipso
393 5181 616 5227 auctore
642 5168 954 5242 adju'vante,
977 5171 1280 5225 videamus.

311 5263 458 5318 Dens
483 5263 755 5319 hominem
783 5263 956 5334 ipsum
987 5263 1066 5317 sic
1101 5261 1154 5315 in
1197 5258 1376 5314 medio
1400 5257 1660 5322 condidit,
1693 5265 1752 5310 ut
1779 5257 1822 5312 si

236 5354 500 5412 obediens
543 5355 592 5410 ei
626 5355 905 5420 existeret,
953 5363 1172 5424 peracta
1205 5349 1531 5414 obcdientia,
1574 5349 1694 5404 sine
1746 5349 1824 5404 in-

241 5447 504 5517 terposita
546 5455 718 5502 morte
762 5447 828 5500 de
880 5445 1094 5500 mortali
1145 5441 1466 5500 immortalis
1517 5441 1700 5509 ﬁeret;
1739 5444 1822 5498 sin

311 5539 390 5612 (1)
429 5537 505 5593 Ex
541 5554 638 5596 ms.
665 5537 877 5593 Corbei.
905 5552 946 5590 s.
983 5536 1103 5592 596.

1939 3159 2126 3213 fraude
2155 3171 2267 3212 rem
2299 3173 2448 3213 suam
2477 3157 2682 3212 faceret
2709 3173 2805 3228 per
2831 3157 3060 3228 gratiam
3085 3173 3100 3212 :
3123 3167 3177 3212 et
3207 3159 3347 3212 sicut
3369 3159 3534 3213 homo

1937 3249 2026 3304 ille
2049 3250 2264 3318 propria
2293 3249 2542 3303 libertate
2567 3249 2887 3315 succubuit;
2918 3249 2988 3303 ita
3025 3251 3186 3304 homo
3215 3249 3315 3305 iste
3339 3265 3402 3304 ex
3438 3265 3528 3303 ar-

1937 3340 2079 3395 bitrii
2107 3339 2354 3395 libertate
2377 3340 2590 3394 diabolo
2619 3339 2912 3394 resisteret.
2945 3339 3118 3406 Quem
3147 3349 3200 3394 et
3222 3339 3332 3408 pati
3365 3353 3528 3407 opor-

1938 3432 2062 3498 tuit,
2099 3443 2157 3488 ut
2183 3432 2430 3488 diabolus
2462 3431 2515 3486 in
2546 3445 2611 3486 eo
2635 3438 2910 3502 peccaret,
2948 3429 3000 3484 in
3037 3444 3146 3498 quo
3167 3429 3384 3500 culpam
3422 3442 3530 3484 non

1939 3526 2136 3595 reperit
2181 3523 2325 3579 illum
2357 3523 2631 3595 puniendo
2661 3539 2674 3576 :
2705 3522 2850 3578 hunc
2892 3521 3090 3592 quippe
3113 3521 3254 3576 sicut
3279 3530 3334 3575 et
3364 3530 3529 3574 caete-

1937 3633 2026 3674 ros
2055 3617 2202 3672 omni
2248 3631 2446 3688 genere
2487 3616 2801 3672 teutationis
2846 3629 3135 3686 aggressus
3161 3624 3266 3682 est,
3319 3613 3533 3670 bl.uulis

1934 3708 2188 3778 primum,
2217 3714 2276 3760 ut
2305 3707 2505 3770 draco;
2533 3705 2732 3760 deinde
2761 3705 2986 3774 asperis,
3021 3713 3082 3758 ut
3109 3704 3232 3770 leo;
3269 3703 3336 3758 ad
3371 3703 3533 3774 190

1935 3798 2207 3864 ultimum,
2256 3795 2473 3852 occidit.
2511 3795 2578 3850 Et
2620 3797 2700 3850 sic
2741 3795 3043 3864 iustissime
3080 3809 3243 3850 omne
3285 3809 3440 3848 suum
3475 3795 3530 3848 iu

1935 3889 2184 3944 homines
2215 3885 2512 3940 dominium
2563 3883 2822 3954 perdidit,
2862 3883 2990 3937 dum
3039 3897 3100 3937 se
3131 3881 3270 3936 ultra
3321 3882 3528 3936 licitum

1933 3979 2198 4036 extendit.
2235 3977 2390 4036 Unde
2415 3977 2592 4054 adhuc
2629 3977 2715 4030 lex
2761 3973 3064 4030 communis
3087 3972 3250 4028 habet
3279 3982 3338 4026 ut
3379 3973 3530 4028 debi-

1934 4085 2046 4129 tum
2092 4073 2315 4142 perdat,
2367 4069 2458 4140 qui
2505 4067 2788 4140 plusquam
2838 4065 3078 4122 debitum
3131 4066 3320 4138 exigit.
3375 4064 3530 4122 Sicut

1931 4179 2058 4235 ergo
2087 4163 2139 4218 in
2174 4163 2370 4233 ipsum,
2395 4161 2487 4231 qui
2527 4161 2575 4216 ei
2609 4173 2718 4214 non
2752 4157 3048 4225 consensit,
3079 4155 3172 4226 jus
3195 4157 3417 4222 aruisit;
3450 4157 3526 4212 ita

1931 4257 1984 4311 in
2009 4270 2200 4312 omnes
2231 4255 2368 4310 filios
2389 4253 2525 4325 ejus,
2551 4253 2642 4324 qui
2669 4253 2786 4324 ejus
2813 4253 3180 4309 innocentiam
3221 4251 3524 4306 innituntur.

1932 4348 2084 4405 Nunc
2107 4361 2236 4402 vero
2267 4347 2370 4402 iste
2398 4347 2449 4401 in
2491 4355 2666 4400 morte
2709 4361 2990 4400 remanere
3021 4361 3126 4398 non
3153 4343 3366 4407 debuit;
3395 4343 3525 4411 quia

1940 4440 2044 4495 hoc
2074 4437 2232 4494 modo
2249 4451 2350 4492 nec
2377 4435 2478 4492 sibi
2507 4449 2609 4490 nec
2637 4433 2792 4490 alteri
2816 4433 3156 4505 profecisset.
3189 4434 3292 4490 Per
3317 4433 3523 4504 passio-

1933 4545 2056 4586 nem
2095 4541 2226 4599 ergo
2261 4525 2665 4582 consumendus
2707 4531 2848 4590 erat,
2881 4531 2941 4578 ut
2985 4525 3057 4579 ita
3091 4539 3219 4580 suos
3263 4537 3523 4593 sequaces

1932 4627 2372 4678 consummaret:
2405 4627 2460 4674 et
2486 4617 2589 4673 hoc
2613 4627 2698 4672 est
2732 4615 2876 4686 quod
2908 4616 3196 4686 Apostolus
3215 4617 3291 4671 ait
3315 4633 3328 4670 ε
3355 4615 3522 4670 Dere-

1935 4717 2020 4771 bat
2075 4717 2210 4770 enim
2247 4728 2365 4767 eum
2412 4719 2626 4782 propter
2673 4725 2825 4780 quem
2881 4711 3081 4775 omnia,
3129 4720 3177 4765 et
3223 4725 3315 4780 per
3366 4724 3520 4778 quem

1933 4807 2135 4862 omnia.
2181 4803 2434 4874 Singulos
2509 4815 2702 4872 passus
2775 4811 2924 4857 neta.
3010 4801 3236 4856 Docebat
3319 4800 3518 4854 multos

1932 4899 2070 4954 filios
2097 4897 2150 4952 in
2181 4895 2405 4966 gloriam
2428 4891 2698 4948 adducere
2719 4907 2860 4960 eum,
2891 4893 3100 4948 scilicet
3121 4893 3335 4948 Patrem
3357 4909 3372 4959 ;
3397 4909 3519 4947 nro-

1927 5003 2041 5063 pter
2066 5007 2239 5062 quem,
2278 4987 2486 5044 scilicet
2529 4987 2854 5043 laudandum
2895 4996 2951 5041 et
2977 4983 3406 5058 glorificaudum,
3431 4984 3518 5054 fa-

1927 5093 2011 5139 cta
2039 5093 2158 5138 sunt
2175 5081 2374 5144 omnia,
2398 5089 2444 5134 et
2469 5095 2560 5149 per
2579 5095 2728 5148 quem
2760 5076 2901 5148 facta
2924 5087 3044 5132 sunt
3071 5077 3268 5130 omnia.
3301 5075 3367 5129 Et
3391 5077 3513 5140 hoc,

1841 5209 1844 5214 ι
1929 5174 2109 5232 dando
2145 5182 2421 5229 auctorem
2462 5171 2685 5238 salutis,
2711 5170 2920 5226 scilicet
2944 5169 3252 5235 Christum;
3287 5176 3340 5223 et
3373 5167 3516 5222 hunc

1929 5265 2108 5320 dando
2145 5263 2416 5335 passioni;
2443 5272 2496 5317 et
2534 5261 2614 5317 sic
2660 5261 3109 5318 consummando.
3149 5259 3320 5327 Quem
3369 5257 3516 5313 ordi-

1925 5374 2046 5414 nem
2074 5357 2118 5412 si
2142 5355 2428 5424 diligenter
2453 5353 2710 5418 attendis,
2733 5350 2941 5406 videbis
2969 5351 3240 5406 hominem
3267 5349 3516 5408 debuisse

1929 5451 2127 5509 salvari
2159 5447 2374 5508 etiamsi
2406 5447 2584 5504 nullus
2611 5446 2831 5517 angelus
2859 5445 3165 5501 cecidisset.
