3884 6052
357 244 465 299 6ἳὸ

426 403 673 414 ———._..._.

721 239 780 294 S.
822 235 1119 294 ANSELMI
1161 230 1487 289 CANTUAR
1556 224 1871 283 ARCHIEP.
1915 225 2064 280 OPP.
2105 220 2283 277 PARS
2323 220 2385 274 Il.
2414 248 2483 258 --
2512 214 2877 272 PAliENET.
2922 211 3007 270 ΕΤ
3037 208 3282 268 ASCET.

2219 92 2235 123 \

3518 209 3637 266 676

2436 372 3644 401 Μ

1207 538 1872 655 εΔιικιτι
2003 532 2837 650 ANSELMI

1828 768 1957 859 SE
1977 763 2228 859 RMO

1100 996 1299 1121 DE
1428 984 2185 1119 PASSIONE
2341 982 2913 1114 DOMINI

1459 1228 1568 1299 (Ea:
1594 1243 1695 1282 ms.
1722 1242 1780 1280 ιι.
1805 1222 1942 1280 1697
1971 1220 2313 1280 Bibliotheca
2344 1208 2579 1293 Βιῃίω.)

1777 1386 2127 1407 ﬁ

408 1476 665 1544 'Domine
692 1482 819 1540 Jesu
849 1481 1087 1547 Christe,
1116 1486 1305 1549 pastor
1334 1478 1495 1542 bone,
1531 1477 1622 1547 qui
1659 1491 1759 1548 pro
1788 1491 1951 1548 grege
1978 1478 2027 1537 Α
2055 1470 2200 1527 ferre
2236 1469 2330 1539 jus
2356 1477 2528 1536 tuum,
2560 1484 2665 1524 non
2694 1467 2862 1525 debeo
2902 1468 3033 1524 dare
3060 1469 3241 1525 alieno
3275 1469 3496 1529 domino
3531 1487 3663 1532 sero

369 1585 462 1631 tuo
488 1574 625 1631 mori
653 1574 909 1645 dignatus
946 1587 1024 1633 es,
1056 1584 1290 1638 agnosce
1319 1582 1408 1623 me
1435 1568 1578 1623 inter
1604 1582 1732 1624 oves
1755 1576 1875 1623 tuas
1901 1577 1957 1625 et
2058 1577 2185 1618 vum
2220 1572 2367 1618 tuum
2398 1580 2413 1618 :
2452 1562 2543 1632 jus
2589 1570 2738 1617 tuum
2780 1561 2959 1616 anima
3011 1576 3126 1617 mea
3167 1570 3274 1625 est,
3304 1578 3497 1621 servus
3526 1575 3660 1621 tuus
3742 1567 3759 1582 °

2059 1667 2258 1722 corpus
2305 1667 2484 1708 meum
2521 1662 2640 1717 est;
2681 1649 2772 1721 jus
2798 1660 2946 1705 tuum
2980 1651 3152 1707 fecisti
3184 1653 3421 1710 animam
3448 1669 3657 1721 meam,

371 1669 526 1723 trabe
554 1668 622 1722 ad
668 1680 865 1736 pascua
899 1672 1009 1729 tua,
1041 1671 1098 1718 et
1139 1676 1368 1733 agnosce
1396 1659 1662 1717 oviculam
1700 1670 1848 1716 tuam
1901 1670 1956 1718 ιιι

370 1772 585 1812 merear
616 1771 738 1812 esse
764 1756 832 1810 ad
859 1754 1138 1811 dexteram
1175 1762 1340 1808 tuam.
1377 1752 1484 1808 Fac
1520 1768 1607 1808 me
1640 1754 1958 1825 participem
2061 1744 2280 1813 (ιιιειιιάο
2307 1759 2406 1815 PFO
2427 1759 2490 1799 ea
2515 1742 2740 1815 Ρθευῖειί
2773 1743 3010 1798 animat“
3042 1752 3225 1808 ιιιδιης
3256 1758 3474 1801 servum
3499 1755 3659 1802 illum

368 1848 552 1920 gloria:
601 1856 706 1903 tute
752 1846 842 1915 qui
886 1860 1133 1900 amarum
1179 1844 1403 1899 calicem
1451 1844 1636 1900 bibisti
1686 1858 1786 1914 pro
1834 1860 1955 1912 me;

2064 1834 2240 1891 fecisti
2290 1851 2489 1907 corpus
2543 1851 2722 1892 meum
2757 1876 2775 1901 ,
2836 1835 3054 1908 quando
3118 1852 3217 1908 pro
3269 1853 3336 1893 eo
3385 1839 3661 1895 tradidisti

370 1954 530 2009 paena
581 1947 671 1994 tua
719 1946 935 2005 torquet
981 1934 1370 1991 conscientiam
1436 1949 1636 2001 meam,
1693 1945 1961 1990 tormenta
2061 1940 2258 1995 corpus
2315 1935 2465 1980 “lum
2512 1926 2566 1980 ίη
2625 1935 2873 1981 πηοτιθηι·
2933 1925 3127 1982 Tomi“
3178 1937 3233 1983 ιθ
3298 1928 3494 1984 dedis”
3556 1946 3663 2001 ρνο

368 2033 615 2084 cruciant
643 2028 956 2082 memoriam
986 2040 1159 2081 meam
1189 2044 1201 2079 :
1246 2040 1346 2096 ego
1368 2026 1511 2081 enim
1539 2026 1692 2081 timui
1716 2027 1762 2059 ⁸⁸
1790 2029 1968 2097 petio-

370 2132 493 2173 nem
525 2132 685 2188 quam
717 2116 941 2181 bibisti;
979 2131 1078 2185 ego
1116 2115 1335 2184 peccavi
1366 2116 1509 2184 quod
1537 2125 1591 2170 tu
1625 2115 1830 2182 tulisti;
1863 2131 1964 2187 ego

371 2220 566 2263 servus
635 2216 923 2261 contumax
978 2204 1223 2260 commisi
1282 2204 1424 2274 quod
1486 2213 1539 2259 tu
1591 2204 1962 2275 devapulasti;

369 2311 473 2369 ego
503 2296 549 2328 ὀ
599 2296 742 2365 quod
782 2305 837 2350 tu
886 2294 1204 2359 exsolvisti;
1256 2310 1418 2350 causa
1470 2305 1574 2349 tuae
1624 2295 1813 2351 mortis
1860 2294 1966 2352 fuit

369 2386 630 2459 iniqnitas
670 2402 809 2453 mea,
858 2386 1082 2440 vulnera
1134 2395 1219 2439 tua
1262 2387 1508 2441 fecerunt
1550 2388 1781 2442 crimina
1822 2404 1961 2443 mea.

370 2478 465 2538 Vae
512 2479 748 2550 peccatis
775 2477 930 2543 meis,
979 2492 1101 2546 quae
1150 2487 1278 2542 tam,
1312 2492 1497 2531 amara
1548 2487 1722 2532 morte
1755 2479 1965 2549 expiari

367 2569 628 2643 oportuit.
668 2566 954 2638 Opeccata
997 2582 1142 2633 mea,
1189 2582 1352 2636 quam
1381 2583 1562 2621 amara
1605 2567 1802 2635 fuistis,
1844 2585 1967 2639 qua:

371 2661 502 2714 mihi
534 2660 872 2714 dulcedinem
905 2659 1232 2728 promisistis
1260 2668 1314 2712 et
1345 2676 1430 2714 me
1456 2660 1763 2717 fefellistis!
1788 2661 1831 2718 Ο
1856 2664 1965 2718 Eva

370 2749 555 2804 infelix
578 2766 698 2820 qua:
725 2765 941 2819 pomum
984 2749 1321 2805 momordisti
1363 2759 1418 2807 et
1446 2762 1674 2808 mortem
1710 2755 1969 2811 omnibus

2064 2033 2151 2075 me
2188 2027 2243 2074 et
2270 2018 2509 2091 operasti
2542 2027 2710 2074 totum
2766 2020 2819 2074 in
2871 2034 2996 2086 me;
3048 2020 3228 2076 emisti
3262 2021 3354 2077 tibi
3402 2022 3659 2093 spiritum

2065 2125 2275 2180 meum,
2317 2109 2496 2167 emisti
2524 2108 2617 2165 tibi
2647 2123 2845 2180 corpus
2882 2125 3087 2176 mourn,
3121 2119 3412 2181 utrumque
3433 2127 3661 2168 servum

2067 2211 2241 2258 tuum.
2272 2204 2420 2259 'l‘uus
2442 2220 2573 2276 ergo
2619 2220 2741 2259 sum
2764 2203 2958 2273 spiritu
2995 2212 3050 2259 et
3076 2218 3339 2276 corpore;
3366 2214 3662 2276 utrumque

2065 2294 2236 2349 debeo
2264 2294 2358 2349 tibi
2392 2295 2726 2365 impendere.
2756 2295 2983 2366 Diligam
3015 2306 3067 2352 te
3093 2311 3224 2367 ergo
3258 2310 3325 2351 ex
3353 2307 3466 2353 toto
3492 2299 3662 2354 cerde

2064 2398 2211 2451 meo,
2253 2386 2488 2440 serviam
2514 2386 2609 2440 tibi
2639 2401 2706 2441 ex
2734 2395 2849 2441 toto
2875 2400 3124 2455 corpore.
3152 2386 3529 2458 Caligaveruut
3558 2405 3663 2460 pm

2066 2489 2153 2530 me
2178 2475 2231 2528 in
2253 2487 2425 2530 morte
2439 2475 2580 2530 oculi
2600 2476 2675 2531 tui
2690 2512 2710 2537 .
2727 2476 3011 2532 advertant
3026 2493 3094 2534 ne
3117 2477 3333 2533 videant
3362 2478 3661 2533 rapientem

2066 2565 2186 2635 vagi
2234 2566 2373 2620 oculi
2402 2566 2551 2632 mei;
2592 2567 2856 2623 conviciis
2893 2578 2949 2622 et
2987 2568 3338 2639 blaspltemiis
3365 2576 3663 2640 patuerunt

2069 2672 2230 2713 aures
2277 2668 2402 2724 tute,
2455 2660 2716 2730 patebunt
2745 2663 2811 2715 ad
2859 2661 3149 2718 clamorem
3200 2665 3452 2734 pauperis
3501 2678 3664 2720 aures

2071 2748 2249 2803 surdae
2299 2764 2461 2804 aures
2510 2766 2681 2818 meae;
2738 2751 2863 2807 felle
2890 2761 2946 2807 et
3001 2762 3158 2808 aceto
3197 2761 3436 2823 potatum
3487 2761 3663 2809 estos

374 2838 623 2904 intulisti,
666 2839 775 2894 imo
809 2848 865 2895 et
896 2839 1065 2895 Deum
1093 2849 1148 2895 et
1189 2840 1462 2896 liotniuem
1498 2844 1778 2899 nobiscum
1821 2845 1967 2902 ocei-
1998 2831 2042 2891 Β
2073 2850 2243 2908 lum".
2295 2844 2579 2900 Veritatem
2630 2854 2692 2903 et
2734 2846 2998 2916 judicium
3051 2848 3302 2917 loquatur
3333 2848 3562 2906 mendax
3597 2864 3661 2905 es

374 2932 496 2987 disti
523 2933 536 2984 ι
579 2931 624 2988 Ο
655 2931 837 2987 infelix
861 2932 1024 2987 homo
1054 2932 1144 3001 qui
1186 2932 1336 2988 brevi
1368 2934 1639 3003 voluptate
1665 2947 1716 2992 te
1753 2937 1966 2994 diabolo

377 3025 669 3088 tradidisti,
713 3034 766 3079 ct
795 3034 847 3080 te
892 3035 946 3080 et
972 3032 1092 3079 tuos
1134 3023 1445 3095 perdidisti!
1483 3025 1591 3080 Deo
1621 3026 1839 3097 quidem
1871 3045 1969 3084 no-

373 3116 516 3171 lente
533 3126 583 3171 et
602 3116 943 3188 prohibente,
963 3125 1189 3171 mortem
1206 3114 1591 3182 comminante,
1604 3116 1818 3173 diabolo
1841 3133 1967 3174 cou-

373 3209 627 3275 seusisti;
672 3210 781 3264 Deo
809 3209 1148 3278 disponente,
1180 3208 1381 3264 bonum
1419 3208 1690 3276 invenisti,
1736 3214 1964 3281 gratiam

377 3300 656 3370 arcepisti.
696 3300 740 3357 Ο
766 3299 1057 3355 ineffabilia
1097 3300 1507 3357 misericordia!
1546 3302 1632 3356 ubi
1678 3303 1963 3358 abundavit

385 3391 657 3457 delictum,
695 3390 1134 3461 superabundavit
1176 3402 1223 3445 et
1248 3394 1420 3463 gratia
1451 3393 1502 3464 (Ι
1530 3393 1661 3447 Tim.
1701 3411 1741 3461 ι,
1765 3394 1878 3467 M),
1909 3406 1969 3450 ut

375 3498 501 3538 cum
524 3484 840 3540 satisfacere
880 3500 979 3555 pro
1004 3484 1159 3554 culpa
1190 3486 1372 3540 nullus
1404 3485 1628 3541 deberet
1654 3486 1756 3540 nisi
1785 3487 1966 3552 homo,

379 3574 560 3629 nullus
590 3576 877 3633 absolvere
898 3584 1112 3646 poterat
1131 3576 1232 3631 nisi
1265 3578 1424 3632 Deus.
1458 3577 1682 3632 Miserat
1711 3586 1769 3630 ut
1806 3578 1968 3632 liOlllO

381 3665 560 3733 fieret,
587 3658 827 3736 quicum
858 3682 955 3736 pro
983 3681 1043 3721 se
1065 3666 1143 3720 nil
1172 3667 1412 3735 deberet,
1441 3669 1723 3722 moriendo
1746 3682 1845 3738 pro
1868 3684 1970 3723 uo-

381 3752 466 3809 bis
498 3755 750 3812 delictum
778 3767 1020 3811 nostrum
1042 3755 1295 3811 solveret.
1325 3750 1613 3827 l‘ropterea
1638 3757 1780 3815 Deus
1802 3774 1970 3814 carne

385 3843 658 3910 induitur;
689 3846 783 3916 qui
834 3855 918 3902 est
945 3845 1270 3917 caucipitur,
1296 3845 1537 3903 Verbum
1568 3847 1968 3919 incon-paratur,

380 3933 647 3992 Eternus
685 3936 948 4001 nascitur,
979 3938 1136 4008 panis
1162 3938 1472 4003 involvitur,
1505 3939 1559 3992 in
1587 3940 1848 4009 praesepio
1875 3955 1973 4010 po-

380 4028 553 4095 nitur,
599 4029 1029 4096 circumciditur,
1088 4030 1418 4100 baptizatur,
1463 4033 1655 4095 esurit,
1688 4040 1965 4101 tentatur;

377 4124 545 4187 Deus,
594 4129 652 4174 ut
680 4120 859 4188 homo,
890 4122 1162 4187 venditur,
1193 4122 1429 4191 capitur,
1475 4132 1706 4191 tenetur,
1746 4124 1969 4196 ligatur,

2070 2950 2281 3002 meum;
2320 2946 2560 2993 extensae
2606 2941 2816 2996 suntin
2861 2955 3025 2995 cruce
3073 2956 3267 2996 manus
3302 2949 3426 3006 tute,
3471 2949 3662 2995 exten-

2068 3024 2266 3079 dentur
2296 3024 2442 3095 inopi
2470 3041 2664 3085 manus
2698 3037 2997 3084 contractae
3024 3043 3220 3082 manus
3262 3043 3416 3083 meae.
3448 3028 3659 3084 (ζωιίίκί

2068 3123 2196 3169 sunt
2221 3114 2393 3173 clavis
2422 3118 2583 3187 pedes
2635 3119 2733 3185 tui,
2763 3119 3064 3192 dirigentur
3113 3121 3166 3176 in
3213 3121 3437 3178 semitas
3467 3132 3648 3177 rectas

2069 3207 2235 3277 pedes
2260 3204 2472 3260 distorti
2509 3208 2671 3278 pedes
2712 3208 2840 3264 mei.
2884 3209 3141 3279 Apertum
3172 3218 3257 3266 est
3297 3210 3485 3266 lancea
3516 3210 3663 3269 Ιιιι.8

2070 3308 2245 3365 ιιιιιιιι,
2281 3299 2523 3377 aperiam
2571 3314 2670 3371 per
2698 3299 3093 3356 confessionem
3133 3314 3230 3355 cor
3274 3314 3451 3355 meum
3481 3310 3543 3356 ut
3580 3302 3662 3355 fa-

2070 3398 2187 3446 tear
2227 3391 2424 3447 vulnus
2451 3406 2655 3446 meum.
2685 3389 2977 3462 Angustias
3014 3391 3208 3446 mortis
3236 3390 3459 3461 pertulit
3489 3401 3660 3447 totum

2069 3494 2268 3548 corpus
2299 3490 2467 3535 tuum.
2516 3490 2576 3534 ut
2604 3482 2909 3537 membrum
2953 3482 3109 3537 ﬁeret
3153 3490 3302 3536 tuum
3337 3496 3537 3552 corpus
3564 3498 3661 3552 pu-

2074 3573 2273 3627 tridum
2310 3587 2508 3643 corpus
2533 3587 2733 3629 meum.
2782 3573 2828 3630 Ο
2872 3574 3013 3630 boue
3059 3575 3308 3642 Domine,
3338 3576 3467 3645 quid
3502 3576 3661 3631 retri-

2071 3661 2234 3717 buam
2260 3663 2355 3717 tibi
2385 3678 2485 3732 pro
2517 3664 2680 3719 tantis
2711 3665 3005 3727 beneﬁciis,
3032 3681 3132 3736 ego
3171 3666 3272 3722 vile
3294 3668 3648 3737 mancipium,

2070 3766 2264 3807 servus
2300 3753 2545 3808 inutilis?
2580 3753 2838 3812 Gaudebo
2880 3770 2949 3811 an
2980 3756 3175 3811 dolebo
3209 3756 3275 3811 de
3315 3766 3488 3812 morte
3534 3758 3662 3812 tua?

2069 3858 2205 3901 sane
2252 3855 2540 3914 utrumque
2570 3845 2785 3911 faciam,
2812 3848 3058 3917 gaudebo
3086 3848 3351 3920 siquidem
3381 3850 3448 3904 de
3487 3851 3659 3919 gratia

2073 3935 2340 3991 tradentis
2368 3936 2517 3991 etde
2541 3936 2806 3991 cbaritate
2836 3937 3119 3992 morientis
3154 3938 3300 4007 (llaec
3328 3953 3395 3993 ex
3416 3939 3559 3992 med.
3592 3939 3658 4004 ll,

2074 4024 2151 4081 De
2194 4027 2428 4083 humana
2481 4028 2754 4095 redentpt.,
2793 4044 2847 4097 p.
2893 4027 3019 4093 2‘22,
3052 4029 3117 4082 2η
3150 4031 3328 4098 edit.).
3365 4030 3468 4084 Sed
3512 4030 3661 4098 prius

2073 4119 2264 4182 dolebo
2280 4120 2348 4175 de
2366 4134 2529 4175 causa
2557 4121 2769 4186 mortis,
2802 4120 2854 4175 id
2880 4132 2963 4176 est
2989 4122 3057 4176 de
3075 4123 3405 4178 ceuscicntia
3430 4124 3659 4192 peccati,

377 4212 741 4280 conviciatur,
772 4214 1075 4283 opprobriis
1111 4223 1410 4279 saturatur,
1460 4226 1616 4272 aceto
1645 4227 1698 4278 et
1725 4216 1848 4276 felle
1876 4235 1975 4289 po.
2002 4222 2043 4280 (ζ
2076 4220 2133 4265 et
2150 4210 2449 4267 condolebo
2475 4210 2750 4266 morienti.
2782 4212 2959 4268 SillOli
2981 4215 3211 4285 gaudeo,
3234 4213 3479 4283 ingratus
3496 4229 3616 4268 sum
3640 4231 3656 4276 ;

379 4309 552 4366 tatur,
599 4303 769 4373 spinis
796 4313 1107 4371 coronatur,
1141 4306 1286 4360 inter
1331 4305 1568 4362 latrones
1603 4320 1969 4382 computatur,

385 4404 565 4449 morte
594 4396 902 4464 turpissima
932 4395 1342 4461 condemnatur,
1368 4397 1513 4452 cruci
1538 4396 1790 4469 adigitur.
1829 4401 1972 4459 Ecce

379 4485 655 4555 quomodo
680 4487 895 4556 proprio
919 4484 1174 4556 Filiopion
1197 4488 1440 4557 pepercit
1463 4487 1623 4556 Deus,
1641 4490 1735 4546 sed
1762 4507 1859 4560 pro
1874 4508 1972 4547 no-

384 4573 470 4629 bis
500 4575 648 4630 illum
674 4575 1088 4645 tradidit(Rom.
1111 4593 1231 4642 vm,
1257 4577 1372 4648 52).
1397 4578 1442 4634 Ο
1463 4580 1636 4649 gratia
1662 4581 1927 4637 tradentis
1952 4582 1966 4636 l

383 4676 420 4719 ο
442 4664 617 4734 pietas
634 4666 850 4722 mortis!
870 4681 903 4720 ο
917 4668 1055 4723 boue
1077 4666 1204 4724 Jesu
1224 4669 1237 4723 ι
1262 4684 1295 4724 o
1308 4670 1394 4740 pie
1412 4668 1535 4725 Jesu
1553 4671 1566 4725 !
1587 4671 1714 4741 quid
1739 4673 1968 4729 tribuam

387 4751 651 4823 tibi,quid
675 4754 955 4810 sustinebo
982 4771 1082 4827 pro
1109 4766 1162 4813 te
1189 4759 1281 4828 qui
1314 4769 1393 4816 tot
1416 4770 1471 4816 et
1495 4769 1641 4815 tanta
1666 4763 1968 4820 sustinuisti

385 4860 484 4917 pro
502 4849 891 4906 mezeahibitio
916 4851 1095 4923 operis
1117 4852 1363 4922 probatio
1386 4854 1802 4911 estdilectiouis.
1831 4856 1969 4924 Quid

386 4944 520 5008 ergo
565 4937 758 4996 faciam
788 4942 878 5012 qui
911 4951 1117 4999 tantum
1148 4944 1402 5015 indignus
1435 4947 1659 5016 accepi?
1694 4946 1820 5016 quid
1851 4947 1970 5003 red-

388 5026 557 5085 dam?
600 5029 730 5100 quid
763 5033 1091 5103 rependam?
1140 5033 1343 5105 Accipe
1372 5036 1515 5105 quod
1554 5047 1700 5091 tuum
1730 5046 1837 5103 est,
1886 5038 1973 5094 fac

386 5116 457 5176 de
497 5133 656 5178 servo
704 5130 795 5178 tuo
837 5124 981 5194 quod
1012 5122 1105 5179 tibi
1135 5123 1342 5196 placet;
1401 5139 1507 5179 non
1533 5125 1703 5181 debeo
1741 5125 1835 5181 tibi
1873 5141 1970 5181 au-

2078 4304 2262 4357 sinon
2307 4303 2484 4369 doleo,
2515 4303 2751 4360 crudelis
2796 4319 2917 4359 sum
2967 4320 2983 4358 :
3036 4305 3130 4361 sed
3160 4305 3287 4374 quia
3332 4313 3545 4374 tempus
3579 4315 3662 4359 est

2075 4391 2237 4449 flendi
2285 4403 2579 4464 antequam
2641 4395 3140 4457 ridendi..ambulo
3200 4395 3371 4450 tristis
3425 4394 3660 4449 demisso

2077 4484 2276 4555 capite,
2307 4493 2363 4541 et
2406 4484 2754 4541 assimilabor
2782 4486 3020 4555 passioni
3072 4495 3195 4542 tuae.
3235 4485 3463 4541 Ferrum
3502 4486 3662 4556 igitur

2075 4576 2344 4645 passionis
2395 4585 2499 4632 tua:
2525 4586 2870 4647 pertranseat
2909 4577 3146 4632 animam
3195 4593 3391 4640 meam,
3438 4586 3489 4632 et
3529 4592 3659 4633 crux

2079 4676 2169 4723 tua
2217 4669 2512 4738 suspendat
2539 4670 3035 4740 concupiscentiam
3085 4686 3283 4725 meam.
3333 4670 3549 4740 Con/ig:
3597 4675 3662 4723 ti-

2074 4774 2218 4814 more
2247 4769 2337 4814 tuo
2365 4775 2548 4814 carnes
2566 4776 2728 4826 meas,
2761 4769 2819 4815 υι
2848 4777 2951 4816 11011
2980 4778 3099 4817 eam
3123 4762 3658 4833 post.coucupi5ccn-

2077 4849 2182 4905 tias
2213 4864 2381 4905 meas.
2436 4850 2699 4907 Mortifica
2740 4852 2793 4907 in
2825 4868 2991 4908 carne
3025 4868 3143 4909 mea
3189 4852 3438 4909 stimulus
3482 4854 3661 4908 carnis

2075 4953 2373 5010 omnesque
2404 4940 2721 4998 libidinosas
2749 4945 3162 5007 connuotiones,
3194 4952 3249 4997 et
3293 4943 3359 4997 da
3399 4942 3532 4997 mibi
3568 4957 3657 4995 vc-

2075 5047 2191 5087 raru
2240 5044 2296 5089 et
2343 5046 2658 5105 perpetuam
2705 5036 3010 5092 castitatem
3062 5046 3118 5091 et
3165 5035 3330 5091 vitam
3377 5044 3658 5092 κιαι-Μαι.

2072 5127 2265 5183 Amen.

1660 5280 1891 5338 γΑῐιιιΕ
1929 5281 2333 5339 LECTIONES.

460 5393 505 5428 ”
527 5389 655 5467 ιδῃ.
693 5390 927 5466 confeci,
954 5406 1042 5453 aut
1073 5394 1221 5453 aliud
1241 5394 1413 5452 simile
1437 5399 1664 5455 verbum.
1742 5400 1787 5434 ⁹⁰
1815 5399 1970 5459 Deest
2009 5392 2217 5459 verbum
2237 5402 2506 5472 contraxi,
2538 5412 2628 5458 aut
2648 5402 2798 5461 aliud
2818 5402 3011 5459 simile.
