3910 6018
282 184 386 237 (177

1298 172 1740 232 EXIIORTATIO
1771 174 1861 227 AD
1899 169 2286 228 CONTEMPT.
2330 168 2530 224 TI-‘MP.

3462 168 3567 225 6'78

1133 445 1809 561 SANGTI
1929 443 2751 557 ANSELMI

1563 667 2362 764 EXHORTATIO

587 898 796 1028 AD
885 893 1974 1029 CONTEMPTUM
2090 886 3246 1022 TEMPOBALIUM

1902 1145 1981 1187 ΕΤ

1216 1303 1858 1390 DESIDEBIUM
1909 1301 2572 1382 IETERNORUM

366 1553 504 1624 Quid
530 1551 666 1623 agis,
696 1566 728 1605 ο
768 1549 980 1604 homo?
1017 1547 1143 1618 quid
1177 1547 1327 1618 quasi
1359 1546 1660 1614 iumentum
1701 1559 1882 1600 versa-
1911 1548 1956 1604 Α
1986 1552 2038 1598 et
2063 1541 2264 1612 ingenti
2287 1540 2605 1596 confusione
2635 1541 2914 1610 depressa,
2959 1551 3197 1600 tremens
3223 1545 3275 1600 in
3305 1545 3390 1599 illa
3440 1545 3576 1602 hora

298 1647 373 1702 ris
403 1645 456 1699 in
497 1640 738 1696 mundo?
768 1639 1079 1709 Sapientem
1108 1647 1162 1692 et
1192 1638 1547 1692 discrelorem
1595 1635 1806 1689 creavit
1831 1643 1883 1689 te

301 1736 577 1790 Dominus.
615 1731 694 1786 Ne
735 1729 1022 1785 assimilari
1056 1728 1190 1783 velis
1233 1729 1297 1782 iis
1328 1727 1524 1797 quibus
1571 1728 1717 1782 dccst
1757 1741 1886 1796 pru-

298 1825 480 1882 dentia
508 1840 522 1888 ;
552 1820 789 1891 invigila,
807 1835 840 1874 o
864 1818 1197 1873 miserande!
1225 1818 1484 1872 miserere
1508 1815 1602 1868 lui.
1635 1815 1762 1869 Esto
1789 1814 1887 1868 Sa-

300 1915 474 1984 piens.
500 1912 728 1982 Propter
761 1920 812 1965 te
842 1910 982 1964 Deus
1021 1907 1270 1964 excelsus
1297 1908 1362 1962 de
1396 1905 1548 1961 caelis
1577 1905 1797 1960 advenit
1829 1911 1888 1957 ut

301 2016 353 2060 te
375 2020 405 2058 a
440 2003 670 2058 terrenis
691 2000 930 2055 elevaret
953 1999 1020 2053 ad
1050 1997 1270 2054 coelum.

372 2098 427 2150 lu
459 2094 664 2166 nuptiis
693 2092 934 2148 coalestis
975 2090 1168 2161 Sponsi
1202 2097 1424 2143 vocatus
1445 2101 1527 2152 es,
1559 2087 1746 2140 homo.
1779 2084 1891 2139 Cur

302 2185 607 2244 contemnis
627 2225 642 2249 ,
665 2195 721 2239 et
748 2183 1023 2250 indignum
1053 2191 1106 2236 te
1133 2182 1356 2236 exhibes
1377 2181 1399 2232 ?
1423 2177 1703 2244 Quomodo
1727 2175 1890 2228 intra-

303 2277 386 2331 bis
417 2275 485 2329 ad
533 2273 770 2342 nuptias,
806 2272 972 2327 dicito
1016 2271 1168 2335 mihi,
1210 2285 1314 2324 non
1361 2269 1564 2323 habens
1601 2265 1890 2336 pretiosam

305 2374 532 2428 vestem,
566 2379 666 2417 nec
687 2362 985 2430 lampadem
1017 2361 1366 2432 refulgentem
1393 2361 1414 2412 ?
1445 2359 1594 2412 llabe
1635 2349 1916 2411 mundum'

304 2457 452 2520 odio,
482 2455 564 2509 fac
597 2451 1002 2507 meditationem
1035 2459 1176 2504 tuam
1203 2452 1254 2504 in
1288 2451 1416 2504 Deo.
1447 2449 1742 2503 Exsecrare
1783 2460 1896 2500 tua-

308 2549 481 2603 litiam
506 2558 560 2603 et
585 2561 892 2620 peccatum,
907 2555 961 2602 et
977 2543 1142 2611 dilige
1160 2544 1447 2614 benignum
1476 2541 1894 2609 Redemptorem

310 2646 461 2691 tuum

379 2731 652 2786 Conserva
701 2737 753 2783 te
802 2729 854 2783 in
889 2726 1079 2793 terris;
1117 2725 1258 2780 sicut
1302 2723 1547 2793 angelus,
1580 2732 1762 2778 castos
1807 2721 1896 2790 ju-

310 2825 452 2893 giter
499 2836 564 2875 ac
602 2830 823 2876 sanctos
864 2820 1004 2874 habe
1044 2819 1331 2889 cogitatus.
1367 2817 1668 2871 Emendare
1701 2832 1730 2868 a
1770 2830 1896 2884 per-

1987 1632 2335 1686 contabescat
2373 1646 2438 1686 ex
2480 1631 2770 1688 formidine
2802 1634 2986 1688 nimia.

2058 1724 2208 1788 Esto,
2244 1725 2540 1788 inseusate,
2583 1739 2798 1794 semper
2851 1735 3114 1796 paratus;
3146 1727 3305 1797 vigila
3346 1726 3483 1781 liber
3508 1728 3576 1781 ab

1988 1814 2134 1870 omni
2161 1813 2292 1868 faece
2325 1821 2566 1879 terrena;
2603 1815 2830 1868 observa
2860 1817 3000 1883 nt_ab
3030 1818 3281 1872 omnibus
3310 1817 3580 1874 scandulis

1987 1920 2052 1959 ac
2073 1903 2495 1974 cogitationibus
2528 1904 2855 1973 turpissimis
2873 1907 3105 1961 eruaris.
3139 1907 3266 1961 Esto
3293 1907 3573 1975 providus,

1991 1993 2553 2058 insensatc,exeitarc
2605 2010 2635 2048 a
2669 2010 2859 2049 somno
2906 1997 3182 2066 nequitiae.
3234 1995 3290 2051 Si
3336 1998 3415 2050 vis
3457 2010 3581 2050 esse

1991 2085 2249 2149 cvelestis,
2304 2100 2520 2154 semper
2575 2100 2696 2154 qua:
2743 2097 2956 2142 terrena
3009 2098 3136 2142 sunt
3190 2103 3480 2144 exsecrare
3525 2097 3583 2142 et

1992 2177 2228 2246 despice.
2283 2175 2652 2232 Perfectorum
2686 2180 2934 2248 exempla
2966 2190 3200 2246 sectare,
3235 2191 3294 2234 ut
3322 2183 3388 2234 ad
3418 2196 3578 2251 para-

1992 2269 2169 2324 disum
2217 2269 2535 2324 deliciarum
2586 2279 2640 2326 et
2691 2271 3101 2327 desiderabilem
3154 2273 3437 2342 pervenias
3487 2288 3582 2343 pa-

1999 2362 2158 2416 triam
2190 2363 2557 2417 sacerdotum.

2065 2453 2246 2522 Quare
2270 2455 2430 2508 odisti
2463 2455 2630 2509 vitam
2658 2463 2802 2509 tuam
2819 2495 2834 2519 ,
2861 2457 3205 2510 miserande’?
3219 2455 3356 2524 Quid
3378 2459 3584 2528 pretio-

1994 2545 2107 2600 sius
2136 2545 2316 2599 anima
2349 2555 2438 2599 tua
2479 2546 2710 2614 quaeris,
2746 2546 3152 2601 iulidelissime?
3183 2549 3416 2612 Accede,
3463 2564 3586 2619 pro.

1996 2651 2145 2708 pera,
2177 2646 2468 2706 antequam
2513 2637 2796 2694 claudatur
2838 2638 3034 2693 ostium
3067 2638 3420 2707 pcenilcutite.
3469 2639 3589 2694 Lua-

2000 2729 2143 2782 tilica
2198 2727 2472 2783 caelestem
2527 2729 2822 2784 exercitum
2881 2730 2934 2783 in
3001 2739 3090 2784 tua
3155 2731 3586 2787 conversatione.

2067 2819 2359 2888 Exspectat
2392 2820 2635 2875 medicus
2666 2821 2846 2876 videre
2877 2821 3143 2892 laerymas
3188 2831 3324 2879 tuas.
3356 2823 3590 2890 Accede,

315 2913 487 2968 versis
531 2912 966 2983 cogitationibus,
996 2926 1063 2965 ne
1100 2911 1283 2964 mundi
1326 2908 1618 2980 impliceris
1661 2909 1894 2963 actibus.
1929 2904 1972 2961 Β
2003 2910 2110 2964 noli
2147 2911 2358 2964 timere.
2389 2909 2627 2966 Ostende
2666 2910 2859 2967 vulnus
2891 2921 3060 2975 tmun,
3085 2927 3141 2968 et
3168 2914 3305 2968 offer
3355 2915 3592 2970 medica-

314 3004 509 3060 Libera
556 3003 799 3056 animum
831 3011 978 3056 tuum
1017 3017 1084 3057 ex
1125 3001 1282 3071 hujus
1326 3001 1508 3054 mundi
1543 3000 1772 3070 negotiis
1810 3013 1904 3052 va-

314 3095 557 3150 uissimis
579 3109 644 3149 ex
678 3093 908 3162 integro,
925 3102 981 3147 ut
1003 3108 1166 3162 super
1195 3093 1361 3148 cmlos
1377 3093 1658 3147 coroneris
1682 3107 1710 3144 a
1742 3090 1901 3144 Chri-

315 3200 423 3243 sto.
483 3187 612 3241 Esto
670 3185 816 3240 velut
870 3186 1042 3241 nubes
1105 3185 1172 3240 ad
1227 3185 1607 3256 proferendam
1670 3183 1904 3253 pluviam

316 3279 686 3349 lacrymarum
736 3285 796 3332 ut
830 3277 1008 3346 possis
1036 3277 1380 3348 eitstinguere
1421 3277 1668 3332 flammas
1718 3289 1908 3346 pecca-

319 3381 518 3428 torum.

393 3460 699 3516 Recordare
725 3459 866 3514 illius
907 3457 1011 3514 diei
1045 3458 1364 3522 tremendre;
1407 3472 1616 3527 appone
1666 3457 1906 3512 remedia

321 3553 636 3608 vulneribus
664 3551 856 3605 animae
889 3559 1013 3605 tate.
1040 3548 1267 3603 Ambula
1307 3549 1540 3602 viriliter
1569 3548 1621 3602 iu
1655 3548 1770 3619 lege
1804 3549 1909 3603 Do-

323 3644 490 3709 mini;
524 3643 608 3698 l‘ac
633 3642 833 3714 iugiter
864 3642 1195 3696 mansionem
1231 3640 1568 3710 profectuum
1602 3654 1697 3708 per
1726 3639 1909 3694 since-

326 3750 443 3788 ram
492 3734 652 3788 .lldem
695 3742 858 3802 atque
902 3731 1245 3786 charitatem.
1281 3730 1480 3785 Cresce
1529 3729 1770 3800 quotidie
1815 3743 1914 3799 per

323 3825 662 3895 disciplinam
694 3825 746 3878 in
781 3825 1131 3890 continentia,
1178 3821 1380 3877 habens
1421 3835 1571 3890 spem
1601 3831 1808 3875 certam
1835 3821 1918 3876 vi-

326 3916 486 3970 dendi
515 3915 799 3970 Domimnu
831 3915 883 3968 in
917 3915 1162 3970 claritate
1192 3929 1308 3976 sua,
1339 3920 1393 3966 et
1420 3927 1606 3982 regno,
1633 3918 1687 3964 et
1715 3909 1910 3979 gloria.

327 4006 472 4061 Cave
498 4006 567 4060 ab
592 4007 765 4060 otioso
793 4006 975 4072 verbo,
1010 4021 1077 4060 ne
1105 4006 1324 4060 recedas
1343 4019 1372 4056 a
1401 4002 1602 4057 Christi
1636 4001 1910 4056 mandato.

330 4100 522 4156 Planta
554 4105 745 4155 bonam
783 4099 1164 4169 plantationem
1190 4101 1241 4153 in
1271 4099 1431 4152 corde
1457 4105 1548 4150 tuo
1571 4105 1624 4147 et
1653 4095 1704 4148 in
1733 4095 1912 4148 anima

333 4209 448 4262 tua,
477 4200 704 4255 virtutes
738 4199 968 4261 scilicet,
998 4205 1054 4251 et
1083 4197 1196 4250 vias
1241 4202 1555 4248 sanctorum
1588 4191 1835 4255 Patrum,
1860 4197 1914 4242 et

333 4293 443 4348 Deo
479 4293 806 4363 placentium
839 4288 1204 4345 sacerdotum.

407 4384 611 4438 Memor
633 4393 774 4446 esto,
825 4379 1169 4440 miserabilis,
1216 4376 1340 4447 quia
1372 4377 1423 4430 in
1467 4373 1646 4428 medio
1691 4374 1912 4442 laqueo-

336 4491 453 4530 rum
505 4476 719 4531 diaboli.
743 4474 1005 4529 amlmlas.
1049 4470 1276 4541 Evigila,
1311 4484 1375 4524 ne
1417 4470 1468 4522 in
1522 4470 1710 4522 mortis
1761 4468 1917 4521 bara-

336 4569 520 4623 thrum
576 4553 804 4622 incidas.
840 4565 916 4619 Ne
967 4574 1018 4619 te
1057 4563 1342 4618 arbitreris
1393 4562 1483 4615 diu
1537 4562 1805 4616 victurum
1865 4561 1918 4612 iu

337 4662 539 4724 terris;
573 4675 640 4716 ne
663 4675 758 4728 pro
801 4659 902 4713 hoc
924 4657 1128 4712 diutius
1153 4657 1205 4710 iu
1235 4654 1390 4709 malis
1419 4653 1628 4709 actibus
1658 4654 1917 4708 immore-

339 4752 436 4807 ris.
483 4750 756 4804 Christum
789 4762 1002 4818 semper
1053 4761 1238 4810 exora,
1272 4755 1332 4798 ut
1376 4753 1517 4799 totus
1545 4745 1770 4800 allectus
1801 4754 1923 4800 tuus

339 4840 667 4906 fructificet;
703 4848 760 4892 ut
789 4838 923 4892 bona
955 4846 1095 4892 terra
1121 4845 1177 4890 et
1205 4837 1404 4906 optima
1441 4836 1511 4890 sit
1533 4835 1835 4901 fructifera,
1870 4844 1926 4890 et

343 4932 452 4985 Deo
482 4930 853 5000 acceptissima
892 4930 996 4983 vita
1029 4937 1141 4982 tua.

415 5023 618 5077 llabeto
659 5031 784 5077 ante
821 5021 1008 5076 oculos
1040 5030 1162 5075 tuos
1201 5019 1340 5074 diem
1367 5020 1544 5074 exitus
1577 5019 1681 5084 tni;
1730 5018 1922 5073 festina

342 5115 396 5171 in
421 5114 510 5169 illa
535 5114 666 5168 hora
697 5113 814 5168 sine
835 5122 1056 5182 peccato
1080 5111 1331 5173 inveniri,
1355 5118 1411 5163 ut
1435 5111 1488 5164 in
1519 5111 1605 5166 die
1630 5108 1924 5164 vocationis

345 5215 448 5260 tuae
475 5206 652 5258 anima
693 5212 780 5258 tua
821 5202 1149 5258 conscendat
1191 5201 1258 5255 ad
1299 5201 1485 5267 Deum,
1512 5211 1697 5256 evecta
1739 5199 1926 5256 oﬂiciis

342 5294 678 5363 augelormn.
715 5293 919 5347 llabeto
942 5292 1066 5348 odio
1096 5293 1237 5346 hunc
1271 5291 1562 5354 tumulum;
1597 5291 1924 5361 Redempto-

347 5398 462 5438 rcm
511 5395 661 5438 tuum
701 5393 809 5436 toto
841 5383 1035 5437 mentis
1064 5380 1332 5435 desiderio
1364 5379 1542 5445 dilige.
1593 5379 1706 5434 Non
1759 5381 1926 5450 negli-

345 5487 437 5548 gat
467 5475 645 5528 anima
691 5485 808 5540 tua;
844 5489 938 5528 nec
967 5473 1266 5528 ohleezctnr
1307 5471 1588 5525 dulcedine
1635 5487 1698 5526 ac
1745 5473 1924 5526 suavi-

347 5579 456 5624 tate
495 5567 810 5638 laqucorum
843 5566 1042 5622 diaboli
1100 5565 1392 5629 mortifera,
1423 5579 1486 5619 ne
1510 5564 1662 5634 plena
1690 5567 1926 5634 peccatis

2006 3009 2246 3054 mentum
2286 3001 2648 3071 Iacrymarum
2683 3010 2735 3054 et
2773 3002 3014 3056 fletuum.
3052 3003 3190 3058 Ecce
3219 3012 3466 3072 apertum
3508 3011 3594 3059 est

2004 3093 2204 3148 ostium
2248 3093 2598 3162 pmnitentize.
2635 3093 2890 3147 Accelera
2944 3095 3254 3164 priusquam
3291 3095 3590 3150 claudatur.

2088 3181 2333 3249 Elfunde,
2356 3181 2482 3235 dum
2513 3193 2723 3251 tempus
2743 3192 2849 3248 cst,
2886 3182 3173 3253 lar-rymas,
3199 3201 3265 3239 ne
3296 3185 3346 3239 in
3369 3185 3474 3240 alio
3495 3200 3597 3241 sae-

2007 3272 2128 3328 culo
2158 3274 2275 3328 sine
2317 3274 2552 3329 utilitate
2589 3275 2830 3343 plangas.
2868 3273 2967 3330 l‘lie
3007 3276 3151 3330 enim
3199 3276 3594 3342 misericordia,

2009 3365 2080 3419 ibi
2104 3363 2367 3433 judicium
2395 3380 2410 3430 ;
2436 3365 2523 3420 hic
2556 3364 2925 3434 voluptas,ihi
2957 3374 3226 3421 tormenta
3255 3383 3269 3432 ;
3312 3367 3399 3422 hic
3430 3367 3595 3432 risus,

2011 3457 2081 3512 ibi
2108 3472 2238 3511 vero
2284 3456 2467 3522 ﬂetus;
2501 3457 2588 3511 hic
2635 3467 2858 3521 cantus,
2891 3457 2961 3511 ibi
3015 3458 3156 3528 ignis
3183 3469 3461 3524 teternus;
3509 3461 3598 3514 hic

2009 3559 2233 3604 ornatus
2263 3551 2514 3612 vestium,
2558 3550 2628 3605 ibi
2676 3551 2948 3605 cruciatus
2976 3552 3268 3617 vermium;
3300 3552 3387 3607 hic
3412 3551 3596 3617 elatio,

2013 3641 2084 3696 ibi
2118 3641 2438 3695 humiliatio.
2466 3639 2762 3694 llumiliare
2787 3657 2916 3711 ergo
2946 3642 2998 3695 in
3029 3644 3159 3707 vita,
3185 3658 3252 3698 ne
3283 3643 3334 3696 in
3362 3645 3601 3701 tenebris

2011 3733 2374 3807 exterioribus
2409 3733 2809 3787 condemneris.
2843 3733 2958 3786 Non
3000 3749 3131 3804 ergo
3163 3734 3397 3790 oblectet
3432 3744 3483 3791 te
3511 3737 3600 3793 hic

2014 3832 2226 3877 terrena
2257 3823 2562 3886 delectatio,
2605 3837 2672 3876 ne
2701 3822 2770 3876 ibi
2807 3823 2880 3876 sit
2906 3837 3091 3876 amara
3134 3823 3458 3892 deploratio.

2083 3915 2215 3983 Quis
2241 3929 2344 3970 non
2386 3915 2606 3984 plangat
2633 3931 2750 3980 nos,
2779 3923 2833 3969 et
2861 3916 2982 3984 quis
3005 3931 3106 3969 non
3131 3916 3324 3969 deﬂeat
3351 3916 3375 3970 ?
3403 3917 3602 3972 0dien-

2016 4019 2096 4064 tes
2125 4009 2310 4073 vitam,
2356 4008 2628 4077 diligimus
2658 4018 2904 4062 mortem.
2943 4007 3081 4075 Quid
3128 4009 3399 4064 excelsius
3438 4019 3602 4081 atque

2017 4099 2478 4171 magnificentius,
2507 4114 2670 4168 quam
2710 4114 2966 4156 exercere
3009 4113 3276 4164 mentem,
3327 4102 3393 4155 ad
3433 4101 3604 4156 servi-

2021 4201 2189 4245 tutem
2235 4190 2476 4260 redigere
2514 4204 2754 4254 carnem,
2779 4201 2834 4246 ut
2879 4193 3100 4248 obcdiat
3148 4191 3311 4247 animi
3353 4192 3600 4260 imperio,

1943 4253 1992 4316 Ο
2023 4282 2264 4338 consiliis
2309 4283 2665 4351 obtemperet,
2720 4284 2946 4354 impigre
2991 4293 3318 4352 exsequatur
3357 4284 3604 4354 proposi-

2022 4387 2131 4431 tum
2179 4377 2342 4430 animi
2394 4390 2456 4430 ac
2495 4375 2845 4430 voluntatem.
2893 4375 3025 4440 Quis
3077 4388 3257 4430 autem
3316 4377 3606 4445 jucundior

2018 4471 2172 4525 cibus
2201 4485 2364 4540 quam
2415 4469 2743 4523 voluntatem
2783 4469 2874 4522 Dei
2920 4468 3132 4534 facere,
3162 4470 3362 4525 virtute
3407 4469 3608 4525 mentis

2021 4561 2254 4630 impetus
2273 4572 2530 4632 superare
2555 4560 2790 4614 diaboli?

2091 4650 2327 4718 Quisque
2354 4650 2590 4717 seipsum
2614 4650 2816 4712 vincat,
2857 4649 2991 4704 iram
3027 4652 3330 4717 contineat,
3359 4651 3519 4708 nullis
3545 4651 3607 4708 il-

2023 4740 2250 4795 lecebris
2275 4740 2600 4796 emolliatnr.
2643 4739 2758 4793 Non
2797 4741 3147 4809 perturbetur
3171 4744 3416 4799 adversis
3446 4785 3461 4809 ,
3499 4760 3605 4798 non

2029 4832 2182 4902 191
2216 4832 2505 4887 extollatur
2552 4832 2844 4900 prosperis,
2902 4847 3003 4888 nec
3048 4835 3200 4903 quasi
3241 4843 3401 4888 vento
3432 4835 3612 4887 varia-

2030 4938 2145 4976 rmn
2189 4937 2368 4976 rerum
2398 4920 2816 4976 circumferatur
2848 4925 3166 4979 mutatione.
3214 4925 3441 4994 Reputa,
3482 4925 3611 4978 cha-

2029 5017 2262 5080 risslme,
2300 5017 2350 5069 in
2385 5016 2668 5084 temetipso
2699 5017 2828 5084 quid
2872 5017 3064 5071 melius
3104 5025 3206 5080 est,
3255 5017 3306 5070 in
3358 5016 3610 5085 przesenti

2027 5107 2225 5164 sreculo
2262 5123 2359 5178 pro
2401 5108 2636 5178 peccatis
2684 5108 2938 5178 plangere
2968 5124 3032 5163 ae
3082 5109 3326 5163 crebrius
3353 5123 3611 5176 exorare,

2029 5211 2120 5255 aut
2153 5202 2205 5255 in
2252 5202 2374 5270 igne
2411 5211 2613 5255 arterno
2645 5201 2764 5254 sine
2801 5200 2980 5270 aliqua
3022 5200 3255 5255 utilitate
3284 5200 3503 5255 deflere.

2099 5295 2208 5347 Cur
2235 5292 2461 5346 tabescit
2488 5292 2661 5346 virtus
2687 5291 2852 5346 animi
2883 5291 2958 5346 tui
2990 5291 3186 5347 allectu
3229 5306 3292 5346 ac
3343 5291 3616 5347 desiderio

2033 5385 2320 5456 pereuntis
2350 5386 2572 5439 mtmdi?
2602 5385 2760 5439 Eleva
2795 5396 3030 5439 mentem
3067 5385 3133 5438 ad
3181 5383 3613 5439 inaestimabilem

2033 5487 2249 5531 aeterna:
2277 5476 2550 5532 felicitatis
2580 5477 2900 5540 claritatem,
2934 5491 3093 5546 quam
3138 5476 3328 5532 oculus
3372 5491 3478 5532 non
3533 5477 3620 5530 vi-

2039 5568 2140 5631 dit,
2169 5582 2268 5624 ucc
2297 5569 2444 5625 auris
2471 5569 2696 5633 audivit,
2739 5587 2900 5640 quam
2943 5570 3267 5641 prmparavit
3318 5571 3457 5628 Deus
3497 5567 3618 5624 dili-
