3884 6052
281 241 388 299 079

607 237 668 296 S.
704 235 1007 295 ANSELMI
1044 231 1391 291 CANTUAR.
1436 228 1752 285 ARClllEP.
1797 226 1891 285 Ol"

2008 225 2169 283 mus
2204 225 2267 282 ιι.
2308 256 2377 267 -
2407 224 2776 282 ramum.
2813 221 2903 279 ET
2942 182 3205 279 ascs'rf

3455 214 3563 278 680

282 353 533 423 gentibus
584 364 645 405 se
687 347 739 418 (1
785 346 906 404 Cor.
933 361 993 410 ιι,
1024 343 1102 414 9).
1134 340 1538 408 Continentiam
1595 339 1869 394 babetoin
1901 343 1944 401 Α
1974 336 2165 393 culari.
2194 337 2381 394 Melius
2402 346 2486 393 est
2507 336 2742 392 animam
2763 334 3040 393 cll'undere
3086 340 3249 405 quam
3302 347 3422 389 eam
3464 349 3564 406 per

282 441 490 513 lingua,
520 435 909 495 continentiam
946 433 999 488 in
1044 438 1288 500 aspectu,
1313 429 1365 482 in
1389 429 1530 488 cibo.
1577 427 1630 481 in
1659 426 1868 494 habitu,

284 525 340 580 in
370 526 630 597 cogitatu,
658 526 712 579 in
751 524 889 585 risu,
920 519 1201 576 utathleta
1234 519 1326 574 Dei
1364 517 1797 587 perfectissimus
1819 518 1871 587 i'n

283 617 534 673 omnibus
558 612 969 671 demonstreris.
1008 609 1180 666 Stude
1203 623 1312 679 prae
1353 598 1608 664 omnibus
1653 622 1722 663 ne
1776 606 1873 662 ha-

286 707 415 763 beas
447 703 721 758 inimicum
754 710 954 772 praeter
983 697 1277 754 diabolum.

1978 428 2428 483 incontinentiam
2461 428 2710 498 perdere.

2045 517 2279 574 Castitas
2306 518 2578 574 hominem
2608 516 3046 588 Deoproximum
3074 515 3276 580 reddit,
3334 515 3565 573 castitas

1974 608 2180 665 homini
2208 609 2373 665 Deum
2404 608 2710 680 proximum
2737 607 2890 673 facit,
2921 606 3086 663 castis
3125 621 3347 676 regnum
3394 606 3565 663 etelo-

1975 715 2094 756 rum
2124 701 2479 769 promittitur.
2504 700 2664 768 Quod
2692 701 2738 756 si
2767 699 2946 755 adhuc
2971 697 3151 752 carnis
3181 696 3417 753 stimulis
3443 706 3569 751 tan-

356 794 497 863 Quid
529 794 624 849 tibi
660 806 856 846 munus
882 790 1142 861 prodesse
1163 794 1367 857 potest,
1391 784 1435 841 si
1463 783 1581 854 ejus
1612 782 1874 839 sollicitu-
1976 791 2143 862 geris,
2168 790 2213 847 si
2236 790 2415 846 adhuc
2472 790 2712 846 libidinis
2740 789 3087 861 suggestione
3133 787 3397 857 pulsaris;
3450 801 3570 845 me-

286 884 506 940 dinibus
557 880 865 952 culligaris?
894 879 1031 947 Quid
1054 877 1306 947 acquires
1328 878 1396 932 de
1449 875 1671 947 pretiosi
1713 874 1876 931 vesﬁo

287 975 457 1030 menti
485 989 658 1039 cura,
713 973 816 1029 nisi
867 980 1070 1027 :eterna
1116 968 1412 1040 supplicia?
1475 966 1614 1035 Quid
1650 958 1876 1022 'tumore

285 1064 607 1121 clevationis
631 1062 866 1118 inﬂaris?
891 1061 1024 1130 Quis
1044 1076 1150 1115 non
1173 1057 1589 1126 contremiscat,
1617 1056 1879 1115 lamente-

287 1167 376 1211 tur
407 1166 463 1212 et
484 1155 686 1227 lugeat,
719 1170 843 1211 cum
876 1155 930 1210 in
961 1161 1257 1224 conspectu
1290 1151 1614 1222 angelorum
1662 1160 1718 1206 et
1774 1152 1877 1205 bo-

289 1247 493 1301 miuum
516 1246 730 1301 occulta
776 1253 961 1301 nostra
1011 1242 1545 1306 manifestabuntur?
1588 1241 1698 1297 Cur
1724 1240 1880 1297 malis

289 1337 505 1392 actibus
534 1337 641 1392 tuis
669 1336 965 1401 contristes
987 1344 1198 1407 patrem
1222 1334 1549 1404 piissimum,
1582 1330 1879 1394 insensate,

288 1428 381 1501 qui
406 1438 459 1486 te
487 1428 542 1485 in
582 1426 816 1485 filiorum
846 1442 1074 1483 numero
1122 1426 1375 1495 dignatus
1416 1430 1501 1478 est
1540 1420 1880 1491 computare?

362 1521 598 1578 Prohibe
622 1539 652 1577 a
684 1521 827 1576 malo
856 1520 1097 1591 linguam
1129 1529 1299 1584 tuam,
1330 1516 1544 1586 inquire
1582 1529 1793 1585 pacem,
1827 1523 1882 1570 et

292 1628 526 1685 sequere
543 1627 663 1669 eam
700 1610 877 1684 (Paul.
903 1624 1098 1674 xxxm,
1125 1607 1236 1678 is),
1262 1621 1330 1661 ue
1355 1605 1602 1660 irritatus
1621 1603 1882 1659 Dominus

1979 882 2208 937 moriam
2234 882 2428 938 mortis
2450 882 2548 937 tibi
2570 880 2770 951 objicc,
2824 881 2967 935 diem
2996 879 3178 954 exitus
3204 877 3278 933 tui
3308 891 3568 948 prepone,

1979 974 2140 1029 ﬁnem
2173 974 2295 1029 vitae
2323 986 2450 1028 ante
2473 972 2694 1029 occulos
2725 983 2845 1028 tuos
2907 970 3127 1026 adhibe.
3179 969 3427 1040 Propone
3472 969 3570 1025 tibi

1979 1062 2216 1117 futurum
2236 1061 2501 1131 judicium
2531 1072 2587 1119 et
2618 1062 2795 1117 futura
2844 1070 3140 1124 tormenta,
3195 1073 3439 1131 propone
3471 1059 3571 1115 tibi

1982 1156 2314 1210 infernarum
2339 1164 2629 1227 perpetuos
2655 1156 2827 1227 ignes,
2854 1169 3099 1226 propone
3149 1152 3247 1209 tibi
3297 1153 3563 1225 gehennae

1981 1260 2168 1315 ptenas
2200 1245 2510 1301 horribiles.

2051 1336 2160 1394 Ora
2184 1352 2306 1393 cum
2340 1337 2596 1409 lacrymis
2622 1337 3013 1401 indesinenter,
3039 1334 3579 1408 orajugiter,lnsistc

1981 1430 2217 1484 orationi
2244 1428 2578 1499 frequenter.
2610 1428 2842 1484 Precare
2882 1428 3050 1483 Deum
3099 1428 3288 1483 diebus
3308 1442 3374 1482 ac
3400 1429 3580 1484 nocti-

1983 1521 2103 1585 bus,
2135 1522 2384 1577 incumbe
2406 1522 2637 1578 orationi
2664 1520 2905 1586 assidue,
2929 1533 3083 1592 gente
3111 1534 3327 1591 semper
3350 1528 3405 1575 et
3424 1521 3579 1591 plan-

1985 1627 2070 1682 ge.
2094 1611 2270 1681 Surge
2291 1612 2357 1667 ad
2386 1627 2601 1682 precem
2632 1613 2684 1667 iu
2708 1620 2888 1679 nocte,
2921 1620 3182 1681 peruecta
3235 1611 3291 1665 iu
3322 1612 3573 1667 oratione

299 1682 461 1757 malis
489 1702 596 1757 tuis
619 1708 678 1754 ut
698 1682 1090 1769 nequissimum
1146 1707 1363 1749 servum
1406 1699 1724 1761 perpetuam
1776 1698 1883 1745 tra-

2008 1714 2040 1758 ll.
2060 1719 2238 1776 prece,
2270 1704 2519 1760 incumbe
2543 1705 2826 1760 nocturnis
2848 1702 3070 1774 vigiliis,
3129 1717 3344 1758 rursum
3373 1716 3490 1766 ora,
3512 1702 3580 1757 ad

303 1794 397 1847 dat
425 1791 491 1846 ad
523 1805 767 1862 poenam,
799 1790 845 1845 si
867 1803 990 1844 eum
1041 1786 1195 1855 sequi
1249 1782 1488 1838 nolueris
1514 1782 1583 1837 ad
1636 1781 1886 1853 gloriam.

297 1881 526 1953 Eterno
555 1881 668 1953 regi
694 1880 1022 1935 militaturus
1064 1874 1297 1947 propriis
1324 1873 1650 1929 abrenuntia
1699 1872 1888 1929 volun-

296 1952 523 2029 tatibus.
546 1972 678 2026 Esto
700 1970 849 2025 omni
881 1968 1086 2024 vilitate
1107 1966 1190 2023 vel
1213 1965 1558 2021 extremitate
1578 1973 1882 2021 contentus.

300 2063 597 2118 Pronuntia
628 2070 681 2117 te
715 2061 899 2129 lingua
930 2068 1024 2114 tua
1050 2056 1303 2112 omnibus
1332 2053 1668 2121 inferiorem,
1699 2055 1888 2110 intimo

297 2155 480 2210 cordis
500 2151 696 2209 affectu
722 2152 887 2208 crede
932 2159 984 2206 te
1029 2149 1298 2206 viliorem.
1361 2149 1477 2222 Age
1522 2148 1651 2205 dum
1710 2155 1886 2214 vacat,

295 2247 442 2317 quod
467 2247 521 2302 in
547 2255 866 2323 perpetuum
890 2243 1167 2314 expediat.

369 2336 647 2408 Consurge
678 2351 775 2407 per
800 2343 1014 2391 noctem
1047 2333 1118 2390 ad
1139 2333 1420 2390 orationes
1444 2341 1501 2388 et
1523 2331 1797 2403 lacrymas
1822 2329 1890 2387 ad

306 2427 501 2495 Deum,
533 2437 592 2482 ut
614 2426 860 2482 libereris
887 2425 958 2481 ab
1000 2424 1254 2480 omnibus
1287 2422 1497 2493 laqueis
1516 2431 1573 2478 et
1620 2421 1892 2478 scandalis

296 2520 629 2591 passionum.
657 2516 716 2574 Si
738 2518 885 2573 enim
911 2516 1094 2572 subito
1128 2515 1374 2586 rapiatur
1401 2529 1431 2568 a
1481 2522 1537 2569 te
1564 2514 1745 2568 anima
1774 2523 1887 2579 tua,

300 2611 574 2682 peccatrix
602 2610 905 2680 reperietur
927 2618 985 2663 et
1002 2606 1352 2672 felidissima,
1381 2620 1489 2661 non
1521 2605 1728 2661 habens
1753 2615 1895 2660 tem-

301 2716 403 2771 pus
431 2700 763 2771 peeuitentiae
809 2697 1032 2754 ultimm.
1084 2697 1224 2765 Quid
1246 2697 1397 2753 dices
1448 2696 1614 2752 morti
1658 2696 1711 2751 in
1759 2698 1890 2752 liora

301 2795 664 2867 separatiouis
692 2805 817 2860 tur,
847 2807 969 2848 eum
991 2791 1104 2861 jam
1160 2807 1265 2847 non
1288 2790 1619 2847 concedetur
1676 2790 1770 2845 tibi
1805 2791 1891 2845 vel

303 2895 582 2947 momento
634 2886 796 2942 unius
851 2886 1000 2941 horae
1034 2883 1250 2938 vivere?
1305 2882 1514 2937 Habeto
1560 2894 1672 2951 pra:
1721 2879 1893 2935 oculis

300 2980 445 3036 diem
476 2978 687 3035 mortis.
712 2976 994 3033 Pertracta
1025 2973 1259 3045 qualiter
1278 2973 1603 3028 statuendus
1658 2972 1736 3027 sis
1764 2979 1891 3025 ante

300 3080 652 3143 conspectum
678 3067 899 3139 iudicis.
926 3064 1061 3121 Para
1088 3063 1289 3136 iugiter
1334 3061 1639 3133 lampadem
1664 3069 1811 3116 tuam
1840 3059 1892 3113 in

299 3163 716 3221 conservatione
762 3160 998 3233 optima;
1048 3157 1247 3214 festina
1295 3162 1355 3211 ut.
1406 3169 1624 3226 semper
1681 3153 1754 3211 sit
1803 3166 1896 3209 ac-

301 3269 492 3310 censa.

372 3343 599 3413 Despice
649 3339 978 3412 temporalia
1009 3347 1066 3393 et
1092 3337 1322 3402 caduca,
1357 3344 1418 3390 ut
1472 3343 1730 3406 tauquam
1780 3333 1897 3389 exi-

301 3432 445 3489 mius
471 3431 817 3501 belligerator
837 3441 1090 3499 pompam
1144 3426 1461 3496 relinquens
1509 3423 1712 3486 saeculi,
1772 3437 1894 3492 pos-

304 3522 388 3577 sis
434 3520 683 3575 bravium
741 3529 863 3588 post
920 3517 1207 3572 victoriam
1255 3512 1577 3586 promereri.
1628 3511 1896 3578 Recurre,

304 3612 655 3678 miserabilis,
680 3612 751 3667 ad
773 3609 1164 3666 conscientiam
1196 3616 1373 3673 tuam;
1407 3619 1646 3661 exonera
1680 3613 1733 3659 te
1759 3618 1897 3675 pou-

303 3703 524 3760 deribus
552 3701 978 3758 sollicitudinum
1008 3708 1373 3755 terrenarum.
1399 3695 1517 3753 Non
1545 3704 1739 3767 regnet
1766 3710 1898 3752 con-

306 3793 477 3850 tentio
507 3792 560 3848 in
585 3803 657 3857 te,
689 3808 797 3849 non
827 3790 1212 3856 contradictio,
1243 3803 1353 3844 non
1401 3786 1511 3842 ulla
1539 3786 1763 3844 omnino
1793 3786 1898 3842 ini-

303 3887 507 3957 quitas.
539 3884 782 3941 Terrena
813 3898 1030 3954 respue,
1058 3880 1304 3938 etelestia
1333 3886 1548 3952 appete,
1575 3878 1895 3951 temporalia

303 3976 515 4041 desere,
540 3975 930 4045 sempiternam
959 3970 1354 4028 beatitudinem
1377 3970 1563 4041 dilige.

377 4067 771 4138 Expergiscere
791 4079 1084 4136 parumper
1109 4079 1138 4116 a
1170 4077 1364 4119 somno
1388 4059 1721 4128 miserando,
1746 4058 1896 4141 aperi

305 4173 369 4215 os
392 4166 567 4224 tuum,
582 4158 810 4214 obsecra
835 4157 1025 4222 Deum,
1067 4154 1274 4226 projice
1298 4169 1330 4208 a
1360 4162 1412 4209 te
1458 4167 1627 4209 onera
1653 4162 1899 4223 peccato-

306 4265 451 4305 rum.
476 4248 583 4305 Ora
621 4249 959 4320 frequenter,
983 4248 1102 4303 sine
1134 4246 1441 4303 cessatione
1481 4245 1751 4317 laerymas
1772 4243 1897 4298 fun-

307 4341 396 4397 de.
424 4338 702 4395 Mollitiem
730 4339 899 4394 animi
960 4340 1105 4409 fuge,
1152 4336 1534 4408 negligentiam
1586 4349 1896 4399 exsecrere,

306 4430 571 4486 malitiam
622 4431 917 4487 detestare.
969 4429 1106 4485 Ama
1171 4428 1643 4484 mansuetudinem
1673 4465 1688 4494 ,
1737 4425 1901 4497 dilige

307 4523 718 4587 continentiam,
744 4523 1010 4578 meditare
1035 4520 1419 4593 psalmodiam.

382 4615 600 4669 Festina
634 4631 813 4678 orare,
840 4616 967 4669 dum
998 4624 1210 4683 tempus
1235 4622 1321 4669 est
1346 4610 1701 4684 pmnitentiaa.
1732 4608 1902 4680 Dilige

312 4705 481 4762 Deum
509 4719 579 4759 ex
602 4713 712 4759 tota
743 4705 927 4759 anima
960 4714 1048 4759 tua
1069 4704 1288 4775 (Matth.
1315 4720 1452 4772 xxtt,
1485 4704 1598 4775 39),
1648 4703 1790 4758 sicut
1814 4700 1903 4756 ille

311 4794 498 4852 dilexit
525 4803 598 4850 te.
622 4793 773 4849 Time
802 4794 944 4850 diem
971 4792 1190 4863 iudicii.
1222 4794 1424 4850 Amore
1464 4792 1667 4849 Christi
1694 4791 1901 4863 abuega

311 4886 695 4958 temeptipsum
729 4885 847 4941 tibi.
876 4885 1049 4943 Actus
1084 4887 1211 4942 vitae
1257 4894 1368 4942 tua:
1415 4886 1568 4942 omni
1618 4887 1749 4941 hora
1804 4901 1902 4941 cu-

310 4980 474 5057 stodi.
504 4979 615 5036 Fac
644 4988 698 5036 te
718 4979 956 5035 alienum
1007 4980 1078 5036 ab
1123 4980 1336 5037 actibus
1390 4979 1594 5046 saeculi,
1627 4986 1688 5035 ut
1730 4979 1906 5035 hatrcs

309 5073 565 5131 ciliciaris
590 5072 741 5144 regni
771 5071 891 5129 Dei.

381 5166 545 5234 Audi,
580 5167 782 5235 anima,
809 5180 930 5237 quae
949 5164 1170 5236 loquor;
1194 5164 1438 5221 ausculta
1480 5166 1792 5239 quaeﬁico;
1816 5175 1903 5221 at-

313 5257 475 5314 tende
508 5273 631 5328 que:
656 5272 868 5314 moueo.
896 5256 1051 5312 Nulla
1078 5256 1190 5326 jam
1221 5255 1564 5311 immunditia
1618 5255 1903 5327 polluaris,

317 5349 463 5404 nulla
496 5348 720 5405 libidine
762 5347 1075 5411 maculeris,
1100 5345 1169 5402 ab
1196 5346 1346 5401 omni
1391 5354 1445 5401 te
1487 5347 1670 5402 carnis
1717 5362 1906 5402 corru-

314 5439 460 5511 ptela
487 5441 774 5511 suspende,
810 5441 880 5496 ab
900 5441 1046 5496 omni
1068 5439 1257 5496 carnis
1281 5441 1629 5511 corruptione
1651 5442 1901 5496 extrahe.

316 5531 559 5585 Luxuria
588 5530 734 5585 ultra
766 5530 1219 5597 uoniuvalescat,
1272 5531 1440 5588 libido
1498 5531 1638 5586 ultra
1690 5546 1795 5587 non
1854 5542 1908 5587 te

318 5618 590 5676 deviucat.
628 5618 816 5676 Melius
841 5622 985 5678 enim
1027 5625 1271 5681 estmori
1303 5637 1467 5696 quam
1516 5622 1739 5678 libidine
1784 5638 1905 5678 «tua.

1989 1795 2258 1851 modicum
2291 1796 2492 1852 clausis
2521 1796 2714 1852 oculis.

2057 1887 2244 1945 Oratio
2272 1890 2527 1961 frequens
2556 1887 2757 1943 diaboli
2783 1894 3071 1943 submovet
3116 1885 3315 1954 iacula,
3348 1899 3584 1941 ιιιιιιιιιιιο

1990 1976 2086 2033 dos
2130 1978 2355 2047 spiritus
2406 1977 2584 2049 precis
2633 1976 2852 2048 expellit
2903 1975 3229 2045 frequentia,
3276 1973 3584 2029 immundos

1989 2067 2213 2135 spiritus
2234 2068 2499 2123 orationis
2522 2065 2692 2122 vincit
2718 2066 2998 2130 instantia,
3052 2064 3316 2120 demonia
3338 2062 3582 2121 oratione

1991 2159 2301 2225 vincuntur,
2334 2159 2586 2215 omnibus
2614 2158 2770 2213 malis
2791 2156 3046 2230 praevalet
3070 2156 3266 2213 oratio.

2061 2249 2254 2304 Adime
2278 2250 2371 2304 tibi
2397 2264 2613 2320 quoque
2634 2248 2981 2303 saturitatem
3010 2247 3188 2317 panis,
3244 2245 3583 2318 parcimonia

1995 2350 2145 2398 tuum
2171 2359 2368 2414 corpus
2396 2344 2626 2413 castiga,
2655 2339 2879 2411 jejuuiis
2905 2347 2960 2394 et
2985 2339 3584 2418 abstinentizeiuteutus

1994 2434 2187 2504 pallida
2208 2449 2303 2489 ora
2333 2447 2481 2504 gere,
2509 2434 2720 2489 aridum
2751 2442 2909 2504 porta
2936 2445 3162 2500 corpus.
3204 2430 3361 2486 Esuri
3384 2439 3439 2486 et
3463 2429 3581 2498 siti;

1995 2525 2212 2580 abstine
2240 2534 2294 2580 et
2316 2539 2531 2581 aresce.
2565 2523 2677 2581 Nisi
2697 2522 2921 2597 jejuniis
2944 2522 3238 2590 erudiaris,
3289 2536 3396 2579 non
3420 2532 3584 2594 potes

1994 2616 2320 2671 mutationes
2349 2615 2584 2671 vincere.

2063 2707 2195 2763 Esto
2218 2707 2458 2774 humilis,
2486 2716 2602 2762 esto
2631 2706 2683 2761 in
2710 2706 3020 2763 humilitate
3048 2705 3324 2768 fundatus,
3356 2703 3578 2760 humilia

1997 2807 2069 2863 te,
2095 2798 2376 2854 minimum
2416 2806 2468 2855 te
2488 2798 2592 2853 fac.
2621 2796 2762 2852 Nulli
2794 2806 2845 2852 te
2870 2811 3173 2868 przepouas,
3196 2795 3325 2849 nulli
3354 2804 3403 2850 te
3423 2810 3582 2865 supe-

1997 2892 2199 2947 riorem
2258 2892 2504 2962 deputes.
2565 2890 2826 2947 Existima
2884 2904 3075 2946 omnes
3118 2888 3426 2959 superiores
3465 2902 3587 2944 esse

1999 2983 2116 3040 tibi.
2145 2982 2400 3040 Omnium
2445 2990 2496 3038 te
2528 2982 2811 3037 minimum
2868 2981 3141 3045 existima,
3194 2978 3507 3034 inferiorem
3537 2986 3589 3033 te

1997 3077 2250 3132 omnibus
2285 3074 2510 3145 deputa.
2530 3073 2789 3143 Quamvis
2820 3087 3063 3128 suuuuus
3101 3072 3196 3135 sis,
3220 3071 3586 3126 humilitatem

1999 3176 2144 3224 tene.
2172 3167 2386 3236 Quanto
2418 3168 2561 3221 enim
2592 3165 2848 3221 humilior
2871 3163 3063 3230 fueris,
3097 3171 3248 3218 tanto
3292 3172 3344 3219 te
3394 3177 3591 3234 seque-

1999 3266 2091 3314 tur
2112 3258 2301 3328 gloria:
2325 3257 2577 3312 altitudo.

2068 3349 2213 3404 Cave
2259 3346 2603 3419 iactantiam,
2658 3359 2793 3401 cave
2839 3341 3225 3401 ostentationis
3266 3339 3589 3412 appetitum,

1998 3450 2131 3492 cave
2161 3436 2347 3508 gloriae
2370 3435 2549 3489 inanis
2572 3435 2832 3490 studium.
2857 3432 2973 3489 Non
3009 3443 3062 3488 te
3084 3444 3343 3502 arroges;
3397 3445 3505 3485 non
3535 3438 3590 3487 te

1994 3524 2191 3596 iactes.
2230 3523 2346 3580 Non
2392 3533 2445 3579 tc
2491 3522 2791 3580 insolenter
2851 3520 3109 3589 extollas;
3164 3521 3280 3575 alas
3322 3517 3592 3591 superbiae

2003 3632 2111 3673 non
2142 3617 2425 3672 extendas.
2462 3615 2725 3671 Elatiouis
2748 3629 2959 3685 pennas
2988 3630 3096 3669 non
3142 3612 3342 3685 erigas,
3368 3609 3502 3666 nihil
3525 3610 3591 3667 de

2001 3719 2053 3765 te
2080 3722 2400 3779 ptmsumas,
2425 3707 2561 3763 nihil
2583 3707 2707 3763 boni
2730 3705 2824 3761 tibi
2853 3706 3082 3762 tribuas.

2069 3800 2147 3855 De
2163 3799 2388 3870 justitiae
2422 3799 2622 3854 virtute
2671 3797 2815 3853 nulla
2868 3796 3108 3852 elatione
3158 3795 3465 3866 superbius,
3520 3799 3589 3851 de

1997 3889 2155 3945 bouis
2188 3888 2348 3945 factis
2370 3903 2474 3943 nou
2500 3887 2787 3955 attollaris,
2810 3887 2876 3943 de
2901 3887 3045 3942 bono
3078 3901 3241 3958 opere
3263 3901 3367 3941 non
3390 3883 3588 3957 gloria-

1998 3978 2076 4033 ris
2107 3992 2122 4031 :
2154 3978 2442 4034 ltumiliare
2466 3986 2525 4031 ut
2546 3976 2830 4043 exalteris,
2863 3989 2932 4032 ne
2953 3976 3222 4032 exaltatus
3248 3975 3583 4031 bumilicris:

1999 4070 2090 4140 qui
2113 4070 2257 4125 enim
2280 4070 2564 4135 attollitur,
2590 4068 2942 4136 bttmilialur;
2968 4071 3058 4141 qui
3088 4069 3378 4133 exaltatur,
3401 4066 3590 4137 dejici-

1999 4166 2130 4225 tur;
2160 4161 2255 4230 qui
2281 4157 2548 4225 elevatur,
2597 4157 2996 4229 prosternitur;
3043 4158 3135 4229 qui
3185 4157 3429 4224 inﬂatur,
3473 4156 3593 4212 alli-

2000 4249 2168 4307 ditur.

1930 4366 1980 4426 υ
2076 4340 2342 4411 Superbia
2375 4338 2595 4411 angelos
2623 4338 2892 4410 deposuit,
2919 4346 3102 4394 tumor
3128 4352 3292 4409 regna
3323 4337 3591 4407 dissolvit,

2003 4432 2313 4503 armgantia
2363 4430 2623 4487 sublimes
2679 4429 3025 4495 liumiiiavit,
3079 4429 3357 4486 humiiitas
3406 4444 3590 4484 casum

2004 4524 2200 4588 nescit,
2226 4522 2506 4579 humilitas
2541 4522 2750 4592 lapsum
2791 4537 2897 4576 non
2939 4521 3109 4576 novit.
3138 4522 3440 4592 Cognosce,
3483 4521 3593 4576 mi-

2004 4618 2252 4677 serande,
2285 4616 2413 4684 quia
2436 4614 2656 4669 humilis
2685 4614 2826 4668 Deus
2851 4613 3016 4668 venit.
3051 4613 3303 4675 Ambula,
3346 4611 3593 4668 sicutille

2005 4707 2332 4773 ambulavit;
2354 4719 2585 4777 sequere
2608 4706 2916 4776 exemplum
2947 4703 3086 4774 ejus,
3117 4704 3335 4761 imitare
3361 4704 3590 4776 vestigia

2006 4800 2168 4857 illius.

2075 4891 2260 4946 Existe
2291 4890 2388 4946 tibi
2413 4889 2555 4953 vilis,
2584 4888 2758 4943 existe
2786 4887 3055 4959 abiectus,
3085 4888 3259 4943 existe
3278 4889 3587 4959 despectus,

2005 4983 2230 5053 displice
2259 4982 2377 5047 tibi,
2400 4982 2691 5052 despectus
2711 4988 2830 5035 esto
2871 4980 3012 5048 apud
3070 4979 3433 5049 temetipsum.
3487 4977 3593 5047 Qui

2003 5077 2149 5133 enim
2181 5076 2284 5130 sibi
2311 5074 2431 5130 vilis
2458 5080 2562 5141 est,
2583 5082 2709 5128 ante
2738 5072 2906 5127 Deum
2934 5083 3177 5142 magnus.
3207 5071 3310 5139 Qui
3332 5070 3433 5127 sibi
3482 5070 3595 5126 dis-

2006 5156 2188 5238 plicet,
2244 5167 2357 5221 Deo
2392 5165 2589 5236 placet.
2624 5164 2754 5219 Esto
2797 5179 2931 5233 ergo
2959 5179 3159 5234 parvus
3189 5164 3240 5218 in
3271 5163 3441 5220 oculis
3466 5164 3595 5229 t‘uis,

2007 5261 2162 5315 utsis
2188 5274 2415 5329 magnus
2464 5259 2517 5313 in
2566 5258 2738 5314 oculis
2771 5257 2859 5312 Dei
2902 5274 2914 5311 :
2945 5266 3094 5313 lauto
3132 5257 3276 5313 enim
3312 5258 3420 5314 eris
3454 5257 3597 5328 apud

2009 5355 2175 5409 Deum
2199 5352 2514 5425 pretiosior,
2550 5361 2757 5423 quanto
2780 5349 2921 5419 apud
2965 5351 3213 5406 homines
3267 5348 3594 5419 despectior.

2080 5446 2240 5501 Porta
2264 5459 2482 5515 semper
2508 5441 2893 5499 verecundiam
2944 5444 2997 5497 in
3030 5442 3178 5497 vultu
3217 5444 3282 5497 de
3341 5441 3602 5497 recorda-

2010 5537 2158 5593 tione
2179 5536 2398 5602 delicti;
2450 5546 2606 5606 porta
2635 5538 2897 5607 pudorem
2954 5535 3006 5590 in
3051 5534 3187 5591 facie
3221 5534 3289 5590 de
3336 5533 3600 5590 memoria

2012 5628 2288 5685 commissi
2319 5628 2546 5697 peccati.
2576 5627 2789 5686 Pcceati
2815 5628 3020 5696 pudore
3049 5626 3235 5682 oculos
3291 5634 3412 5680 tuos
3440 5624 3605 5679 attul-
