3910 6018
1348 181 1800 282 exnon'rarto
1838 227 1932 282 an
1967 227 2360 288 CDNTEMPT.
2407 233 2610 290 reue.

3533 244 3635 302 632

353 333 464 402 lere
484 329 766 385 erubesco.
793 328 986 386 Inccde
1009 331 1253 404 deposita
1288 333 1449 400 facie,
1499 337 1714 407 abiecto
1763 339 1936 406 vultu,
1967 354 2011 410 Α
2040 357 2202 413 pone.
2233 345 2560 402 Irasceutem
2591 349 2850 418 patientia
2871 350 3112 422 deliuito,
3146 355 3513 417 blandimento
3535 381 3644 421 ira—

348 431 548 476 nimsto
585 435 700 486 ore,
738 437 1002 492 percusso
1046 426 1234 493 corde,
1299 426 1512 497 lugubri
1561 439 1733 494 veste,
1782 445 1946 486 sacco

347 514 644 580 involutus,
675 523 900 584 opertus
950 517 1133 574 cilicio
1181 534 1402 591 corpus,
1445 537 1662 593 semper
1710 525 1942 595 lugens,

345 617 566 674 semper
591 621 848 671 intereas,
882 623 1102 679 semper
1145 626 1390 682 gemens,
1449 628 1668 684 semper
1707 617 1942 686 suspiria

343 699 528 753 cordis
553 701 832 756 emittens.
863 700 947 756 Sit
973 706 1322 774 compunctio
1345 705 1400 761 in
1415 708 1609 776 corde,
1639 709 1940 767 lamentum

343 787 400 842 in
428 797 682 858 pectore;
711 792 948 848 delectet
979 802 1032 849 te
1065 789 1284 866 semper
1301 796 1557 866 planctus
1591 808 1646 854 et
1669 799 1865 880 luctus.

415 879 546 935 Esto
575 897 790 952 semper
835 893 1060 955 paratus
1110 887 1178 941 ad
1225 887 1521 959 Iaerymas.
1571 879 1854 947 Planctum
1883 901 1939 950 et

338 970 610 1044 Iacrymas
641 990 915 1046 nunquam
941 977 1181 1034 deseras.
1214 979 1370 1035 Nulla
1418 990 1472 1037 te
1495 997 1583 1038 res
1613 985 1681 1039 de
1711 995 1938 1054 peccato

337 1078 592 1120 securum
616 1066 802 1132 faciat,
847 1069 1193 1126 incessanter
1237 1073 1290 1127 in
1343 1076 1512 1132 corde
1569 1085 1661 1134 tuo
1704 1095 1830 1149 spes
1879 1091 1936 1136 et

339 1153 571 1212 formido
599 1159 922 1216 consistant.
947 1159 1040 1216 Sic
1063 1175 1226 1230 spera
1252 1164 1704 1234 misericordiam,
1738 1179 1792 1223 et
1815 1186 1932 1227 me-

340 1255 460 1300 tuas
479 1246 778 1316 justitiam;
821 1251 902 1306 sic
937 1261 990 1306 te
1019 1267 1146 1322 spes
1207 1255 1554 1328 indulgentia)
1611 1261 1816 1330 erigat,
1877 1271 1932 1317 et

335 1346 514 1392 metus
539 1341 800 1410 gehennae
828 1355 1042 1413 semper
1071 1343 1295 1416 alIIigat.

406 1429 463 1483 In
489 1431 896 1488 infirmitatibus
923 1435 1030 1490 tuis
1061 1453 1166 1492 non
1193 1438 1560 1505 contristeris,
1614 1442 1668 1496 in
1697 1443 1918 1514 languo-

331 1519 486 1576 ribus
519 1521 622 1584 tuis
647 1524 853 1594 gratias
883 1541 982 1596 age
1010 1529 1148 1594 Deo;
1183 1529 1366 1586 valere
1415 1543 1468 1588 te
1516 1535 1688 1604 magis
1741 1537 1926 1594 animo

329 1621 456 1676 cpta
489 1627 650 1681 quam
670 1629 921 1685 corpore,
947 1618 1129 1674 valere
1149 1629 1200 1675 te
1224 1622 1394 1692 magis
1408 1632 1535 1692 opta
1557 1635 1738 1682 mente
1759 1643 1922 1697 quam

2047 437 2299 492 cundiam
2323 439 2554 494 furentis
2580 441 2834 504 dissolve,
2885 445 3040 501 vince
3071 451 3368 519 nequitiam
3395 453 3636 522 lenitate,

2045 527 2203 582 vince
2232 528 2496 584 malitiam
2521 531 2782 588 bonitate.
2813 533 3125 606 Tranquilla
3167 542 3330 597 etiam
3359 555 3540 604 mente
3571 549 3639 603 il-

2047 619 2186 675 latas
2209 623 2568 678 contumelias
2598 625 2782 694 prode.
2807 611 2966 697 Aperi
2995 633 3286 702 tranquillo
3308 639 3470 692 corde
3491 640 3638 697 dolo-

2045 725 2158 766 rem
2195 713 2620 783 iniurimwalde
2669 719 2814 772 eiiim
2867 721 3106 778 comedit
3159 727 3398 782 animum
3443 732 3638 790 vulnus

2043 803 2328 860 inclusum.

2103 895 2160 952 Si
2185 901 2591 956 contristaveris
2617 901 2841 958 fratrem
2875 914 3024 960 tuum
3049 910 3101 963 in
3129 910 3333 983 aliquo,
3389 929 3490 986 age
3518 931 3635 986 poe-

2040 988 2322 1044 nitentiam
2351 1005 2534 1046 coram
2561 993 2671 1048 illo.
2695 993 2752 1049 Si
2779 995 3071 1056 offenderis
3093 1001 3144 1055 in
3179 1001 3364 1071 fratre,
3395 1009 3634 1064 reconci-

2037 1073 2107 1130 lia
2129 1091 2252 1132 eum
2276 1080 2328 1132 in
2357 1093 2537 1149 prece.
2565 1081 2890 1141 Olfensionis
2910 1097 3014 1143 tuae
3036 1091 3144 1146 cito
3163 1095 3372 1150 veniam
3395 1099 3630 1167 postula,

2035 1165 2322 1224 celerrimo
2349 1172 2656 1230 dilectionis
2689 1175 2904 1247 affectu,
2950 1182 3255 1241 humilitate
3303 1190 3369 1243 ad
3395 1165 3626 1248 iveniam

2033 1273 2156 1314 eum
2209 1277 2474 1332 provoca,
2531 1268 2760 1339 supplici
2803 1271 2986 1328 animo
3039 1277 3250 1332 veniam
3313 1279 3624 1350 deprecare,

2033 1349 2226 1406 all'ectu
2263 1364 2629 1422 prosternere.

2101 1441 2310 1500 Potenti
2357 1448 2569 1504 veniam
2623 1451 2900 1521 placenter
2950 1457 3206 1529 indulge,
3260 1473 3620 1522 revertentem

2027 1534 2210 1589 statim
2223 1537 2570 1608 amplectere,
2602 1544 2911 1600 redeuntem
2937 1549 3222 1604 confestim
3247 1551 3474 1625 benigna
3503 1571 3624 1612 sus-

2027 1625 2146 1694 cipe
2179 1627 2466 1685 charitate.
2522 1631 2740 1689 Dimitte
2769 1643 2827 1690 ut
2857 1638 3164 1696 dimittatur
3218 1643 3352 1711 tibi,
3399 1647 3619 1718 ignosce

329 1717 516 1758 carne.
541 1705 829 1776 iEgritudo
855 1723 1082 1765 carnem
1115 1712 1387 1778 vulnerat,
1419 1727 1652 1772 mentem
1676 1720 1926 1790 castigat.
1961 1703 2006 1758 Β
2033 1725 2090 1771 ut
2116 1717 2430 1789 ignoscatur
2458 1721 2575 1778 tibi.
2629 1725 3018 1798 lndulgentiam
3055 1746 3159 1786 non
3217 1703 3460 1804 habebis,
3519 1739 3622 1794 nisi

403 1797 458 1853 Si
487 1803 818 1871 prosperitas
842 1805 1108 1872 arriserit,
1134 1823 1240 1864 non
1271 1809 1584 1878 extollaris;
1609 1814 1656 1868 si
1684 1817 1929 1874 adversi-

331 1899 416 1946 tas
457 1893 738 1956 aceiderit,
777 1911 884 1951 non
926 1899 1223 1970 deiiciaris.
1266 1901 1321 1958 Si
1371 1904 1657 1974 contigerit
1707 1909 1929 1966 calami-

329 1993 436 2049 tas,
467 1987 845 2056 pusillanimus
863 2006 972 2047 non
999 1993 1222 2050 existas.
1277 1995 1484 2052 llabeto
1523 2005 1924 2070 temperamen-

327 2085 441 2130 tum
467 2077 518 2130 in
557 2081 858 2149 prosperis,
901 2083 1099 2139 habeto
1156 2086 1478 2156 patientiam
1535 2090 1590 2144 iu
1655 2092 1920 2149 adversis.

323 2165 554 2223 Probari
577 2181 629 2225 te
653 2171 706 2226 in
730 2173 918 2229 dolore
944 2191 1238 2247 cognosce,
1271 2194 1340 2234 ne
1364 2181 1642 2238 exalteris.

393 2257 641 2330 Equalis
665 2272 782 2318 esto
817 2265 869 2319 in
901 2269 1177 2334 omnibus,
1205 2279 1443 2326 mentem
1468 2288 1567 2329 nec
1595 2275 1792 2345 gaudio
1820 2293 1922 2334 nec

325 2351 486 2422 192
506 2369 738 2412 interere
754 2372 1073 2417 commutes.
1114 2361 1308 2417 Omnia
1329 2365 1522 2434 aequali
1539 2364 1662 2434 iure
1683 2369 1914 2435 sustine,

321 2445 390 2497 ad
423 2445 624 2501 nullam
657 2449 1002 2506 insolentiam
1027 2455 1402 2511 commuteris.
1457 2457 1653 2514 Nullus
1681 2469 1732 2516 te
1753 2475 1917 2520 casus

321 2534 643 2605 imparatum
670 2540 932 2609 inveniat,
957 2545 1136 2604 nullus
1165 2548 1238 2603 sit
1277 2563 1439 2605 casus
1465 2565 1625 2620 quem
1674 2569 1781 2610 non
1807 2571 1919 2612 me-

321 2630 510 2686 ditatio
539 2641 630 2687 tua
663 2639 987 2704 praeveniat.

391 2719 638 2792 Propone
665 2726 759 2780 tibi
790 2727 1064 2786 nihilesse
1091 2731 1236 2802 quod
1261 2749 1366 2788 non
1412 2735 1588 2806 possit
1639 2738 1910 2794 accidere.

315 2810 374 2865 In
403 2814 658 2869 secundis
692 2817 956 2875 meditare
989 2835 1098 2890 quo
1127 2834 1288 2893 pacto
1331 2827 1561 2880 adversa
1601 2827 1773 2894 feras;
1833 2829 1909 2884 fu-

317 2911 468 2956 turas
493 2919 710 2975 semper
729 2910 1148 2968 comminiscere
1179 2915 1449 2971 miserias.
1480 2915 1912 2977 Ceditadvcrsus

2032 1811 2268 1867 dederis.
2293 1813 2358 1867 Et
2383 1815 2428 1870 si
2460 1814 2547 1871 ille
2581 1832 2688 1873 non
2715 1821 3000 1890 supplicet,
3031 1825 3076 1879 si
3127 1825 3228 1882 sibi
3261 1828 3456 1885 dimitti
3512 1848 3616 1888 non

2029 1904 2284 1974 postulet,
2308 1906 2353 1960 si
2385 1906 2710 1978 deprecandi
2765 1913 3128 1972 humilitatem
3159 1933 3266 1974 non
3321 1921 3539 1990 habeat,
3572 1927 3616 1978 si

2027 2008 2307 2066 peccatum
2333 2015 2491 2056 suum
2521 2003 2662 2056 mala
2709 2006 3040 2062 conscientia
3087 2025 3192 2065 non
3233 2025 3524 2083 agnoscat;
3563 2025 3615 2070 tu

2015 2086 2210 2142 relaxa
2239 2105 2304 2143 ex
2334 2092 2517 2158 corde,
2569 2101 2626 2148 tu
2650 2093 2862 2151 dimitte
2888 2111 2956 2151 ex
2988 2095 3192 2166 animo,
3241 2113 3296 2158 tu
3327 2106 3494 2175 gratis
3530 2107 3614 2161 in—

2025 2179 2202 2249 dulge,
2225 2188 2280 2234 tu
2307 2182 2518 2238 veniam
2544 2200 2610 2240 ex
2638 2188 2854 2258 propria
2884 2189 3162 2248 voluntate
3181 2197 3436 2252 concede.

2093 2267 2211 2324 Non
2253 2280 2490 2328 retentes
2518 2278 2700 2332 cordis
2761 2287 2818 2332 et
2867 2279 3130 2350 dolorem,
3176 2285 3330 2340 auler
3363 2301 3392 2340 a
3451 2289 3616 2344 corde

2023 2357 2320 2417 fraternam
2347 2361 2722 2435 offensionem,
2759 2369 2950 2426 alicam
2981 2374 3236 2443 nequitiae
3285 2389 3392 2430 non
3427 2390 3612 2435 serves

2021 2453 2264 2510 dolorem
2297 2471 2311 2510 :
2343 2457 2526 2512 odium
2551 2462 2696 2514 enim
2733 2475 2765 2516 a
2797 2477 2964 2533 regno
2993 2465 3084 2520 Dei
3117 2467 3392 2523 hominem
3443 2485 3604 2542 sepa-

2021 2558 2126 2616 rat,
2158 2564 2189 2603 a
2221 2549 2358 2606 cmlo
2383 2553 2672 2618 subtrahit,
2697 2570 2728 2609 a
2760 2557 3020 2626 paradiso
3047 2557 3217 2627 ejicit.
3271 2559 3466 2617 Odium
3508 2579 3610 2621 nec

2019 2642 2268 2711 passione
2295 2644 2574 2713 adimitur,
2603 2661 2702 2702 nec
2725 2650 2988 2720 martyrio
3014 2651 3284 2720 expiatur.

2087 2732 2224 2800 Quid
2249 2734 2350 2790 zeli
2381 2735 2610 2791 referam
2639 2738 2826 2810 ignes?
2875 2741 3077 2797 Invidia
3099 2753 3293 2800 cuncta
3343 2745 3604 2804 virtutum

2017 2825 2258 2893 germina
2289 2836 2636 2893 concremat;
2667 2829 2866 2885 invidia
2889 2843 3084 2888 cuncta
3124 2831 3264 2886 bona
3289 2833 3485 2888 ardore
3506 2847 3605 2904 pe-

2015 2917 2202 2973 stifero
2230 2920 2472 2975 devorat.
2503 2919 2626 2978 Hmc
2665 2924 2899 2993 primum
2931 2925 3032 2980 sibi
3069 2937 3244 2990 nocet,
3285 2927 3516 2994 primum
3544 2940 3606 2981 se

314 3009 477 3050 casus
507 2999 764 3066 consilio;
792 3003 1147 3060 advenientes
1172 3007 1406 3076 impetus
1429 3008 1630 3077 frangit
1685 3025 1910 3080 praeme-
1937 3049 1978 3107 Ο
2014 3008 2244 3071 mordet,
2282 3009 2458 3080 primo
2493 3027 2647 3066 suum
2685 3013 2826 3067 rodit
2852 3023 3150 3070 auctorem.
3182 3015 3382 3068 Invidia
3408 3014 3602 3069 anima:

319 3085 502 3107 Δε.-.ξ-
557 3089 620 3107 Π.
653 3106 662 3107 κ
701 3091 714 3107 ι
747 3093 760 3107 ι
922 3094 932 3104 -
979 3095 1011 3107 ο,
1177 3105 1180 3107 λ
1267 3099 1277 3107 .
1403 3099 1414 3107 .
2039 3101 2051 3107 -
2755 3105 2766 3107 _
3159 3106 3162 3107 ,

312 3085 526 3142 ditatio.
557 3089 627 3144 Et
648 3091 714 3145 ad
747 3093 888 3147 bona
921 3094 1107 3164 igitur,
1134 3105 1189 3150 et
1213 3099 1279 3152 ad
1313 3099 1450 3152 mala
1475 3114 1572 3153 cor
1600 3107 1748 3153 tuum
1773 3115 1912 3170 pra:-

309 3192 478 3248 para;
513 3190 568 3235 et
595 3183 734 3238 bona
765 3193 818 3240 et
847 3185 984 3240 mala
1009 3199 1170 3256 prout
1190 3191 1450 3246 eveniunt
1469 3200 1655 3260 porta;
1681 3189 1909 3249 adversa

311 3279 367 3324 et
387 3285 666 3342 prospera,
687 3285 746 3330 ut
765 3287 1081 3344 occurrunt,
1105 3281 1302 3347 tolera;
1329 3281 1690 3352 quodcunque
1714 3295 1906 3340 evene-

311 3365 386 3419 rit
410 3368 624 3424 sustine
649 3381 832 3427 mente
860 3371 1058 3428 libera.

385 3455 443 3509 Si
469 3459 794 3525 pratvcnerit
814 3461 1114 3529 iracundia,
1147 3467 1412 3537 restringe
1445 3467 1590 3525 illam
1615 3473 1690 3539 ;si
1704 3489 1908 3544 pracoc-

312 3551 612 3618 cupaverit,
641 3551 826 3620 mitiga
856 3569 998 3610 eam.
1041 3555 1306 3626 Tempora
1344 3557 1608 3626 furorem,
1662 3575 1906 3636 tempera

313 3639 768 3710 indignationem,
802 3645 996 3701 cohibe
1049 3648 1214 3702 animi
1257 3661 1481 3718 motum,
1533 3655 1747 3712 refrena
1801 3659 1907 3714 ira-

309 3733 522 3787 eimdia:
567 3735 848 3807 impetum.
907 3737 964 3792 Si
1015 3755 1122 3793 non
1181 3750 1335 3810 potes
1385 3743 1523 3799 iram
1569 3749 1773 3814 vitare,
1821 3749 1906 3805 vel

309 3833 582 3896 tempera;
617 3827 660 3882 si
695 3845 798 3882 non
827 3838 980 3900 potes
1027 3829 1267 3886 furorem
1309 3849 1526 3902 cavere,
1565 3837 1650 3892 vcl
1691 3839 1902 3894 cohibe.

309 3913 468 3970 Disce
496 3918 636 3972 mala
661 3917 804 3973 ferre
829 3921 1010 3990 potius
1055 3937 1220 3992 quam
1260 3924 1493 3993 referre;
1541 3925 1693 3985 disce
1759 3929 1902 3986 mala

285 4008 483 4076 magis
513 4009 743 4065 tolerare
766 4027 928 4082 quam
957 4013 1155 4071 facere.

379 4097 506 4154 Esto
521 4113 852 4170 mansuetus,
877 4115 994 4159 esto
1007 4107 1370 4174 patiens,esto
1398 4110 1567 4176 mitis,
1591 4115 1905 4171 estomode-

303 4195 442 4242 stus.
483 4189 648 4244 Serva
661 4193 998 4261 patientiam,
1013 4209 1170 4250 serva
1189 4199 1906 4275 modostiam._Despicepro—

302 4281 398 4336 bra
421 4283 582 4341 illata;
605 4291 962 4346 contumeliae.
1007 4292 1239 4364 Sagittas
1261 4297 1599 4352 contumelia:
1629 4301 1904 4369 patientia:

2015 3101 2157 3157 tinea
2185 3111 2290 3165 est,
2335 3117 2552 3158 sensum
2580 3105 2832 3170 comedit,
2867 3115 3056 3171 pectus
3087 3106 3211 3171 urit,
3240 3115 3472 3162 mentem
3489 3107 3602 3162 alli-

2011 3195 2105 3261 cit,
2134 3209 2231 3248 cor
2257 3195 2492 3250 hominis
2520 3197 2668 3266 quasi
2697 3198 2942 3266 quzeilam
2981 3199 3147 3267 pestis
3168 3198 3429 3268 depascit.

2082 3283 2346 3340 Occurrat
2366 3299 2495 3356 ergo
2521 3294 2710 3341 contra
2750 3287 2923 3340 zelum
2953 3287 3194 3352 bonitas;
3229 3288 3489 3342 adversus
3517 3289 3600 3343 in-

2009 3378 2208 3434 vidiam
2237 3389 2570 3449 prmparetur
2588 3379 2846 3435 charitas.
2879 3379 3074 3435 Pacem
3095 3395 3238 3444 ama,
3300 3395 3488 3450 pacem
3513 3381 3598 3436 di-

2009 3467 2136 3540 lige,
2172 3483 2360 3538 pacein
2397 3485 2520 3524 cum
2545 3471 2798 3525 omnibus
2825 3471 3018 3533 retine,
3045 3484 3234 3525 omnes
3261 3469 3315 3523 in
3342 3484 3598 3525 mansue-

2011 3561 2194 3615 tudine
2228 3568 2282 3615 et
2303 3561 2570 3615 charitate
2601 3559 2948 3631 amplectere.
2976 3559 3092 3615 Non
3117 3560 3192 3614 sis
3230 3559 3283 3614 in
3317 3574 3450 3630 pace
3479 3559 3598 3614 inli-

2009 3653 2128 3707 dus.
2207 3653 2338 3708 Esto
2399 3651 2592 3707 alI'ectu
2656 3663 2978 3723 promptus,
3042 3666 3364 3722 semperque
3423 3652 3598 3706 retine

2005 3739 2282 3796 vinculum
2309 3743 2646 3796 constantim.
2675 3741 2880 3797 IIabeto
2921 3741 3117 3796 meritis
3153 3741 3595 3812 placabilitatem,

2009 3829 2170 3884 animi
2197 3829 2600 3902 benignitatem.

2075 3919 2318 3977 Alfabilis
2339 3933 2456 3978 esto
2485 3923 2540 3977 in
2567 3935 2848 3986 sermone;
2879 3931 3036 3990 grato
3059 3922 3242 3977 animo
3287 3921 3354 3976 ad
3404 3935 3598 3978 omnes

2007 4027 2229 4084 appare,
2282 4013 2407 4084 fuge
2449 4015 2617 4078 rixas,
2665 4013 2774 4068 vita
2823 4013 2970 4076 lites,
3015 4029 3147 4069 cave
3197 4013 3594 4081 contentiones,

2009 4103 2136 4158 tolle
2162 4104 2271 4160 litis
2300 4106 2634 4161 occasiones.
2668 4105 2841 4160 Litem
2873 4121 3087 4176 sperne,
3125 4107 3246 4162 vive
3293 4121 3508 4177 semper
3537 4107 3591 4163 in

2007 4211 2161 4265 pace,
2198 4197 2248 4251 in
2275 4197 2419 4253 nulla
2442 4199 2654 4254 actione
2676 4199 2895 4254 studeas
2951 4201 3250 4255 decertare.
3305 4198 3594 4256 Contentio

2007 4287 2130 4344 lites
2163 4291 2324 4360 parit,
2357 4291 2502 4346 rixas
2527 4291 2716 4363 gignit,
2745 4291 2891 4347 faces
2919 4291 3168 4347 odiorum
3194 4293 3464 4358 accendit,
3495 4308 3593 4364 pa-

299 4377 383 4447 cly
393 4391 492 4445 peo
513 4377 540 4432 f
539 4395 722 4449 range.
736 4383 984 4454 Praepara
997 4395 1182 4442 contra
1199 4388 1421 4443 verbum
1435 4404 1684 4459 asperum
1699 4395 1898 4463 patien-

2025 4395 2124 4436 :em
2146 4383 2324 4438 cordis
2348 4383 2661 4452 exstinguit,
2685 4383 3032 4439 concordiam
3057 4384 3280 4455 rumpit.

301 4467 388 4520 tia:
403 4467 681 4539 clypeum;
711 4475 1113 4544 contraIinguaa
1136 4475 1372 4548 gladium
1407 4479 1683 4550 patientiae
1715 4485 1898 4553 prmbe

299 4567 537 4616 scutum.
579 4561 840 4630 Quamvis
865 4567 1094 4638 quisque
1130 4568 1344 4637 incitet,
1377 4573 1628 4642 quamvis
1662 4590 1892 4646 exaspe—

298 4661 404 4718 ret,
435 4655 686 4722 quamvis
706 4656 946 4726 insultet,
979 4662 1230 4729 quamvis
1257 4662 1615 4732 convicietur,
1646 4667 1895 4735 quamvis

299 4743 630 4799 criminetur
657 4787 672 4813 ,
714 4751 964 4818 quamvis
1013 4753 1078 4806 ad
1111 4751 1261 4808 litem
1317 4768 1593 4825 provocet,
1643 4761 1892 4830 quamvis

296 4835 606 4890 convicium
637 4837 807 4904 dicat,
844 4843 1091 4910 quamvis
1115 4843 1372 4913 iniuriam
1409 4846 1594 4914 faciat,
1643 4851 1892 4921 quamvis

294 4927 646 4984 contumeliis
673 4927 902 4996 alliciat,
935 4942 988 4985 tu
1021 4933 1142 4999 sile,
1179 4943 1232 4988 tu
1290 4944 1428 5004 tace,
1479 4949 1790 5008 contemne,
1831 4951 1888 4997 tu

293 5019 575 5075 dissimula
608 5022 882 5092 iniuriam,
918 5041 1022 5080 non
1049 5027 1403 5098 respondeas,
1435 5033 1739 5088 convicium
1783 5049 1886 5090 non

293 5123 635 5185 retorquens.
670 5117 922 5174 Tacendo
961 5119 1122 5175 citius
1153 5121 1358 5176 vinces.

365 5205 526 5260 Disce
573 5223 604 5262 a
633 5207 854 5264 Christo
905 5211 1274 5278 tolerantiam,
1341 5215 1490 5270 disce
1541 5217 1884 5273 modestiam.

287 5301 569 5360 Christum
600 5309 839 5374 attende,
865 5317 916 5362 et
957 5324 1062 5363 non
1095 5308 1279 5364 doleas
1314 5309 1381 5364 de
1424 5309 1653 5380 iniuriis.
1693 5313 1886 5369 Consi-

289 5395 574 5450 deratione
597 5396 843 5468 iustitiae,
873 5397 1124 5468 dolorem
1161 5409 1424 5470 tempera.
1457 5399 1707 5457 Inimicos
1735 5403 1884 5457 omni

289 5487 554 5543 modestia
579 5489 754 5560 placa,
783 5489 922 5545 mala
972 5491 1202 5548 aliorum
1254 5503 1346 5548 tuo
1398 5493 1542 5548 bono
1591 5507 1879 5564 exsupero.

360 5578 496 5634 Cum
525 5596 656 5654 ergo
684 5583 977 5652 deregatur
1001 5585 1118 5649 tibi,
1148 5594 1200 5638 tu
1231 5603 1357 5651 ora;
1391 5601 1514 5641 cum
1541 5585 1882 5641 maledicitur

292 5667 412 5736 tibi,
443 5681 496 5727 tu
521 5674 776 5738 benedic;
804 5674 1145 5731 maledicenti
1181 5675 1272 5730 tibi
1306 5676 1733 5734 benedictionem
1776 5691 1874 5746 op-

697 5769 969 5830 Parnoc.
1009 5767 1281 5830 CLVIII.

2060 4470 2132 4527 .Si
2155 4471 2414 4528 ceciderit
2436 4473 2685 4528 inimicus
2715 4481 2860 4538 tuus,
2895 4474 3002 4530 noli
3027 4475 3319 4545 gratulari;
3353 4475 3406 4529 in
3431 4476 3586 4530 ruina

1996 4563 2296 4620 adversarii
2329 4565 2438 4622 noli
2466 4567 2682 4632 extolli;
2709 4567 2781 4622 sit
2805 4567 2901 4624 tibi
2934 4569 3108 4640 magis
3144 4583 3272 4639 erga
3317 4569 3589 4626 humilita—

1999 4665 2106 4713 tem
2133 4657 2249 4727 ejus
2277 4659 2548 4714 humanus
2571 4657 2812 4715 affectus.
2841 4657 3054 4716 Saliare
3082 4661 3298 4717 ﬂetibus
3325 4661 3585 4718 inalienis

1996 4751 2341 4806 maeroribus.
2363 4750 2480 4806 Non
2509 4752 2580 4807 sit
2627 4752 2720 4807 tibi
2751 4751 2988 4809 ferreum
3035 4764 3243 4825 pectus,
3287 4769 3394 4810 non
3449 4755 3584 4810 dura

1992 4841 2312 4911 praecordia.
2354 4839 2446 4897 Sic
2500 4841 2730 4897 alienam
2778 4842 2899 4913 lnge
2951 4844 3275 4912 miseriam,
3326 4852 3580 4914 tanquam

1997 4941 2168 4986 tuam.
2205 4931 2338 4986 Cum
2367 4929 2620 4989 ﬂentibus
2657 4930 2743 4998 lle,
2777 4932 3083 5004 lugentibus
3107 4935 3306 4988 mentis
3327 4931 3580 4988 allectum

1990 5023 2276 5095 coniunge.

2061 5115 2119 5170 In
2140 5116 2391 5172 omnibus
2437 5117 2648 5172 actibus
2679 5117 2806 5182 tuis,
2842 5118 2894 5171 in
2945 5119 3091 5172 omni
3152 5131 3315 5187 opere
3363 5125 3475 5181 tuo,
3523 5115 3577 5170 in

1989 5209 2135 5263 omni
2172 5209 2582 5264 conversatione
2612 5219 2702 5264 tua
2726 5210 2938 5264 imitare
2960 5211 3149 5274 bonos,
3173 5210 3430 5264 tumulare
3451 5223 3580 5264 sam-

1989 5313 2127 5358 ctos.
2153 5301 2276 5358 Sint
2309 5303 2402 5356 tibi
2445 5301 2666 5358 Patrum
2713 5303 2984 5371 exempla,
3039 5303 3338 5370 disciplina:
3383 5302 3577 5357 incita-

1989 5405 2193 5451 menta.
2253 5394 2468 5450 Nullum
2521 5397 2644 5451 vitae
2697 5395 3025 5450 scandalizet
3061 5394 3314 5458 infamia,
3367 5394 3574 5450 nullum

1988 5487 2170 5558 Opinio
2193 5489 2476 5545 contristet
2499 5490 2745 5544 adversa.
2775 5487 2951 5552 Disce,
2977 5487 3159 5552 homo,
3189 5487 3416 5558 ﬂagrare
3445 5503 3575 5558 pra:-

1987 5581 2164 5646 conio,
2193 5582 2560 5636 testimonium
2584 5583 2782 5636 bonum
2815 5581 3030 5636 habeto.
3081 5581 3254 5637 Nullis
3305 5581 3444 5638 fama
3482 5591 3572 5637 tua

1986 5673 2310 5729 obscuretur
2343 5673 2622 5736 fetoribus.
2655 5671 2814 5729 nullis
2842 5672 3112 5729 laceretur
3137 5673 3458 5742 opprobriis.

3166 5769 3248 5826 ‘29.
