3910 6018
195 4732 202 4737 ·
294 4719 356 4772 8.
389 4717 513 4773 Ger.
542 4715 773 4771 moreris

285 202 391 262 685

1551 195 1927 255 ADMONITIO
1969 195 2326 252 MORIENTI.

3467 198 3569 255 i586

283 320 375 375 ubi
433 317 633 373 divites
679 316 898 376 mundi?
953 315 1122 384 Quasi
1168 315 1360 371 umbra
1413 318 1773 382 transierunt,
1815 322 1870 369 et
1897 321 1944 378 Λ
1976 321 2060 377 te;
2085 312 2152 367 de
2175 310 2459 380 tuisjnstis
2481 310 2754 366 laboribus
2781 310 3026 367 ministra
3057 311 3384 381 pauperibus
3409 353 3426 378 ,
3456 332 3565 370 non

281 410 430 466 velut
450 409 720 464 somnium
750 417 1111 464 evanuerunt.

356 499 767 558 Soliicitudines
810 515 993 556 rerum
1045 509 1282 555 mentem
1328 498 1684 564 conturbant,
1731 511 1875 553 curae

279 611 464 651 rerum
491 603 727 649 mentem
751 595 1049 666 exagitant.
1095 593 1151 649 Si
1178 593 1258 648 vis
1281 607 1403 649 esse
1445 592 1693 661 quietus,
1739 589 1874 645 nihil

280 686 462 743 saeculi
492 696 739 756 appetas.
777 685 1006 756 Semper
1039 685 1283 756 requiem
1311 683 1509 739 mentis
1535 680 1793 745 habebis,
1828 679 1875 735 si

281 792 312 831 a
351 784 404 831 te
447 776 632 831 mundi
677 791 839 831 curas
880 775 1162 846 abieceris.
1214 774 1318 842 Qui
1360 773 1508 830 curis
1555 773 1786 828 terrenis
1816 785 1875 826 se

281 866 557 936 implicat,
583 880 613 919 a
638 864 731 919 Dei
749 880 936 920 amore
971 881 1029 921 se
1057 872 1294 934 separat.

354 958 523 1012 Nemo
547 957 998 1027 potest'amplecti
1023 957 1120 1012 Dei
1142 956 1398 1028 gloriam,
1421 953 1580 1010 simul
1596 961 1650 1009 et
1671 951 1873 1008 saeculi.

280 1047 451 1102 Nemo
480 1057 660 1118 potest
687 1047 940 1118 amplecti
965 1047 1240 1104 Christum
1268 1086 1284 1113 ,
1319 1045 1479 1102 simul
1503 1056 1558 1100 et
1591 1043 1872 1099 saxulum.

280 1136 512 1204 Propter
537 1137 704 1191 Deum
742 1150 873 1207 ergo
897 1139 1150 1202 renuntia
1175 1137 1448 1192 omnibus.
1483 1134 1613 1190 Sine
1652 1133 1876 1204 impedi:

280 1236 464 1283 mento
489 1228 668 1284 swculi
689 1269 706 1296 ,
733 1230 842 1284 Deo
868 1229 1077 1287 servire
1098 1230 1275 1285 stude.

353 1319 617 1375 Omnibus
643 1322 1022 1388 communica,
1074 1322 1331 1377 omnibus
1364 1321 1582 1389 tribue,
1621 1318 1876 1376 omnibus

279 1413 484 1484 praebe.
525 1413 697 1484 Major
717 1417 789 1470 sit
819 1415 1195 1472 benevolentia
1236 1430 1398 1486 quam
1425 1428 1514 1470 res
1548 1413 1872 1483 impetrata;

283 1509 457 1579 major
495 1510 667 1580 gratia
694 1526 856 1580 quam
891 1525 978 1566 res
1004 1511 1150 1565 data.
1208 1509 1324 1564 Non
1361 1517 1444 1563 est
1485 1503 1862 1561 misericordia

281 1599 372 1652 ubi
398 1609 611 1654 nonest
639 1601 1034 1657 benevolentia.
1066 1600 1196 1656 Tale
1215 1600 1475 1670 eritopus
1502 1606 1678 1664 tuum,
1701 1596 1876 1667 qualis

281 1686 449 1742 fuerit
475 1689 704 1744 intentio
728 1699 835 1746 tua.

353 1779 486 1836 Esto
519 1781 778 1852 templum
807 1782 932 1852 Dei,
972 1791 1028 1839 et
1055 1782 1198 1839 Deus
1239 1781 1490 1839 excelsus
1518 1780 1790 1838 habitabit
1822 1779 1876 1834 in

1981 401 2199 457 auferas
2223 404 2313 457 uni
2344 403 2486 472 quod
2516 403 2723 457 tribuas
2748 403 2924 458 alteri.

2049 493 2321 566 Quidquid
2345 496 2490 566 agis,
2520 510 2620 564 age
2643 510 2742 564 pro
2774 495 2954 550 l'ntura
2985 495 3254 557 mercede,
3282 510 3378 564 pro
3402 505 3565 552 aeter—

1978 601 2062 641 nae
2108 586 2562 642 remunerationis
2601 587 3038 655 exspectatione;
3089 586 3268 639 futura
3313 601 3566 651 merces,

1977 698 2086 738 non
2114 695 2360 753 praesens
2384 722 2400 748 ,
2441 681 2781 753 promittitur
2825 682 3049 736 sanctis.
3080 680 3137 735 ln
3165 680 3336 746 coelo,
3377 697 3483 736 non
3515 682 3571 738 in

1981 785 2121 831 terra
2140 817 2156 842 ,
2182 790 2394 831 merces
2419 775 2753 844 promittitur
2770 773 2955 844 justis.
2987 772 3102 829 Non
3137 783 3219 828 est
3260 773 3347 828 hic
3376 787 3571 843 exspe-

1978 868 2270 934 ctandum,
2304 868 2450 938 quod
2472 876 2556 923 est
2583 866 2714 922 ali-bi
2747 867 3007 923 dandum.

2051 958 2184 1014 Esto
2208 968 2458 1014 mortuus
2481 958 2684 1013 mundo
2705 998 2718 1023 ,
2761 967 2817 1013 et
2849 958 3083 1012 mundus
3109 956 3227 1012 tibi.
3250 955 3434 1010 Mundi
3457 954 3570 1026 glo-

1977 1049 2115 1102 riam
2143 1055 2356 1119 aspice,
2391 1058 2647 1120 tanquam
2678 1057 2960 1112 mortuus;
2998 1047 3140 1102 sicut
3175 1045 3417 1116 sepultus
3455 1060 3567 1100 non

1977 1141 2181 1197 habeas
2216 1157 2403 1197 curam
2453 1143 2520 1198 de
2580 1141 2798 1198 saeculo.
2851 1140 3127 1210 Tanquam
3178 1138 3466 1194 defunctus
3502 1139 3571 1194 ab

1976 1233 2122 1286 omni
2173 1241 2392 1288 terreno
2429 1242 2480 1286 te
2525 1234 2680 1301 priva
2728 1230 2966 1302 negotio.
3005 1229 3304 1284 Contemne
3357 1227 3570 1294 vivens,

1976 1323 2119 1392 quod
2145 1332 2268 1392 post
2297 1331 2528 1379 mortem
2563 1323 2766 1378 habere
2788 1337 2895 1376 non
2927 1329 3106 1391 potes.

2047 1413 2192 1468 Nihil
2213 1416 2432 1471 studeas
2469 1424 2690 1485 propter
2714 1415 2927 1469 laudem
2951 1454 2965 1477 ,
3015 1412 3148 1476 nihil
3176 1421 3394 1492 propter
3438 1420 3572 1464 tem-

1976 1506 2216 1577 poralem
2276 1506 2617 1576 Opinionem,
2685 1505 2820 1559 nihil
2885 1511 3104 1575 propter
3182 1504 3416 1566 famam;
3473 1500 3570 1554 sed

1976 1608 2199 1668 pmpter
2235 1599 2400 1654 vitam
2423 1608 2704 1665 aeternam,
2729 1612 2890 1668 quam
2923 1596 3186 1652 concedat
3211 1593 3304 1649 tibi
3327 1593 3422 1663 qui
3447 1608 3570 1647 cum

1904 1699 1950 1760 Β
1980 1691 2174 1755 Patre,
2210 1699 2266 1746 et
2297 1690 2501 1760 Spiritu
2526 1699 2744 1755 sancto,
2805 1689 2940 1744 vivit
2987 1699 3042 1744 et
3080 1695 3268 1758 regnat
3304 1687 3447 1740 Deus
3475 1672 3573 1754 per

1985 1781 2193 1837 inﬁnita
2221 1781 2417 1838 saecula
2447 1782 2790 1838 saeculorum.
2827 1782 3021 1836 Amen.

1028 2197 1787 2313 SANCTI
1896 2192 2849 2308 ANSELMI‘

1151 2421 1852 2518 ADMONITIO
1921 2405 1964 2436 “
2030 2420 2642 2517 MORIENTI

1903 2633 1981 2677 ET

1077 2785 1188 2848 DE
1242 2783 1628 2848 PECCATlS
1671 2780 1841 2844 SUIS
1894 2779 2197 2843 NIMIUM
2254 2777 2782 2848 FORMIDANTI.

1755 2949 2065 2965 _———

362 3034 523 3108 194
557 3032 988 3126 Interrogatio".
1012 3029 1240 3088 Lmtaris
1294 3031 1484 3100 frater,
1513 3028 1657 3102 quod
1687 3028 1742 3086 in
1775 3034 1876 3090 ﬁde
1905 3038 1952 3099 (ἶ
1991 3038 1995 3042 ’
2053 3052 2362 3126 Responsio.
2394 3055 2571 3110 Euam
2606 3053 2696 3108 tos.

283 3130 587 3188 Christiana
616 3127 842 3182 moreris
862 3125 941 3180 9'?

356 3221 642 3292 Responsio
672 3219 739 3275 “.
765 3219 987 3274 Gaudeo
1013 3217 1082 3273 °'.

359 3315 620 3385 Interrog.
689 3311 905 3369 Gaudes
960 3310 1104 3382 quod
1150 3309 1453 3366 moreris"
1506 3311 1563 3368 in
1615 3310 1802 3368 habitu
1827 3311 1874 3346 "

284 3404 606 3460 monachico
625 3403 650 3458 ’ἴ

361 3495 665 3566 Responsio.
704 3491 924 3549 Gaudeo
952 3491 1020 3548 ".

358 3587 622 3658 Interrog.
663 3585 874 3642 Fateris
903 3595 955 3641 te
979 3593 1090 3640 tam
1111 3585 1252 3641 male
1284 3585 1484 3642 vixisse
1505 3586 1585 3654 θ’,
1624 3595 1682 3642 ut
1705 3587 1872 3644 meri-

287 3681 360 3735 tis
391 3679 498 3734 tuis
524 3693 682 3750 poma
709 3686 912 3733 aeterna
946 3677 1247 3734 debeatur?

365 3771 666 3843 Responsio.
702 3769 899 3827 Fateor
929 3770 1020 3825 ¹⁰⁰.

364 3862 624 3932 Interrog.
655 3860 893 3918 Paenitet
930 3870 982 3917 te
1013 3861 1077 3892 ¹⁰¹
1110 3861 1251 3917 hoc?

362 3955 663 4024 Responsio.
706 3953 959 4010 Paenitet.

361 4048 624 4118 Interrog.
664 4046 844 4104 Habes
883 4047 1213 4104 voluntatem
1246 4045 1602 4114 emendandi,
1658 4045 1703 4101 si
1751 4060 1876 4118 spa-

287 4139 423 4196 tium
460 4138 690 4194 haberes
713 4138 802 4193 ω’.

2056 3145 2320 3217 Inlerrog.
2353 3147 2542 3202 Credis
2561 3145 2705 3217 quod
2733 3143 2988 3201 Dominus
3015 3143 3174 3202 Jesus
3197 3144 3448 3204 Christus
3469 3161 3569 3214 pro

1985 3243 2036 3292 te
2060 3235 2128 3269 ¹⁰δ
2155 3246 2403 3291 mortuus
2431 3246 2516 3292 est
2539 3237 2563 3291 ?

2054 3327 2364 3401 Responsio.
2403 3328 2600 3384 Credo.

2053 3419 2315 3490 lnlerrog.
2345 3419 2478 3492 Agis
2506 3419 2573 3453 ¹⁰⁸
2599 3421 2646 3476 ei
2677 3419 2926 3493 gratias?

2051 3510 2356 3582 Responsio.
2389 3512 2505 3583 Ago
2539 3510 2631 3547 ¹⁰⁶ο

2050 3601 2314 3672 Interrog.
2348 3601 2540 3659 Credis
2587 3611 2640 3658 te
2688 3618 2794 3658 non
2838 3617 2999 3674 posse
3046 3603 3146 3660 nisi
3195 3619 3292 3676 per
3337 3616 3568 3665 mortem

1981 3693 2149 3763 ipsius
2175 3692 2415 3748 salvari?

2054 3780 2366 3850 Responsio.
2401 3781 2576 3838 Credo
2605 3783 2692 3836 “7.

2055 3871 2223 3928 Inter.
2263 3873 2382 3943 Age
2415 3888 2546 3944 ergo
2561 3874 2687 3930 dum
2712 3888 2956 3948 superest
2984 3881 3036 3935 in
3067 3890 3119 3936 te
3144 3879 3360 3947 anima;
3391 3883 3445 3936 in
3468 3881 3570 3938 hac

1981 3962 2093 4017 sola
2119 3972 2292 4020 morte
2317 3972 2487 4020 totam
2513 3965 2766 4024 ﬁduciam
2803 3978 2948 4026 tuam
2985 3973 3279 4037 constitue;
3337 3973 3388 4027 in
3424 3973 3567 4028 nulla

1983 4052 2087 4107 alia
2117 4067 2175 4108 re
2215 4053 2468 4110 ﬁduciam
2502 4055 2733 4124 habeas;
2783 4059 2909 4115 huic
2961 4062 3120 4117 morti
3174 4061 3243 4094 ¹⁰⁸
3298 4071 3349 4116 te
3399 4070 3567 4118 totum

1984 4143 2263 4198 committe
2308 4160 2324 4211 ;
2387 4146 2492 4202 hac
2539 4147 2654 4203 sola
2700 4157 2752 4206 te
2801 4157 2971 4206 totum
3028 4162 3254 4224 contego
3297 4154 3362 4188 ¹⁰⁹
3395 4171 3411 4220 ;
3442 4155 3570 4209 hac

1601 4250 1831 4306 VARUE
1869 4252 2161 4312 LECTlON
2169 4254 2272 4311 ES.

360 4367 405 4400 ’ί
453 4363 661 4419 Collata
710 4371 782 4417 est
825 4377 942 4415 cum
977 4378 1102 4415 mss.
1137 4359 1482 4414 Beccensibus
1522 4357 1590 4412 E.
1625 4359 1711 4414 l0.
1744 4370 1794 4414 et
1849 4359 1916 4415 0.
1947 4371 1995 4414 et
2033 4379 2138 4416 uno
2220 4361 2494 4429 Vaticano,
2558 4365 2717 4419 l257.
2762 4375 2809 4418 et
2837 4381 2943 4419 uno
2987 4365 3322 4422 Bibliothecre
3387 4367 3568 4425 Sancta

291 4432 734 4506 Germanisﬁls.
790 4430 1104 4506 Vaticanum
1172 4430 1483 4506 _Admonitio
1549 4430 1698 4484 Beati
1763 4428 2003 4506 Ansclmi
2065 4428 2487 4490 Cantuariensis’
2544 4436 2951 4506 archiepiscopi.

290 4515 521 4563 mortem
568 4504 765 4560 dixerit
794 4502 1030 4556 contrito
1065 4502 1228 4556 corde
1260 4508 1316 4555 et
1352 4499 1620 4565 confesso,
1678 4511 1906 4555 mortem
1954 4503 2008 4555 in
2067 4512 2327 4558 mternum
2383 4520 2490 4559 non
2535 4499 2745 4559 videbit
2782 4499 3162 4562 mszecfE.

3033 4438 3350 4506 Quicunque
3409 4438 3566 4506 juxta

3223 4509 3310 4563 l0.
3369 4509 3566 4566 Beatus

291 4577 582 4632 Anselmns
617 4573 1058 4643 archiepiscopus
1092 4573 1303 4627 cuidam
1340 4572 1614 4643 morienti,
1640 4572 1782 4626 etde
1807 4573 2046 4641 peccatis
2070 4574 2184 4628 suis
2213 4574 2438 4629 nimium
2465 4573 2798 4630 formidanti.
2832 4593 2931 4630 ms.
2980 4577 3100 4631 Ber.
3135 4576 3202 4632 0.
3249 4581 3562 4637 Admonitio

292 4649 360 4702 ad
416 4647 737 4702 morientem

293 4789 543 4842 morieris
572 4804 699 4841 mss.
724 4785 850 4839 Bec.
897 4794 945 4838 et
983 4783 1041 4838 8.
1076 4783 1196 4837 Ger.
1243 4783 1368 4851 quia
1413 4784 1642 4838 moreris

293 4858 340 4890 ”
380 4857 599 4913 Gaudeo
652 4873 781 4910 mss.
830 4855 955 4909 Bec.
1025 4863 1072 4908 et
1117 4853 1177 4909 8.
1213 4852 1338 4908 Ger.
1386 4855 1558 4908 Etiam

293 5009 341 5053 et
392 4996 451 5052 8.
493 4995 615 5052 Ger.
651 4998 826 5052 Etiam

293 5069 543 5122 vivendi?
579 5085 701 5122 mss.
747 5068 869 5122 Rec.
903 5077 950 5121 et
987 5065 1045 5121 S.
1076 5063 1198 5119 Ger.
1251 5065 1294 5118 si
1339 5065 1567 5120 haberes
1610 5065 1878 5134 spatium?

849 4643 895 4674 ⁰²
961 4640 1335 4712 Interrogatio.
1384 4659 1482 4696 ms.
1555 4640 1684 4695 Vict.
1731 4640 2007 4712 magister.
2063 4660 2190 4697 mss.
2248 4644 2356 4698 alia
2406 4645 2573 4699 omilt.
2630 4646 2759 4700 liceo.

881 4712 928 4745 9‘
963 4712 1264 4781 Responsio
1292 4729 1391 4767 ms.
1425 4712 1596 4766 Vatic.
1637 4712 1963 4780 Discipulos.

2867 4648 2914 4678 ⁹³
2950 4647 3194 4704 Morieris
3257 4667 3383 4704 mss.
3439 4651 3558 4706 Bec:

2067 4713 2113 4744 °"
2140 4713 2375 4788 Gaudeo
2416 4731 2541 4769 mss.
2578 4715 2703 4788 _Bec.
2741 4727 2790 4770 et
2820 4715 2881 4788 S.
2910 4715 3032 4772 Ger.
3065 4719 3230 4774 etiam
3339 4721 3387 4752 ’⁸
3408 4722 3561 4788 Quod

1751 4783 1795 4854 [7
1827 4783 2026 4837 Habitu
2080 4783 2354 4854 religionis
2401 4802 2526 4839 mss.
2571 4785 2694 4840 Bec.
2749 4789 2809 4841 8.
2839 4785 2960 4842 Ger.
3014 4789 3199 4844 habitu
3245 4783 3564 4846 monachico

1665 4853 1710 4885 ⁹⁹
1749 4853 1961 4909 Fateris
2019 4863 2070 4909 te
2125 4853 2230 4908 non
2289 4856 2426 4910 bene
2475 4856 2675 4912 vixisse
2732 4857 2875 4912 sicut
2913 4858 3224 4915 debuisses?
3256 4877 3385 4915 mss.
3438 4861 3561 4916 Bec.

292 4939 340 4984 et
373 4928 434 4983 8.
473 4927 600 4983 Ger.
632 4927 822 4981 fateris
871 4935 923 4980 te
973 4934 1081 4979 tam
1143 4923 1281 4977 male
1327 4925 1526 4979 vixisse
1554 4932 1610 4978 ut
1638 4925 1848 4979 meritis
1893 4925 2000 4994 tuis
2043 4937 2203 4994 poma
2255 4935 2460 4980 aeterna
2490 4927 2784 4982 debeatur?

941 4997 1008 5026 ¹⁰¹
1049 4995 1125 5048 Te
1165 4995 1333 5048 Deum
1383 4995 1706 5050 olIendisse?
1754 5011 1877 5049 mss.
1923 4993 2057 5048 Bec.’
2088 5005 2137 5048 et
2189 4994 2250 5050 8.
2281 4993 2404 5050 Ger.
2451 5006 2502 5050 te
2567 4998 2711 5052 hoc?

2887 4927 2954 4960 ¹⁰⁰
2994 4929 3191 4984 Fateor
3241 4946 3366 4984 mss.
3433 4932 3557 4984 Bec.

2816 4998 2899 5068 1°"
2931 4999 2989 5052 Si
3031 5002 3264 5068 spatium
3335 5001 3563 5055 haberes

1995 5065 2062 5096 ¹⁰³
2088 5065 2270 5121 Habeo
2309 5083 2445 5121 mss.‘
2472 5065 2598 5121 Bec.
2660 5078 2708 5121 et
2753 5067 2810 5123 S.
2862 5067 2984 5123 Ger.
3039 5065 3212 5123 Etiam
3322 5070 3391 5102 ¹⁰⁸
3427 5070 3560 5125 Cre-

293 5139 380 5194 dis
435 5139 507 5192 ita
552 5139 695 5208 quod
745 5138 1005 5192 Dominus
1046 5135 1110 5190 N.
1164 5133 1211 5190 J.
1244 5134 1304 5190 C.
1364 5135 1532 5190 Filius
1583 5133 1696 5217 Dei,
1756 5134 1918 5191 fuerit
1949 5145 2196 5191 mortuus
2233 5153 2330 5206 pro
2359 5147 2411 5192 te
2437 5155 2564 5192 mss.
2593 5137 2717 5192 Bec.
2743 5150 2790 5192 et
2831 5138 2888 5192 8.
2921 5138 3043 5193 Ger.
3074 5141 3250 5195 credis
3281 5139 3423 5262 «Exod
3462 5157 3562 5210 pro

297 5219 350 5262 te
380 5220 626 5262 mortuus
648 5216 732 5262 est
761 5210 1021 5262 Dominus
1046 5208 1096 5262 J.
1123 5208 1185 5262 C.
1269 5206 1335 5237 ¹⁰⁵
1375 5208 1504 5262 Asis
1526 5215 1691 5261 etiam
1723 5211 1928 5262 gratias
1955 5207 2020 5262 de
2057 5208 2310 5262 passione
2341 5217 2398 5261 et
2435 5217 2609 5262 morte
2636 5210 2770 5262 sua?
2801 5226 2927 5262 mss.
2953 5209 3076 5262 Bec.
3110 5219 3157 5262 et
3200 5210 3260 5262 S.
3334 5226 3411 5262 er.
3443 5211 3561 5262 agis

297 5219 350 5290 te
380 5206 626 5291 mortuus
648 5210 1021 5291 estaDominus
1046 5208 1096 5262 J.
1269 5206 1504 5291 “"nAglgs
1526 5207 1691 5287 etiam
1723 5211 1928 5291 gratias
1955 5207 2020 5291 de
2057 5208 2310 5291 passione
2336 5217 2398 5291 et
2435 5217 2609 5291 morte
2636 5210 2770 5291 sua?
2801 5226 2927 5291 mss.
2953 5209 3172 5291 BeeznetA
3200 5210 3260 5264 8.

294 5281 343 5335 ei
377 5280 617 5350 gratias?
695 5280 763 5350 ξοδ
799 5280 916 5349 Ago
955 5295 1080 5333 mss.
1109 5276 1392 5350 Bec.el_S.
1430 5276 1552 5350 Ger.
1579 5276 1768 5350 etiam.

3334 5226 3411 5263 er.
3443 5227 3561 5292 agis

1847 5278 1914 5350 {9’
1953 5277 2130 5350 Credo
2167 5295 2292 5350 mss.
2329 5278 2451 5331 Bec.
2477 5289 2525 5332 et
2553 5278 2611 5333 8.
2639 5277 2762 5350 Ger.
2793 5280 2958 5333 etiam
3037 5280 3106 5310 ¹⁰⁸
3147 5283 3260 5350 Age
3280 5295 3412 5348 ergo
3453 5277 3557 5336 iam

296 5347 512 5420 semper
540 5352 666 5403 dum
701 5349 753 5404 in
785 5359 835 5404 te
855 5347 949 5404 'est
975 5351 1159 5404 anima
1192 5366 1204 5400 :
1241 5347 1441 5403 habeas
1466 5347 1718 5420 ﬁduciam
1752 5348 1807 5400 in
1836 5348 2078 5420 Christo,
2109 5356 2176 5420 et
2195 5349 2354 5402 ﬁdem
2386 5357 2535 5420 tuam
2565 5349 2835 5420 constitue
2866 5351 2917 5403 in
2955 5350 3058 5402 hac
3089 5347 3401 5405 sola'morle
3423 5351 3554 5406 JeSn

297 5417 528 5484 Christi,
567 5431 623 5473 et
655 5421 705 5475 in
738 5421 939 5474 nullam
971 5421 1134 5475 aliam
1164 5433 1278 5474 rem
1302 5434 1510 5488 speres.
1542 5417 1797 5491 Sperans,
1831 5419 1992 5491 hujus
2020 5418 2180 5491 morti
2213 5435 2339 5472 mss.
2373 5419 2494 5472 Bec.
2519 5429 2567 5491 et
2599 5419 2658 5474 8.
2688 5418 2811 5474 Ger.
2837 5422 2949 5489 Age
2969 5434 3123 5491 ergo,
3156 5422 3281 5474 dum
3307 5434 3558 5491 superest

299 5492 353 5544 in
391 5500 441 5546 te
463 5491 644 5545 anima
681 5505 696 5544 :
729 5491 782 5544 in
815 5492 918 5546 bac
954 5492 1066 5546 sola
1116 5500 1291 5544 morte
1334 5487 1508 5544 totam
1541 5498 1687 5541 tuam
1719 5487 1968 5541 ﬁduciam
2001 5489 2276 5544 constitue
2305 5509 2318 5543 :
2349 5491 2400 5544 in
2439 5490 2581 5543 nulla
2615 5491 2719 5544 alia
2753 5506 2811 5543 re
2855 5487 3110 5545 ﬁduciam
3156 5487 3395 5548 habeas}
3432 5493 3560 5547 huic

301 5561 467 5615 morti
547 5561 615 5592 ¹⁰⁹
654 5560 968 5629 Cdmmitte,
998 5574 1052 5619 et
1084 5562 1350 5627 immitte;
1383 5562 1483 5616 hac
1515 5567 1689 5613 morte
1724 5566 1776 5612 te
1810 5566 1979 5614 totum
2008 5569 2238 5630 contcge
2280 5578 2404 5618 mss.
2438 5559 2560 5616 Bec.
2585 5571 2632 5616 et
2659 5561 2720 5617 S.
2751 5557 2875 5614 Ger.
2901 5562 3200 5632 committe,
3233 5563 3337 5621 hac
3358 5563 3473 5621 sola
3509 5573 3560 5619 te

302 5639 472 5686 totum
504 5641 729 5703 contege
