3910 6018
695 213 756 272 S.
791 211 1093 269 ANSELMI
1133 205 1483 266 CANTUAR.
1523 200 1842 259 ARClllEP.
1881 201 1950 259 Ol

2084 200 2253 258 PARS
2287 200 2353 258 ιι.
2379 231 2450 248 -η
2489 198 2867 257 ΡΑΒᾸΞΝΕΤ.
2909 197 2998 254 ΕΤ
3036 195 3278 254 ASCET.

3535 195 3640 251 688

355 341 531 388 morte
555 340 605 386 te
630 338 798 384 totum
831 326 1079 391 involve;
1113 333 1166 380 et
1196 324 1238 378 si
1258 320 1518 376 Dominus
1542 318 1684 373 Deus
1707 317 1937 372 voluerit
1964 324 2011 380 Α
2110 315 2166 371 Si
2193 315 2355 371 fuerit
2381 314 2661 370 sazcularis
2685 355 2702 383 ,
2736 311 2876 367 infra
2901 312 3106 382 scripto
3154 309 3317 365 modo
3363 309 3527 364 debet
3558 310 3640 363 in-

345 431 414 477 »te
460 420 740 489 judicare,
795 418 922 472 dic:
988 414 1214 470 Domine
1270 412 1374 478 “°,
1433 417 1661 464 mortem
1727 407 1939 463 Domini

359 512 527 567 nostri
579 507 704 564 Jesu
754 506 957 562 Christi
1001 503 1198 572 objicio
1247 502 1390 556 inter
1423 514 1508 554 me
1582 506 1638 552 et
1679 496 1941 567 judicium

358 617 540 670 tuum;
578 603 738 657 aliter
765 615 872 654 non
897 598 1168 654 contendo
1194 605 1393 650 tecum.
1443 591 1506 646 Et
1549 592 1592 646 si
1627 590 1721 646 tibi
1745 588 1945 644 dixerit

358 697 422 729 ⁸η
451 696 574 766 quia
601 700 854 764 peccator
885 707 945 748 es
970 734 985 759 ,
1016 692 1103 746 dic
1129 709 1142 744 :
1179 689 1438 754 Domine,
1473 693 1700 742 mortem
1731 681 1943 738 Domini

358 789 421 844 Ν.
457 788 506 844 J.
535 787 595 843 C.
629 785 864 842 obtendo
893 784 1034 839 inter
1066 792 1119 838 te
1141 791 1195 838 et
1227 789 1448 851 peccata
1482 793 1622 834 mea.
1664 775 1722 832 Si
1745 773 1947 830 dixerit

344 881 454 936 tibi
475 880 600 950 quia
649 877 892 933 meruisti
922 874 1362 939 damnationem,
1410 872 1538 927 dic:
1581 867 1807 924 Domine
1836 867 1904 898 “'
1926 905 1942 932 ,

354 981 587 1028 mortem
614 970 825 1024 Domini
858 968 1026 1024 nostri
1053 966 1178 1022 Iesu
1208 963 1409 1022 Christi
1443 977 1584 1034 pono
1613 961 1754 1015 inter
1778 968 1862 1025 te,
1891 966 1947 1012 et

340 1064 496 1118 ‘mala
529 1062 722 1118 merita
755 1075 906 1125 mea;
946 1059 1225 1130 ipsiusque
1265 1056 1519 1111 meritum
1565 1051 1732 1108 oll'ero
1754 1052 1822 1084 “3
1849 1067 1947 1121 pro

356 1157 555 1210 merito
583 1156 725 1225 quod
771 1153 975 1208 habere
1023 1150 1365 1216 debuissem,
1420 1161 1520 1200 nec
1555 1145 1728 1200 habeo
1761 1143 1850 1198 ηδ.
1886 1142 1944 1198 Si

346 1244 562 1302 dixerit
598 1243 741 1314 quod
766 1242 860 1297 tibi
889 1242 1059 1295 iratus
1087 1248 1204 1301 est,
1234 1237 1354 1292 die:
1404 1234 1632 1290 Domine
1652 1274 1666 1297 ,
1715 1241 1946 1288 mortem

351 1334 572 1390 Domini
615 1333 679 1387 Ν.
724 1331 773 1386 J.
820 1332 880 1387 C.
920 1344 1134 1401 oppono
1179 1329 1322 1383 inter
1353 1341 1439 1380 me
1480 1334 1536 1380 et
1581 1325 1718 1378 iram
1775 1332 1944 1376 tuam.

347 1425 480 1492 :Quo
502 1424 750 1494 expleto,
791 1423 985 1477 iterum
1027 1420 1232 1475 dicito:
1268 1417 1528 1484 Domine,
1581 1423 1809 1468 mortem
1837 1411 1948 1468 Do-

359 1517 490 1572 mini
515 1515 683 1570 nostri
705 1513 829 1570 Jesu
852 1511 1051 1568 Christi
1077 1524 1219 1581 pono
1254 1509 1398 1563 inter
1427 1518 1478 1562 te
1499 1513 1553 1561 et
1578 1519 1664 1561 me
1686 1545 1700 1570 ,
1727 1513 1782 1559 et
1811 1505 1947 1559 iram

344 1616 547 1663 tuam.“
571 1607 684 1662 Hoc
712 1606 854 1660 facto
878 1645 892 1668 ,
924 1605 1071 1659 dicat
1097 1603 1166 1634 ¹¹⁸
1204 1600 1450 1655 inllrmus
1486 1608 1568 1652 ter
1593 1598 1709 1652 hate
1732 1595 1895 1650 verba
1927 1611 1942 1650 :

2050 410 2313 480 terrogari
2339 425 2438 480 per
2464 409 2826 463 sacerdotem.

2121 501 2302 556 Prima
2333 501 2690 571 interrogatio.
2734 497 2926 554 Credis
2957 505 3009 550 tu
3039 511 3102 550 ea
3133 509 3255 565 quae
3296 503 3426 549 sunt
3475 494 3637 549 Chri-

2047 592 2238 647 stianae
2281 589 2433 655 fidei,
2473 596 2736 659 quantum
2783 588 2849 642 a.l
2879 600 2945 640 ea
2975 600 3096 655 qnte
3121 593 3248 640 sunt
3272 583 3640 639 determinata

2050 685 2117 717 ¹¹⁹
2140 685 2208 738 ab
2232 681 2468 738 Ecclesia
2491 682 2515 734 ?
2547 681 2706 750 Resp.
2731 679 2928 734 Credo.

2120 777 2384 846 lnterrog.
2418 774 2637 830 Gaudes
2671 773 2799 844 quia
2824 772 2877 826 in
2901 770 3005 827 fide
3019 770 3332 826 Christiana
3365 767 3596 824 moreris
3616 767 3643 821 τ

2124 869 2280 938 Resp.
2312 867 2558 922 Gaudeo.

2120 959 2382 1030 Interrog.
2415 956 2776 1029 Recognoscis
2792 965 2844 1012 te
2860 956 3027 1011 Deum
3061 955 3301 1025 graviter
3316 950 3643 1010 offendisse?

2121 1051 2272 1124 Resp.
2305 1052 2675 1122 llecognosco.

2121 1144 2380 1214 Interrog.
2415 1142 2573 1198 Doles
2615 1149 2667 1197 te
2702 1140 2772 1173 “°
2818 1139 2962 1210 quod
3009 1135 3285 1194 offendisti
3323 1135 3640 1196 Creatorem

2052 1248 2202 1294 tuum
2226 1239 2250 1293 ?

2123 1331 2279 1401 Resp.
2312 1328 2496 1385 Doleo.

2120 1423 2382 1493 Interrog.
2413 1420 2678 1490 Proponis
2699 1420 2874 1489 quod,
2925 1418 2972 1474 si
3007 1417 3151 1473 Deus
3181 1415 3274 1472 tibi
3306 1413 3472 1469 vitam
3505 1426 3638 1482 pro-

2051 1518 2378 1590 longaverit,
2410 1517 2478 1572 ab
2503 1515 2622 1586 ejus
2649 1513 2852 1570 offensa
2877 1511 3099 1568 cavebis
3124 1510 3150 1564 ?

2129 1611 2431 1682 Responsio.
2475 1607 2744 1677 Propono.

347 1699 430 1755 -ιη
476 1715 666 1754 manus
709 1697 954 1763 tuas’”,
1003 1693 1266 1760 Domine,
1336 1688 1640 1746 commendo
1707 1687 1948 1756 spiritum

2125 1703 2390 1772 Interrog.
2418 1699 2616 1770 Speras
2644 1737 2659 1764 ,
2703 1706 2759 1751 et
2794 1695 2975 1752 credis
3013 1703 3066 1749 tu
3089 1692 3232 1764 quod
3256 1690 3544 1762 pervenias
3575 1689 3645 1744 ad

343 1809 553 1846 .meum.
585 1789 864 1846 Redemisti
887 1805 1000 1856 me,
1035 1787 1274 1852 Domine,
1305 1784 1443 1839 Deus
1463 1782 1716 1838 veritatis.
1747 1780 1948 1836 lterum

359 1898 592 1941 versus:
650 1883 1036 1954 Dirupisti‘”,
1091 1881 1342 1942 Domine,
1384 1877 1594 1933 vincula
1651 1893 1803 1942 mea;
1861 1874 1953 1928 tibi

361 1975 670 2044 sacriﬁcabo
689 1974 916 2028 hostiam
937 1973 1132 2039 laudis,
1159 1980 1205 2026 et
1231 1986 1415 2024 nomen
1440 1968 1653 2022 Domini
1683 1965 1950 2020 invocabo.

363 2069 606 2123 Versus:
636 2065 787 2119 Educ
813 2065 876 2119 de
897 2064 1134 2119 custodia
1176 2065 1438 2124 animam,
1485 2060 1554 2114 ad
1604 2056 1976 2126 conﬁtendum.

348 2157 563 2214 nomini
584 2168 704 2224 tuo;
726 2173 807 2211 me
832 2164 1127 2226 exspectant
1155 2154 1308 2219 iusti,
1333 2152 1496 2206 donec
1527 2149 1784 2204 retribuas
1806 2147 1953 2202 mihi.

363 2248 558 2304 Postea
583 2248 725 2302 dicat
754 2264 766 2300 :
801 2246 1002 2309 Maria,
1035 2253 1203 2299 mater
1231 2243 1449 2314 gratim,
1472 2250 1641 2295 mater
1658 2237 1956 2292 miscricor-

363 2339 468 2394 ἀίω
488 2379 503 2402 ,
533 2349 590 2392 tu
613 2355 705 2392 nos
728 2340 791 2391 ab
820 2337 965 2390 hoste
985 2346 1192 2405 protege
1211 2376 1227 2400 ,
1269 2342 1315 2387 et
1345 2333 1475 2386 hora
1504 2329 1686 2384 mortis
1713 2328 1916 2396 suscipe
1937 2343 1956 2380 ι

346 2450 458 2504 ,ρει-
483 2442 630 2486 tuum
656 2446 810 2500 ergo,
858 2427 1045 2498 Virgo,
1075 2425 1312 2491 Filium,
1346 2440 1438 2493 per
1461 2421 1674 2476 Patrem
1701 2462 1716 2486 ,
1747 2429 1795 2474 et
1828 2418 1954 2488 Spi-

353 2523 525 2576 ritum
551 2531 821 2586 sanctum,
847 2533 1074 2587 praesens
1115 2515 1260 2569 adsis
1285 2515 1354 2568 ad
1383 2515 1579 2568 obitum
1614 2527 1809 2576 meum,
1831 2510 1957 2580 quia

347 2611 813 2681 .imminetcxitus.
852 2609 1045 2664 Amen.

436 2701 564 2756 Post
594 2703 710 2756 haec
738 2701 880 2755 dicta
906 2707 961 2754 et
1001 2710 1261 2766 responsa
1291 2695 1359 2750 ab
1395 2691 1644 2758 infirmo,
1699 2691 1957 2746 sacerdos

366 2791 516 2847 dicat
548 2791 616 2822 ¹¹⁸
651 2805 748 2860 pro
791 2790 1007 2844 iutirmo
1049 2787 1182 2842 istos
1210 2784 1468 2855 psalmos.
1510 2781 1655 2838 Psal.
1692 2781 1864 2848 Deus,
1900 2781 1958 2835 in

349 2885 572 2939 nomine
601 2895 690 2938 tuo
720 2882 918 2938 salvum
953 2896 1033 2934 me
1057 2881 1160 2949 fac.
1196 2877 1342 2934 Psal.
1370 2874 1602 2931 Credidi.
1641 2873 1785 2930 Psal.
1813 2873 1956 2930 Deus

349 2978 421 3031 .in
456 2977 809 3048 adjutorium.
841 2973 982 3030 Psal.
1019 2971 1300 3027 Vocemea.
1331 2968 1475 3025 Psal.
1506 2966 1572 3022 In
1598 2976 1679 3035 te,
1715 2965 1956 3030 Domine,

353 3083 594 3136 speravi.

385 3253 676 3270 »κῇ-τ-

2054 1795 2286 1852 salutem
2314 1801 2574 1848 aeternam
2604 1804 2712 1846 non
2744 1791 2852 1846 tuis
2882 1786 3124 1853 meritis,
3166 1784 3262 1842 sed
3288 1783 3499 1844 meritis
3523 1797 3648 1854 pas.

2055 1885 2221 1942 sionis
2247 1884 2373 1940 Jesu
2402 1881 2624 1938 Christi.

2122 1974 2426 2045 Responsio.
2461 1971 2647 2043 Spero.

2129 2067 2273 2123 Tunc
2299 2075 2535 2136 sequitur
2582 2067 2926 2129 nssecuratio,
2962 2073 3010 2118 et
3042 2062 3185 2116 dicat
3224 2057 3343 2114 sibi.
3375 2055 3432 2111 Si
3465 2055 3559 2109 tibi
3585 2068 3646 2108 se

2060 2159 2288 2230 obiiciat
2307 2159 2526 2230 aliquis,
2547 2167 2601 2214 et
2627 2166 2818 2213 contra
2857 2165 2908 2212 te
2935 2161 3241 2226 proponat,
3269 2162 3510 2220 opponas
3556 2146 3640 2200 iu-

2059 2267 2142 2312 ter
2191 2266 2246 2312 te
2295 2265 2350 2310 et
2385 2255 2580 2324 ipsum,
2627 2252 2817 2308 merita
2855 2248 3126 2322 passionis
3153 2244 3379 2301 Christi.
3432 2241 3489 2295 ln
3536 2239 3646 2294 line

2056 2347 2144 2403 fac
2171 2363 2293 2402 eum
2315 2345 2498 2399 dicere
2518 2345 2650 2398 istos
2677 2358 2901 2398 versus:
2933 2339 2998 2394 In
3029 2354 3217 2393 manus
3239 2347 3377 2401 tuas,
3401 2333 3644 2397 Domine,

2058 2437 2390 2502 conmendo,
2424 2449 2532 2495 etc.
2566 2447 2625 2491 ut
2653 2450 2837 2506 supra.

2129 2531 2270 2586 Nota
2299 2531 2433 2585 bene
2459 2549 2471 2583 :
2503 2528 2583 2583 Tu
2612 2527 2704 2598 qui
2733 2525 2816 2581 vis
2845 2525 3050 2579 intrare
3078 2522 3144 2577 ad
3158 2521 3323 2576 vitam
3353 2525 3644 2598 teter-nam,

2060 2624 2240 2694 cogita
2279 2624 2443 2678 verba
2472 2593 2779 2691 subscripta
2812 2617 2960 2673 omni
2995 2615 3082 2671 die
3105 2615 3156 2668 in
3191 2612 3302 2667 vita
3338 2593 3450 2675 tua,
3474 2616 3530 2664 et
3556 2607 3636 2662 sic

2062 2729 2339 2785 nunquam
2365 2713 2606 2769 oﬂ‘endes
2631 2712 2822 2766 Deum.
2846 2709 3051 2772 Primo,
3083 2703 3322 2760 brevitas
3362 2700 3506 2772 vitaz.
3537 2697 3639 2753 Se-

2061 2806 2257 2873 cundo,
2297 2806 2580 2862 lubricitas
2606 2803 2694 2858 ¹²¹.
2717 2801 2924 2866 Tertio,
2953 2796 3356 2856 mors.incerta.
3415 2792 3644 2858 Quarto

2059 2898 2283 2972 praemia
2308 2897 2602 2970 iustorum.
2628 2893 2848 2961 Quinto,
2879 2886 3143 2960 supplicia
3173 2884 3461 2956 impiorum
3486 2880 3575 2935 ¹¹³.

679 3223 3642 3268 ____________________________________________.—._-—————-

1177 3389 1869 3507 SANCTI
1957 3384 2327 3498 ANS
2355 3381 2808 3495 ELMI

1778 3619 2254 3713 CARMEN

984 3844 1180 3970 DE
1306 3839 2265 3971 CONTEMPTU
2386 3828 3015 3965 MUNDI."'

1803 4052 2147 4066 ψ

375 4167 532 4241 195
553 4165 692 4234 Quid
720 4163 909 4221 deceat
923 4157 1269 4220 monachum,
1292 4157 1375 4212 vel
1392 4157 1568 4227 qualis
1595 4157 1786 4214 debeat
1812 4171 1954 4223 esse,

442 4261 512 4292 η’
535 4258 638 4327 Qui
666 4255 821 4329 jubet
843 4259 902 4308 ut
921 4250 1122 4318 dicam,
1147 4247 1391 4320 porrigat
1422 4247 1538 4306 inse
1564 4262 1808 4304 manum.

2065 4154 2210 4211 Grex
2239 4163 2484 4224 sanctus,
2527 4159 2801 4222 monacln,
2843 4154 2997 4211 vobis
3023 4148 3142 4212 haec
3174 4155 3505 4224 scribimus;
3531 4156 3646 4214 haec

2405 4269 2409 4274 -
3359 4247 3478 4320 [vos
3507 4249 3577 4282 ιη

1670 4357 1903 4415 VARIIE
1942 4357 2349 4418 LECTIONES.

442 4504 510 4536 “°
550 4501 647 4556 Die
668 4500 716 4554 ei
741 4499 852 4563 sic;
885 4494 1114 4550 Domine
1140 4509 1266 4550 mss.
1299 4493 1423 4566 Bec.
1449 4491 1660 4566 S._Ger.
1691 4493 1778 4550 dic
1807 4510 1821 4548 :
1855 4493 2084 4566 Domine
2157 4495 2225 4566 Ψ
2254 4495 2398 4566 ΑΕιίεί
2424 4495 2622 4551 dixerit
2648 4497 2793 4566 quod
2816 4497 3045 4553 mereris
3068 4513 3192 4552 mss.
3217 4495 3406 4552 Bec.“
3425 4495 3486 4552 ε,
3517 4496 3644 4552 αρν,

369 4574 439 4650 Et
459 4573 629 4650 siutihi
653 4566 1252 4650 dixeritquiaIpec-eatpr
1269 4580 1327 4620 es
1343 4582 1356 4618 :
1374 4564 1742 4650 dic,.Doniir't‘e,
1766 4574 1995 4647 mortem
2017 4565 2228 4650 [ξριηίΠί
2331 4565 2381 4650 1.
2405 4566 2466 4622 C.
2491 4564 3007 4650 obtendoititerteet
3029 4578 3248 4638 peccata
3265 4582 3402 4624 mea.
3421 4568 3646 4622 Sidixe-

369 4647 444 4699 rit
479 4642 573 4697 tibi
599 4640 726 4709 quia
757 4634 1003 4692 meruisti
1077 4635 1500 4709 “'Respondeei
1530 4636 1658 4709 sic_:_
1657 4635 1879 4690 Domine
1892 4651 2016 4709 mss.
2033 4634 2155 4709 Bec.
2169 4648 2236 4709 et_
2239 4635 2296 4689 S.
2326 4635 2505 4709 Germ.
2528 4637 2666 4703 dic.;
2694 4639 2920 4693 Domine
2995 4634 3063 4672 ¹ί⁸
3082 4638 3228 4693 lnter
3249 4654 3335 4693 me
3350 4649 3403 4694 et
3418 4647 3486 4702 te,
3506 4639 3643 4692 mala

367 4713 563 4769 merita
594 4703 733 4786 mea,
753 4709 1026 4786 ipsiusque
1039 4703 1300 4786 mprtem‘:
1316 4706 1568 4786 meritum
1581 4703 1748 4786 offero
1771 4705 2036 4786 mss..Bec.
2049 4717 2095 4759 et
2118 4705 2178 4761 S.
2195 4703 2373 4760 Germ.
2388 4708 2530 4786 inter
2544 4717 2616 4772 te,
2633 4709 2848 4786 et_rna_l_a
2865 4709 3053 4764 merita
3072 4724 3217 4786 mea:
3235 4710 3512 4779 ipsiusque
3529 4725 3644 4763 me-
3729 4713 3734 4716 '

370 4794 534 4860 r_.tum
559 4780 726 4860 oll'ero
753 4774 848 4860 ᾡς.
892 4774 1234 4860 Vaticz‘iuter
1256 4791 1342 4832 me
1366 4787 1429 4860 et.
1456 4785 1531 4857 te,
1567 4777 1706 4860 mala
1738 4792 1877 4857 mea,
1902 4777 2182 4860 ipsiusque
2199 4778 2620 4860 mortem‘oll‘ero
2694 4779 2761 4810 ³⁸⁸
2787 4780 2854 4833 Ει
2880 4795 2984 4834 non
3016 4779 3188 4835 habeo
3207 4774 3332 4834 mss.
3360 4774 3486 4833 Bec.
3511 4788 3560 4833 et
3583 4776 3643 4834 S.

369 4853 547 4909 Germ.
569 4867 679 4928 nec
701 4851 872 4928 habeo
935 4845 1012 4928 1"
1042 4845 1114 4928 ΔΕι
1147 4847 1343 4928 iterum
1381 4846 1860 4928 (llCl‘EOmDOﬂ’ll'nta,
1904 4856 2133 4928 mortem
2160 4847 2376 4928 Domini
2410 4846 2473 4900 N.
2505 4847 2554 4902 J.
2587 4847 2648 4903 Ο.
2680 4865 2820 4928 pono
2860 4851 3004 4928 inter
3053 4860 3106 4906 te
3159 4859 3216 4905 et
3259 4865 3367 4916 me,
3415 4859 3471 4903 et
3506 4850 3645 4904 iram

369 4922 683 5001 tuamnlloe
707 4920 883 5001 facto,
916 4916 1060 5001 dicat
1097 4933 1223 5001 mss.
1251 4916 1444 5001 Dec.e_t
1470 4892 1682 5001 Siler:
1715 4917 1771 4971 Si

368 4995 508 5074 15.1.
535 4994 596 5050 C.
610 5007 832 5074 pppono
860 4991 1127 5074 intergirne
1165 4999 1220 5043 et
1249 4988 1384 5074 iram
1418 4998 1586 5074 tua‘m.
1628 4985 1751 5070 .Quo
1779 4987 1992 5057 expleto
2022 4985 2200 5074 dicat.
2237 4987 2309 5069 f“
2355 4987 2461 5044 Ter
2491 4989 2606 5045 haec
2649 4991 2813 5074 verba
2843 5009 2857 5045 :
2898 4992 2950 5046 in
2995 4985 3190 5046 manus
3224 4999 3344 5047 tuas
3371 5000 3472 5046 etc.
3513 5006 3642 5045 mss.

367 5068 573 5142 Bec._et
692 5058 976 5142 'Ger._.te'r:
1009 5058 1287 5142 in_manus
1315 5068 1454 5123 tuas,
1489 5058 1735 5142 Domine,
1761 5058 2083 5140 commendo
2120 5058 2367 5142 spiritum
2412 5073 2613 5142 meu_m.
2651 5059 2716 5116 In
2744 5078 2868 5118 mss.
2911 5061 3034 5117 Bec.
3064 5073 3111 5117 et
3147 5060 3205 5117 S.
3247 5059 3373 5117 Ger.
3414 5062 3515 5115 ista
3545 5061 3645 5114 ad-

367 5137 585 5191 monitio
613 5135 698 5188 hic
723 5131 934 5202 explicit
1048 5131 1114 5162 ¹¹⁷
1147 5129 1346 5184 Iterum
1393 5145 1571 5202 uersus
1599 5146 1612 5182 :
1646 5128 1897 5198 dirupiin
1917 5138 2025 5202 etc.
2055 5129 2312 5202 usquead
2345 5129 2498 5184 haec:
2531 5130 2767 5202 Incipiat,
2779 5134 3036 5202 sacerdos
3064 5143 3119 5189 et
3140 5133 3287 5189 dicat
3315 5148 3418 5186 ms.
3471 5132 3641 5184 omitt.

370 5207 440 5241 ³³⁸
467 5206 689 5262 lncioiat
716 5197 970 5258 sacerdos
993 5216 1050 5261 et
1078 5203 1222 5256 dicat
1254 5216 1354 5254 ms.
1407 5197 1577 5253 Vatic.
1610 5197 1867 5254 sacerdos
1897 5199 2046 5254 dicat
2117 5197 2186 5231 “’
2219 5201 2586 5255 Determinata
2619 5197 2716 5256 ms.
2749 5200 2918 5257 Vatia.
2939 5203 3208 5260 desuinata
3283 5204 3354 5235 “°
3403 5203 3647 5257 Interro‘

405 5279 536 5333 atio.
575 5268 733 5331 Doles
771 5285 823 5328 te
850 5283 948 5327 etc.
975 5289 1138 5345 usque
1163 5271 1231 5324 ad
1272 5272 1384 5345 Itwc
1406 5271 1507 5345 :_in
1537 5268 1644 5345 line,
1670 5269 1754 5345 [ac
1783 5279 2031 5345 eam‘etc.
2064 5286 2188 5324 mss.
2243 5273 2488 5345 omittunt
2565 5272 2628 5303 ¹²¹
2661 5272 2967 5329 Lubrieitas
2999 5291 3098 5330 ms.
3157 5271 3324 5329 Vatic.
3365 5273 3645 5330 aeternitas

399 5340 438 5404 2t
465 5350 549 5402 bis
581 5348 744 5400 tinitis
770 5345 901 5398 dicit
922 5340 1209 5400 Ansélmus
1239 5342 1379 5414 quod
1409 5341 1525 5414 sine
1559 5341 1723 5414 dubio
1760 5340 2076 5414 salvabitur.
2111 5357 2237 5394 mss.
2262 5341 2314 5394 iu
2342 5342 2447 5396 tiue
2475 5352 2584 5414 etc.
2663 5344 2730 5376 ¹⁸²
2759 5343 2866 5414 Ms.
2911 5343 3077 5399 Vatic.
3103 5344 3410 5414 Expliciunt
3435 5344 3634 5414 admo-

369 5419 606 5474 nitiones
644 5416 878 5471 Anselmi
902 5417 1156 5470 Cantuar.
1193 5411 1583 5480 archiepiscopi
1663 5411 1729 5444 ¹²³
1751 5411 2014 5467 Collatum
2045 5423 2128 5466 eSt
2164 5427 2285 5466 cum
2311 5429 2434 5466 mss.
2465 5413 2588 5468 Bec.
2625 5413 2687 5468 0.
2719 5424 2766 5468 et
2796 5413 2868 5469 Κ.
2903 5416 2989 5471 10.
3031 5411 3276 5470 ϐθηιίϐ.
3307 5417 3393 5470 70.
3432 5423 3485 5469 et
3520 5413 3646 5468 Ma-

360 5486 833 5558 jorts-ntmtasterii
860 5485 1001 5558 _593.
1043 5485 1174 5558 Mss.
1206 5481 1425 5558 Recto.
1452 5491 1499 5534 et
1532 5481 2100 5558 Maj_01'is-il!o_ntt_ster_ii
2121 5499 2212 5558 nec
2235 5483 2460 5558 titulun:
2477 5485 2664 5538 habent
2690 5502 2782 5539 nec
2812 5503 2998 5542 nomen
3025 5486 3276 5550 auctoris.
3317 5485 3421 5540 Ms.
3449 5482 3520 5538 Κ.
3553 5485 3641 5538 10.

375 5544 1680 5635 VersgikogeriiCadominBecceusismonachi.
1708 5570 1809 5607 ms.
1849 5553 1910 5606 C.
1933 5553 2137 5635 70._hic
2177 5553 2366 5635 incipit
2405 5554 2734 5612 Claudianus
2766 5558 2832 5612 ad
2867 5559 3165 5616 monachos
3221 5544 3307 5590 ’⁸³³
3343 5555 3445 5623 Qui
3487 5553 3648 5622 jubet

370 5643 470 5681 ms.
504 5624 624 5680 593.
653 5625 790 5690 Quid
814 5624 967 5692 jubet
1043 5627 1109 5658 ¹²⁸
1138 5625 1488 5694 Scripsimus,
1527 5624 1628 5678 hoc
1649 5638 1743 5679 vos
1765 5639 1893 5678 mss.
1919 5624 2231 5690 scribimus,
2272 5625 2391 5678 haec
2419 5638 2514 5679 vos
