3910 6018
374 296 473 354 691
725 296 784 354 S.
819 294 1119 352 ANSELMI
1157 293 1506 351 CANTUAR.
1544 293 1865 352 ARCHIEP.
1905 293 2057 353 OPP.
2115 293 2296 351 PARS
2331 290 2394 350 11.
2431 323 2501 334 -
2534 291 2902 349 PARAENET.
2943 291 3031 349 ET
3067 289 3312 350 ASCET.

379 412 720 483 Propositum
748 410 898 474 vitae,
928 405 1197 472 monachi,
1235 415 1447 464 servate
1485 408 1741 479 rigorem.

442 501 553 558 Nec
578 504 757 573 pigeat
783 514 952 570 parvo
982 506 1225 568 tempore
1250 499 1475 554 duram
1510 501 1641 571 pati.

375 591 483 647 Sed
513 590 697 645 mundi
723 590 972 660 quamvis
1007 589 1278 646 delectent
1301 606 1438 645 vana
1479 592 1709 648 cavete:

444 683 513 738 Et
548 692 698 739 certe
725 691 883 754 gustu
908 683 1081 739 dulcia
1118 699 1260 754 saepe
1298 693 1495 740 necant
1528 683 1615 739 M.

371 775 485 830 Nec
510 775 770 845 quidquid
799 776 982 831 carnis
1013 790 1207 833 sensus
1231 777 1524 841 demulcet,
1557 787 1737 835 amate
1762 796 1776 833 :

439 869 570 938 Quae
598 885 819 927 carnem
848 869 1143 939 oblectant,
1176 871 1447 927 mentibus
1476 872 1590 942 ipsa
1629 880 1845 929 nocent.

370 962 582 1019 Gaudia
610 972 897 1033 perpetuos
927 963 1145 1033 pariunt
1174 965 1445 1023 mundana
1477 965 1690 1022 dolores
1719 965 1808 1033 “7,

439 1056 603 1111 Tollit
632 1064 687 1112 et
711 1064 972 1111 azternum
999 1056 1185 1112 vivere
1216 1057 1325 1112 vita
1361 1057 1562 1113 brevis.

367 1147 607 1218 Exiguus
636 1145 787 1201 labor
807 1154 912 1211 est,
935 1146 1030 1201 sed
1061 1160 1274 1202 merces
1300 1161 1493 1217 magna
1525 1145 1758 1212 laboris;

444 1237 606 1310 196
634 1236 881 1293 Praeterit
909 1235 997 1292 ille
1026 1236 1157 1303 cito,
1193 1237 1413 1307 praemia
1446 1235 1554 1293 ﬁne
1578 1245 1782 1293 carent.

367 1330 510 1402 Ergo
545 1329 654 1384 Deo
681 1327 870 1384 melius
893 1328 940 1383 si
974 1327 1050 1383 nil
1082 1327 1412 1399 cognoscitis
1438 1341 1561 1383 esse
1582 1367 1597 1395 ,

436 1420 551 1478 lmo
579 1419 625 1476 si
653 1433 923 1475 summum
950 1419 1171 1474 creditis
1195 1434 1316 1475 esse
1346 1418 1414 1452 ¹⁸⁸
1452 1420 1673 1485 bonum,

364 1510 707 1592 Contemptis
736 1508 900 1566 rebus
924 1508 1111 1564 mundi
1141 1508 1453 1564 labentibus
1482 1509 1624 1575 istis,

434 1603 554 1660 Jam
583 1603 695 1658 sint
730 1601 785 1657 in
816 1599 933 1658 solo
962 1600 1155 1673 gaudia
1178 1610 1361 1657 vestra
1392 1602 1526 1657 Deo.

361 1695 433 1752 Et
457 1695 589 1750 mihi
612 1709 731 1765 qua:
760 1701 987 1760 possunt
1012 1693 1189 1749 amitti
1226 1692 1368 1747 nulla
1396 1692 1650 1747 videntur
1674 1708 1689 1755 ;

439 1786 551 1842 Nec
579 1786 824 1857 longum,
854 1786 1115 1858 quidquid
1142 1783 1387 1857 praeterit
1412 1783 1480 1817 ¹⁸⁹
1516 1796 1638 1839 esse
1665 1796 1809 1838 reor.

3541 295 3647 381 eos

1982 410 2032 471 Α
2060 409 2214 478 Quod
2242 416 2440 473 nostra:
2464 421 2681 479 semper
2708 407 3026 468 minuuntur
3052 415 3295 479 tempora
3320 410 3467 474 vitae,

2128 501 2389 572 Quodque
2417 501 2533 558 dies
2562 500 2800 556 hominis
2826 500 3006 556 fumus
3034 508 3089 556 et
3110 503 3299 557 umbra
3323 502 3457 575 fugit
3485 521 3499 558 :

2057 592 2210 660 Quod
2235 593 2305 648 sit
2338 593 2447 648 vita
2469 592 2676 658 brevis,
2700 593 2843 663 quod
2875 610 3022 652 mors
3050 597 3281 660 incerta,
3323 595 3465 665 quod
3494 594 3644 653 omni

2131 685 2399 755 Tempore
2428 701 2527 741 nos
2555 687 2761 756 quaevis
2792 703 2955 744 causa
2982 688 3211 744 molesta
3250 687 3468 758 premit.

2058 775 2173 833 Rex
2198 775 2505 846 appellaris,
2531 777 2658 847 quid
2681 777 2825 832 inani
2857 778 3079 833 nomine
3108 778 3312 850 gaudes
3337 777 3407 811 ’⁸⁸

2128 868 2229 937 Qui
2260 869 2406 924 vitiis
2436 869 2642 940 pulsus,
2674 870 2850 926 victus
2880 870 3078 941 ubique
3104 868 3293 939 iaces?

2058 960 2114 1016 In
2149 969 2318 1027 tanto,
2344 976 2544 1031 qmeso,
2590 962 2678 1032 qui
2713 969 2862 1017 tanto
2892 963 3114 1018 nomine
3144 962 3333 1034 fulget,

2128 1050 2237 1107 Cur
2262 1051 2402 1106 ratio
2430 1052 2622 1116 servit,
2656 1069 2820 1124 regna
2851 1053 3017 1110 libido
3045 1055 3229 1109 tenet?

2057 1141 2167 1198 Cur
2190 1140 2337 1196 vitiis
2365 1141 2554 1208 servit,
2587 1141 2677 1212 qui
2709 1142 2889 1213 regnis
2928 1142 3197 1212 imperat:
3235 1150 3291 1199 et
3325 1156 3430 1199 non

2129 1231 2454 1303 Mancipium
2482 1232 2608 1289 vilis
2630 1232 2700 1267 ’δ’
2723 1233 2970 1303 corporis
2999 1247 3122 1289 esse
3145 1233 3352 1304 pudet?

2058 1323 2104 1382 Ο
2128 1325 2415 1382 dilectores
2459 1326 2666 1390 mundi,
2708 1325 2942 1397 falsique
2965 1335 3256 1397 potentesr

2131 1416 2338 1487 Ecquid
2367 1426 2614 1473 terrenas
2634 1431 2756 1473 esse
2786 1417 2992 1487 putatis
3015 1416 3183 1488 opes?

2058 1507 2199 1576 Quid
2225 1522 2442 1579 quoque
2464 1508 2768 1564 mundanos
2798 1522 2936 1580 quos
2966 1507 3234 1564 aﬂ‘ectatis
3263 1507 3516 1577 honores,

2129 1598 2367 1666 Quorum
2394 1607 2654 1669 perpetua
2687 1608 2769 1655 est
2804 1598 3114 1656 sollicitudo
3148 1597 3365 1654 comes?

2057 1688 2251 1745 Omnia
2280 1690 2616 1761 praecipitem
2645 1688 2942 1746 formidant
2971 1690 3139 1746 ardua
3165 1703 3386 1757 casum;

1988 1754 2031 1816 Β
2129 1778 2195 1834 Ει
2220 1754 2430 1851 magnis
2448 1754 2676 1852 semper
2702 1781 2786 1836 vis
2804 1778 2983 1835 aliena
3009 1789 3187 1842 nocet,

368 1875 500 1935 Nam
520 1877 653 1949 quid
698 1877 889 1944 honos,
918 1877 1047 1948 quid
1077 1891 1231 1948 opes,
1260 1875 1393 1948 quid
1429 1874 1623 1947 gloria,
1648 1874 1848 1944 quidve
1866 1871 1955 1943 ju-
2058 1867 2266 1939 Saepius
2300 1868 2408 1923 alta
2431 1870 2847 1926 ruitventorum
2874 1869 3090 1926 flatibus
3127 1868 3325 1935 arbor;

1660 1966 1887 2024 ventus?

1633 1967 1846 2041 [ventus

433 2066 660 2136 Forma,
687 2080 877 2139 genus,
908 2064 1075 2132 vires,
1108 2062 1329 2131 femina,
1371 2064 1564 2129 vestis,
1588 2076 1720 2133 ager
1744 2061 1846 2128 "°,

292 2152 593 2217 ~"ﬂamma
621 2156 707 2214 vel
743 2165 1066 2229 argentum,
1110 2155 1241 2229 quid
1282 2170 1472 2228 regum
1501 2154 1568 2187 ¹⁸¹
1599 2161 1833 2225 sceptra,
1870 2152 1955 2209 vel

1628 2242 1846 2316 [aurum
1865 2285 1881 2312 ,

439 2339 705 2410 Purpura.
731 2338 862 2410 quid
893 2338 1036 2394 latus
1066 2336 1283 2403 fundus,
1312 2345 1367 2392 et
1390 2336 1564 2407 ampla
1587 2337 1815 2394 domus?

365 2430 555 2503 Magna
587 2431 852 2500 potentia,
889 2430 1059 2487 multa
1081 2430 1334 2497 scientia,
1372 2429 1509 2485 falsa
1540 2430 1810 2500 voluptas.

436 2522 558 2579 Vita
588 2524 718 2595 quid
741 2524 836 2589 "',
863 2533 918 2578 et
941 2523 1112 2578 nostri
1143 2523 1389 2593 corporis
1422 2524 1535 2592 ipsa
1560 2522 1708 2577 salus
1722 2522 1753 2577 ’ἶ

368 2612 482 2669 Νοη
505 2629 630 2670 amo
655 2613 800 2683 quod
824 2614 1011 2683 pestis,
1028 2613 1169 2683 quod
1192 2612 1297 2681 fur,
1328 2613 1471 2683 quod
1498 2612 1730 2684 subripit
1755 2613 1952 2681 hostis,

439 2705 506 2759 Et
534 2720 671 2774 quae,
702 2704 746 2760 si
774 2713 1002 2775 parcant
1022 2711 1236 2770 caetera,
1270 2719 1417 2760 mors
1447 2705 1659 2760 adimit.

372 2796 514 2853 Sunt
535 2811 672 2868 quos
695 2797 864 2855 falsus
891 2799 1065 2854 honor
1092 2797 1268 2870 juvat,
1305 2806 1359 2853 et
1392 2792 1633 2868 peritura
1670 2803 1953 2866 potestas:

443 2885 623 2957 Seque
656 2897 851 2959 putant
881 2889 1113 2960 aliquos,
1147 2889 1288 2959 quod
1320 2889 1437 2943 loca
1467 2888 1534 2920 ¹⁸⁸
1562 2887 1706 2944 celsa
1748 2895 1953 2944 tenent.

367 2977 436 3033 Et
462 2978 608 3034 velut
632 2994 665 3034 e
693 2979 911 3050 specula
949 2994 1170 3050 campos
1191 2990 1241 3035 et
1272 2978 1429 3048 plana
1458 2977 1701 3034 viderent
1725 3017 1741 3043 ,

441 3068 533 3126 Sic
561 3085 775 3141 quoque
819 3072 886 3126 de
921 3071 1121 3126 mentis
1149 3070 1219 3103 ¹⁸δ
1244 3070 1447 3126 vertice
1471 3085 1716 3140 quosque
1759 3068 1952 3124 vitent.
1983 3101 2028 3163 Ο

370 3159 507 3214 Dum
541 3174 648 3215 non
676 3159 959 3216 attendunt
982 3161 1274 3216 humanam
1311 3161 1714 3223 conditionem,

438 3249 556 3307 Non
583 3260 787 3307 norunt
811 3251 941 3322 quid
966 3251 1075 3307 sint
1105 3266 1352 3318 cernere,
1383 3252 1476 3308 sed
1506 3251 1634 3321 quid
1667 3248 1885 3305 habent.

369 3340 476 3396 Sed
497 3340 625 3396 dum
649 3350 860 3411 sceptra
881 3342 1348 3413 gerunt,renitent
1369 3342 1674 3397 diademate
1698 3340 1953 3412 reges‘”,

440 3429 507 3485 Et
529 3428 765 3501 gaudent
787 3429 884 3485 lati
914 3430 1114 3486 finibus
1141 3431 1354 3500 imperii
1382 3447 1396 3483 :

370 3520 506 3575 Dum
536 3520 917 3576 distenduntur
942 3521 1195 3592 dapibus,
1218 3523 1344 3577 dum
1377 3531 1599 3580 nectare
1626 3521 1868 3578 fervent:

439 3609 510 3665 Et
535 3609 703 3666 servit
731 3611 936 3668 mensis
965 3618 1110 3668 terra
1145 3609 1455 3684 fretumque
1483 3614 1599 3670 suis
1626 3630 1640 3667 :

369 3698 436 3758 Et
461 3702 588 3757 dum
615 3700 810 3774 byssus
837 3715 951 3771 eos,
980 3703 1324 3775 pretiosaque
1353 3720 1587 3778 purpura
1620 3704 1811 3772 vestit,

441 3793 805 3866 Majestasque
836 3805 993 3853 vacat
1023 3797 1171 3869 regia
1200 3797 1411 3853 deliciis
1440 3815 1454 3852 :

370 3887 619 3959 Dumque
647 3888 919 3946 emollitos
940 3889 1133 3946 delinit
1165 3889 1361 3945 blanda
1388 3889 1554 3945 libido

441 3979 654 4047 Carnis,
679 3990 734 4037 et
764 3981 1031 4039 illecebris
1056 3982 1109 4037 in
1139 3997 1236 4037 sua
1261 3983 1382 4052 jura
1428 3980 1596 4035 trahit
1624 3996 1638 4034 :

370 4069 507 4125 Dum
537 4073 676 4143 turpi
702 4072 933 4128 domina:
973 4072 1304 4128 famulantur
1326 4066 1557 4142 turpiter
1582 4071 1690 4136 isti,

447 4163 595 4230 Quos
623 4164 759 4220 falso
795 4180 948 4235 reges
971 4164 1043 4197 ¹⁸⁶
1065 4165 1282 4220 nomine
1310 4164 1542 4220 mundus
1568 4164 1752 4219 habet.

369 4258 636 4312 Avcrtunt
657 4256 863 4325 oculos,
889 4263 1233 4326 renuuntquc
1259 4254 1440 4311 videre
1464 4254 1710 4324 profecto
1727 4294 1742 4320 ,

442 4347 595 4415 Quod
621 4348 730 4405 sint
756 4348 856 4415 ipsi
881 4346 948 4380 ¹⁸⁷
974 4346 1220 4403 homines
1240 4356 1296 4402 et
1324 4346 1583 4402 moritura
1612 4360 1781 4411 caro;

371 4441 524 4508 Quod
553 4443 714 4496 citius
742 4442 939 4498 transit
964 4440 1233 4496 mundana
1258 4441 1497 4511 potentia
1517 4440 1698 4505 fumo;

442 4532 594 4601 Quod
623 4535 877 4602 vitreum,
902 4550 995 4592 seu
1019 4535 1162 4605 quod
1186 4532 1352 4590 ﬁctile
1378 4548 1475 4589 vas
1495 4533 1566 4589 sit
1593 4533 1788 4595 homo;

371 4626 525 4692 Quod
550 4640 680 4681 caro
709 4627 955 4683 mortalis
985 4635 1244 4697 tanquam
1272 4626 1438 4682 vestis
1478 4624 1788 4689 veterascit,

446 4717 511 4773 Et
537 4717 698 4774 celeri
722 4719 874 4789 lapsu
898 4734 1066 4777 curva
1090 4729 1311 4776 senecta
1338 4718 1519 4786 venit;

2127 1958 2266 2013 Tuta
2289 1957 2512 2014 humilis
2541 1968 2774 2031 myrtus.
2807 1967 2920 2014 tuta
2955 1958 3159 2029 myrica
3181 1963 3385 2012 manet.

2055 2047 2254 2104 Bellica
2289 2064 2414 2105 cum
2437 2048 2614 2107 celsas
2638 2049 2908 2106 subvertit
2941 2048 3010 2082 ¹⁶⁶
3041 2048 3290 2104 machina
3321 2055 3518 2112 turres,

2130 2137 2216 2193 Nil
2246 2148 2405 2195 nocet
2433 2140 2644 2212 exiguae
2670 2140 2927 2212 pauperis
2952 2139 3040 2196 illa
3075 2154 3217 2196 casa:
3240 2139 3331 2193 ω.

2066 2230 2134 2286 Et
2162 2231 2306 2302 rapit
2326 2233 2606 2289 obstantes
2633 2231 2781 2289 ﬂuvii
2808 2232 3066 2289 violentia
3096 2231 3267 2289 moles
3299 2231 3392 2299 “',

2126 2323 2295 2380 Plana
2315 2325 2450 2381 satis
2472 2324 2682 2396 placido
2707 2334 2954 2397 permeat
2979 2325 3069 2382 ille
3090 2326 3284 2397 gradu.

2057 2414 2267 2473 Montes
2293 2423 2349 2472 et
2373 2415 2623 2486 scopulos
2648 2416 2776 2471 saevi
2803 2417 2973 2472 maris
3000 2416 3186 2473 obruit
3226 2415 3373 2471 unda
3406 2413 3501 2481 ¹⁶⁸,

2124 2505 2208 2562 Ad
2229 2504 2501 2577 placidum
2530 2504 2683 2561 littus
2715 2503 2900 2561 mitior
2925 2505 3071 2560 unda
3097 2505 3266 2561 venit.

2056 2598 2253 2654 Aerias
2279 2597 2445 2669 Alpes
2466 2597 2682 2653 nivibus
2710 2597 3038 2653 eandescere
3066 2596 3269 2651 scimus
3286 2637 3304 2662 ,

2128 2689 2551 2761 Frigoribusque
2578 2689 2772 2761 premi,
2810 2697 3178 2760 perpetuoque
3200 2687 3342 2760 gelu.

2056 2783 2173 2839 Illic
2201 2791 2256 2838 et
2286 2782 2467 2839 rabies
2495 2791 2783 2837 ventorum
2819 2781 3056 2851 plurima
3084 2781 3257 2845 saevit,

2129 2875 2468 2948 Temperiem
2494 2883 2701 2946 gratam
2724 2874 2971 2944 proxima
2996 2871 3153 2929 vallis
3177 2872 3361 2929 habet.

2060 2965 2153 3023 Sic
2184 2967 2338 3022 vobis
2367 2979 2641 3035 nunquam
2667 2964 2865 3019 desunt
2895 2963 3145 3030 adversa,
3181 2971 3468 3034 potentes:

2130 3059 2246 3115 Non
2276 3068 2359 3116 est
2379 3074 2483 3129 pax
2512 3056 2665 3113 vobis
2693 3056 2827 3126 ulla,
2855 3071 2957 3112 nec
2984 3056 3089 3111 ulla
3117 3056 3291 3126 quies.

2063 3149 2108 3207 O
2133 3159 2370 3220 quantos
2391 3162 2575 3218 regum
2603 3147 2887 3219 patiuntur
2910 3147 3078 3203 corda
3107 3145 3394 3201 tumultus!

2132 3240 2412 3309 Quamque
2440 3237 2755 3308 procellosis
2777 3236 3015 3292 motibus
3043 3236 3158 3307 ipsa
3190 3236 3429 3292 fremunt

2059 3330 2208 3386 Inter
2234 3330 2443 3399 regales
2462 3329 2670 3399 epulas,
2698 3329 2990 3398 variosque
3014 3336 3264 3398 paratus,

2131 3420 2440 3476 Tabescunt
2464 3420 2629 3484 curis,
2656 3420 2994 3490 sollicitoque
3020 3427 3191 3474 metu.

2059 3511 2175 3567 Non
2204 3525 2407 3583 paucos
2432 3511 2626 3566 metuit
2657 3511 2843 3567 multis
2874 3509 3162 3566 metuenda
3193 3515 3463 3579 potestas;

2129 3602 2235 3658 Vix
2257 3602 2421 3659 alicui
2454 3603 2651 3671 credit,
2682 3603 2810 3658 dum
2835 3610 2994 3658 cavet
3020 3600 3245 3657 insidias
3275 3599 3364 3655 ⁸⁸⁵.

2060 3703 2204 3761 Mille
2227 3702 2549 3761 satellitibus
2577 3703 2807 3767 cinctus,
2832 3701 3063 3771 telisque
3089 3714 3337 3766 suorum,

2131 3794 2248 3851 Non
2278 3794 2425 3860 valet
2451 3810 2482 3851 e
2513 3792 2722 3865 trepido
2757 3790 2958 3863 pellere
2983 3789 3147 3845 corde
3176 3796 3403 3844 metum.

2061 3887 2272 3943 Rursus
2298 3885 2427 3958 quid
2456 3884 2675 3941 domino
2704 3894 2997 3938 numerosa
3025 3878 3254 3952 pecunia
3286 3874 3538 3950 prodest?

2129 3977 2330 4047 Accipe
2355 3976 2482 4046 quid
2505 3990 2670 4041 curae,
2707 3973 2904 4044 quidve
2934 3971 3145 4027 timoris
3174 3968 3362 4025 habet.

2061 4068 2128 4123 Et
2156 4067 2336 4124 brevis
2369 4075 2424 4121 et
2445 4080 2601 4121 rarus
2627 4064 2687 4119 lit
2708 4079 2929 4120 somnus
2954 4062 3280 4119 habentibus
3303 4076 3529 4126 aurum;

2131 4158 2321 4216 Omnis
2346 4158 2490 4213 enim
2525 4156 2748 4242 evigilat
2775 4172 2880 4212 non
2916 4156 3228 4211 moderatus
3257 4168 3432 4208 amor.

2058 4251 2177 4308 Non
2207 4253 2540 4306 datsecuros
2571 4265 2672 4306 nec
2697 4250 2834 4305 ebur
2864 4263 2964 4305 nec
2999 4261 3238 4319 purpura
3262 4260 3504 4312 somnos,

2130 4342 2429 4413 Paupertas
2456 4341 2544 4396 vili
2571 4342 2834 4397 stramine
2858 4349 2972 4396 tuta
2994 4339 3161 4410 jacet.

1987 4454 2035 4514 ι)
2062 4435 2193 4492 Auri
2222 4450 2507 4506 possessor
2538 4432 2796 4489 formidat
2823 4447 3060 4501 semper,
3088 4441 3143 4486 et
3167 4443 3383 4485 omnem

2130 4526 2214 4584 Ad
2241 4525 2525 4597 strepitum
2561 4523 2734 4580 factas
2752 4521 2983 4579 aestimat
3013 4521 3257 4578 insidias.

2057 4619 2245 4683 Arma,
2266 4633 2473 4673 venena
2495 4624 2657 4686 pavet
2674 4616 2763 4680 ηδ,
2777 4614 2979 4672 furtum
3004 4616 3156 4670 timet
3179 4623 3342 4685 atque
3362 4613 3603 4686 rapinam
3625 4626 3642 4669 :

2132 4710 2406 4768 Sollicitus
2431 4719 2614 4766 servat
2645 4724 2873 4781 qumque
2906 4708 3115 4765 lucrata
3141 4709 3252 4764 diu.

1651 4852 1739 4908 VA
1751 4850 1886 4908 ΒΙᾸΞ
1928 4841 2332 4906 LECTIONES.

448 4949 515 4984 ³⁸⁸
565 4949 830 5019 Tempora
872 4947 1005 5019 dura
1059 4964 1186 5003 mss.
1225 4959 1466 5019 tempore
1510 4947 1641 5019 dura

369 5022 516 5080 lores
555 5037 653 5076 ms.
698 5016 823 5073 Bec.
862 5016 928 5075 0.
968 5019 1235 5074 mundana
1266 5016 1480 5074 labores

371 5091 631 5166 quicquid
678 5090 921 5166 praeterit
952 5088 1299 5166 .-η’-Υρεῴ
1344 5098 1468 5166 aget
1513 5104 1640 5142 mss.
1691 5086 1876 5166 vestis,
1907 5097 2037 5166 ager
2143 5086 2242 5166 "‘n

1111 5160 1180 5191 ⁸⁸³
1224 5144 1526 5226 Οιιοόυιοοο
1559 5173 1684 5212 nisa.
1725 5144 1874 5223 quod.
1918 5144 2047 5226 loca
2071 5167 2171 5204 ms.
2202 5144 2264 5198 C.
2290 5160 2428 5215 quos
2461 5146 2577 5226 loca

373 5223 443 5269 1'”
491 5233 750 5288 Retinent
805 5223 1111 5286 diademata
1155 5223 1310 5299 reges
1350 5231 1464 5299 ‘ma.
1504 5228 1572 5283 0.
1623 5227 1860 5299 renitent
1925 5223 2229 5299 diademate
2306 5231 2461 5299 reges

371 5158 696 5234 (initi—mss.—
735 5158 1003 5234 vitaquid

1750 4944 1820 4976 ¹⁶⁶
1866 4943 2023 5012 Smpe
2062 4943 2262 4993 necant
2310 4950 2409 4988 ms.
2457 4932 2566 5012 .59}
2618 4947 2762 5004 saepe
2821 4940 3020 5012 nocent

1591 5015 1660 5049 ita
1704 5004 1971 5071 Creditur
2002 5024 2123 5066 esse
2174 5020 2301 5058 mss.
2343 5004 2569 5059 creditis
2614 5018 2734 5058 esse

3127 4930 3194 4965 “7
3246 4928 3517 4986 Mundana
3548 4929 3644 4984 do-

2842 5003 2909 5036 *δ’
2948 5002 3212 5072 Quicquid
3267 5002 3463 5058 desinit
3509 5016 3641 5072 In“.

2143 5073 2650 5151 “‘ﬂQuid‘regnum
2698 5091 2827 5151 ﬁt“;
2876 5068 3006 5146 quia
3055 5068 3279 5151 tégnum
3349 5072 3457 5151 -ω
3508 5068 3644 5151 “Ec

2695 5145 2762 5180 ¹³⁸
2792 5145 2867 5201 De
2895 5143 3140 5200 'montis’
3168 5160 3293 5199 nisa.
3332 5143 3399 5196 de
3446 5143 3644 5196 mentis

2570 5214 2639 5248 ¹⁸⁶
2685 5215 2874 5271 Falsas
2933 5230 3091 5285 reges
3157 5230 3286 5268 mss.
3333 5210 3402 5266 0.
3458 5222 3533 5285 el‘
3563 5207 3637 5262 K.

374 5281 748 5374 mué'éﬁéé’"
768 5281 1495 5374 “iiQuidﬁsintvisfi'insIO.
1516 5281 1674 5374 quod
1711 5297 1818 5374 sint
1851 5294 1948 5374 ipsi
1974 5292 2238 5374 homines
2313 5281 2393 5373 “f-
2421 5287 2741 5374 Quid_inani
2760 5281 3646 5374 mominegaudesAllZu-r‘ratioue

373 5356 628 5431 ίῆξςίδῗ
644 5356 707 5428 0.
743 5383 792 5428 et
826 5356 1047 5441 KTquid
1076 5370 1222 5441 inani
1257 5370 1474 5441 nomine
1501 5356 1736 5441 gaudes;
1764 5356 2040 5441 Qui'vitiis
2065 5362 2280 5441 pulsus,
2325 5356 2503 5441 vietos
2533 5358 2733 5441 ubique
2750 5359 2921 5426 jaces.
2955 5356 3012 5441 lu
3042 5370 3314 5441 quoquam
3338 5356 3643 5441 quaaso'qui

550 5421 1564 5513 ἧόῐῐῖἰήἑνίῶέὲιίίξηέέίῠξ-’Ῐοῖΐύἱεξξξ)
1584 5421 1696 5495 Cur
1720 5421 1888 5513 ratio,
1911 5445 2009 5489 etc.
2065 5421 2157 5465 ’³⁸⁸
2179 5421 2508 5513 Maneipium
2536 5421 2820 5513 vilis-iniit.
2836 5421 3336 5513 mancipium—vile”

376 5493 1128 5568 éh'517e'r'ni'ﬁ's'sjki’éi593;
1162 5493 1335 5565 celsas
1363 5493 1645 5564 subvehat
1719 5509 1785 5540 ¹⁶ι
1834 5493 1924 5562 ΙΙἸει
1959 5519 2112 5561 caesa:
2150 5519 2276 5559 mss.
2308 5493 2397 5556 illa
2431 5514 2571 5555 casa:
2640 5498 2731 5568 _“’
2760 5493 3077 5553 Obstante'm
3123 5495 3344 5568 fluvium
3385 5493 3644 5568 vio_lent_ia

377 5560 1758 5652 niaiéé'iigél'ﬁ'.ER.Egerii?beniuolentia
1810 5560 1981 5633 moles
2017 5591 2115 5652 ms.
2140 5574 2265 5652 595.
2300 5573 2588 5652 obstant-es
2627 5566 2775 5623 ﬂuvii
2813 5567 3065 5652 violentia
3104 5566 3293 5622 moles.
3322 5581 3423 5652 ius.
3451 5560 3646 5652 0131.).-

377 5637 588 5704 stantes
615 5650 761 5703 ﬂuvii
787 5651 1040 5705 violentia
1076 5637 1214 5707 mole
1289 5650 1358 5681 ¹⁶³
1380 5650 1574 5705 Obruit
1599 5651 1789 5705 umbra
1825 5665 1951 5704 mss.
1997 5647 2175 5703 obruit
2205 5646 2347 5701 unda
2424 5640 2493 5673 ¹⁶⁵
2518 5640 2653 5695 Dum
2694 5648 2856 5697 canet
2901 5638 3123 5696 insidias
3154 5654 3277 5693 mss.
3303 5637 3433 5693 dum
3480 5639 3639 5691 cavet

379 5720 603 5779 insidias
678 5721 744 5754 ³⁸⁸
780 5720 991 5775 Venena
1018 5723 1167 5777 timet
1192 5738 1316 5778 mss.
1350 5737 1554 5777 venena
1593 5730 1751 5791 pavet
