3910 6018
2133 105 2272 124 ’Ἧι-κ

386 267 493 326 695
1454 269 1732 326 CARMEN
1777 270 1863 326 DE
1901 266 2326 326 CONTEMPTU
2369 269 2602 325 Ml'NDl‘.
3555 269 3668 324 695‘»

383 381 558 445 Ilunc,
591 379 716 434 dum
745 379 940 450 quau-it
963 393 1118 449 opes,
1147 380 1358 436 cruciat
1397 381 1703 436 miseranda
1743 383 1963 454 cupido;
1999 389 2045 446 Α
2075 381 2188 435 Non
2224 381 2327 437 huc
2357 391 2662 451 argentum,
2705 399 2808 437 non
2837 385 2940 438 huc
2967 383 3256 438 descendet
3289 391 3343 438 et
3373 399 3584 447 aurum,

451 471 584 523 (lum
610 470 720 538 jam
749 470 1002 539 quatsilas
1024 472 1190 540 etrapit
1219 471 1440 538 habere,
1467 472 1649 526 timor.
2145 472 2260 526 Non
2295 474 2470 527 aderit
2501 473 2684 526 mundi
2713 472 2880 542 gloria
2909 473 3058 542 lapsa
3094 474 3264 529 brevi.

380 563 472 617 Sic
493 562 660 632 igitur
689 564 983 629 miserest,
1013 563 1138 618 dum
1171 579 1374 634 pauper
1398 565 1594 634 qurerit
1620 565 1858 621 habere:
2074 563 2324 648 Forsitan
2354 565 2454 618 llas
2488 579 2707 634 parcus,
2743 579 2882 632 quas
2909 574 2963 618 tu
3003 566 3162 620 modo
3203 567 3440 638 colligis,
3471 549 3668 624 omnes

451 656 516 709 Et
551 655 720 710 miser
749 664 834 710 est
855 655 1028 721 dives,
1067 658 1294 726 perdere
1317 667 1470 728 parta
1503 659 1720 724 timens,
2145 655 2401 711 Effundet
2427 654 2706 726 quondam
2731 656 2992 726 prodigus
3015 657 3150 712 alter
3183 675 3334 728 opes,

377 744 514 798 Dum
535 743 756 810 jacctin
785 745 982 816 plumis
1007 746 1185 802 serico
1213 757 1500 804 contectus
1527 757 1583 804 et
1609 760 1794 815 ostro;
2075 744 2225 800 Tunc
2267 748 2472 814 pariter
2511 745 2784 815 rebusque
2825 747 2933 800 luis
2971 755 3026 800 et
3065 747 3292 818 conjuge
3329 749 3484 816 felix,

449 836 724 892 Mordetur
751 837 899 892 curis
931 839 1020 900 ¹⁶⁸,
1053 839 1402 910 invigiletque
1431 841 1610 907 dolis;
2147 837 2278 893 Cum
2319 837 2458 893 cinis
2491 839 2738 908 exiguus,
2781 839 2900 894 sive
2937 841 3171 896 cadaver
3208 844 3339 897 eris.

377 926 418 982 C
437 927 712 984 mtinuare
737 929 852 984 suis
872 930 1034 985 vicini
1065 933 1318 1002 pauperis
1346 946 1534 1002 agrum
2075 927 2322 1000 Magnum
2345 943 2540 984 nomen
2561 929 2748 996 habes,
2774 933 2919 984 clara
2945 941 3028 986 est
3053 931 3144 986 tibi
3170 931 3308 988 fama
3331 949 3427 1004 per
3447 938 3660 1002 orbem,

451 1021 637 1084 Ardet,
665 1031 722 1076 et
749 1021 816 1076 ad
856 1022 1068 1078 facinus
1100 1025 1272 1079 nescit
1303 1026 1506 1082 habere
1535 1027 1754 1082 modum
1783 1027 1872 1081 η’.
2143 1017 2352 1073 Lalldal
2378 1029 2428 1073 lc
2461 1019 2731 1084 ηιυηιίιιες
2759 1021 2857 1074 58d
2900 1022 3140 1076 ﬂmricre
3177 1031 3380 1076 lamell-

379 1114 612 1184 Expellit
643 1115 894 1170 domibus
923 1115 1156 1185 pupillos
1186 1117 1275 1170 ille
1309 1119 1574 1186 paternis,
2071 1109 2188 1168 Non
2223 1110 2773 1182 prosuntquidquam
2805 1113 3074 1181 praeconia
3111 1129 3246 1166 vana
3269 1113 3524 1182 sepultis;

452 1205 758 1274 Insequitur
789 1207 1004 1272 viduas,
1027 1205 1354 1278 iudiciisque
1374 1210 1592 1278 premit.
2143 1201 2224 1255 An
2257 1200 2436 1258 factus
2469 1202 2756 1272 quisquam
2799 1203 3036 1258 senserit
3075 1203 3164 1258 illa
3209 1205 3346 1258 ciuis
3389 1205 3494 1258 m?

381 1297 516 1351 Cum
550 1297 622 1351 sit
653 1295 896 1350 avaritia:
923 1295 1132 1353 facibus
1169 1311 1464 1353 succensus
1494 1298 1715 1369 iniquis,
2072 1293 2236 1348 Fama
2271 1293 2450 1363 placet
2485 1293 2690 1364 populi,
2735 1295 2929 1364 cupida
2957 1295 3130 1352 trahis
3158 1311 3289 1352 aure
3325 1297 3583 1362 favorem,
3659 1339 3670 1344 -

453 1389 568 1444 Non
597 1388 740 1445 valet
761 1388 976 1456 injustis
1001 1405 1062 1446 se
1089 1390 1291 1444 satiare
1321 1390 1487 1446 lucris
1519 1391 1610 1444 ηδ.
2141 1385 2329 1441 Nescis
2353 1384 2596 1440 divinum
2624 1385 2754 1455 quid
2783 1395 2938 1456 paret
2963 1386 3268 1440 arbitrium.

379 1480 524 1550 Ergo
559 1479 686 1534 facit
712 1478 912 1534 multos
943 1479 1165 1550 inopes;
1196 1481 1457 1552 divesque
1487 1481 1716 1552 rapinis,
2075 1476 2230 1547 197
2261 1475 2466 1532 Fumus
2519 1485 2576 1532 et
2623 1477 2812 1532 umbra
2846 1475 3002 1537 ,levis
3053 1485 3166 1532 tota
3195 1487 3278 1532 est
3328 1479 3440 1532 lucc
3489 1477 3662 1548 gloria

453 1569 697 1623 Luxuria:
723 1569 918 1635 servit;
951 1569 1044 1625 sed
1071 1569 1332 1640 spoliatus
1355 1581 1499 1642 eget.

3348 1568 3597 1640 [ututtdi;.

381 1659 604 1714 Deliciis
634 1659 854 1724 fruitur,
879 1669 932 1714 et
963 1661 1127 1716 rebus
1153 1661 1405 1732 pauperis
1437 1661 1538 1716 iste
1563 1661 1658 1726 m;
2141 1658 2422 1730 Torquent
2443 1658 2510 1691 ⁸⁸⁵
2537 1657 2776 1715 famosos
2799 1667 3001 1714 tartara
3031 1675 3172 1715 Steva
3209 1673 3370 1716 reos.

452 1750 558 1806 Sed
589 1761 764 1822 gemet
793 1751 861 1784 "°
883 1751 1100 1807 amissis
1133 1753 1386 1822 indignus
1411 1754 1514 1808 iste
1553 1754 1725 1809 bonis.
1997 1737 2042 1794 Β
2072 1753 2134 1806 Ει
2163 1751 2334 1818 color,
2365 1761 2420 1807 et
2459 1750 2644 1820 facies,
2668 1760 2724 1808 et
2759 1750 2988 1806 multum
3016 1759 3169 1822 grata
3197 1750 3508 1820 juventus,

381 1841 518 1896 lluic
547 1840 718 1911 epulae
746 1840 928 1907 \arite,
957 1842 1123 1896 vestis
1154 1843 1390 1911 pretiosa
1415 1851 1637 1913 paratur
1661 1861 1675 1896 :
2139 1845 2206 1900 Et
2232 1860 2336 1900 vox
2366 1859 2486 1914 quae
2517 1843 2708 1900 dulces
2741 1853 2970 1898 noverat
2999 1853 3125 1898 ante
3153 1843 3374 1908 domos,

452 1932 558 1986 Sed
581 1947 780 2000 panem
814 1942 870 1988 et
897 1947 1142 2003 grossam
1169 1933 1260 1986 vix
1293 1933 1358 1965 ³⁷³
1388 1934 1550 1989 habet
1581 1933 1670 1990 ille
1690 1941 1892 2003 togam.
2071 1933 2364 2004 Diffugiunt
2392 1933 2590 1988 misera
2613 1932 2830 1988 tandem
2875 1931 3125 1986 veniente
3149 1941 3366 1988 senecta
3393 1947 3408 1993 ;

377 2024 448 2078 At
469 2033 613 2094 petet
633 2027 690 2079 in
712 2023 942 2080 flammis
977 2025 1252 2096 ingressus
1283 2033 1510 2092 tartara,
1543 2041 1772 2096 parvam
2143 2022 2436 2095 Diffugiunt
2463 2039 2615 2094 pexa:
2645 2038 2766 2094 qua;
2789 2023 3020 2078 decuere
3055 2038 3242 2078 comm.

451 2113 526 2169 De
555 2113 704 2183 digiti
735 2121 978 2170 extremo
1011 2114 1266 2184 pauperis
1292 2115 1452 2185 hujus
1473 2123 1668 2185 aquam
1698 2133 1710 2169 :
1769 2101 1772 2106 ’
2068 2116 2141 2172 Os
2167 2125 2481 2176 exarmatur
2501 2117 2744 2172 decussis
2773 2115 3062 2180 dentibus;
3090 2117 3212 2170 inde

376 2202 448 2258 Et
477 2203 597 2260 vice
622 2219 902 2272 conversa,
927 2205 1020 2276 qui
1053 2205 1203 2261 dives
1223 2205 1482 2272 abundat,
1503 2205 1718 2276 egebit:
2145 2209 2241 2263 Vix
2270 2206 2601 2277 imperfectis
2639 2205 2839 2262 sufﬁcit
2870 2206 2960 2262 ille
2988 2203 3158 2262 sonis.

449 2293 586 2350 lluic
615 2295 706 2366 qui
733 2311 940 2367 pauper
977 2296 1044 2328 ¹⁷¹
1065 2305 1208 2366 eget,
1235 2297 1392 2367 copia
1425 2297 1576 2352 dives
1597 2297 1720 2352 erit.
2071 2299 2517 2367 Deficiuntvires,
2541 2297 2656 2368 jam
2685 2298 2864 2368 prodit
2894 2314 3024 2370 ruga
3056 2298 3266 2365 senilis,

375 2387 448 2442 At
471 2387 600 2456 quid
623 2403 820 2445 avarus
841 2389 910 2420 ³⁷³
930 2403 1082 2460 epes,
1104 2390 1414 2460 quicunque
1434 2405 1513 2456 es,
1538 2389 1966 2462 congerisjstas?
2141 2391 2340 2446 llorret
2364 2391 2418 2446 in
2449 2389 2610 2446 effeto
2633 2405 2865 2460 corpore
2897 2390 2971 2423 ⁸⁸⁵
3003 2391 3198 2446 scabra
3226 2390 3386 2446 cutis.

449 2479 700 2535 Forsitan
727 2481 810 2535 hae
841 2480 1041 2536 facient
1072 2481 1312 2536 uteitius
1339 2496 1552 2550 pereas.
2069 2481 2298 2554 Iamiam
2326 2490 2608 2546 curvatur,
2631 2481 2748 2552 jam
2778 2490 3006 2537 manant
3035 2496 3130 2537 ora
3161 2481 3376 2548 salivis;

377 2568 476 2624 Dic
510 2569 664 2634 mihi,
695 2569 955 2626 divitibus
978 2569 1023 2624 si
1054 2571 1274 2642 quando
1300 2569 1470 2626 defuit
1495 2569 1668 2626 hostis
1695 2588 1708 2624 :
2139 2578 2444 2648 Exsanguis
2473 2577 2625 2632 color
2647 2585 2755 2638 est,
2780 2577 2983 2632 halitus
3001 2577 3116 2647 ipse
3150 2578 3355 2648 gravis.

451 2657 560 2715 Hos
591 2660 718 2714 terit
745 2669 802 2714 et
831 2668 1056 2730 quassat
1086 2675 1230 2730 saepe
1261 2661 1414 2715 ruina
1443 2661 1644 2730 gravis.
2071 2669 2268 2740 Sicque
2293 2669 2434 2738 perit
2458 2667 2680 2738 placidae
2709 2667 2776 2700 ³⁸⁸
2804 2668 3066 2738 paulatim
3093 2669 3266 2739 gratia
3295 2667 3512 2733 formzn;

377 2751 594 2806 Invidia:
621 2767 804 2808 comes
827 2753 896 2785 ‘7‘
917 2763 1000 2809 est
1028 2755 1222 2810 melior
1251 2753 1488 2820 fortuna,
1523 2771 1624 2812 nec
1655 2769 1891 2824 unquam
2139 2761 2406 2831 Nullaque
2429 2761 2496 2814 de
2523 2760 2728 2824 multis,
2765 2776 2889 2830 quae
2923 2759 3200 2830 placuere,
3227 2773 3476 2814 manent.

453 2843 582 2898 Fida
603 2845 739 2900 satis
765 2846 1014 2916 cuiquam
1040 2848 1256 2903 mobilis
1285 2848 1374 2902 illa
1408 2860 1610 2904 manet.
2067 2853 2186 2916 lam
2207 2860 2422 2920 gustata
2453 2853 2520 2883 ‘8'
2553 2851 2732 2906 minus
2755 2853 2995 2921 sapiunt,
3025 2851 3112 2904 vix
3143 2850 3310 2906 sentit
3334 2851 3550 2904 odores.

379 2936 522 3006 Ergo
550 2937 766 2992 solliciti
797 2954 994 2994 causas
1017 2940 1244 2996 exclude
1272 2941 1515 3006 timoris;
2146 2942 2240 2998 Vix
2272 2957 2486 3012 quoque
2507 2942 2782 3006 clamosos
2817 2941 3048 3011 percipit
3075 2957 3209 2996 aure
3235 2955 3397 2996 sonos
3422 2939 3516 3004 ‘3‘,

451 3027 586 3084 Esse
610 3029 742 3084 velis
769 3045 996 3101 pauper,
1021 3030 1166 3088 illico
1191 3039 1340 3086 tutus
1367 3033 1498 3088 eris.
1993 3083 2035 3103 η
2069 3035 2317 3103 Caligant
2345 3034 2484 3090 oculi
2517 3051 2530 3086 :
2570 3034 2636 3090 de
2676 3043 2790 3088 toto
2821 3033 2936 3088 sola
2966 3043 3280 3102 supersunt,

538 3083 543 3084 7
726 3083 786 3099 7.
828 3083 835 3084 7
878 3083 996 3101 τη,
1022 3083 1036 3084 7
1069 3083 1159 3088 πη
1373 3083 1498 3088 --η-
2075 3083 2316 3103 __-..,_-.-
2350 3083 2484 3090 ης---
2517 3083 2529 3086 -
2573 3083 2634 3090 η
2678 3083 2785 3088 -77--
2966 3083 3280 3102 μιν-ηρ,

379 3117 708 3188 Paupertate
737 3121 958 3190 quidem
983 3121 1118 3176 nihil
1148 3137 1269 3178 esse
1297 3123 1508 3177 beatius
1532 3139 1794 3192 unquam,
1991 3083 2038 3145 ϐ
2147 3126 2281 3181 l-luic
2316 3126 2458 3180 cutis
2483 3125 2572 3191 "’9,
2603 3135 2658 3178 et
2691 3126 2876 3178 nervis
2904 3139 3028 3180 ossa
3057 3123 3220 3192 ligata
3251 3123 3388 3180 suis.

451 3209 776 3280 Paupertate
801 3212 933 3266 nihil
959 3213 1124 3270 tutius
1157 3229 1279 3269 esse
1307 3224 1504 3285 potest.
2073 3217 2170 3272 Vix
2191 3217 2304 3286 jam
2347 3215 2486 3270 fuste
2512 3222 2690 3284 potest
2717 3222 2976 3269 nutantes
2999 3217 3163 3286 ﬁgere
3194 3229 3438 3284 gressus,

383 3298 500 3354 heu
541 3301 635 3355 tibi
668 3302 968 3357 subsidium
998 3314 1122 3359 sunt
1153 3305 1288 3368 hanc,
1323 3306 1416 3361 sed
1447 3305 1664 3361 sarcina
1703 3307 1922 3376 grandis
1949 3346 1966 3374 ,
2141 3307 2352 3378 Vixque
2376 3307 2520 3360 valet
2545 3305 2775 3360 tremula
2811 3319 3042 3374 quaeque
3072 3315 3258 3362 tenere
3294 3321 3478 3360 manu.

450 3395 580 3458 Quae
607 3394 746 3448 male
775 3405 826 3447 te
849 3396 1106 3450 miserum
1135 3411 1349 3467 semper
1375 3399 1440 3452 ad
1471 3399 1578 3455 ima
1605 3401 1824 3469 premit.
2073 3399 2129 3454 Si
2159 3413 2264 3468 qua
2290 3397 2393 3452 sibt
2419 3395 2595 3451 fuerat
2624 3395 2928 3466 prudentia,
2967 3404 3078 3450 tota
3113 3395 3339 3450 recessit
3363 3413 3374 3446 :

377 3481 608 3539 Justitia:
633 3495 860 3550 montes,
893 3487 1262 3556 virtutumque
1285 3489 1454 3543 ardua
1484 3489 1662 3546 nullus
2141 3491 2198 3546 Ill
2223 3499 2436 3546 tantum
2467 3489 2535 3522 ¹⁹⁰
2565 3487 2768 3552 laudat,
2799 3487 2947 3558 quod
2979 3486 3186 3556 puerile
3216 3487 3377 3556 sapit.

452 3575 708 3644 Scandet,
737 3579 862 3632 dum
891 3581 1072 3636 mundi
1101 3581 1262 3636 rebus
1280 3592 1504 3638 onustus
1529 3584 1654 3638 erit.
2077 3581 2165 3638 Sic
2187 3583 2352 3653 igitur
2372 3597 2432 3637 se
2452 3580 2684 3650 quisque
2719 3593 2886 3634 senex
2929 3577 3257 3632 miserabilis
3307 3577 3508 3647 ipsum-

381 3665 558 3724 Btulte
598 3670 728 3738 quill
769 3671 886 3726 haec
937 3671 1204 3742 sequeris,
1277 3687 1376 3727 cur
1425 3674 1506 3728 sic
1549 3672 1856 3732 labentibus
1901 3674 1968 3710 ⁸⁷⁸
2144 3673 2397 3740 Quotidie
2420 3671 2620 3742 perdit,
2654 3669 3000 3725 subtrahitur
3027 3669 3152 3724 sibi.

1665 3765 1894 3837 ﬂueres.
2075 3763 2142 3818 Et
2167 3779 2290 3819 cum
2331 3763 2404 3818 sit
2429 3763 2652 3817 morbus
2681 3761 2908 3815 nimium
2937 3760 3256 3830 gravistpsa
3283 3768 3552 3823 senectus,

457 3853 702 3910 Mortalis
731 3856 820 3922 "5,
855 3855 985 3926 quid
1017 3856 1099 3912 vis
1127 3865 1182 3912 et
1207 3857 1504 3912 moriturus
1529 3857 1696 3926 opes?
2143 3856 2394 3910 Attamen
2418 3852 2716 3908 innumeris
2736 3853 2953 3922 angitur
2983 3851 3070 3904 illa
3105 3851 3280 3904 malis.

381 3944 517 4002 Cum
545 3956 596 4000 te
617 3953 740 4016 post
761 3947 946 4002 mundi
980 3962 1166 4014 curas,
1197 3963 1473 4017 vanosque
1509 3947 1726 4002 labores
1759 3947 1860 4012 "7;
2077 3947 2204 4002 ll:ec
2235 3946 2456 4016 inquam
2489 3943 2672 3998 multis
2693 3951 2924 3995 vexatur
2948 3940 3154 3996 inutilis
3189 3949 3358 4006 πως..

453 4035 588 4091 Cum
620 4037 714 4092 tibi
746 4038 1086 4104 transierint,
1115 4056 1236 4109 quae
1265 4039 1404 4094 mala
1433 4047 1586 4110 parte
1617 4049 1806 4106 tenes;
2146 4039 2374 4108 Semper
2403 4044 2462 4092 et
2488 4035 2628 4090 unde
2646 4049 2821 4090 senex
2842 4033 3075 4102 quisque
3103 4041 3364 4102 queratur
3393 4031 3664 4088 habet‘".

382 4129 648 4186 Tartarus
674 4132 944 4186 horrendo
975 4133 1226 4200 pavidum
1263 4133 1578 4190 absorbebit
1616 4134 1790 4200 hiatu,
1845 4199 1860 4214 ⁸
2075 4129 2400 4184 Manducare
2429 4123 2602 4192 labor,
2635 4126 2693 4178 fit
2721 4123 2970 4196 ieiunare
3001 4121 3318 4185 molestum.

455 4223 634 4293 Atque
660 4224 825 4279 miser
847 4225 1014 4279 variis
1034 4226 1354 4280 excruciare
1389 4226 1564 4281 modis
1594 4226 1682 4280 "3.
2146 4222 2381 4278 Somnus
2406 4220 2454 4276 ei
2494 4218 2678 4291 gravis
2699 4226 2806 4284 est,
2847 4225 2904 4272 et
2939 4215 3164 4286 vigilare
3188 4225 3368 4272 uocet.

383 4313 516 4367 Cum
549 4323 600 4367 te
630 4313 888 4368 terribilis
909 4324 1132 4370 exactor
1153 4314 1340 4382 jussus
1371 4317 1438 4348 ¹⁷⁰
1475 4317 1544 4372 ab
1570 4331 1724 4384 tran
2076 4313 2313 4370 Estates
2338 4313 2481 4376 odit;
2515 4326 2580 4368 ac
2621 4310 2830 4365 hiemes
2857 4308 2946 4374 ‘9’,
2972 4316 3024 4360 et
3055 4305 3257 4378 frigora
3305 4306 3519 4374 culpat;

453 4401 663 4469 Judice,
695 4403 974 4473 snlplmrei
1005 4415 1207 4476 merget
1239 4406 1290 4460 in
1319 4407 1422 4460 ima
1451 4406 1554 4460 laci
1597 4407 1682 4460 ¹⁸⁰.
2007 4433 2052 4488 ι)
2147 4409 2744 4470 Autumnum,causam
2767 4397 2910 4471 quod
2929 4398 3106 4463 dolet,
3127 4413 3248 4454 esse
3277 4406 3450 4468 putat.

384 4495 560 4558 Tunc,
593 4505 719 4550 tunc
747 4496 974 4561 infmlix,
1005 4511 1168 4566 super
1194 4497 1278 4552 his
1303 4511 1428 4552 sero
1461 4497 1746 4567 pmttitebit
1769 4499 1834 4530 ¹⁸⁸
2079 4501 2459 4570 lluncquoque
2489 4496 2770 4550 minimum
2801 4493 2944 4548 veris
2973 4490 3263 4548 clementia
3285 4489 3450 4554 laedit,

453 4587 512 4644 lu
537 4589 688 4646 falsis
715 4589 782 4622 ιδ’
815 4589 930 4644 istis
958 4603 1109 4660 Spem
1139 4589 1384 4660 posuisse
1409 4589 1584 4646 bonis.
2145 4590 2254 4646 Nec
2283 4585 2510 4659 querulo
2535 4593 2756 4656 possunt
2782 4583 2887 4638 ulla
2920 4582 3137 4654 placere
3165 4585 3302 4640 seni.

1637 4725 1868 4782 VARIrE
1893 4723 2279 4782 LECTIONES

461 4843 526 4875 ¹⁶⁶
557 4843 830 4898 Mnrdetur
867 4841 1022 4910 cuius
1065 4859 1190 4898 mss.
1237 4841 1516 4898 mordetur
1542 4842 1688 4899 curis
1798 4845 1866 4876 η’
1895 4843 2112 4912 Cogitat
2153 4842 2244 4898 ille
2289 4843 2504 4898 modum
2559 4861 2684 4898 mss.
2739 4842 2807 4899 0.
2865 4855 2912 4898 et
2947 4843 3016 4897 Κ.
3073 4842 3246 4899 nescit
3298 4841 3500 4896 habere
3550 4853 3665 4912 mo-

385 4915 512 4970 dum
586 4913 904 4985 “Unjpstis
942 4929 1002 4985 se
1037 4916 1238 4985 satiare
1290 4915 1452 4985 lucris
1475 4931 1600 4968 mss.
1636 4913 1676 4968 ϐ
1705 4925 1772 4970 el.
1805 4915 1930 4969 595.
1967 4909 2022 4969 in
2065 4914 2328 4985 justisse
2375 4915 2585 4969 sociare
2640 4914 2778 4985 lucis
2821 4931 2930 4968 ms.
2958 4913 3028 4967 Κ.
3087 4913 3300 4985 injustis
3325 4927 3425 4985 _se_
3467 4909 3666 4964 satiare

387 4985 543 5038 malis
647 4983 712 5016 ¹⁶³
764 4983 1024 5055 Pauperis
1074 4983 1191 5039 istis
1230 5002 1326 5038 ms.
1381 4984 1450 5038 0.
1497 4986 1748 5054 pauperis
1809 4986 1912 5040 iste
1987 4985 2097 5055 ί¹⁷⁰
2142 4984 2248 5040 Sed
2297 4995 2474 5055 gemet
2513 5001 2611 5038 ms.
2671 4984 2738 5038 Ο.
2785 4985 2876 5040 sed
2924 4985 3092 5055 gemit
3203 4984 3266 5055 ‘_“
3321 4981 3426 5055 Sed
3473 4993 3663 5048 patth

388 5065 444 5109 et
485 5069 730 5128 crassam
755 5053 840 5109 vix
869 5050 969 5128 ms.
997 5055 1098 5111 593
1124 5070 1326 5126 pauper
1354 5050 1780 5128 pannosonryi;
1809 5073 1925 5128 gms.
1955 5054 2019 5128 (λ.
2058 5056 2152 5111 sed
2211 5050 2404 5125 panem
2456 5063 2523 5128 et;
2538 5071 2786 5128 grossam
2836 5050 2950 5128 vixi
3037 5055 3102 5086 ¹⁷²
3125 5053 3261 5107 lluic
3299 5050 3435 5128 qui.
3461 5063 3666 5128 pauper

386 5141 485 5176 ms.
530 5124 592 5178 C.
651 5142 794 5179 nunc
847 5127 938 5196 qui
987 5118 1192 5197 pauper
1231 5118 1370 5197 'mss;
1405 5123 1493 5197 ΑΟ.
1543 5123 1706 5197 θςίΚ.
1767 5127 1855 5181 hic
1907 5127 1998 5196 qui
2058 5118 2260 5197 pauper
2315 5142 2412 5179 ms.
2465 5118 2590 5180 593.
2652 5127 2776 5197 hinc
2839 5125 2930 5197 qui
2961 5139 3180 5197 pauper
3299 5121 3366 5154 ¹⁷³
3408 5118 3670 5197 Λάέιιιίει

387 5207 586 5250 avarus
639 5213 762 5249 mss.
795 5185 878 5250 Αιὶ
913 5185 1052 5265 quid
1082 5185 1282 5250 avarus
1355 5195 1424 5227 ⁸⁷⁵
1477 5193 1656 5250 Invida
1717 5211 1899 5252 comes
1927 5185 2071 5251 ὐιεεξ
2111 5185 2327 5252 Ιπίνὶᾱίερ
2367 5211 2550 5252 comes
2623 5197 2692 5228 ⁸⁷⁸
2714 5196 2781 5249 Ει
2799 5185 2926 5263 (ιιὶἰά
2960 5185 3259 5265 labentibus
3283 5207 3406 5265 mss.
3439 5185 3520 5242 vel
3563 5185 3666 5241 eur

393 5266 705 5340 labentibus
735 5283 836 5340 ms.
885 5261 1074 5340 cur
1105 5267 1182 5340 sic
1208 5266 1516 5340 l_ahentibus
1591 5265 1899 5340 "‘ﬂmres?
1926 5267 2182 5340 mortales
2213 5284 2339 5320 mss.
2371 5261 2888 5340 lueres,im_orta|is?_
2913 5265 2982 5297 ⁸⁷⁷
3014 5264 3300 5332 Vanosque
3327 5261 3540 5340 labores
3561 5274 3660 5310 ms.

403 5333 795 5411 Q_._varinsqne_
825 5337 1064 5411 labores
1113 5337 1536 5411 "‘_Ett_crt_lciare
1563 5339 1736 5411 modis
1770 5353 1898 5391 mss.
1929 5339 2250 5411 excruciere
2283 5337 2456 5390 modis
2485 5408 2494 5411 _
2536 5338 2604 5369 "9
2633 5337 2836 5392 Exacto
2871 5333 3054 5411 jussus
3086 5351 3214 5411 mss.
3242 5333 3668 5411 essetorjussus

391 5403 459 5478 {3°
476 5405 537 5478 in
569 5422 670 5478 una
699 5401 948 5478 lacirmss.
975 5407 1026 5478 in
1051 5407 1156 5460 ima
1187 5405 1290 5478 la_ei
1311 5406 1428 5478 _j‘“
1457 5405 1892 5478 Superhisgsero
1920 5409 2206 5478 ptenitebit
2249 5423 2372 5460 utss.
2403 5408 2496 5462 setl
2525 5417 2673 5462 certe
2696 5421 2838 5478 sero
2861 5401 3070 5459 dolebis
3151 5403 3216 5434 ³⁸³
3250 5404 3327 5478 Et
3343 5401 3494 5454 falsis
3535 5415 3661 5453 mss.

391 5473 617 5546 inifalsis
694 5477 760 5509 ¹⁸³
780 5477 896 5532 Ulla
927 5477 1064 5532 cinis
1085 5493 1183 5530 ms.
1208 5475 1274 5530 Ο.
1310 5476 1396 5530 illa
1420 5471 1560 5532 cinis
1635 5471 2000 5546 ‘hi'l‘orqnem
2033 5495 2158 5532 mss.
2193 5478 2475 5546 Torquent
2553 5477 3220 5546 ‘S’Ell'eetocorporemss.
3251 5471 3666 5536 effmtocorporc

390 5545 460 5618 ff?
483 5546 629 5618 l_’_erit
656 5547 878 5616 placida:
907 5565 1031 5602 mss.
1059 5547 1126 5602 0.
1153 5548 1292 5617 perit
1316 5547 1525 5615 placius
1601 5547 1666 5578 ³⁸⁷
1715 5545 2090 5616 Nam’gustata
2116 5545 2387 5602 mssJa’m
2439 5557 2652 5618 gustata
2732 5545 2798 5618 {8°
2843 5545 2950 5618 ore
2971 5560 3133 5618 sanos
3175 5561 3300 5618 mss.
3349 5556 3480 5618 aure
3503 5553 3666 5595 sonos

392 5613 628 5695 “illinc
647 5612 794 5674 cut’s
815 5618 1104 5695 mss._ltt_tic
1133 5612 1413 5695 cu_t_isﬂ'“’_°
1445 5618 1608 5686 hique
1655 5625 1830 5672 tamen
1867 5612 1992 5695 gius.
2037 5617 2105 5672 0.
2129 5629 2182 5676 et
2217 5618 2290 5674 K.
2333 5619 2388 5674 ld
2425 5612 2633 5674 tantum
2713 5615 2777 5649 ‘9'
2808 5616 3044 5690 Quisque
3091 5616 3161 5672 sit
3203 5615 3325 5689 inde
3361 5612 3501 5670 dolet
3539 5625 3668 5664 uisa.

391 5687 620 5756 altisque
650 5699 930 5760 quct'atur,
957 5688 1118 5744 habet
1196 5689 1259 5722 ¹⁹³
1287 5687 1353 5742 Ει
1378 5689 1598 5760 hyemes
1621 5705 1740 5743 mss.
1785 5703 1848 5744 ac
1870 5689 2088 5760 ltyetncs
