3910 6018
245 236 350 292 695

244 350 374 406 lltec
406 350 546 404 inter
571 364 690 420 quae
724 359 918 406 cuncta
941 365 1104 407 senex
1136 349 1476 404 incommoda
1495 350 1681 416 sentit,

317 440 482 510 Urget
507 457 629 496 eum
661 441 893 504 scabies,
929 441 1091 495 tussis
1126 440 1319 494 anhela
1345 440 1541 510 quatit.

242 529 594 600 lngratusque
621 529 734 586 suis
751 530 942 584 morbo
964 528 1243 584 confectus
1264 539 1320 585 et
1345 529 1522 588 annis.

310 622 676 691 Ceuqueritur
703 622 824 676 vine
852 631 1096 692 tempora
1120 623 1275 693 longa
1304 638 1437 678 sum.

142 767 152 776 ,
242 714 424 768 Labile
452 713 625 768 forma
656 715 878 778 bonum,
911 715 1120 784 species
1157 717 1375 772 inimica
1408 717 1596 788 pudori
1631 717 1718 784 ¹⁹³,

313 801 452 858 Utile
473 802 731 858 virtutum
756 819 898 874 stepe
927 805 1169 859 retardat
1201 805 1325 873 iter,

238 893 391 948 Nunc
419 893 726 950 insensatos
759 893 930 961 inﬂat,
958 913 1102 952 nunc
1131 899 1307 967 turpia
1337 897 1561 963 suadet;

310 985 465 1056 Srepe
491 987 655 1042 etiam
688 986 854 1043 fortes
880 990 1224 1058 praecipitare
1255 989 1412 1045 solet.

235 1079 303 1134 Et
329 1093 475 1134 mors
495 1089 552 1134 et
573 1081 792 1136 morbus
831 1083 974 1150 rapit
1003 1082 1166 1148 hanc,
1194 1091 1248 1137 et
1271 1089 1467 1136 maesta
1504 1090 1783 1147 senectus;

303 1169 446 1224 Mille
467 1171 607 1240 perit
637 1172 838 1237 causis,
865 1187 964 1228 nec
987 1182 1170 1229 manet
1201 1173 1290 1229 illa
1313 1173 1503 1228 dium.

234 1258 344 1316 Nec
366 1261 504 1316 bona
537 1263 709 1315 lorma
738 1261 935 1327 Deum,
982 1263 1075 1318 sed
1109 1277 1261 1318 mens
1289 1263 1501 1320 sincera
1531 1275 1771 1319 meretur
1803 1282 1816 1317 :

304 1349 535 1406 Iustitia:
557 1351 655 1407 soli
688 1353 795 1406 vita
826 1353 984 1408 beata
1011 1354 1187 1408 datur.

213 1427 312 1497 ‘Tu
338 1457 492 1515 reges
519 1453 709 1500 atavos
742 1459 1032 1508 memoras,
1062 1459 1393 1516 magnosque
1423 1455 1710 1517 parentes,

309 1535 376 1590 Et
404 1551 540 1590 vana
566 1535 750 1590 carnis
779 1534 1063 1589 nobilitate
1091 1544 1285 1591 tumes.

228 1627 421 1682 Nescis
446 1636 768 1683 cunctorum
799 1627 944 1698 quod
976 1628 1047 1682 sit
1069 1626 1379 1683 communis
1402 1627 1556 1699 origo
1581 1629 1671 1694 ‘9',

301 1721 466 1776 Ortus
491 1729 786 1776 etoccasus
810 1736 972 1788 unus,
995 1729 1050 1776 et
1076 1736 1183 1776 una
1206 1736 1357 1777 caro.

229 1807 369 1875 Quid
401 1813 496 1868 tibi
526 1814 800 1874 nobilitas.
833 1824 888 1870 et
908 1815 1112 1871 clarum
1128 1829 1323 1871 nomen
1338 1829 1562 1870 avorum
1585 1855 1600 1881 ,

302 1904 358 1961 Si
382 1906 532 1962 vitiis
560 1921 754 1963 servus
780 1907 959 1963 factus
983 1921 1043 1962 es
1077 1909 1189 1978 ipse
1217 1907 1358 1964 tuis?

230 1996 447 2054 Nobilis
472 2009 580 2065 est,
610 2000 777 2054 animi
800 2000 1049 2070 quisquis
1085 1999 1288 2056 virtute
1315 1998 1582 2070 refulget;

301 2091 546 2162 Degener
571 2093 842 2154 estsolus.
865 2093 952 2148 cui
992 2092 1132 2148 mala
1163 2094 1271 2148 vita
1306 2093 1510 2164 placet.

233 2178 339 2237 Nec
369 2198 559 2253 genus,
591 2195 649 2239 at
679 2185 746 2217 ¹⁹⁶
773 2200 952 2240 mores
979 2193 1278 2240 veneratur
1307 2188 1456 2241 curia
1484 2184 1640 2252 cceli;

300 2274 367 2328 Et
389 2276 584 2331 ctelum
604 2277 802 2347 justus,
836 2293 943 2332 non
972 2291 1270 2347 generosus
1297 2278 1483 2334 habet.

229 2361 334 2418 Sed
364 2378 465 2420 nec
497 2365 821 2435 praepositus
850 2367 1065 2434 mortis,
1100 2367 1480 2440 scelerumque
1501 2369 1752 2428 minister

301 2454 474 2512 Vexat
505 2456 819 2511 damnatum
845 2457 1032 2512 mitius
1061 2457 1357 2524 ingenium.

225 2546 416 2604 Nullus
441 2548 488 2603 ei
522 2557 770 2604 servatur
796 2549 992 2613 honor,
1034 2549 1336 2604 reverentia
1361 2551 1536 2617 nulla;

297 2640 408 2695 Nec
445 2642 618 2711 magis
641 2649 727 2695 est
753 2647 901 2694 tutus
928 2639 1214 2694 nobilitate
1245 2655 1365 2696 sua.

230 2731 336 2787 Sed
360 2731 530 2787 fortes
548 2733 807 2788 humeros
834 2747 1171 2802 nervosaque
1205 2735 1271 2767 ³⁸⁷
1303 2736 1525 2792 brachia
1546 2736 1742 2806 jactas.

297 2823 474 2894 Atque
503 2825 577 2878 tui
610 2823 756 2880 vires
778 2825 1026 2895 corporis
1053 2827 1305 2884 eximias.

226 2915 370 2970 Bella
403 2913 594 2982 refers,
621 2917 965 2988 domitosque
991 2920 1176 2988 duces,
1204 2929 1502 2993 gentesque
1528 2923 1811 2980 subactas:

298 3006 642 3078 Maximeque
671 3008 900 3080 imperio
931 3011 1145 3068 subdita
1174 3027 1338 3082 regna
1372 3022 1484 3070 tuo.

227 3096 350 3152 Non
367 3099 526 3166 bove,
557 3115 661 3156 non
693 3101 847 3158 asino
879 3111 932 3157 tu
956 3102 1178 3169 fortior;
1213 3114 1453 3160 attamen
1479 3103 1596 3161 illos
1627 3105 1695 3138 ¹⁹⁸

299 3191 415 3260 Ipse
443 3191 578 3247 satis
601 3191 692 3246 vili
721 3193 902 3248 cernis
929 3195 1036 3249 emi
1067 3195 1135 3228 "9
1164 3197 1359 3267 pretio.

229 3280 322 3336 Sic
353 3297 688 3355 quaecunque
707 3285 839 3342 feris
869 3295 1048 3343 tecum
1085 3291 1394 3345 communia
1423 3291 1606 3346 cernis

296 3375 406 3430 Nec
437 3378 638 3433 mirare
663 3379 847 3448 nimis,
871 3395 972 3436 nec
993 3383 1228 3450 pretiosa
1257 3392 1407 3452 puta.

226 3465 378 3532 Quod
400 3467 443 3523 si
469 3469 549 3523 vis
569 3484 762 3525 sensus
778 3510 794 3535 ,
827 3471 1082 3542 viresque
1105 3474 1388 3529 attendere
1414 3476 1614 3542 carnis,

297 3559 640 3629 Exsuperant
667 3559 849 3615 multa:
888 3576 987 3616 nos
1017 3563 1070 3616 in
1098 3572 1331 3634 utroque
1358 3563 1504 3619 ferae.

227 3647 336 3704 Nos
366 3659 421 3702 et
451 3647 575 3718 equi
603 3649 674 3681 ²⁰⁰
698 3649 921 3706 vincunt
948 3651 1162 3708 veloces
1191 3663 1428 3724 prmpete
1451 3669 1636 3724 cursu,

298 3739 367 3792 Et
395 3737 591 3794 melius
623 3739 780 3796 nobis
803 3742 956 3798 audit
982 3742 1202 3814 oletque
1230 3745 1404 3800 canis.

227 3828 362 3897 Quis
386 3827 514 3884 velit
541 3830 712 3886 iratos
739 3830 884 3888 lucta
915 3841 1126 3891 tentare
1159 3834 1362 3892 leones.

297 3920 592 3978 Terribiles
615 3939 770 3980 ursos
791 3926 859 3958 ²⁰¹
891 3925 1289 3999 fulmineasque
1315 3943 1458 3986 sues.

227 4013 351 4070 Sola
379 4015 545 4069 animi
571 4024 657 4071 est
692 4018 886 4084 virtus,
918 4035 1024 4090 qua
1054 4035 1153 4077 nos
1177 4022 1544 4092 prteponimur
1569 4021 1704 4088 illis;

297 4108 504 4164 Cmtera
541 4113 928 4181 sunteqnidem
960 4121 1144 4168 nostra
1176 4113 1383 4168 minora
1416 4114 1566 4169 satis.

224 4199 416 4270 Jejuua
453 4207 710 4267 triduum,
739 4210 911 4257 totum
945 4202 1057 4257 ruit
1090 4203 1234 4257 unde
1262 4203 1557 4272 superbis:

296 4298 398 4352 Vix
432 4309 648 4353 tenuem
695 4297 766 4328 ²⁰²
798 4295 1115 4366 flatumjam
1154 4297 1629 4352 morituretrahis.

225 4387 376 4453 Quod
406 4388 450 4442 si
476 4387 560 4442 vel
589 4387 782 4442 leviter
811 4385 884 4418 ³⁸³
911 4394 961 4439 te
989 4384 1258 4456 decoquat
1292 4386 1447 4457 ignea
1478 4386 1662 4452 febris,

295 4475 491 4531 Statim
516 4492 840 4543 marcesces,
875 4475 1016 4532 illico
1049 4477 1227 4532 nullus
1247 4479 1375 4532 eris.

226 4566 331 4620 Sed
367 4583 489 4622 cum
525 4577 577 4623 te
604 4569 806 4622 victum
840 4567 988 4623 vitiis
1019 4569 1376 4624 succumbere
1397 4570 1575 4624 cernis
1601 4610 1615 4635 ,

296 4657 464 4713 Miror
493 4699 508 4724 ,
541 4668 592 4714 te
626 4659 820 4714 fortem
847 4660 1007 4725 dicis,
1031 4668 1221 4716 etesse
1250 4670 1428 4730 putas.

224 4749 367 4805 Bella
396 4749 561 4806 libido
581 4760 791 4814 movet;
824 4759 878 4804 tu
909 4749 1116 4819 primos
1153 4751 1301 4807 cedis
1343 4754 1411 4809 ad
1441 4754 1599 4818 ictus,

584 237 642 293 S.
679 237 981 294 ANSELMI
1026 237 1376 293 CANTUAR.
1416 234 1734 292 ARCHIEP.

1922 271 1936 287 .
1985 231 2166 289 PARS
2199 231 2260 288 ll.
2302 263 2354 274 —
2413 230 2776 287 ΡΑΒᾸΞΝΕΤ.
2816 231 2905 287 ΕΤ
2939 230 3181 290 ASCET.

3414 232 3520 288 696

1851 351 1902 410 Α
2000 345 2066 399 Et
2089 353 2176 400 tua
2203 345 2300 400 das
2321 343 2466 399 foedo
2493 344 2630 399 colla
2661 346 2958 416 premenda
2984 345 3132 415 jugo.

1933 435 2025 492 Sic
2042 445 2098 491 et
2123 437 2374 492 avaritiae
2402 438 2597 504 servis,
2629 438 2709 492 sic
2731 439 2969 494 motibus
2999 438 3116 502 irae,

2003 528 2095 584 Sic
2120 527 2257 584 facis
2283 528 2523 584 ardentis
2557 529 2707 600 jussa
2732 529 2983 600 pudenda
3006 529 3164 598 gulae.

1929 619 2151 676 Femina
2179 621 2333 676 dulce
2361 621 2584 688 malum,
2607 631 2845 678 mentem
2880 623 3163 693 roburque
3193 620 3350 678 virile

1999 711 2224 784 Frangit
2246 713 2519 769 blanditiis
2546 714 2801 770 insidiosa
2838 715 2972 770 suis.

1927 799 2174 864 Femina,
2205 800 2290 856 fax
2317 802 2533 858 Satanae
2559 804 2789 873 gemmis
2821 804 3178 868 radiantibus,
3208 818 3362 870 auro,

1999 893 2254 949 Vestibus
2289 902 2346 948 ut
2380 896 2552 965 possit
2580 896 2652 928 ὀδ
2679 897 2911 966 perdere
2932 905 3142 968 compta
3176 897 3347 953 venit.

1925 984 2079 1052 Quod
2106 995 2297 1041 natura
2329 987 2431 1042 sibi
2460 987 2678 1057 sapiens
2705 989 2879 1054 dedit,
2928 989 3016 1044 illa
3047 988 3309 1045 reformat
3336 1005 3352 1046 :

1995 1073 2266 1146 Quidquid
2295 1084 2350 1130 et
2378 1077 2595 1146 accepit
2631 1078 2952 1134 dedecuisse
2981 1086 3156 1148 putat.

1925 1164 2122 1237 Pungit
2148 1183 2271 1234 acu,
2298 1177 2354 1224 et
2383 1167 2507 1224 fuco
2527 1169 2756 1226 liventes
2779 1171 2850 1203 ’θ’
2875 1171 3050 1226 reddit
3068 1170 3298 1227 ocellos:

1994 1257 2086 1314 Sic
2118 1259 2419 1326 oculorum,
2455 1262 2652 1332 inquit,
2683 1265 2856 1334 gratia
2887 1264 3060 1334 major
3084 1264 3209 1343 erit.

1921 1349 2018 1405 Est
2041 1350 2203 1404 etiam
2235 1361 2454 1408 teneras
2488 1368 2650 1409 aures
2685 1354 2778 1424 qui
2807 1354 3068 1425 perforet,
3101 1365 3160 1410 ut
3189 1355 3271 1411 sic

1990 1443 2100 1497 Atil
2126 1458 2318 1498 aurum
2347 1455 2440 1500 aut
2465 1445 2665 1501 cbarus
2697 1445 2928 1515 pendeat
2958 1447 3084 1501 inde
3109 1446 3266 1516 lapis.

1919 1533 2102 1588 Altera
2123 1534 2334 1604 jejunat
2373 1536 2592 1601 misere,
2623 1537 2929 1608 minuitque
2951 1553 3200 1594 cruorem
3225 1579 3240 1605 ,

1993 1625 2057 1680 Et
2079 1640 2305 1696 prorsus
2341 1643 2512 1697 quare
2533 1628 2752 1698 palleat,
2784 1631 2897 1699 ipsa
2923 1630 3072 1687 facit.

1852 1705 1897 1764 Β
1925 1716 2060 1772 Nam
2092 1733 2212 1788 quae
2236 1734 2342 1774 non
2376 1720 2544 1790 pallet
2573 1722 2677 1778 sibi
2703 1722 2906 1778 rustica
2934 1737 3162 1793 quaeque
3187 1723 3402 1778 videtur
3428 1737 3447 1791 ;

1996 1811 2097 1867 Hic
2127 1811 2303 1878 decet,
2332 1814 2420 1868 hic
2451 1814 2600 1870 color
2624 1825 2709 1871 est
2740 1829 2904 1870 verus
2928 1816 3184 1880 amantis,
3214 1817 3313 1872 ait.

1925 1901 2051 1959 Haec
2090 1906 2312 1975 quoque
2348 1905 2580 1962 diversis
2608 1921 2705 1961 sua
2741 1905 2994 1962 sordibus
3029 1908 3202 1963 inlicit
3229 1922 3340 1964 ora.

1995 1995 2102 2052 Sed
2131 1997 2338 2066 quare?
2365 1997 2556 2052 melior
2579 1998 2844 2068 quaeritur
2871 2005 2992 2053 arte
3021 1998 3188 2054 color.

1921 2087 2054 2142 Arte
2080 2085 2430 2156 supercilium
2454 2088 2702 2153 rarescit,
2732 2103 2923 2143 rursus
2951 2098 3006 2143 et
3029 2097 3166 2144 arte.

1997 2178 2057 2233 1n
2087 2180 2373 2234 minimum
2403 2194 2668 2236 mammas
2691 2181 2898 2252 colligit
2923 2182 3037 2252 ipsa
3067 2196 3215 2237 suas.

1921 2269 2053 2324 Arte
2078 2271 2295 2340 quidem
2328 2271 2512 2326 videas
2542 2273 2728 2342 nigros
2755 2270 3050 2329 ﬂavescere
3075 2273 3276 2338 crines,

1993 2361 2196 2418 Nititur
2222 2365 2336 2434 ipsa
2363 2379 2463 2421 suo
2494 2366 2735 2419 membra
2766 2381 2985 2421 movere
3013 2366 3154 2422 loco.

1922 2453 2014 2511 Sic
2043 2455 2218 2527 fragili
2249 2458 2320 2489 ὀδ
2347 2458 2520 2528 pingit
2547 2466 2688 2512 totas
2722 2457 2776 2511 in
2810 2471 3039 2527 corpore
3065 2465 3250 2528 partes
3281 2496 3298 2522 ,

1993 2547 2065 2603 Ut
2089 2548 2355 2619 quidquid
2384 2549 2454 2580 ¹⁰⁷
2485 2556 2614 2603 nata
2646 2555 2749 2612 est,
2780 2548 3120 2618 displicuisse
3148 2556 3329 2619 putes.

1919 2639 1964 2697 Ο
1992 2656 2128 2710 quos
2151 2642 2203 2696 in
2236 2650 2418 2714 gestus
2445 2643 2516 2675 ²⁰⁸
2545 2655 2602 2697 se
2630 2642 2815 2698 mollis
2843 2641 3046 2699 femina
3077 2642 3300 2714 frangit,

1991 2734 2060 2790 Et
2082 2734 2258 2804 placet
2289 2735 2343 2790 in
2368 2735 2531 2790 blesis
2557 2735 2788 2790 subdola
2821 2735 3003 2805 lingua
3033 2735 3203 2790 sonis.

1919 2825 2107 2882 Dulcia
2138 2841 2280 2896 saepe
2305 2827 2472 2891 canit,
2506 2828 2784 2896 componit
2814 2827 2996 2882 sedula
3027 2841 3273 2898 gressum
3294 2827 3386 2893 m,

1994 2919 2064 2976 Ut
2092 2919 2325 2990 quadam
2353 2919 2546 2974 credas
2573 2919 2645 2951 “°
2672 2929 2789 2973 arte
2821 2934 3040 2975 movere
3076 2920 3330 2990 gradum.

1925 3012 2079 3082 Saepe
2112 3012 2387 3070 auditores
2415 3011 2532 3080 ejus
2561 3012 2815 3068 facundia
2849 3021 3096 3084 torquet;

1993 3105 2062 3159 Et
2089 3104 2250 3160 modo
2280 3105 2528 3170 ridendo,
2561 3120 2706 3160 nunc
2751 3121 2969 3176 quoque
2997 3106 3066 3138 ³⁸⁸
3107 3106 3286 3162 flendo
3313 3105 3514 3177 placet.

1924 3195 2065 3251 Mille
2093 3195 2268 3251 modis
2293 3205 2508 3251 nostras
2539 3197 2816 3268 impugnat
2848 3197 3048 3254 femina
3098 3207 3331 3266 mentes,

1994 3286 2062 3341 Et
2093 3285 2290 3342 multos
2315 3285 2393 3340 illi
2426 3286 2656 3355 perdere
2685 3289 2891 3358 grande
2920 3288 3131 3343 lucrum
3157 3299 3261 3346 est.

1923 3376 2006 3432 Nil
2035 3386 2121 3433 est
2149 3377 2203 3432 in
2221 3376 2382 3434 rebus
2408 3377 2636 3434 muliere
2657 3379 2970 3446 nocentius;
3004 3391 3058 3435 et
3083 3381 3156 3435 nil

1995 3468 2114 3537 Quo
2137 3469 2316 3539 capiat
2341 3469 2522 3538 plures
2559 3469 2776 3525 lethifer
2804 3471 2997 3536 hostis.
3031 3472 3218 3528 habet.

1922 3560 2033 3616 Nec
2059 3576 2156 3616 uos
2185 3567 2238 3615 in
2269 3569 2438 3616 totum
2462 3561 2737 3632 jactamus
2765 3561 2996 3617 crimina
3027 3577 3215 3618 sexum
3233 3564 3263 3632 ;_i

1994 3652 2264 3723 Tempore
2293 3654 2390 3710 sed
2421 3663 2608 3709 nostro
2641 3667 2764 3707 rara
2795 3655 2989 3723 pudica
3026 3665 3232 3710 manet.

1925 3744 2031 3801 Sed
2055 3761 2276 3801 carnem
2318 3745 2505 3803 fenum
2539 3747 2738 3800 clamat
2770 3760 2928 3801 sacer
2948 3761 3069 3802 esse
3099 3745 3359 3817 propheta
3389 3763 3405 3811 ;

1990 3835 2101 3892 Fac
2127 3838 2313 3907 procul
2341 3853 2371 3892 a
2399 3835 2522 3893 feno
2545 3836 2757 3892 flamma
2782 3837 2847 3892 sit
2879 3837 2980 3892 ista
3008 3845 3120 3890 tuo.

1923 3927 2001 3983 Tu
2032 3927 2220 3983 molles
2253 3929 2418 3994 risus,
2457 3939 2641 3994 nutus,
2671 3939 2726 3983 et
2749 3929 2928 3982 dulcia
2961 3927 3146 3992 verba,

1992 4017 2383 4086 Femineosque
2407 4017 2562 4086 jocos
2588 4016 2766 4088 effuge
2793 4035 2807 4083 ;
2837 4019 2983 4074 virus
3011 4019 3233 4074 habent.

1919 4106 2163 4181 Femjnei
2195 4107 2398 4161 sensim
2429 4105 2576 4162 virus
2603 4107 2672 4137 ²¹²
2699 4107 2950 4177 subrepit
2977 4108 3181 4162 amoris
3206 4121 3222 4174 ;

1992 4198 2101 4252 Hos
2139 4197 2257 4263 tibi,
2285 4197 2339 4251 ni
2363 4196 2565 4265 videas,
2600 4197 2742 4254 illico
2777 4207 2970 4267 captus
2992 4199 3125 4275 eris.

1919 4288 2234 4343 Femineum
2268 4287 2392 4360 fuge
2422 4287 2775 4359 colloquium,
2806 4290 2892 4344 vir
2917 4299 3123 4357 sancte;
3155 4299 3348 4346 caveto

1847 3055 1891 3113 (ἒ

1843 4399 1888 4456 ο
1985 4379 2287 4444 Femineas,
2320 4381 2363 4436 si
2387 4381 2469 4436 vis
2499 4381 2736 4447 vincere,
2765 4381 3074 4437 blanditias.

1918 4474 2161 4544 Namque
2193 4473 2430 4530 femineo
2461 4489 2615 4530 mens
2638 4481 2798 4545 capta
2826 4474 3034 4546 ligatur
3059 4489 3268 4543 amore,

1997 4567 2279 4637 Nunquam
2303 4569 2561 4622 virtutum
2593 4583 2818 4638 surgere
2853 4569 2920 4622 ad
2958 4567 3068 4623 alta
3099 4576 3294 4638 potest.

1933 4659 2134 4714 llarum
2166 4659 2493 4728 colloquium
2525 4659 2650 4728 quid
2678 4658 2894 4714 confert
2921 4659 3192 4724 utilitatis,

1992 4749 2194 4805 Venisti
2224 4750 2541 4816 monachus,
2568 4750 2738 4820 turpis
2761 4761 2975 4805 amator
3005 4751 3142 4805 abis.

1528 4883 1759 4939 VARIAE
1797 4880 2201 4939 LECTIONES.

292 5019 362 5052 ⁸³³
379 5018 599 5073 Inimica
623 5019 845 5088 pudoris
865 5035 990 5074 mss.
1018 5021 1237 5076 inimica
1284 5020 1474 5090 pudori
1554 5020 1624 5052 ³⁸⁸
1665 5019 1788 5076 Ulla
1825 5020 1912 5074 die
1938 5035 2064 5072 mss.
2100 5017 2196 5090 illa
2215 5017 2303 5090 diu
2382 5017 2449 5049 ³9⁵
2475 5016 2658 5084 tinge.
2683 5017 2800 5072 Non
2825 5032 2984 5073 secus
3003 5023 3283 5090 emergant
3302 5015 3508 5078 Davus,

219 5091 456 5146 herusve
501 5087 675 5145 feros.
720 5090 885 5148 Ortus
908 5099 965 5145 et
1003 5107 1232 5147 occasus
1251 5087 1306 5146 et
1327 5090 1534 5146 clarum
1574 5106 1772 5145 nomen
1796 5105 2043 5153 avorum,
2075 5089 2120 5143 si
2149 5087 2295 5141 vitiis
2319 5101 2509 5142 servus
2530 5099 2627 5140 etc.
2656 5104 2782 5142 mss.
2815 5089 2986 5156 origo.
3015 5087 3178 5142 Ortus
3203 5095 3258 5141 et
3281 5102 3510 5141 occasus

221 5177 380 5227 unus,
428 5170 482 5216 et
506 5177 611 5216 una
637 5176 786 5217 caro.

816 5162 956 5228 Quid
985 5163 1383 5226 tibifnobilttas,
1430 5171 1486 5215 et
1507 5161 1714 5216 clarum
1738 5175 1933 5215 nomen
1960 5174 2205 5212 avorum.
2235 5156 2290 5211 Si
2319 5158 2466 5212 vitiis
2487 5172 2676 5211 servus
2696 5169 2794 5211 elc.

2877 5159 2944 5191 ³³⁸
2971 5157 3048 5212 Ne
3078 5173 3247 5227 genus
3267 5168 3360 5211 aut
3381 5174 3505 5211 mss.

227 5231 296 5285 0.
315 5243 362 5284 et
383 5231 454 5284 Κ.
486 5246 586 5284 nec
609 5247 777 5300 genus
806 5242 862 5285 at
883 5248 982 5285 ms.
1005 5230 1068 5285 C.
1092 5233 1202 5286 lucc
1215 5235 1387 5286 etaIia
1405 5233 1548 5285 omit.
1573 5248 1736 5298 usque
1773 5232 1875 5283 ad:
1900 5231 1995 5285 sed
2024 5245 2145 5283 cum
2173 5237 2224 5282 te
2246 5229 2453 5300 victum
2467 5239 2565 5281 etc.
2599 5273 2602 5278 .
2644 5229 2710 5259 ¹⁹⁷
2741 5229 3131 5300 Munerosaque
3160 5245 3284 5281 mss.
3312 5243 3506 5282 nervo-

220 5317 386 5369 suque
463 5303 530 5334 ¹⁹⁸
575 5299 825 5357 Attamen
873 5302 991 5356 Illas
1022 5319 1146 5356 mss.
1192 5313 1431 5356 attamen
1481 5303 1602 5357 illos
1681 5301 1749 5332 “9
1771 5301 1962 5356 Cernis
1984 5299 2121 5353 emis
2149 5315 2274 5352 mss.
2311 5299 2488 5353 cernis
2537 5300 2644 5351 emi
2721 5299 2792 5330 ²⁰⁰
2818 5299 2953 5353 Nam
2987 5307 3041 5352 et
3077 5299 3201 5368 equi
3233 5315 3357 5351 mss.
3409 5312 3507 5369 nos

219 5381 272 5422 et
295 5367 417 5439 equi
494 5374 560 5404 ὀι
588 5373 882 5427 Terribiles
913 5388 1041 5426 urso
1089 5390 1212 5426 mss.
1241 5372 1536 5427 Terribiles
1581 5386 1740 5426 ursos
1817 5371 1887 5402 ⁹⁰²
1919 5371 2012 5425 Vix
2049 5377 2251 5439 temere
2283 5385 2408 5423 mss.
2434 5369 2522 5423 vix
2550 5377 2765 5423 tenuem
2841 5369 2912 5406 ²⁰³
2943 5369 3031 5424 Vel
3053 5369 3246 5424 leniter
3266 5385 3394 5439 mss.
3422 5367 3507 5422 vel

221 5437 413 5494 leviter
487 5444 558 5474 ’σε
598 5441 665 5495 Ut
696 5444 870 5512 possis
892 5460 1019 5497 mss.
1062 5453 1120 5496 ut
1148 5445 1318 5512 possit
1393 5443 1462 5474 ²⁰³
1493 5443 1659 5505 1⁴ὐρο,
1691 5442 1942 5496 limentes
1965 5457 2091 5494 mss.
2122 5438 2246 5512 fuco
2271 5440 2497 5512 liventes
2532 5509 2552 5512 A
2573 5439 2643 5470 ¹⁰⁶
2671 5440 2762 5493 Sic
2791 5439 2966 5507 fragili
2999 5451 3094 5494 etc.
3121 5437 3506 5512 ms._(.'.__omit-

222 5512 466 5578 litusque
493 5513 561 5565 ad
599 5514 750 5565 Im'c:
785 5514 932 5567 mille
971 5515 1143 5568 modis
1181 5525 1281 5568 clc.

1358 5514 1426 5544 ¹⁰⁷
1478 5513 1543 5566 Et
1588 5513 1844 5581 quicquid
1867 5529 1994 5566 mss.
2023 5521 2078 5564 ut
2102 5511 2353 5580 quicquid
2429 5511 2498 5542 ²⁰⁸
2520 5509 2564 5564 Ο
2589 5527 2724 5578 quos
2746 5512 2797 5564 in
2823 5519 3005 5580 gestus
3026 5526 3124 5564 ms.
3157 5508 3280 5564 595.
3309 5509 3352 5564 0
3373 5516 3507 5581 quot

227 5581 466 5648 ingestis
543 5583 613 5612 ²⁰⁹
639 5584 873 5636 Subdola
904 5599 1146 5650 gressum
1180 5601 1306 5637 mss.
1332 5583 1512 5661 sedula
1551 5599 1826 5661 gressum"
1873 5583 2031 5661 "°_l:lt
2053 5583 2285 5661 quadam
2309 5584 2500 5661 credas
2521 5599 2646 5636 mss.
2669 5591 2728 5637 ut
2749 5582 2976 5653 quadam
3001 5581 3189 5637 credas
3261 5581 3328 5612 ²¹¹

3433 5596 3502 5636 οι

223 5665 438 5718 qvoqve
479 5668 603 5705 mss.
632 5667 772 5705 nunc
799 5669 1014 5721 quoque
1089 5657 1156 5686 ²¹²
1187 5657 1421 5711 Sensum
1447 5652 1594 5709 virus
1632 5671 1755 5708 mss.
1787 5653 1914 5710 O.et
1945 5652 2014 5707 Κ.
2048 5653 2249 5708 sensim
2288 5652 2438 5706 virus
