3910 6018
443 229 547 287 699

441 347 792 404 Gemmarum
812 357 868 404 et
898 351 1031 405 tanti
1057 351 1234 422 fulgor
1260 365 1365 406 non
1402 349 1569 404 ellicit
1597 349 1737 414 auri,

513 439 587 498 Ut
615 450 799 496 careat
830 441 1069 497 tenebris
1097 457 1252 496 mens
1279 450 1370 497 tua
1406 455 1548 496 caeca
1578 441 1717 496 suis.

440 531 548 589 Sed
573 533 745 589 sancti
775 533 844 566 ’³⁷
870 549 1052 590 mores
1091 533 1315 597 faciunt,
1344 550 1451 588 non
1484 533 1670 605 vestis,
1703 532 2024 599 honestum;

510 622 578 677 Et
602 623 842 693 probitas
873 638 1099 692 magnos
1132 622 1293 680 ellicit
1322 639 1428 678 una
1454 622 1623 677 viros.

438 710 570 780 Qua:
596 723 787 768 natura
816 714 986 779 dedit,
1017 730 1173 770 serva
1199 715 1407 784 integra
1443 731 1456 767 :
1487 727 1596 770 non
1621 724 1745 786 eget
1771 713 1890 769 istis
1922 712 1993 746 ’³⁸

514 804 719 860 Vilibus
743 807 926 860 ornari
953 806 1116 862 rebus
1144 807 1322 876 imago
1353 806 1480 860 Dei?

435 893 541 951 Ista
571 896 791 965 quidem
833 895 949 952 fieri
975 908 1195 953 ventosa
1226 897 1482 967 superbia
1510 897 1655 967 cogit
1688 912 1702 949 :

508 986 635 1042 Sola
666 987 843 1057 placet
863 987 1012 1058 justo
1038 987 1217 1044 sobria
1247 988 1357 1042 vita
1385 987 1517 1042 Deo.

437 1076 704 1147 Agrorum
734 1078 870 1133 fines
898 1077 1090 1150 longos
1113 1078 1408 1134 extendere
1432 1077 1630 1148 quaeris
1660 1077 1751 1143 m,

510 1171 576 1226 Et
598 1170 794 1228 multas
821 1187 1025 1228 messes
1045 1173 1136 1241 Μ,
1165 1174 1361 1231 horrea
1392 1174 1549 1244 plena
1591 1174 1766 1244 cupis.

436 1263 558 1318 Scis
593 1264 938 1335 evangelicus
958 1265 1034 1299 ἐί
1063 1266 1195 1336 quid
1217 1282 1380 1323 avaro
1406 1281 1588 1323 sermo
1616 1266 1855 1322 minetur

507 1354 622 1411 Hac
650 1355 704 1411 in
741 1365 899 1412 nocte
924 1357 1164 1412 animam
1185 1357 1599 1426 perdere'stnlte
1627 1366 1772 1413 tuam
1802 1374 1817 1411 :

432 1448 635 1518 lnquit,
663 1448 851 1512 habes,
882 1458 941 1504 et
959 1446 1112 1516 cujus
1137 1456 1658 1518 eruntqutecunque
1707 1448 1907 1520 parasti
1932 1449 1956 1487 "

509 1541 778 1610 Improbe,
800 1541 913 1610 iam
946 1542 1015 1573 ³⁵³
1041 1540 1194 1597 frena
1223 1551 1371 1606 vota,
1406 1541 1645 1614 timeque
1670 1541 1829 1596 mori.
1882 1582 1891 1587 -

433 1630 536 1687 Tot
562 1631 762 1702 fruges,
783 1633 904 1687 auri
938 1641 1144 1687 tantum
1175 1633 1267 1702 ⁸⁸³,
1298 1634 1538 1705 vinique,
1571 1643 1650 1690 tot
1671 1634 1810 1706 agri,

503 1723 584 1779 Ad
620 1724 748 1794 quid
773 1734 898 1794 eget
922 1725 1113 1794 paucis
1141 1725 1253 1779 vita
1278 1768 1294 1793 ,
1322 1725 1578 1796 salusque
1606 1726 1807 1783 brevis.

430 1813 638 1868 Arvum
661 1814 882 1884 quaeris,
919 1815 1103 1882 homo,
1160 1814 1256 1870 tibi
1308 1814 1519 1884 fertile;
1576 1830 1680 1873 nec
1714 1824 1893 1872 tamen
1917 1833 2025 1873 un-

1762 1901 1954 1978 [quam

504 1993 587 2048 Ad
622 1993 863 2050 sterilem
895 1992 1062 2048 vitam
1092 1995 1322 2067 respicis
1352 1996 1468 2066 ipse
1498 2002 1668 2051 tuam.

449 2082 822 2154 Agrirolarque
851 2082 944 2139 Dei
979 2085 1219 2141 tumidus
1249 2094 1595 2157 contemptor
1623 2086 1841 2159 ubique,

503 2171 690 2228 Nullos
721 2175 803 2230 vis
828 2173 1040 2230 fructus
1076 2175 1567 2246 redderejustitiae.

424 2264 495 2321 At
526 2265 793 2322 scelermn
817 2282 1009 2337 vepres
1030 2267 1302 2326 suﬂ‘ocant
1327 2272 1533 2326 semina
1553 2270 1700 2338 vitae,

496 2355 564 2409 Et
592 2365 934 2426 peccatorum
961 2360 1134 2432 surgit
1162 2376 1348 2416 amara
1375 2377 1552 2433 seges.

432 2443 686 2516 Exstirpa
720 2447 920 2502 mentis
949 2448 1199 2515 tribulos,
1227 2449 1525 2520 spiuasque
1555 2450 1757 2509 revelle
1785 2466 1803 2508 :

500 2535 569 2591 Et
600 2538 782 2592 tritico
808 2539 879 2571 ’δι
908 2539 1111 2595 Christi
1141 2540 1378 2611 pectoris
1404 2556 1535 2598 arva
1566 2559 1710 2600 sere.

424 2622 848 2695 Fructilicetque
883 2627 996 2683 Deo
1026 2629 1205 2684 cordis
1241 2629 1456 2696 novale,
1486 2645 1806 2703 prematque

498 2716 767 2772 Virtutum
794 2720 988 2776 messis
1015 2721 1224 2776 semina
1254 2722 1529 2792 nequitiae.

423 2803 557 2863 Esse
581 2807 711 2877 quid
734 2819 1045 2881 argentum,
1068 2810 1196 2881 quid
1220 2827 1490 2882 gemmas,
1512 2814 1692 2869 credis
1725 2822 1780 2870 et
1800 2830 2014 2879 aurum,

492 2895 737 2953 Przedia?
760 2900 961 2969 quidve
989 2916 1202 2968 omnes,
1232 2918 1369 2974 quas
1394 2903 1562 2960 habet
1589 2905 1757 2970 orbis,
1783 2907 1947 2977 opes?

425 2984 553 3042 llaec
580 2987 800 3046 Iudaeus
828 2992 1010 3057 habet,
1046 2994 1283 3064 gentilis,
1312 2995 1452 3050 latro
1477 3005 1771 3064 cruentus;

496 3077 671 3136 Crede
702 3083 859 3147 mihi,
894 3085 1066 3140 iratus
1097 3102 1240 3157 smpe
1273 3087 1367 3142 dat
1392 3088 1497 3144 ista
1530 3088 1692 3145 Deus.

420 3170 594 3227 Parva
624 3183 751 3244 puta
780 3191 1122 3248 quaecunque
1153 3179 1327 3236 malos
1355 3181 1628 3252 contingit
1651 3182 1873 3237 habere.

491 3262 662 3318 Parva
698 3274 826 3335 puta
853 3268 1115 3338 quidquid
1147 3267 1233 3323 fur
1260 3278 1315 3325 et
1336 3270 1549 3327 adulter
1573 3272 1777 3327 habent
1801 3271 1905 3326 M:

420 3351 874 3423 Quodmeretrix,
926 3358 1071 3427 quod
1120 3360 1368 3415 moechus
1397 3360 1560 3415 habet
1603 3360 1693 3422 '“,
1737 3376 1837 3417 nec
1892 3376 2013 3418 ma-

1422 3449 1551 3521 [gna
1585 3452 1654 3484 “7
1682 3452 1897 3521 putabis
1921 3469 1939 3510 :

490 3532 846 3604 Omnipotens
873 3536 1032 3607 longe
1053 3538 1146 3592 dat
1176 3538 1397 3595 meliora
1426 3541 1563 3596 suis.

418 3623 521 3678 Ast
549 3624 740 3682 oculus
766 3629 965 3684 mentis
988 3638 1227 3684 caecatur
1253 3629 1477 3700 pulvere
1506 3639 1693 3700 terrm;

491 3715 563 3772 Ut
585 3734 823 3790 nequeas
852 3720 921 3752 ’⁸⁸
948 3721 1129 3776 lumen
1161 3737 1387 3779 cernere
1414 3723 1643 3796 iustitiae
1674 3743 1688 3780 :

418 3806 536 3864 Ifeu
566 3809 664 3865 tibi
695 3812 783 3866 cui
812 3813 993 3869 virtus
1009 3828 1116 3868 non
1154 3813 1319 3880 lucet,
1353 3815 1501 3873 lucet
1530 3825 1586 3871 at
1612 3832 1803 3872 aurum
1834 3818 1931 3883 νη,

487 3899 557 3955 Et
583 3901 806 3971 praefers
825 3905 1053 3960 summis
1086 3905 1270 3961 infima
1297 3922 1528 3977 quaeque
1554 3908 1730 3963 bonis.

415 3989 529 4048 Nec
553 3993 693 4049 mala
723 4011 917 4067 magna
945 4012 1089 4060 reor,
1117 3998 1318 4068 quibus
1352 3998 1664 4069 afﬂiguntur
1694 3999 1889 4065 amici;

487 4081 595 4140 Nec
622 4084 784 4153 bona,
814 4102 1044 4158 quaeque
1083 4088 1271 4144 hostes
1318 4098 1546 4145 constat
1583 4090 1789 4147 habere
1809 4092 1929 4147 Dei.

412 4176 483 4230 At
512 4178 726 4247 quoties
753 4180 840 4233 vir
859 4180 1040 4249 jusms
1063 4189 1210 4250 eget,
1233 4181 1539 4238 scelerosus
1564 4184 1808 4240 abundat
1837 4186 1930 4251 "°,

485 4263 602 4320 Non
632 4274 718 4321 est
751 4282 1041 4336 pravorum
1063 4272 1217 4340 copia
1246 4273 1452 4342 grande
1478 4272 1718 4328 bonum?

412 4355 666 4427 IEgrotat
699 4359 935 4429 sapiens,
968 4361 1066 4417 sed
1093 4377 1260 4418 sanus
1282 4362 1441 4418 ﬂoret
1466 4364 1684 4435 iniquus
1710 4382 1728 4422 :

483 4446 596 4502 Non
623 4459 709 4504 est
735 4453 938 4520 grande
973 4453 1173 4507 bonum
1203 4454 1449 4523 corporis
1478 4464 1628 4511 arcta
1659 4456 1828 4515 salus.

410 4538 647 4597 Dilectus
664 4541 874 4599 Domini
901 4546 1153 4612 moritur,
1183 4548 1281 4603 sed
1303 4548 1437 4605 vivit
1463 4549 1680 4607 adulter
1710 4565 1727 4606 :

870 232 930 289 8.
963 233 1265 290 ANSELMI
1294 233 1645 291 CANTUAR.
1686 233 1975 292 ARCHIEP

2121 235 2183 292 Ρ.
2216 236 2396 292 PARS
2433 236 2496 292 ll.
2519 268 2590 280 --
2614 235 2980 295 PAlUENET.
3016 234 3103 292 ET
3123 234 3363 292 ASCET.

2056 351 2098 406 Α
2195 350 2310 407 Non
2336 359 2420 406 est
2450 354 2504 406 in
2533 366 2745 423 magnis
2772 353 2884 405 vita
2909 351 3114 405 caduca
3140 347 3321 403 bonis.

3610 230 3721 284 πω

2129 441 2273 510 Ergo
2304 441 2463 496 modo
2487 441 2681 497 similis
2712 441 2808 495 tibi
2839 439 3033 511 collige
3058 447 3276 502 caetera,
3299 437 3398 500 lili,

2198 530 2267 587 Et
2295 533 2534 602 prudens
2563 531 2686 587 vilis
2714 546 2944 586 munera
2980 544 3176 600 sperne
3202 529 3326 585 soli.

2133 622 2247 679 Vile
2277 624 2521 695 relinque
2544 625 2744 690 solum,
2774 624 2960 695 cupias
2993 622 3211 692 fastigia
3236 619 3360 677 caeli
3392 637 3408 673 :

2198 714 2313 770 lllie
2342 716 2608 786 percipies
2643 716 2780 771 dona
2811 716 2967 771 beata
2997 714 3116 769 Dei.

2128 802 2245 859 Non
2273 805 2506 874 pretiosa
2538 803 2978 874 facitpretiosum
3000 817 3241 875 purpura
3261 815 3588 872 quemquam
3608 797 3717 862 m,‘

2198 899 2310 955 Nec
2335 908 2546 955 mutant
2574 915 2755 956 mores
2777 899 2847 932 ¹⁸’
2877 898 3073 954 tradita
3099 904 3320 966 sceptra
3356 893 3550 952 malos.

2129 990 2186 1047 Si
2217 991 2337 1062 pius
2368 991 2470 1047 ista
2495 991 2589 1047 Dei
2620 992 2744 1047 data
2776 991 3048 1062 conspicis
3078 988 3324 1044 hostibus
3349 1002 3511 1052 esse;

2200 1080 2364 1150 Impia
2395 1096 2523 1151 pars
2550 1082 2830 1137 hominum
2866 1089 3057 1150 regnat
3091 1080 3292 1150 ubique
3322 1078 3465 1134 fere.

2126 1171 2325 1226 Virtuti
2350 1172 2395 1226 si
2427 1172 2499 1204 ³⁸³
2526 1172 2686 1228 detur
2714 1173 2910 1239 honos,
2937 1172 2984 1226 si
3013 1170 3238 1242 praemia
3277 1167 3459 1239 dignis
3478 1206 3495 1232 ,

2197 1263 2260 1319 Et
2291 1272 2512 1320 teneant
2541 1264 2798 1321 meritum
2822 1264 3037 1336 singula
3069 1276 3299 1336 qumque
3328 1262 3530 1319 locum.

2123 1353 2243 1409 Jam
2276 1370 2420 1412 nunc
2448 1370 2535 1413 res
2568 1355 2873 1423 hominum,
2935 1355 3069 1411 mihi
3126 1356 3307 1423 crede,
3338 1363 3389 1411 et
3421 1368 3554 1425 pace
3579 1352 3710 1407 hea-

3430 1447 3538 1519 [tas
3565 1443 3637 1477 '“

2196 1537 2431 1604 Videris,
2461 1547 2518 1594 et
2543 1547 2695 1595 certo
2721 1553 2781 1595 se
2808 1540 3066 1596 cohibere
3094 1540 3275 1597 modo.

2127 1627 2234 1686 Sed
2261 1629 2387 1700 quia
2416 1645 2583 1702 regna
2611 1631 2787 1692 malis.
2807 1632 2998 1688 sceleri
3022 1640 3107 1688 est
3133 1632 3331 1688 donata
3353 1637 3595 1703 potestas
3616 1627 3712 1687 ἐτι

2195 1720 2390 1777 Debita
2419 1723 2602 1779 virtuti
2632 1724 2889 1782 "°-frena
2922 1724 3091 1780 libido
3124 1732 3289 1779 tenet.
3392 1708 3414 1718 ”

2122 1810 2353 1870 Mundus
2387 1814 2659 1880 turbatur,
2688 1832 2872 1873 rerum
2897 1815 3250 1873 confunditur
3276 1814 3442 1881 ordo;

2190 1901 2529 1975 Involvitque
2558 1906 2717 1961 simul
2748 1907 2932 1964 omnia
2961 1907 3166 1976 grande
3191 1906 3357 1963 chaos

2121 1993 2217 2050 Vis
2244 1995 2499 2064 prohibet
2533 1996 2705 2069 leges,
2736 2006 2990 2054 evertunt
3015 1996 3248 2055 erimina
3271 2011 3472 2064 mores,

2192 2085 2261 2141 Et
2287 2086 2467 2144 valido
2492 2087 2668 2146 virtus
2698 2090 2916 2148 turbine
2943 2106 3139 2161 quassa
3174 2090 3328 2146 latet.

2121 2175 2222 2232 Dat
2253 2176 2493 2234 [.ibanus
2524 2179 2619 2235 tibi
2649 2179 2861 2252 lingua;
2890 2180 3061 2238 Paros
3083 2197 3180 2238 sua
3211 2196 3481 2236 marmora
3513 2181 3711 2243 mittit:

2190 2267 2398 2324 Aurum
2426 2269 2629 2342 praebet
2658 2272 2871 2340 Arabs;
2900 2273 3052 2329 India
3071 2282 3295 2344 praestat
3323 2274 3480 2331 ebur.

2121 2355 2201 2413 Tu
2232 2359 2397 2416 cedro
2419 2364 2730 2435 peregrina,
2759 2372 2816 2420 et
2841 2379 3115 2427 marmore
3141 2365 3414 2421 construis
3449 2365 3591 2421 aedes
3620 2382 3636 2419 :

2193 2449 2434 2522 Miraque
2461 2455 2744 2526 consurgit
2773 2456 3005 2523 fabrica,
3033 2455 3213 2511 fundis
3246 2471 3402 2526 opes.

2123 2541 2286 2614 199
2311 2544 2508 2600 Rident
2534 2559 2761 2618 argento
2803 2556 2988 2619 postes
3014 2590 3030 2616 ,
3058 2547 3334 2617 laquearia
3363 2546 3533 2604 multo

2196 2631 2344 2707 Auro
2375 2652 2390 2693 :
2427 2636 2743 2695 distinctum
2768 2639 3019 2710 sculptile
3049 2639 3213 2694 vestit
3241 2640 3378 2696 ebur
3410 2658 3425 2693 :

2118 2724 2425 2782 Porticibus
2449 2729 2616 2786 vallas
2640 2731 2888 2801 operosis
2912 2732 3049 2786 atria
3082 2749 3097 2786 :
3134 2731 3322 2800 quales

2190 2816 2441 2890 Quolque
2466 2830 2624 2892 putas
2678 2820 2973 2892 thalamos,
3014 2823 3131 2878 haec
3152 2823 3220 2855 ’⁵⁷
3249 2821 3586 2892 labyrinthus
3611 2821 3702 2876 ha.

3466 2913 3580 2987 [bet
3611 2914 3637 2966 ἲ

2041 3032 2089 3090 (τ
2120 3001 2235 3056 lllie
2266 3011 2321 3055 tu
2357 3002 2540 3057 videas
2562 3004 2787 3074 pictum,
2827 3004 3205 3076 sculptumque
3229 3013 3531 3075 stupescas,

2190 3093 2432 3149 Artiﬁcis
2460 3095 2723 3166 quidquid
2752 3111 3011 3166 mensque
3037 3112 3340 3167 manusque
3364 3104 3564 3167 potest.

2116 3184 2270 3242 Ostia
2296 3186 2464 3242 multa
2496 3187 2737 3256 quidem,
2766 3189 2933 3244 variae
2962 3197 3090 3243 sunt
3122 3188 3268 3243 mille
3289 3188 3560 3254 fenestrae,

2190 3278 2332 3335 Mille
2353 3279 2666 3335 columnare
2694 3289 2777 3337 est
2799 3295 3068 3337 marmore
3092 3279 3224 3335 fulta
3248 3281 3319 3313 ⁸⁸⁸
3347 3280 3561 3336 domus.

2115 3368 2255 3438 Quid
2281 3379 2455 3439 tanto,
2489 3372 2775 3438 moriture,
2801 3388 2964 3444 paras
2986 3373 3297 3429 molimine?
3324 3388 3491 3443 quare

2184 3462 2293 3519 Das
2314 3463 2556 3518 animum
2586 3463 2760 3532 vanis,
2791 3473 2845 3522 et
2867 3465 3105 3534 peritura
3130 3465 3381 3536 placent?

2111 3553 2222 3621 Cur
2259 3556 2436 3625 ampla
2476 3557 2715 3614 aediﬁcas
2738 3559 2898 3614 busto
2922 3557 3261 3628 claudendas
3285 3560 3339 3615 in
3362 3570 3513 3617 arcto
3532 3561 3560 3616 .’

2184 3649 2253 3681 ³⁸³
2284 3649 2545 3707 Deﬁcient
2575 3652 2697 3706 vitae
2733 3659 2974 3722 tempora
2998 3665 3167 3722 pauca
3193 3664 3316 3709 ιιιω-

2110 3739 2248 3807 Quid
2275 3740 2370 3795 tibi
2406 3750 2569 3797 tantm
2594 3742 2775 3798 aedes?
2800 3753 3005 3813 quanto
3031 3744 3243 3803 felicius
3267 3746 3383 3813 ipse

2176 3829 2465 3903 Templum
2495 3847 2644 3888 esses
2677 3832 2782 3887 vivi
2817 3833 2936 3888 viva
2961 3835 3259 3906 domusque
3292 3834 3409 3890 Dei.

2109 3921 2240 3977 Esto
2262 3923 2456 3978 domus
2478 3921 2707 3983 Domini,
2738 3938 2901 3994 quam
2933 3926 3106 3982 sacris
3135 3927 3379 3982 moribus
3409 3939 3543 3981 orna
3573 3941 3590 3979 :

2184 4012 2445 4067 Virtutem
2477 4012 2652 4066 cultor
2672 4011 2954 4083 religionis
2975 4030 3118 4068 ama.

2104 4100 2279 4170 Quam
2309 4100 2435 4155 felix
2467 4101 2647 4155 anima
2676 4111 2781 4167 est,
2820 4102 2872 4156 in
2903 4118 3008 4172 qua
3033 4104 3134 4159 sibi
3160 4119 3363 4175 ponere
3400 4105 3583 4162 sedem

2091 4220 2094 4223 λ
2178 4196 2445 4267 Dignatur
2474 4198 2671 4252 summi
2704 4198 2928 4268 spiritus
2957 4200 3072 4269 ipse
3101 4198 3215 4255 Dei.

2106 4286 2293 4343 Omnis
2321 4286 2486 4342 habet
2526 4286 2762 4343 subitum
2802 4298 3013 4344 terrena
3042 4290 3283 4361 potentia
3313 4287 3495 4353 ﬁnem,

2035 4381 2079 4437 ι)
2173 4375 2353 4447 Atque
2384 4376 2507 4449 fuga
2543 4377 2704 4434 celeri
2736 4378 2935 4435 deserit
2964 4380 3077 4450 ipsa
3115 4395 3262 4436 suos.

2108 4466 2252 4537 Ergo
2293 4467 2442 4534 time,
2471 4469 2717 4539 quisquis
2740 4469 2915 4527 celsos
2948 4473 3269 4541 conscendis
3296 4473 3534 4530 honores
3562 4487 3580 4527 :

2178 4554 2362 4626 Teque
2391 4558 2608 4615 ruinoso
2637 4568 2784 4616 stare
2806 4571 3077 4617 memento
3091 4560 3233 4618 loco.

1700 4662 1931 4721 VARIIE
1970 4665 2372 4724 LECTIONES.

482 4763 631 4860 ’Ἦξξ
641 4767 818 4860 sancti
830 4784 960 4860 nisi.
979 4770 1269 4860 sedsanct'i
1289 4859 1293 4860 ν
1320 4773 1404 4860 7³⁸⁸
1427 4773 1540 4830 Νοη
1553 4776 1790 4860 ege-tlisrt‘a
1815 4794 2062 4860 mssLnon
2080 4790 2202 4860 eget
2223 4781 2379 4837 istis
2417 4782 2488 4815 ⁸³³
2500 4782 2576 4860 Ex
2587 4783 2808 4860 tendere
2818 4787 3022 4860 quaevis
3035 4803 3158 4860 mss;
3173 4789 3466 4860 extendere
3480 4794 3685 4860 qumris

528 4834 721 4922 IMultas
767 4840 962 4917 messis
987 4842 1337 4922 mssz'mult‘as
1363 4860 1571 4922 messes
1586 4834 1616 4846 ν
1634 4847 1714 4922 f“
1734 4847 1887 4922 Sicut
1910 4834 2437 4922 Evangelicnsﬁmss.
2464 4834 2573 4909 sas
2590 4834 2964 4922 'E'iahicli'éis

415 4903 1057 4995 :‘jAltttpro’ltaiantﬂtss.
1088 4911 1231 4995 lgna.
1363 4915 1608 4995 Improbe
1626 4915 1739 4985 jam
1811 4918 1880 4995 ἐξ
1909 4903 2289 4995 Fruges—auxi,
3108 4903 3688 4987 tantum-‘31:???

413 4974 521 5056 t-i'co
547 4974 647 5031 m3.
680 4974 747 5032 0.
777 4978 819 5033 E
850 4980 1034 5056 tritico
1108 4983 1179 5015 ἰε
1203 4983 1429 5056 Adulter
1445 4974 1766 5042 'habei'mss.
1800 4974 2289 5047 adunci-“habent”
2318 4974 3315 5055 niueam;natura;'m's'eiis'
3336 4974 3555 5056 habent.
3586 4974 3680 5035 ’ὶίπ

408 5042 489 5131 _Ne
514 5062 708 5131 magna
737 5065 843 5131 rus.
863 5048 924 5105 ϐ.
960 5067 1060 5108 nec
1082 5069 1275 5131 magna
1340 5055 1421 5131 f”
1447 5056 1514 5112 Et
1538 5072 1776 5126 nequeas
1800 5042 1900 5131 ms.
1930 5042 2000 5114 ut
2021 5042 2260 5131 nequeas
2331 5062 2399 5095 ’δ’
2425 5042 2662 5119 Νξονῖἰῖἦ
2691 5042 3665 5129 é'ﬁﬁi'riii£3o'ﬁ’lIIcBTci'BL'EJmu

406 5115 642 5203 Ιφίζίίξξί
675 5119 967 5203 οιιῖενῖιηιιβ
1002 5139 1107 5179 non
1138 5115 1301 5188 lti'cet,
1340 5125 1485 5203 lucet
1511 5138 1568 5180 at
1591 5115 1782 5203 aurum
1847 5130 1918 5203 "f°
1946 5131 2028 5203 An
2053 5115 2267 5203 quoties
2296 5132 2379 5203 vir
2413 5115 2779 5203 justus—ieget,
3133 5115 3677 5197 ".5573.

404 5185 708 5281 ξξηξξολῼξιο
727 5189 815 5281 xi!“
830 5188 1017 5281 Lusius
1044 5202 1189 5281 eget,
1218 5185 1463 5281 nunquid
1508 5197 1813 5253 scelerosus
1844 5185 2115 5281 abundat?
2143 5185 2265 5259 mss.
2310 5185 3683 5281 593'.“Ltijgju‘éu'én's‘B'iFiﬁéius'égé'CIt-éiZFasii;

406 5256 651 5341 abundat
727 5256 1209 5341 "‘Eecupretiosa
1238 5282 1262 5341 ε.
1285 5256 1705 5341 (ιη’θηιιίιητηθηεε.
1731 5285 1845 5341 Δηοιι
1874 5271 2106 5340 pretiosa
2137 5290 2149 5325 :
2180 5256 2550 5341 quemquamﬂ
2579 5256 2650 5307 ’δ’
2682 5256 3680 5337 Nééiuiiéni"ﬁSFe§°J{§sT5332'

406 5336 525 5419 tant
554 5344 735 5419 mores
807 5331 1263 5419 Virtutumfi
1287 5331 1386 5419 etc.
1415 5354 1512 5391 ms.
1542 5336 1603 5392 C.
1637 5331 2103 5419 ontittit‘tisquead
2127 5331 2279 5419 Irrue;
2309 5331 2447 5419 Ecce
2477 5345 2566 5399 diu
2589 5355 2685 5401 etc.
2710 5347 2783 5380 m
2811 5347 2872 5402 Et
2896 5331 3028 5419 pace
3048 5331 3240 5405 beasse
3265 5331 3391 5405 illis.
3426 5331 3673 5407 "dict-If.

403 5400 755 5486 ρτξῼςῼωωξ
923 5403 1141 5486 §ce_|e_ra
1173 5405 1370 5486 donata
1396 5418 1635 5486 potestas
1659 5425 1783 5486 mss.
1903 5400 1948 5465 οἳ
1975 5410 2043 5486 Κ.
2068 5413 2263 5486 sceleri
2294 5423 2377 5486 est
2402 5415 2598 5486 donata
2640 5400 2879 5486 potestas
2898 5400 3025 5475 Si};
3050 5400 3677 5478 Basi'éc'éiééis'dduéii

665 5482 776 5561 Est
935 5472 1128 5561 Debita
1149 5472 1409 5531 virtutum
1442 5493 1566 5531 mss.
1589 5479 1777 5561 debita
1795 5480 1989 5561 virum
2063 5483 2132 5561 "7.
2164 5483 2289 5561 llzec
2312 5485 2502 5561 domus
2528 5472 2672 5542 intus
2695 5472 3015 5561 habetmss.
3062 5472 3183 5546 haec
3205 5472 3678 5561 tébﬁjm'tuiis'ih:

427 5538 899 5625 ftffhglarmor
924 5561 938 5596 :
970 5543 1100 5599 lulta
1137 5562 1264 5601 mss.
1291 5547 1745 5625 marmorefulta
1795 5551 1863 5586 "9
1888 5552 2055 5620 Quem
2082 5553 2166 5623 pia
2196 5538 2421 5625 pigmete
2443 5538 3555 5617 claustra
3576 5538 3677 5619 'dé-

404 5601 586 5659 (icicnt
619 5609 743 5665 vitae
769 5620 1012 5684 tempora
1040 5630 1214 5685 pauca
1247 5625 1353 5675 tute
1379 5601 1489 5674 ms.
1513 5619 1634 5675 595.
1664 5601 2687 5696 dumdu?‘lii'ic"t'é..l§3¥£f3aif€i

408 4831 477 4863 1’90
