3910 6018
321 318 423 374 701
1373 315 1660 374 CARMEN
1701 317 1792 374 DE
1825 314 2254 376 CONTEMPTU
2293 319 2530 377 MUNDI.
3489 329 3598 385 702

321 409 550 481 Magnus
577 415 694 464 erat
713 406 915 476 Caesar,
949 416 1168 480 totoque
1195 411 1466 480 potentior
1485 412 1620 468 orbe
1646 425 1662 465 :
1941 413 1990 472 A
2086 415 2306 471 Deliciis
2334 425 2522 484 pastus
2550 429 2674 470 cum
2707 414 2996 472 meretrice
3025 419 3204 472 cubat.

393 498 570 566 Nunc,
595 515 758 570 quem
789 515 890 555 nec
919 501 1153 556 mundus
1183 511 1420 571 ceperat,
1453 517 1591 558 urna
1620 503 1786 574 capit.
2015 507 2154 576 Quid
2179 519 2355 563 vestes
2376 507 2634 570 referam,
2673 507 2860 573 lectos,
2901 517 2956 564 et
2977 510 3160 564 divitis
3187 509 3364 567 mdes?

325 591 420 648 Sic
455 599 510 646 et
535 590 844 646 Alexander
873 589 1202 648 fortissimus
1241 592 1328 647 ille
1356 591 1596 660 Macedo,
2086 599 2272 656 Nescit
2297 599 2500 654 habere
2525 599 2742 654 modum
2764 601 2986 669 prodiga
3013 599 3276 655 luxuries.

395 680 680 735 Clauditur
702 689 935 751 angusto
961 681 1136 751 pulvis
1163 692 1218 738 et
1239 698 1364 738 ossa
1395 683 1534 740 loco.
2015 692 2154 748 Huic
2177 707 2274 762 per
2299 691 2458 759 longa
2483 700 2667 746 meant
2695 691 2848 746 nitidi
2881 690 3088 746 canalia
3113 690 3314 758 fontes,

321 771 497 840 Major
525 779 646 828 erat
683 773 886 828 mundo
912 788 1161 844 magnus,
1193 774 1356 830 modo
1379 775 1560 832 nobile
1584 791 1781 848 corpus
2089 783 2270 838 Herba
2294 783 2670 836 columnarum
2703 798 2975 838 marmore
3009 782 3190 838 clausa
3219 783 3395 838 viret:

397 862 612 916 E‘S‘llis
643 863 846 918 θινίειί
873 862 994 918 Vilis
1023 879 1190 918 31'9"“
1221 868 1372 936 legll-
2017 875 2492 945 Fructil‘erumque
2534 890 2704 948 genus
2747 886 2919 932 totum
2966 875 3178 931 arboris
3230 876 3426 932 educat
3474 878 3604 932 hor-

321 953 393 1007 Et
437 951 634 1008 cecidit
659 950 900 1022 Babylon
935 971 948 1006 :
974 954 1172 1009 cecidit
1198 970 1416 1025 quoque
1439 955 1676 1012 maxima
1704 955 1864 1028 Troja
1896 971 1912 1010 :
3375 968 3484 1042 [tus
3507 1009 3527 1036 ,

395 1043 533 1100 Olim
572 1044 976 1112 πιιιιιᾱὶροιθηε.
1006 1045 1206 1115 aspice,
1243 1045 1416 1102 Roma
1437 1047 1602 1116 iacet-
2043 1093 2048 1100 -
2093 1057 2358 1128 Mistaque
2387 1057 2706 1128 sanguineis
2735 1057 2854 1112 alba
2887 1057 3112 1129 ligustra
3141 1058 3300 1114 rosis.

323 1135 467 1192 Ecce
494 1135 582 1190 diu
614 1149 704 1189 res
739 1133 884 1188 “""3
909 1143 1091 1190 manet
1127 1137 1448 1194 mortalibus
1480 1153 1648 1194 εθοθθ
1685 1169 1688 1172 '
2015 1153 2130 1208 Nec
2153 1151 2309 1206 violae
2331 1150 2529 1206 desunt
2560 1166 2575 1216 ;
2613 1152 2704 1208 sed
2741 1159 2796 1205 et
2823 1151 2932 1206 illic
2956 1150 3104 1206 ﬂoris
3126 1161 3182 1208 et
3209 1149 3390 1208 herbte

395 1225 585 1281 Nullus
612 1225 788 1280 honor
816 1225 1092 1294 prohibet,
1119 1225 1289 1297 gloria
1322 1227 1492 1294 nulla,
1533 1227 1694 1282 inuri.

2091 1243 2184 1296 Est
2205 1242 2468 1311 quidquid
2496 1242 2696 1311 specie,
2727 1242 2984 1312 quidquid
3009 1243 3174 1298 odore
3200 1243 3365 1312 viget.

325 1317 585 1374 Summus
605 1314 924 1372 Aristoteles
945 1315 1130 1386 logicze
1156 1325 1431 1372 scrutator
1451 1327 1664 1385 acutus,

2016 1336 2170 1390 Nunc
2209 1333 2613 1405 phaleratorum
2643 1342 2796 1402 tergo
2815 1343 3065 1390 vectatur
3097 1349 3383 1404 equorum,

397 1407 578 1462 Edidit
611 1405 828 1478 ingenio
863 1404 1032 1460 multa
1061 1415 1274 1477 reperta
1301 1423 1419 1464 suo.

2087 1404 2241 1482 Nunc
2261 1434 2504 1482 saturum
2527 1424 2674 1480 lento
2701 1425 2904 1495 remige
2931 1426 3122 1494 cymba
3153 1425 3320 1478 vehit.

321 1503 444 1559 Non
487 1500 818 1574 syllogismo,
850 1515 956 1555 non
986 1500 1391 1572 enthymemate
1419 1501 1624 1558 factum
1664 1511 1769 1570 est,

2016 1515 2170 1572 Nunc
2206 1515 2358 1571 illum
2395 1529 2518 1570 esse
2539 1513 2694 1582 juvat
2715 1513 2815 1568 sub
2858 1511 3241 1581 papilionibus,
3275 1519 3329 1566 et
3351 1523 3495 1565 nunc

397 1595 470 1652 Ul
497 1593 692 1650 vellem
727 1600 878 1647 1³ηῐο
901 1607 1127 1664 Parce?e
1168 1593 1280 1648 {alii
1307 1594 1448 1648 νίνου
2088 1607 2256 1664 Grata
2305 1604 2408 1662 sub
2436 1603 2683 1660 arboreis
2717 1603 2980 1673 quaeritur
3007 1603 3196 1658 umbra
3231 1602 3422 1656 comis.

323 1687 464 1755 Quid
491 1693 805 1756 penetrasse
847 1684 1040 1742 invitat
1080 1695 1290 1740 naturai
1319 1701 1518 1742 arcana
1541 1687 1845 1756 Platonem.

1807 1704 1845 1756 ιο
1946 1756 1984 1764 _
2018 1699 2171 1754 Nunc
2195 1698 2500 1753 delectatur
2535 1696 2728 1763 turbis,
2761 1704 2816 1751 et
2841 1694 3117 1764 plausibus
3147 1694 3296 1750 urbis
3336 1711 3351 1749 :

397 1781 463 1836 Et
491 1780 693 1834 mundo
722 1779 902 1836 studio
934 1778 1104 1832 multa
1135 1778 1350 1834 dedisse
1381 1781 1523 1835 suo?
1941 1756 1990 1818 Β
2089 1791 2156 1846 Et
2182 1789 2342 1846 modo
2361 1789 2602 1860 privatus
2641 1756 2982 1858 degere-rure
3019 1787 3187 1856 cupit.

325 1873 472 1932 Solis
500 1874 624 1940 iter,
641 1871 874 1942 cmlique
901 1871 1106 1942 plagas,
1139 1871 1387 1942 lunaeque
1417 1881 1666 1941 meatus,
2019 1879 2290 1950 Quidquid
2321 1877 2484 1934 molle
2507 1875 2682 1946 juvat,
2713 1878 2858 1947 quod
2887 1878 3024 1940 visu,
3070 1876 3322 1946 quodque
3347 1873 3603 1930 decorum

400 1965 468 2019 Et
493 1979 624 2035 vaga
650 1979 744 2018 seu
769 1977 984 2018 summo
1012 1961 1189 2016 sidera
1221 1961 1328 2016 ﬁxa
1360 1963 1484 2034 polo
1509 2005 1524 2032 ,
2864 2009 2881 2024 ο
3315 1964 3527 2038 [ρειιειν
3569 1985 3578 1995 .

323 2055 598 2126 Multaque
625 2064 884 2126 praeterea
914 2053 1047 2109 satis
1068 2055 1236 2110 ardua
1264 2067 1490 2112 noverat
1518 2075 1532 2113 :
1567 2067 1622 2114 et
1645 2074 1790 2114 nunc
2093 2058 2364 2128 Dulceque
2391 2056 2668 2128 corporeis
2699 2057 2949 2114 sensibus
2978 2071 3096 2112 esse
3127 2057 3264 2112 solet
3297 2074 3310 2111 :

396 2145 754 2216 Philosophus
785 2146 924 2202 ciuis
950 2155 1034 2202 est
1070 2164 1084 2202 :
1119 2162 1314 2204 nomen
1343 2149 1506 2206 inane
1531 2162 1734 2207 manet.
2017 2151 2132 2208 lleu
2163 2150 2395 2206 misero!
2429 2157 2600 2204 totum
2631 2156 2816 2218 turpes
2838 2150 2908 2182 ⁸⁵⁸
2936 2149 3170 2204 dellectit
3195 2150 3246 2204 in
3280 2163 3433 2216 usus,

327 2239 466 2295 Dum
497 2253 585 2294 res
611 2247 666 2294 et
687 2253 868 2293 rermn
909 2254 1102 2300 causas
1138 2239 1372 2311 vestigat
1399 2241 1700 2313 liypocras,
2087 2241 2355 2311 Nullaque
2381 2240 2620 2296 declinat
2645 2241 2864 2296 sordida
2893 2248 3048 2310 turpe
3075 2255 3260 2310 pecus.

395 2332 531 2386 Dum
562 2331 628 2386 de
654 2331 864 2386 naturis
891 2331 1173 2401 disputat,
1211 2341 1376 2402 atque
1407 2333 1520 2388 suis
2019 2337 2160 2406 Ergo
2175 2335 2340 2407 jocis,
2371 2351 2590 2400 venere,
2618 2342 2674 2390 et
2700 2334 2848 2400 vino,
2873 2346 3174 2403 somnoque
3209 2331 3385 2388 beata:

323 2423 604 2479 luserit’“
637 2423 724 2478 illa
751 2424 928 2491 libris,
957 2425 1086 2480 dum
1115 2424 1280 2479 multa
1311 2424 1534 2482 latentia
1558 2427 1626 2458 ²⁶¹
1649 2427 1847 2499 prodit,
2090 2429 2362 2500 Expendit
2395 2429 2520 2484 vitae
2549 2437 2791 2498 tempora
2827 2435 2936 2482 tota
2974 2441 3104 2480 suae.

397 2517 532 2572 Dum
560 2517 866 2572 medicinali
889 2532 1118 2587 corpora
1143 2527 1326 2574 servat
1359 2533 1482 2588 ope,
2015 2523 2244 2592 Jamque
2271 2535 2398 2576 caro
2431 2529 2576 2576 totus
2605 2519 2780 2575 nescit
2805 2533 2969 2588 quam
2999 2517 3184 2572 devius
3203 2516 3271 2548 ²⁶⁸
3299 2523 3461 2571 erret.

325 2607 522 2679 lugens
545 2607 688 2664 fama
715 2609 820 2667 viri
848 2618 964 2666 toto
987 2608 1310 2665 diﬂ'unditur
1334 2610 1496 2677 orbe;
2089 2613 2239 2668 Mens
2261 2611 2401 2666 male
2433 2626 2622 2680 pressa
2647 2610 2799 2682 gravi
2829 2611 3066 2679 pondere
3097 2608 3278 2662 carnis
3309 2607 3474 2662 hebes
3495 2603 3566 2642 ⁸⁵⁸

391 2700 461 2755 Ει
486 2700 664 2754 meriti
690 2699 901 2770 fructus
928 2701 1014 2757 ille
1043 2702 1246 2782 favoris
1276 2695 1460 2758 habet.
2017 2705 2202 2761 Nescit
2231 2713 2492 2774 perpetuo
2517 2703 2660 2774 quod
2687 2710 2890 2757 torrem
2921 2702 3126 2755 nutriat
3149 2700 3258 2769 igni

327 2787 438 2846 Sed
467 2789 630 2845 nullis
651 2790 860 2856 herbis,
892 2791 1052 2846 nullis
1077 2791 1352 2846 radicibus
1369 2800 1548 2847 actum
1573 2800 1678 2862 est,
2087 2795 2316 2864 Corpus,
2345 2793 2490 2864 quod
2523 2792 2688 2847 tantis
2712 2799 2870 2846 curat
2895 2791 3181 2860 alitque'"
3213 2790 3407 2844 modis.

399 2879 475 2935 Ne
495 2881 719 2953 physico
747 2883 934 2942 mortis
961 2883 1048 2936 lex
1077 2883 1356 2938 subeunda
1385 2883 1544 2940 foret.
2017 2887 2242 2955 Qualem
2267 2897 2324 2941 tu
2347 2885 2525 2942 credis
2549 2885 2716 2940 vitam
2748 2883 3070 2938 mortalibus
3099 2882 3256 2937 esse?

323 2973 393 3028 Et
413 2971 591 3042 justis,
626 2991 730 3028 non
756 2966 1114 3045 philosophis,
1137 2975 1232 3029 dat
1257 2976 1476 3044 praemia
1505 2976 1784 3046 Christus;
2091 2979 2154 3033 Et
2178 2978 2380 3044 brevis,
2407 2985 2460 3032 et
2497 2976 2679 3030 multis
2706 2984 2790 3030 est
2810 2983 3035 3029 onerata
3067 2973 3244 3027 malis.

397 3063 653 3120 Rusticus
679 3081 772 3132 es;
801 3065 982 3136 justus
1015 3074 1154 3131 esto,
1179 3066 1372 3122 beatus
1405 3067 1534 3122 eris.
1758 3051 1764 3058 ’
1945 3101 1988 3159 C
2020 3067 2294 3136 Quotquot
2317 3074 2636 3130 nascuntur,
2675 3079 2780 3119 vox
2813 3064 2918 3120 illis
2949 3065 3122 3134 prima
3150 3061 3354 3116 doloris
3387 3079 3400 3115 :

325 3157 686 3227 Philosophus
719 3159 913 3227 Varro,
949 3159 1142 3214 Petrus
1169 3159 1410 3229 piscator
1439 3177 1453 3213 :
1491 3169 1546 3214 et
1571 3173 1700 3216 ecce
1952 3152 1988 3159 ⁷
2091 3157 2286 3228 Incipit
2315 3172 2345 3212 a
2382 3156 2508 3213 lletu
2532 3155 2603 3187 ³⁸⁸
2635 3155 2818 3210 vivere
2843 3152 3087 3223 quisquis
3118 3152 3300 3206 homo.

397 3253 592 3308 Petrus
614 3251 778 3308 habet
796 3252 1014 3316 ciuium,
1046 3261 1251 3306 tartara
1280 3251 1456 3308 Varro
1491 3261 1661 3308 tenet.
2018 3247 2216 3320 Aspice
2265 3263 2372 3320 qua
2429 3248 2658 3302 miseros
2705 3245 2909 3300 feriunt
2963 3259 3064 3300 nos
3117 3243 3356 3312 undique
3405 3258 3419 3296 :
3471 3249 3604 3310 quot

325 3345 418 3400 Ille
447 3345 782 3414 voluptatum
813 3345 962 3398 varia
992 3343 1278 3399 dulcedine
1304 3345 1524 3416 gaudet,
1692 3334 1714 3356 ⁸
3366 3330 3534 3404 [ευιιῑι

401 3438 465 3492 Et
485 3438 766 3494 desideriis
797 3439 963 3493 servit
988 3437 1192 3508 ubique
1215 3439 1346 3493 suis.
2093 3431 2411 3500 Quantaque
2439 3429 2666 3500 privatis
2689 3428 2758 3460 ’⁸³
2789 3427 3002 3498 publica
3037 3425 3193 3480 mista
3231 3422 3407 3478 malis.

328 3527 491 3596 Sunt,
517 3545 635 3598 qua:
674 3545 886 3587 summa
915 3539 1091 3601 putat,
1129 3530 1411 3597 meretrix,
1438 3545 1663 3600 coquus,
1697 3530 1917 3597 histrio;
2020 3523 2246 3594 Frigore
2275 3538 2420 3578 nunc
2458 3522 2645 3585 nimio,
2677 3520 2844 3574 nimio
2871 3535 3011 3574 nunc
3043 3517 3290 3571 lzedimur
3318 3525 3453 3569 aestu
3487 3531 3500 3567 :

1617 3623 1847 3696 [nullum
2092 3615 2310 3686 Nosque
2335 3615 2506 3670 fames
2537 3623 2715 3679 vexat,
2749 3621 2964 3682 torquet
2999 3610 3194 3666 acerba
3222 3609 3342 3663 sitis
3369 3607 3460 3660 “7°.

397 3709 494 3764 llis
515 3710 756 3779 praefert,
785 3719 878 3766 aut
906 3727 1004 3782 par
1039 3712 1276 3768 arstimat
1307 3727 1430 3769 esse
1464 3715 1688 3770 bonum.
2021 3707 2204 3762 Musca
2238 3716 2417 3772 nocet,
2449 3706 2801 3773 modicusque
2851 3703 3030 3774 pulex,
3059 3701 3144 3756 vel
3174 3701 3388 3771 regibus
3425 3696 3556 3768 ipsis
3587 3711 3606 3752 :

328 3801 600 3871 Quidquid
627 3811 682 3856 et
716 3803 783 3856 ad
818 3803 1020 3859 victum
1064 3819 1216 3859 mare
1245 3805 1438 3870 nutrit,
1471 3814 1636 3870 terra,
1677 3805 1762 3860 vel
1788 3820 1912 3873 aer,
2093 3797 2203 3853 Nec
2235 3797 2440 3851 latium
2471 3805 2613 3849 lUlOS
2648 3796 2794 3864 regia
2825 3803 3036 3864 δεθρινίι
3067 3808 3214 3847 δυοδ-

403 3893 626 3960 Quaerit,
661 3894 932 3964 habetque
969 3895 1070 3950 viri
1101 3895 1380 3950 luxuriosa
1408 3894 1598 3951 fames.
1807 3919 1824 3934 ι
2025 3889 2121 3944 llic
2148 3886 2291 3941 dolet
2315 3885 2594 3948 exsilium;
2633 3893 2864 3938 mortem
2897 3883 3042 3936 dolet
3071 3881 3207 3934 alter
3236 3878 3428 3944 amici;

331 3985 399 4042 Et
430 3986 642 4042 modico
679 3987 855 4042 ventri
879 3998 1063 4043 vastus
1086 3988 1172 4041 vix
1195 3987 1394 4043 sullicit
1423 3986 1592 4042 orbis.
2095 3979 2230 4032 lluic
2261 3977 2426 4033 chara
2467 3975 2659 4031 orbato
2691 3973 2917 4043 conjuge
2943 3970 3072 4024 ﬂere
3102 3970 3255 4024 libet.

405 4078 548 4149 Ergo
575 4079 944 4134 ministrorum
977 4081 1197 4135 vocibus
1227 4081 1350 4134 aula
1373 4081 1578 4136 fremit,
2024 4071 2122 4128 llic
2146 4073 2294 4143 jacet
2317 4068 2572 4134 infamis;
2605 4067 2771 4121 miser
2811 4066 2898 4120 hic
2927 4067 2978 4118 in
3011 4077 3232 4118 carcere
3263 4061 3410 4130 luget
3439 4075 3455 4113 :

329 4169 679 4242 Argentoque
712 4173 876 4243 dapes
905 4182 1180 4242 ponuntur
1199 4173 1290 4238 η’,
1317 4175 1564 4230 Bacchus
1593 4176 1644 4230 in
1673 4191 1826 4242 auro,
2097 4163 2252 4218 "unc
2283 4173 2458 4216 melus
2481 4159 2692 4216 llOSllllS
2725 4158 2966 4222 len'ilal;
3001 4155 3138 4210 allel‘
3159 4161 3298 4224 θεοιο

403 4238 468 4316 Et
497 4238 706 4331 gemma
737 4238 975 4317 infusum
1002 4263 1235 4333 plurima
1267 4273 1457 4319 nectar
1484 4264 1670 4321 habet.
1813 4238 1822 4242 ’
2027 4257 2127 4313 llic
2165 4255 2334 4328 gemit
2357 4256 2425 4287 ’τι
2477 4255 2747 4310 incestum
2791 4257 3062 4320 corrupta:
3120 4245 3365 4318 conjugis
3388 4244 3490 4308 ’τες
3529 4238 3614 4296 al-

331 4352 584 4409 Vestibus
599 4362 654 4408 et
683 4353 822 4408 facie
849 4354 1040 4424 longus
1066 4354 1200 4408 nitet
1231 4355 1367 4409 ordo
1387 4355 1672 4418 clientum,
3435 4336 3541 4408 μοι’

401 4445 484 4500 Ad
503 4445 713 4500 Domini
758 4442 922 4502 nu'tus
954 4447 1109 4501 turba
1141 4456 1329 4517 parata
1365 4447 1530 4504 leves.
1955 4477 1997 4531 Ι)
2097 4440 2326 4496 Delusus
2365 4438 2498 4494 falsa
2527 4436 2834 4531 suspicione
2861 4435 3036 4531 timet.

334 4539 512 4594 Sexus
559 4549 786 4610 uterque
831 4539 1021 4594 canit:
1059 4548 1320 4596 resonant
1361 4541 1716 4612 cytharazque
1761 4539 1922 4610 lyrte-
1955 4527 1986 4531 ’
2029 4536 2304 4591 Excussas
2337 4531 2533 4602 aliquis
2562 4530 2806 4600 deplorat
2839 4529 3104 4598 grandine
3136 4527 3294 4593 vites,

1684 4631 1846 4706 [que;
2099 4627 2205 4682 Iste
2231 4623 2366 4678 mari
2399 4629 2603 4692 magno
2629 4621 2922 4691 deperiisse
2949 4629 3115 4674 rates.

408 4726 474 4781 Et
503 4725 734 4782 reddam
759 4727 868 4782 illic
890 4741 1094 4798 organa
1125 4727 1281 4784 dulce
1313 4727 1502 4782 melos,
1547 4783 1566 4798 Δ
2030 4719 2163 4773 Pars
2184 4717 2255 4748 ’⁷³
2284 4714 2533 4784 queritur
2560 4711 2730 4767 sterili
2775 4711 2916 4766 male
2942 4709 3149 4765 credita
3172 4708 3388 4766 semina
3420 4717 3578 4766 terrre
3603 4726 3618 4774 ;

334 4817 576 4873 Tandem
603 4819 778 4889 epulis
807 4818 995 4890 largis,
1039 4829 1094 4873 ct
1123 4819 1280 4889 pleno
1309 4829 1497 4875 ventre
1520 4783 1710 4876 biaatus

2099 4805 2233 4861 Pars
2263 4783 2453 4859 metuit
2479 4802 2680 4858 domini
2707 4801 3232 4870 vimqueminasque
3261 4801 3364 4857 sui.

406 4910 540 4965 Cum
576 4911 772 4966 scortis
797 4926 991 4980 porcus
1018 4911 1210 4981 gaudia
1241 4912 1415 4966 [melis
1441 4913 1623 4966 habet.
2031 4897 2272 4954 Perdidit
2301 4896 2390 4950 hic
2429 4893 2630 4963 justam
2662 4892 2761 4946 Sili)
2793 4891 2974 4961 iniquo
2997 4890 3180 4960 judice
3203 4907 3426 4948 causam
3460 4908 3476 4947 ἶ

335 4998 382 5057 0
407 5001 664 5071 prmium
684 5001 782 5056 viri
819 5001 1020 5057 virtus!
1057 5017 1090 5056 ο
1121 5003 1231 5055 vita
1261 5002 1449 5057 beata!
2111 4990 2225 5048 llas
2263 4992 2479 5060 rapiunt
2507 4987 2693 5054 fures;
2734 4987 2834 5041 has
2860 4993 3064 5041 cremat
3093 4984 3238 5059 ignis
3261 4999 3413 5056 opes.

1657 5128 1891 5184 VARIA‘J
1927 5122 2334 5183 LECTIONES.

410 5267 479 5302 ’⁸⁸
493 5267 791 5324 lnfertmas.
811 5267 998 5322 inserit
1029 5265 1119 5320 illa
1193 5263 1822 5318 “‘Multalibentiamss.
1843 5227 2008 5317 multa
2025 5259 2245 5314 latentia
2321 5253 2924 5324 “’Ridetquoquemss.
2943 5259 3265 5324 ponunturn
3294 5247 3363 5324 ’f’
3379 5247 3622 5324 Cumqlte

342 5317 1301 5408 decor-uini-nissiqiiedqdedecorum
1341 5317 1349 5318 ί
1374 5317 1444 5366 ’⁸⁵
1459 5317 1796 5408 lliecmisero
1813 5331 2362 5408 I_otum_n_iis_eros_m§s.
2380 5327 2483 5408 heu
2509 5317 3207 5408 niis—ero'to’tttl‘tttttrpesimi;
3227 5317 3624 5408 Qalieltntisero

341 5387 1343 5476 iiﬁiﬁifiiiiééibs“7636.355diuus
1367 5387 1494 5459 mss.
1511 5387 1690 5476 quam
1712 5387 1899 5476 devius
1973 5401 2043 5433 ³⁸⁸
2075 5401 2270 5476 Carnis
2291 5397 2463 5476 lueret
2480 5387 3136 5476 intssia’rnishabet'vna.
3162 5387 3228 5443 0.
3255 5389 3436 5476 carnis
3463 5389 3624 5476 hebet

339 5461 413 5514 ίετί
431 5461 822 5550 διιτξῖξιῑίίίέιῑιο
1195 5461 1403 5550 anum
1474 5461 1834 5550 ’f‘lnceiriti!
1853 5473 1979 5527 new
2152 5469 2340 5550 ιιιείρει
2362 5483 2388 5520 a
2407 5465 2568 5550 ηοω.-
2605 5461 3624 5550 ²⁶ῖ,9ιιξιξὶιὲξῖὶν³,ιέξξῖῖεξφιιέξῐιιίὶεξιξο

341 5531 943 5622 privli‘iis“"§v‘6".i{n5’r3
960 5531 1080 5622 siiis
1107 5531 1234 5603 nisa.
1262 5531 1456 5622 acerba
1484 5547 1603 5601 sitis
1676 5531 1743 5576 '7"
1773 5543 2218 5622 llic_gemi_t__mss.
2246 5531 2364 5622 Iam
2410 5537 2575 5607 gemit
2613 5533 2744 5622 '1’:
2763 5531 3622 5622 geritiptacoujtigismultis}:

345 5600 938 5691 inpiae-conjagis-'3";
958 5600 1267 5678 Genusum
1307 5600 1658 5688 regidumque
1686 5631 1822 5687 puer
1851 5600 2005 5669 tiiiict
2031 5612 2118 5668 ille
2149 5600 2438 5682 parentem
2458 5623 2584 5662 mss.
2613 5605 2746 5660 Pars
2767 5602 3018 5671 (ψει-11111·
3038 5601 3209 5660 sterili
3245 5602 3382 5658 male
3405 5600 3613 5657 credita

345 5693 552 5748 semina
583 5699 742 5748 terra:
