3884 6052
373 309 478 364 705

371 427 436 484 Et
464 431 586 499 quis
612 444 717 485 non
744 429 886 499 quod
923 427 1138 499 plangat
1165 426 1347 493 habet,
1375 424 1633 494 nulloque
1659 422 1845 478 dolore

442 521 671 576 Saucius
691 529 795 584 est,
826 520 936 574 voti
965 534 1186 590 compos
1212 517 1413 588 ubique
1440 518 1562 574 sui?

368 612 485 667 Non
532 613 611 667 sic
637 609 830 666 blanda
855 611 926 644 ⁸⁷⁸
949 611 1092 667 favet
1133 611 1291 666 rebus
1323 610 1538 666 fortuna
1564 609 1842 677 secundis,

437 701 661 757 Misceat
687 710 745 755 ut
781 701 916 757 lmtis
945 701 1186 771 improba
1225 701 1382 757 triste
1415 701 1548 757 nihil
1584 717 1598 756 :

365 787 477 844 Nec
505 805 632 858 pars
656 790 728 823 ⁸⁷⁸
771 805 935 860 parva
967 791 1092 845 mali
1119 791 1263 846 vitiis
1292 792 1590 856 tabescere,
1623 799 1809 858 totque

435 878 662 947 Captivo
684 881 935 936 ardentes
961 891 1186 950 pectore
1213 882 1359 939 ferre
1389 883 1555 939 faces.

363 968 580 1039 Flagrat
609 973 858 1038 avaritia,
895 973 1036 1028 mala
1059 989 1213 1029 mens
1251 975 1594 1030 succenditur
1623 974 1732 1042 ira;

434 1059 503 1114 Et
529 1061 692 1115 modo
715 1077 916 1117 vesano
940 1062 1112 1119 fervet
1148 1079 1334 1118 amore
1373 1065 1562 1119 :velut

362 1147 596 1206 Interius
619 1161 785 1208 totam
825 1155 1026 1208 dudum
1057 1156 1370 1224 conceperit
1391 1157 1460 1188 ³⁷⁸
1485 1155 1766 1222 Ᾱζιιιιιθιη,

430 1235 518 1292 Nil
538 1256 752 1312 quoque
781 1245 925 1314 quod
949 1247 1138 1301 deceat
1165 1261 1307 1302 cazca
1331 1247 1513 1302 furore
1539 1247 1704 1302 videt.

359 1327 518 1402 Saepe
544 1349 737 1405 graves
755 1337 1005 1394 stimulos
1035 1339 1173 1394 livor
1194 1339 1368 1394 malus
1389 1339 1592 1394 excitat
1615 1339 1688 1394 illi
1715 1357 1728 1394 :

433 1427 590 1496 Saepe
619 1436 822 1483 metum
854 1437 1101 1498 generat,
1133 1443 1414 1499 spemque,
1441 1430 1653 1498 cupitns
1674 1429 1870 1486 honor.

357 1515 510 1572 Illum
539 1517 797 1582 luxuries,
834 1519 1091 1590 illumque
1119 1521 1370 1590 superbia
1403 1527 1580 1576 vastat
1607 1534 1624 1574 :

431 1609 585 1666 llnnc
617 1627 831 1682 quoque
855 1613 1088 1668 tristitize
1117 1628 1256 1668 szeva
1281 1615 1352 1644 ’⁷⁷
1381 1613 1616 1682 procella
1639 1613 1836 1684 quatit.

358 1698 506 1764 llzec,
537 1708 592 1755 et
620 1709 771 1771 plura
808 1714 1061 1772 premunt
1090 1719 1188 1758 nos
1222 1703 1382 1773 hujus
1420 1714 1662 1775 tempore
1692 1705 1817 1762 vita;
1838 1705 1938 1775 ἠς

429 1792 560 1857 Quae
591 1809 691 1848 nec
713 1794 796 1848 vel
829 1798 1012 1864 puncti
1045 1804 1286 1866 tempore
1310 1808 1455 1852 certa
1488 1807 1725 1854 manent.

353 1877 449 1935 llle
470 1880 631 1949 fame,
663 1883 844 1956 fungo,
876 1883 1034 1952 febri,
1063 1894 1337 1956 serpente,
1365 1889 1582 1958 sagitta,

425 1971 725 2041 Fluctibus,
755 1985 849 2031 aut
875 1976 1128 2042 ﬂammis,
1171 1978 1349 2045 hoste,
1383 1980 1592 2036 latrone
1621 1982 1868 2052 ρει-ευτ’.

352 2063 422 2118 Ει
446 2074 684 2120 nostram
719 2067 890 2122 morbi
926 2078 1279 2140 corrumpunt
1301 2071 1444 2126 mille
1472 2072 1731 2141 salutem;

423 2153 609 2210 Nullus
634 2157 702 2210 ab
731 2158 968 2214 humano
993 2175 1220 2230 corpore
1245 2161 1472 2231 languor
1494 2162 1563 2194 ³⁸⁸
1591 2165 1768 2220 abest.

353 2246 410 2302 Si
443 2264 585 2304 nunc
608 2250 676 2281 ’⁸³
710 2251 944 2319 aspicias
976 2253 1228 2308 animalia
1256 2262 1452 2310 caetera
1478 2271 1736 2327 queque;

421 2339 667 2397 Invenies
706 2344 870 2399 tantis
899 2345 1114 2399 subdita
1143 2345 1284 2400 nulla
1317 2347 1492 2403 malis.

349 2426 460 2481 Nos
489 2431 684 2498 capitis
713 2431 1055 2502 laterumque
1101 2434 1278 2501 dolor,
1310 2434 1586 2506 febrisque
1608 2438 1800 2510 fatigat
1831 2460 1845 2496 :

423 2519 616 2576 Totum
648 2522 920 2580 hominem
949 2526 1088 2580 tollit
1109 2527 1276 2596 lepra,
1304 2528 1559 2598 chiragra
1595 2547 1788 2588 manus
1828 2573 1846 2598 ,

351 2611 478 2666 Dira
508 2615 748 2686 podagra
781 2618 982 2686 pedes;
1013 2618 1202 2675 oculos
1228 2620 1524 2690 ophtalmia
1550 2635 1758 2680 caecat:

419 2701 644 2758 Obsidet
678 2706 874 2760 arctati
907 2709 1146 2778 pectoris
1173 2709 1384 2765 asthma
1416 2713 1552 2768 vias.

348 2792 500 2851 Laesa
529 2810 658 2851 suos
689 2798 894 2853 claudit
933 2799 1062 2856 lotio
1091 2802 1272 2856 vesica
1290 2803 1360 2835 ’θ’
1388 2817 1599 2861 meatus
1628 2821 1644 2861 :

419 2891 637 2947 Viscera
671 2903 990 2964 torquentur
1011 2896 1103 2963 ’3',
1129 2912 1361 2968 parsque
1391 2901 1664 2970 pudenda,
1689 2903 1932 2963 colns‘”.

345 2985 510 3055 200
533 2986 670 3041 Dens
691 2987 856 3052 dolet,
879 2998 971 3044 aut
992 2992 1194 3055 cervix;
1215 3006 1276 3048 os
1305 3001 1497 3064 torpet;
1515 2993 1693 3064 lingua
1719 2996 1931 3068 ligatur;

418 3074 581 3146 Splen
613 3083 814 3145 tumet;
843 3089 1071 3152 aegrotat
1098 3082 1302 3152 pulmo,
1334 3083 1544 3140 laborat
1571 3087 1760 3157 hepar.

341 3166 450 3222 Cor
470 3178 702 3237 marcet;
735 3186 892 3228 renes
915 3174 1227 3244 patiuntur;
1257 3174 1489 3232 solvitur
1511 3177 1698 3245 alvus;

413 3257 642 3315 Brachia
671 3262 744 3316 nil
777 3273 1033 3334 possunt;
1066 3263 1322 3338 languida
1355 3283 1517 3325 crura
1536 3269 1742 3341 jacent.

343 3350 564 3421 Singula
595 3370 698 3408 non
725 3359 911 3424 paucis
941 3374 1066 3428 pars
1093 3371 1178 3416 est
1205 3362 1440 3418 obnoxia
1470 3365 1677 3420 morbis
1703 3383 1718 3419 :

412 3440 479 3493 Et
497 3449 645 3509 patet
675 3443 860 3500 infelix
890 3448 956 3500 ad
983 3448 1121 3503 mala
1161 3458 1305 3506 totus
1331 3451 1514 3508 homo.

342 3529 458 3584 Non
489 3532 604 3586 lucc
630 3548 759 3604 ergo
807 3537 974 3604 salus,
1010 3555 1117 3594 non
1151 3542 1266 3598 haec
1287 3543 1417 3598 mihi
1445 3545 1556 3599 vita
1579 3545 1814 3602 videtur

412 3621 586 3688 Quam
617 3639 764 3680 mors
792 3629 1091 3700 exstinguit
1117 3631 1208 3699 ηδ,
1236 3633 1428 3690 tollere
1459 3636 1680 3692 morbus
1709 3638 1889 3696 habet.

339 3709 432 3767 Sic
461 3724 544 3768 est
575 3731 588 3768 :
620 3730 709 3773 res
739 3719 872 3774 istas
899 3721 1040 3777 male
1069 3722 1315 3793 publicus
1337 3729 1572 3783 aestimat
1598 3743 1783 3797 error;

415 3807 550 3864 Vilia
589 3821 734 3876 sunt,
769 3812 918 3868 stulti
951 3829 1071 3884 qua:
1095 3816 1334 3885 pretiosa
1363 3828 1558 3889 putant

334 3893 446 3954 Nos
472 3898 637 3972 igitur
657 3902 896 3971 ,fratres,
929 3921 1130 3977 quaeso,
1158 3908 1380 3965 meliora
1408 3925 1732 3984 sequamur,

409 3992 540 4059 Quae
566 4005 689 4050 sunt
715 3997 873 4069 digna
903 3997 1067 4066 bono,
1098 4015 1219 4071 quae
1243 4001 1486 4072 sapiente
1511 4003 1648 4059 viro.

335 4085 445 4139 Cur
475 4085 732 4142 Dominus
763 4105 965 4158 rerum,
997 4106 1170 4161 quare
1194 4092 1410 4148 deitatis
1442 4094 1616 4165 imago

404 4177 573 4234 Parva
598 4183 785 4252 cupis?
816 4186 1004 4253 cupias
1031 4185 1263 4239 maxima
1299 4202 1522 4254 magnus
1552 4189 1754 4244 homo?

331 4270 448 4326 Non
485 4274 643 4330 decet
669 4277 898 4333 artificis
931 4278 1065 4333 tanti
1097 4279 1340 4335 mirabile
1370 4280 1575 4350 plasma

403 4364 586 4420 Mirari
617 4370 852 4438 propriis
877 4381 1072 4426 cuncta
1105 4372 1313 4427 minora
1345 4372 1520 4428 bonis.

335 4451 480 4509 Luna
510 4457 604 4512 tibi
643 4459 826 4531 fulget,
863 4461 954 4517 tibi
988 4461 1220 4518 volvitur
1249 4464 1426 4519 orbita
1454 4464 1604 4532 solis,

403 4547 472 4602 Et
502 4551 593 4604 tibi
622 4561 751 4608 sunt
785 4562 894 4608 toto
925 4555 1102 4610 sidera
1133 4572 1316 4626 sparsa
1343 4557 1485 4628 polo.

332 4637 534 4710 Nempe
555 4642 671 4698 dies
699 4654 821 4700 tuus
855 4655 962 4712 cst,
992 4655 1078 4701 tua
1111 4663 1236 4712 nox,
1272 4657 1395 4704 tuus
1427 4650 1616 4722 igneus
1645 4653 1836 4708 aether:

401 4727 470 4782 Et
497 4727 590 4786 tibi
623 4743 960 4790 commutant
989 4743 1226 4806 tempora
1254 4754 1480 4810 qumque
1514 4743 1678 4799 vices.

329 4821 489 4880 Orbis
518 4830 786 4880 terrarum
823 4835 948 4884 tuus
969 4836 1053 4884 est
1083 4869 1099 4898 ,
1125 4838 1181 4887 et
1204 4832 1465 4905 quidquid
1493 4835 1562 4889 ab
1594 4835 1686 4892 illo

717 308 777 366 8.
815 307 1118 365 ANSELMI
1165 305 1518 364 CANTUAR.
1549 303 1872 364 ARCHIEP.

2023 302 2068 360 Ρ.
2099 301 2281 359 PARS
2325 301 2389 358 ll.
2425 332 2498 344 —
2535 299 2908 357 ΡΑΠᾸΞΝΕΤ.
2949 299 3040 356 ΕΤ
3069 299 3314 357 ASCET.

1976 426 2023 483 Λ
2122 415 2423 483 Clauditur,
2453 416 2680 472 arbitrio
2711 416 2962 472 subditur
2983 432 3145 472 omne
3171 426 3285 472 tuo.

3541 303 3651 357 τθδ

2053 505 2254 578 Nempe
2287 524 2486 579 parens
2508 524 2688 565 rerum
2709 509 2847 564 coelo
2876 509 3142 565 demissus
3167 511 3234 566 ab
3263 513 3393 577 alto,

2124 599 2203 654 Ad
2237 609 2324 656 tua
2355 603 2710 668 descendens,
2736 611 2819 658 est
2844 602 2938 656 tibi
2967 603 3144 659 factus
3173 603 3358 659 homo.

2053 689 2129 746 Te
2161 701 2342 747 manet
2365 693 2600 749 astriferi
2631 693 2933 749 clarissima
2971 693 3118 763 regia
3145 694 3320 764 regni,

2125 783 2203 838 Tu
2225 799 2442 856 quoque
2465 801 2526 841 es
2552 785 2740 840 aeterni
2777 786 2918 857 regis
2949 786 3128 856 imago
3159 786 3236 840 tui
3263 785 3353 838 ³⁸⁸.

2051 873 2194 945 Ergo
2219 884 2273 930 tu
2311 885 2512 944 tantus,
2539 877 2631 947 qui
2667 877 2831 932 tantis
2856 886 3053 932 uetera
3087 877 3283 946 vincis,

2123 969 2188 1023 Et
2217 969 2397 1024 minor
2423 984 2484 1025 es
2511 970 2626 1025 solo
2650 979 2844 1025 cuncta
2877 979 3102 1026 creante
3126 971 3236 1026 Deo
3265 988 3281 1026 :

2049 1059 2169 1114 Noli
2198 1067 2250 1114 te
2279 1075 2446 1128 regno
2467 1061 2672 1131 peccati
2699 1060 2934 1116 subdere
2962 1079 2976 1115 :
3007 1061 3136 1124 noli,

2123 1150 2250 1218 Quae
2271 1151 2432 1207 citius
2458 1153 2690 1222 fugiunt,
2723 1152 2822 1207 ista
2850 1153 3054 1207 caduca
3083 1153 3258 1222 sequi.

2051 1242 2157 1299 Sed
2185 1253 2394 1315 satagat
2423 1245 2655 1302 humiles
2697 1245 2879 1299 animo
2909 1245 3298 1302 transcendere
3329 1253 3534 1315 terras,

2121 1335 2454 1409 Arctumque
2482 1341 2550 1394 ad
2572 1337 2740 1395 caelos
2767 1339 2948 1408 arripe
2973 1337 3130 1394 fortis
3162 1338 3286 1395 iter.

2049 1429 2195 1497 Vita,
2223 1430 2390 1497 salus,
2419 1431 2700 1486 hominum
2741 1444 2957 1502 quoque
2983 1437 3202 1500 caetera,
3231 1430 3411 1487 fumus
3438 1441 3493 1488 et
3518 1449 3644 1490 mu-

3291 1523 3410 1595 [bra
3440 1537 3559 1582 cst:

2118 1612 2313 1671 Omnia
2346 1622 2695 1686 praetereunt,
2725 1615 2870 1670 nulla
2903 1630 3125 1672 manere
3160 1615 3308 1672 vides
3341 1635 3356 1671 :

2047 1705 2162 1762 Non
2190 1716 2242 1762 te
2265 1722 2384 1777 qua}
2410 1717 2638 1777 pereunt
2661 1707 2928 1764 delectent
2970 1708 3153 1764 infima
3188 1725 3203 1775 ;
3237 1725 3343 1765 non
3373 1718 3426 1765 te
3488 1734 3497 1748 ο

1974 1775 2017 1835 Β
2117 1775 2603 1856 Οωιθέιεηι-ΐωάθι
2631 1800 2854 1871 pulvere
2882 1810 3023 1856 terra
3054 1817 3174 1857 suo.

2046 1893 2157 1948 Nec
2185 1902 2236 1948 te
2257 1893 2554 1963 pmcipitct
2577 1894 2756 1949 carnis
2777 1893 3082 1950 malesuada
3121 1893 3370 1965 voluptas
3403 1913 3418 1950 :

2114 1983 2226 2041 Nec
2252 1985 2429 2040 trahat
2454 1983 2718 2041 illecebris
2747 2000 2890 2050 esca,
2919 2000 3198 2056 venusque
3233 1988 3365 2043 suis.

2045 2074 2367 2144 Pcrpetuum
2402 2073 2498 2128 tibi
2525 2074 2595 2129 sit
2619 2075 2857 2130 studium
2885 2067 3103 2131 virtutis
3123 2085 3180 2131 et
3203 2077 3368 2132 ardor
3395 2095 3410 2132 :

2113 2165 2262 2222 Mens
2289 2175 2377 2221 tua
2409 2166 2669 2222 continuo
2699 2166 2890 2239 ﬂagret
2917 2182 3104 2223 amore
3133 2168 3260 2223 boni
3279 2170 3372 2224 ⁸⁸⁷.

2041 2258 2234 2325 Quaere
2268 2259 2391 2314 boni
2417 2260 2490 2294 ’⁸⁸
2523 2258 2727 2314 fontem
2767 2259 3027 2314 virtutum
3057 2261 3327 2333 passibus,
3358 2269 3415 2317 et
3439 2270 3491 2318 te

2111 2346 2272 2402 Istius
2299 2347 2462 2403 fontis
2493 2357 2695 2405 torreat
2727 2365 2829 2404 una
2863 2349 2996 2404 suis.

2041 2438 2269 2493 Sarcina
2293 2451 2603 2496 currentem
2639 2450 2688 2496 te
2709 2441 2893 2496 mundi
2927 2440 3069 2495 nulla
3102 2441 3382 2499 retardet:

2113 2529 2305 2585 Totum
2333 2531 2545 2588 declina
2571 2533 2830 2604 quidquid
2865 2534 3058 2589 obesse
3089 2534 3241 2589 solet.

2039 2622 2173 2678 Cum
2201 2635 2256 2679 tu
2282 2626 2566 2695 pervenies
2594 2626 2748 2681 hctus
2777 2625 3014 2696 felixque
3040 2627 3240 2693 viator,

2110 2715 2177 2769 Et
2206 2716 2328 2771 data
2354 2717 2550 2772 vivifici
2579 2719 2734 2789 copia
2767 2719 2931 2774 fontis
2959 2719 3067 2774 erit
3090 2759 3105 2784 ,

2037 2803 2304 2862 Etcrnus
2342 2807 2460 2873 fies,
2492 2809 2733 2879 sapiens,
2760 2824 2998 2880 vereque
3027 2811 3221 2866 beatus
3255 2852 3268 2865 .

2108 2899 2314 2954 Cuncta
2344 2900 2438 2954 tibi
2464 2899 2665 2955 fuerint
2698 2915 2976 2971 prospera,
3016 2901 3172 2958 triste
3199 2902 3353 2958 nihil.

2039 2992 2209 3062 Inque
2243 3005 2342 3046 suo
2367 3007 2547 3063 regem
2578 3007 2672 3048 rex
2700 2993 2814 3064 ipse
2849 2981 3046 3050 decore
3071 2994 3298 3061 videbis,

2109 3083 2294 3153 Deque
2320 3082 2570 3139 bcatitieo
2593 3083 2796 3139 lumine
2822 3085 3002 3140 lumen
3034 3087 3144 3141 eris
3168 3085 3264 3140 ²⁸⁹.

2037 3170 2204 3226 Nullae
2239 3170 2436 3226 mentis
2463 3179 2623 3227 erunt
2656 3174 2923 3236 tenebrae;
2953 3173 3048 3229 sed
3077 3183 3236 3229 nocte
3261 3173 3447 3246 fugata

2105 3264 2254 3321 Intus
2281 3265 2385 3320 erit
2412 3279 2604 3335 perpes
2623 3273 2679 3319 ct
2707 3264 2828 3320 sine
2857 3266 3000 3320 nube
3031 3265 3167 3322 dies.

2034 3355 2186 3410 Tunc
2215 3369 2396 3410 rerum
2425 3370 2624 3420 cause,
2667 3356 2953 3426 scriptura:
2981 3356 3166 3411 clausa
3199 3357 3460 3426 patebunt
3494 3375 3509 3412 :

2106 3446 2296 3502 Omnia
2329 3447 2476 3503 clara
2507 3448 2625 3513 tibi,
2659 3448 2926 3519 plenaque
2956 3448 3094 3504 lucis
3124 3459 3305 3504 erunt.

2032 3535 2185 3592 Tunc
2215 3538 2268 3592 in
2296 3537 2543 3594 vivorum
2573 3539 2693 3594 beta
2727 3540 2947 3609 regione
2970 3540 3180 3595 videbis

2101 3626 2233 3694 Quae
2259 3627 2401 3683 bona
2425 3629 2536 3684 sint
2568 3628 3128 3699 Domini,quantaque
3155 3631 3294 3684 dona
3327 3629 3441 3684 Dei.

2031 3717 2174 3772 Mors
2200 3718 2396 3784 aberit,
2430 3719 2670 3785 morbus,
2705 3719 2876 3786 labor,
2917 3721 3110 3787 hostis,
3141 3736 3290 3788 cura,
3335 3733 3621 3791 senectus,

2101 3811 2216 3867 Non
2246 3813 2411 3868 habet
2435 3812 2552 3868 haec
2577 3812 2706 3868 felix
2731 3813 2820 3867 illa
2851 3828 3086 3883 superna
3120 3814 3333 3869 domus.

2030 3905 2146 3958 Non
2178 3905 2339 3961 timor
2373 3904 2565 3961 afﬁciet
2597 3915 2834 3973 sanctos,
2860 3921 3161 3976 sensusque
3191 3906 3396 3962 doloris
3426 3925 3441 3962 :

2104 3996 2294 4054 IEstus
2316 3999 2368 4053 in
2397 3999 2481 4053 his
2514 3998 2712 4062 nullus,
2739 3998 2938 4068 frigora
2968 3999 3115 4054 nulla
3147 3999 3302 4055 locis.

2029 4088 2198 4143 Nemo
2223 4090 2309 4144 hic
2337 4089 2609 4155 esuriens,
2632 4091 2810 4146 nudus
2832 4106 3049 4162 quoque
3079 4107 3262 4161 nemo,
3295 4092 3389 4147 sed
3415 4107 3561 4147 unus

2111 4181 2374 4238 Omnibus
2403 4197 2564 4238 onme
2587 4184 2786 4238 bonum
2817 4184 2932 4252 fiet,
2977 4186 3207 4255 eritque,
3237 4187 3397 4241 Deus.

2029 4272 2167 4329 Urbs
2198 4275 2313 4328 haec
2347 4289 2454 4328 non
2488 4274 2650 4341 lume,
2682 4291 2792 4330 non
2828 4275 3032 4332 lumine
3062 4277 3195 4332 solis
3220 4277 3431 4347 egebit;

2099 4369 2326 4435 Semper
2346 4367 2450 4420 erit
2477 4381 2675 4438 magno
2697 4365 2810 4422 sole
2837 4381 3030 4423 serena
3065 4368 3195 4422 Deo.

1947 4489 1995 4546 υ
2028 4456 2267 4526 Denique
2291 4457 2561 4527 iustorum
2593 4467 2849 4527 tanquam
2890 4457 2971 4514 sol
3000 4458 3232 4529 quisque
3264 4459 3454 4516 nitehit
3484 4478 3497 4515 :

2096 4549 2202 4604 Ista
2225 4549 2497 4605 redonatce
2518 4549 2685 4620 gloria
2725 4549 2909 4605 carnis
2938 4549 3063 4604 erit.

2025 4644 2261 4715 Spiritus
2288 4645 2515 4699 summis
2540 4643 2778 4712 aequabit
2801 4643 2975 4714 gratia
3007 4642 3148 4714 regis
3183 4660 3196 4696 :

2094 4738 2200 4793 Pro
2229 4738 2428 4808 quibus
2453 4747 2539 4792 est
2565 4735 2708 4791 ultro
2736 4750 2931 4806 passus
2960 4751 3144 4790 amara
3164 4735 3362 4791 crucis.

2025 4829 2101 4888 Ad
2127 4840 2366 4885 montem
2396 4829 2522 4885 vitae
2551 4829 2618 4884 de
2645 4828 2836 4884 mortis
2865 4827 3007 4884 valle
3031 4827 3102 4860 ’³ο
3125 4828 3382 4884 reductus

1619 5007 1705 5063 VA
1718 5006 1854 5064 RIZE
1893 5005 2183 5064 LECTION
2193 5006 2294 5061 ES.

394 5159 467 5192 ³⁷³
489 5160 754 5236 Nuncgsic
773 5161 964 5236 hianda
1003 5179 1100 5215 ms.
1136 5161 1201 5216 0.
1236 5165 1462 5236 nonsic
1503 5165 1696 5220 blanda
1773 5167 1842 5198 ’⁷⁸
1871 5165 1984 5236 Non
2032 5181 2158 5236 pars
2185 5181 2284 5220 ms.
2325 5163 2391 5220 0.
2435 5177 2690 5236 necpars
2765 5164 2836 5195 ’⁷⁸
2875 5162 3357 5236 Conceperat_}ns_._
3383 5159 3608 5236 Utcun-

325 5233 569 5314 ceperit-
601 5234 678 5314 ξπ.
703 5231 944 5287 Tristitia
977 5249 1114 5287 saeva
1144 5251 1270 5314 mss.
1300 5235 1537 5314 tristitie
1572 5253 1713 5292 saeva
1780 5238 1860 5314 3"
1887 5230 2155 5314 Tempore
2205 5237 2330 5314 vitae
2383 5252 2484 5288 ms.
2529 5230 2654 5314 595:
2693 5243 2930 5314 tempora
2989 5230 3155 5314 vitfe.‘
3189 5230 3258 5314 ’.⁷⁸
3303 5231 3397 5314 Ille
3438 5232 3604 5314 fame,

327 5300 511 5384 [9ng,
545 5303 714 5384 febri,_
731 5316 1003 5373 serpente,
1047 5305 1262 5371 sagitta.
1298 5305 1594 5384 Fluctibus,
1644 5318 1736 5384 aut
1767 5300 2036 5384 ilammis,
2068 5306 2251 5384 hoste,
2297 5305 2710 5384 latrone_pcr_it_._
2739 5300 2837 5358 ms.
2868 5302 2950 5384 Ὀ.
3007 5304 3156 5384 addit
3190 5303 3293 5384 [ioc
3343 5303 3605 5384 disticho]:

435 5376 673 5443 Corpora
701 5374 930 5443 laugnOr
953 5390 1338 5454 mssacorpore
1369 5377 1597 5446 languor
1764 5377 1855 5454 Sic
1876 5393 2016 5432 nunc
2043 5394 2167 5454 mss.
2199 5380 2240 5432 si
2267 5391 2411 5454 nunc
2452 5375 2745 5454 Δξξξζλίιιιὶη
2771 5375 2954 5454 vesica
2977 5390 3101 5428 mss.
3130 5374 3260 5427 lotio
3277 5373 3454 5454 vesica
3535 5373 3606 5454 ’ff

329 5440 1574 5525 XiSCSEI‘a—ltll't]llt‘llilll'ttt§_{._VlS(‘el;:lltitrellillli.
1617 5449 1721 5525 3’“
1756 5448 1921 5504 Colon
1953 5465 2075 5525 mss,
2116 5447 2180 5502 0.
2216 5449 2377 5525 Solus
2426 5445 2689 5525 _’”_Mors
2717 5444 3141 5525 extingnisﬂmss.
3164 5458 3306 5525 mors
3323 5443 3608 5525 extinguit

327 5513 404 5595 ιξνδ.
449 5515 626 5595 Imago
668 5513 742 5569 tui
795 5531 891 5595 ius.
954 5517 1080 5595 5973:
1116 5515 1291 5586 imago
1352 5517 1454 5595 Dei
1484 5589 1491 5595 .
1521 5519 1590 5595 "f7
1617 5519 1764 5595 Mens
1794 5531 1883 5574 tua
1918 5519 2185 5595 continuo
2211 5519 2398 5595 flagret
2426 5516 2684 5595 bonitatis
2721 5513 2904 5595 amore
2932 5530 2947 5568 :
2978 5513 3070 5595 Sig
3099 5514 3240 5595 Perii
3268 5515 3605 5595 “cnﬁdo?

327 5583 688 5665 [ititt‘i‘ltlllllllil
723 5588 856 5665 rogi.
887 5603 1020 5665 mss.
1045 5583 1366 5665 Perpetuum
1400 5587 1492 5665 tibi
1519 5591 1589 5665 sit
1619 5591 1853 5665 studium
1882 5589 2179 5665 virtutis_ct
2200 5583 2381 5665 ardor,
2425 5587 2572 5665 NAG-IIS
2606 5587 2986 5665 tuahcontinuu
3033 5583 3223 5655 ﬂagret
3257 5598 3445 5665 aluere
3472 5585 3604 5664 boni

327 5650 347 5680 ³
375 5653 403 5730 ’⁸.
429 5651 630 5730 “Quare
664 5650 951 5730 boui-nm.
984 5650 1177 5722 Quaere
1215 5657 1338 5730 boni
1413 5658 1483 5689 ’⁸³
1543 5659 1766 5730 Lumine
1817 5660 1993 5714 lumen
2038 5660 2146 5713 eris
2190 5659 2252 5713 In
2292 5650 2390 5730 nisi.
2416 5657 2526 5730 759.")
2592 5656 2799 5730 capticit
2871 5657 2953 5712 hic
2988 5650 3202 5730 carmen
3252 5653 3394 5709 istud
3425 5671 3446 5708 :
3486 5655 3604 5708 etei

322 5721 672 5790 subjiciuntur
736 5724 910 5790 plures
981 5743 1154 5783 versus
1219 5729 1503 5783 hexametri
1579 5730 1648 5762 ¹⁹⁰
1683 5729 1754 5786 De
1787 5730 1976 5788 mortis
2006 5731 2145 5786 valle
2169 5747 2264 5785 ms.
2299 5729 2362 5784 0.
2395 5729 2461 5784 de
2488 5721 2665 5785 noctis
2685 5727 2818 5783 valle
