3910 6018
279 173 389 232 706

355 287 502 343 Civis
529 287 636 342 erit
665 285 787 343 felix
813 287 982 344 miser
999 286 1155 343 exsul
1179 288 1362 345 homo.

284 377 449 434 Urbis
477 379 622 432 enim
647 378 951 433 illius'Deus
972 387 1058 434 est
1083 379 1414 449 respublica;
1451 389 1508 436 et
1535 381 1661 437 inde

353 470 586 526 Grandis
617 470 688 525 ibi
715 479 800 526 est
836 472 1049 526 cunctis
1075 473 1250 542 copia,
1275 472 1455 528 nullus
1478 484 1622 544 eget.

279 560 398 615 Non
417 561 580 630 igitur
603 562 829 617 deerunt
859 562 1000 632 regis
1023 563 1116 617 tibi
1143 564 1210 598 ὀί
1243 577 1500 629 munera;
1531 574 1724 633 necte,

353 653 453 720 Qui
479 654 700 708 meritos
735 654 942 724 magnis
965 655 1034 686 ³⁸³
1061 655 1218 714 ditat.
1243 671 1404 727 egere
1424 659 1586 713 sinet.

279 743 417 799 Nam
442 760 565 799 cum
593 745 664 776 ³⁸⁸
692 747 939 816 gustabis
965 747 1034 803 de
1053 748 1179 804 vitae
1205 747 1352 803 fonte
1381 751 1627 820 perenni,

353 834 420 889 Et
438 833 656 889 dabitur
685 850 900 891 summo
930 838 1431 908 partieiparebono
1457 880 1474 904 ,

280 925 470 997 Magna
494 925 742 992 scientia,
768 927 936 982 multa
972 929 1213 999 potentia
1238 928 1331 993 ω,
1364 929 1499 984 mira
1525 928 1795 1001 voluptas,

350 1018 665 1075 Reddentur
686 1021 812 1076 vita:
834 1021 905 1053 m
938 1021 1252 1091 militiaeque
1279 1028 1404 1078 tute.
1451 1041 1464 1052 -·

276 1110 413 1178 Quis
436 1111 635 1180 poterit
662 1111 788 1177 fari,
825 1111 949 1182 quis
974 1113 1236 1176 scribere,
1268 1113 1392 1182 quis
1415 1113 1684 1179 meditari,

349 1200 480 1269 Qua:
505 1201 660 1256 dabis
685 1202 737 1256 in
768 1202 923 1259 oculis
955 1203 1174 1272 przemia
1195 1203 1408 1258 Christe
1442 1204 1582 1258 tuis?

277 1293 425 1362 llaec,
469 1295 814 1350 monachim
861 1293 1080 1364 fratres,
1133 1295 1251 1352 hzec
1286 1304 1398 1351 tota
1449 1304 1631 1352 mente
1671 1310 1866 1366 sequa-

1599 1391 1747 1466 [mur
1779 1412 1792 1448 :

345 1486 499 1541 Nulla
532 1486 870 1542 salutiferum
895 1501 1060 1543 causa
1096 1495 1344 1542 moretur
1372 1486 1500 1540 iter.

277 1578 348 1634 Ut
370 1579 666 1648 maiestatis
698 1580 984 1636 Dominum
1018 1577 1150 1634 mihi
1177 1593 1402 1634 cernere
1427 1580 1612 1645 detur,

348 1670 416 1726 Ut
451 1673 633 1738 decus,
665 1681 720 1728 et
743 1681 953 1728 tantum
984 1673 1067 1729 fas
1097 1674 1171 1728 sit
1195 1673 1398 1729 habere
1427 1671 1648 1733 bonum,

272 1758 584 1816 Thesauros
610 1763 875 1828 Arabum,
895 1776 1130 1827 mensas,
1169 1769 1224 1817 et
1255 1761 1480 1831 prandia
1508 1776 1716 1832 regum,

344 1852 618 1924 Quidquid
651 1854 817 1910 habet
846 1854 1083 1910 mundus
1099 1854 1298 1924 deputo
1320 1853 1424 1908 vile
1445 1852 1637 1907 lutum.

269 1942 533 2014 Quisquis
559 1945 623 2000 ad
653 1947 768 2001 iure
795 1946 962 2017 igitur
982 1945 1220 2016 paradisi
1246 1945 1439 2016 gaudia
1466 1945 1662 2011 tendis,

344 2034 576 2090 Sedulus
601 2045 883 2106 angustam
907 2052 1071 2101 nunc,
1099 2051 1218 2105 age,
1235 2036 1383 2092 disce
1412 2036 1576 2101 viam,

273 2123 352 2180 Ne
378 2124 530 2180 laxes
571 2125 715 2180 vitiis
745 2135 988 2198 angusta:
1013 2126 1212 2182 mentis
1241 2125 1504 2190 habenas,

345 2214 523 2268 Divini
557 2229 770 2284 semper
799 2215 950 2270 frena
985 2216 1194 2270 timoris
1222 2216 1380 2272 habe.

271 2305 537 2376 Exspecta
567 2307 875 2372 Dominum,
910 2306 1136 2363 formida
1163 2307 1362 2378 iudicis
1388 2307 1522 2362 iram

343 2396 408 2450 Et
432 2397 575 2467 quod
603 2398 869 2468 promittit
902 2413 1000 2452 rex
1027 2399 1143 2464 tibi,
1176 2397 1332 2454 miles
1358 2413 1504 2452 ama.

272 2489 540 2546 Parvulus
567 2501 703 2556 esto,
740 2491 883 2558 vide,
912 2492 1111 2548 mentis
1141 2493 1348 2563 depone
1378 2499 1677 2556 tumorem;

345 2580 506 2637 Porta
541 2581 632 2638 Dei
656 2583 880 2649 nullum,
914 2584 1007 2654 qui
1041 2592 1214 2640 tumet
1235 2584 1328 2649 "7,
1366 2594 1517 2640 arcta
1547 2584 1714 2654 capit.

271 2671 522 2729 Vitamus
552 2682 740 2733 tauros
767 2689 938 2730 cornu
980 2685 1035 2731 et
1065 2675 1278 2731 cervice
1305 2677 1574 2742 minaces;

339 2761 459 2820 Non
487 2765 572 2821 leo
623 2781 727 2820 non
745 2774 955 2834 taurus,
989 2781 1095 2822 non
1117 2781 1317 2837 equus;
1347 2782 1516 2839 agnus
1544 2767 1654 2823 eris

1339 175 1627 235 CARMEN
1666 178 1756 236 DE
1794 174 2220 237 CONTEMPTU
2257 176 2498 236 MUNDL
3459 191 3565 246 τοῦ

1896 301 1942 356 Α
1972 290 2156 363 Agno;
2192 291 2337 347 nulla
2362 294 2537 365 magis
2563 310 2762 367 agnum
2783 295 2940 366 juvat
2969 296 3148 352 hostia
3177 296 3453 355 Christum
3485 319 3500 354 :

2051 381 2236 453 Agnus
2270 385 2379 440 eris
2398 385 2615 442 Christo
2637 389 2984 458 simplicitate
3021 397 3110 443 tua

1977 471 2223 530 Ol'fertur
2250 477 2480 534 Domino
2503 487 2700 545 turtur,
2726 481 3064 552 simplexque
3085 482 3334 539 columba
3368 503 3382 538 :

2047 564 2241 622 Castus
2267 568 2377 623 eris
2401 579 2600 636 turtur,
2634 571 2828 626 blanda
2855 572 3102 627 columba
3135 589 3378 644 gemens.

1975 655 2271 725 Quot-sunt
2291 661 2382 727 m,
2419 663 2511 732 qui
2548 663 2773 718 Domino
2801 679 2860 720 se
2885 673 3220 728 castravere,
3247 667 3422 731 beati;

2044 753 2307 812 Tartarus
2365 757 2652 827 incestos,
2725 757 3080 833 ﬂammaque,
3137 776 3394 830 morsque
3443 779 3561 816 ma-

3223 850 3376 923 [nent
3395 853 3487 907 ην.

1974 933 2198 991 Summa
2226 937 2444 1008 quidem
2473 939 2648 995 virtus
2674 941 2924 996 monachi
2956 956 3150 1010 parere
3182 942 3382 1012 priori;

2043 1028 2210 1086 Ferre
2226 1029 2414 1101 jugum
2445 1048 2669 1096 normte,
2702 1048 2867 1102 seque
2899 1049 3098 1105 negare
3126 1035 3251 1090 sibi.

1973 1119 2241 1189 Quidquid
2271 1122 2566 1190 praecipiet,
2598 1136 2724 1177 mox
2752 1132 2806 1178 et
2835 1123 2954 1178 sine
2981 1139 3259 1178 murmure
3287 1139 3444 1180 serva
3481 1141 3498 1181 :

2041 1206 2333 1264 Peccatum
2364 1211 2538 1265 solum
2572 1211 2887 1267 dedecuisse
2908 1221 3056 1282 puta.

1969 1297 2087 1356 Non
2123 1299 2245 1355 vilis
2275 1301 2458 1365 vestis,
2481 1317 2587 1357 non
2618 1301 2842 1358 te.loeus
2865 1303 3088 1359 ultimus
3111 1315 3272 1372 angat

2044 1392 2202 1463 Stepe
2228 1393 2308 1448 tui
2338 1394 2534 1450 stultos
2557 1395 2764 1450 ordinis
2795 1397 2896 1450 ista
2925 1407 3165 1452 movent.

1971 1481 2079 1538 Sed
2109 1483 2154 1538 si
2189 1498 2288 1539 nos
2318 1499 2453 1539 sane
2483 1485 2746 1554 sapimus.
2769 1486 2815 1540 si
2855 1501 2982 1540 vera
3004 1486 3272 1552 fatemur;

2039 1573 2366 1644 Aggreditur
2398 1576 2569 1631 virtus
2600 1577 2791 1642 ardua,
2818 1577 2952 1631 dura
2987 1578 3202 1647 probat.

1898 1657 1938 1716 Β
1969 1664 2071 1733 Qui
2102 1667 2203 1720 sibi
2235 1665 2467 1732 vilescit,
2497 1669 2588 1739 qui
2611 1682 2672 1724 se
2695 1668 2831 1724 nihil
2857 1669 3088 1725 aestimat
3113 1685 3268 1738 esse,

2042 1758 2110 1813 Et
2139 1758 2313 1824 timet,
2343 1767 2399 1814 et
2433 1761 2618 1816 mundi
2645 1760 2822 1815 labilis
2850 1761 2954 1816 alta
2986 1759 3142 1831 fugit,

1969 1850 2068 1906 Hie
2091 1860 2174 1906 est
2199 1859 2257 1906 et
2286 1852 2527 1922 sapiens,
2551 1861 2607 1907 et
2643 1853 2782 1908 coelo
2811 1854 3094 1923 proximus
3125 1855 3229 1909 iste
3256 1871 3271 1921 ;

2038 1943 2152 1999 Non
2172 1944 2289 2000 sine
2323 1961 2380 2001 re
2401 1946 2651 2001 monachi
2683 1962 2881 2002 nomen
2906 1947 3068 2001 inane
3093 1949 3271 2019 gerit;

1970 2034 2027 2092 Si
2062 2037 2174 2090 vult
2205 2035 2390 2102 ditari,
2429 2035 2474 2091 si
2505 2051 2672 2092 vanos
2701 2038 2872 2092 ambit
2906 2039 3140 2095 honores
3162 2039 3231 2072 ’°°
3257 2077 3276 2103 .

2037 2126 2215 2181 lnduit
2243 2126 2514 2182 occultum
2540 2128 2695 2197 peliis
2723 2129 2883 2183 ovina
2915 2128 3120 2200 lupum.

1968 2215 2075 2273 Sed
2102 2217 2194 2287 qui
2223 2225 2419 2272 cuncta
2449 2217 2595 2273 videt
2623 2219 2808 2273 mundi
2844 2218 2965 2288 pius
2993 2217 3217 2285 arbiter,
3257 2217 3348 2273 ille

2037 2311 2199 2368 Novit
2222 2327 2371 2378 oves,
2407 2313 2599 2368 tacitos
2622 2312 2776 2368 novit
2806 2323 2860 2368 ct
2889 2312 3004 2382 ipse
3031 2313 3202 2383 lupos.

1967 2405 2092 2463 "ire
2118 2406 2283 2477 igitur
2322 2405 2622 2461 monachus
2649 2405 2810 2461 labiis
2839 2414 2896 2460 et
2922 2408 3086 2462 corde
3118 2405 3426 2476 frequentet
3447 2403 3516 2438 ³⁸⁸
3541 2416 3557 2454 ε

2039 2497 2118 2554 Te
2148 2497 2299 2563 mihi,
2334 2507 2384 2552 te
2410 2497 2585 2552 solum
2611 2497 2698 2560 da,
2733 2497 2899 2561 Deus,
2932 2505 2987 2552 et
3015 2496 3150 2552 satis
3176 2505 3278 2552 est.

1965 2589 2012 2646 0
2040 2599 2189 2644 certe
2214 2587 2341 2643 felix
2374 2589 2665 2660 possessio,
2699 2603 2926 2658 qumque
2952 2588 3172 2641 beatum

2040 2680 2165 2737 Sola
2194 2679 2358 2736 facit!
2392 2679 2651 2736 miserum
2688 2688 2884 2735 czetera
2917 2677 3126 2749 pondus
3157 2677 3378 2734 habent.

1198 2896 1405 2957 ALIUD
1454 2895 1742 2954 CAliIllEN
1782 2895 1872 2952 DE
1919 2892 2348 2952 CONTEMPTU
2391 2891 2632 2948 MUNDl.

269 3012 411 3081 Quid
460 3012 723 3084 probitas,
754 3012 883 3084 quid
909 3012 1179 3078 nobilitas,
1217 3013 1318 3068 nisi
1345 3029 1492 3068 mors
1519 3010 1860 3067 animarum?
1888 3011 1934 3075 C
1964 3008 2122 3079 201
2163 3005 2318 3062 Sicut
2345 3016 2400 3060 et
2424 3007 2477 3060 in
2507 3004 2682 3059 ﬂuviis
2707 3001 2824 3057 ﬂuit
2852 3001 3225 3059 irrevocabizis
3252 3003 3420 3069 unda,

273 3102 425 3159 Unde
453 3102 697 3172 superbit
723 3103 905 3168 homo,
938 3118 1060 3158 cum
1087 3110 1302 3158 constet
1331 3103 1474 3172 quod
1511 3100 1822 3158 moriatur?

270 3193 406 3247 Nam
438 3208 565 3248 caro
603 3193 870 3259 mortalis,
900 3203 954 3250 et
983 3195 1229 3264 quisquis
1257 3195 1306 3250 ei
1332 3193 1642 3259 famulatur,

274 3283 452 3339 Morte
477 3284 618 3354 perit
653 3284 881 3354 duplici,
913 3287 1038 3356 quia
1069 3295 1192 3356 post
1221 3286 1424 3341 obitum
1455 3285 1748 3340 cruciatur.

269 3375 410 3443 Quid
439 3375 656 3446 prodest
686 3377 912 3447 homini,
947 3380 992 3433 si
1023 3380 1172 3434 vivat
1199 3377 1394 3434 saecula
1426 3387 1642 3434 centum
1663 3417 1678 3443 ,

271 3469 405 3524 Cum
435 3472 672 3527 moriens
692 3470 854 3524 vitam
890 3470 1152 3524 transisse
1194 3477 1344 3540 putet
1373 3469 1530 3540 quasi
1561 3469 1824 3525 ventum?

271 3562 411 3630 Quid
448 3563 668 3634 prodest
691 3562 894 3618 homini
928 3577 1025 3618 sua
1053 3560 1238 3615 fenore
1264 3561 1401 3615 farta
1439 3575 1719 3625 crumena,

272 3653 331 3709 Si
352 3670 448 3726 per
471 3671 591 3711 eam
618 3663 902 3711 consumat
931 3669 1055 3708 eum
1080 3653 1198 3708 sine
1223 3661 1464 3724 tempore
1490 3652 1692 3722 paena?

278 3746 346 3803 Ut
382 3748 510 3817 quid
541 3749 702 3802 homo
731 3747 927 3818 gaudet
956 3747 1022 3801 de
1051 3745 1236 3799 mundi
1267 3746 1655 3816 prosperitate,

272 3839 404 3907 Qua:
431 3840 652 3894 nimium
681 3839 858 3896 brevis
883 3849 991 3904 est,
1021 3846 1076 3894 et
1108 3838 1338 3893 habetur
1363 3839 1414 3891 in
1443 3837 1751 3892 anxietate?

272 3932 618 4003 Prosperitas
648 3934 830 3990 mundi
865 3934 974 3988 cito
1009 3931 1222 3997 transit,
1246 3941 1303 3987 et
1326 3930 1664 3988 annihilatur
1697 3949 1712 3986 :

276 4024 429 4082 Unde
453 4025 588 4080 satis
615 4025 783 4081 claret
813 4026 1068 4096 quoniam
1100 4025 1234 4082 nihil
1259 4039 1378 4082 esse
1402 4025 1687 4097 probatur.

274 4117 385 4173 Res
416 4116 574 4187 hujus
616 4119 824 4185 mundi,
846 4129 1111 4191 quotquot
1149 4129 1343 4176 natura
1374 4114 1600 4184 ci'eavit,

275 4209 415 4264 Sunt
439 4210 594 4280 quasi
627 4209 722 4265 llos
753 4211 892 4284 agri,
921 4227 1082 4282 quem
1112 4211 1284 4282 frigus
1314 4221 1370 4266 et
1400 4228 1536 4266 aura
1557 4212 1857 4280 cremavit,

275 4302 430 4359 Sicut
453 4303 596 4357 enim
635 4302 794 4359 ﬂores
818 4305 1061 4359 autumni
1097 4315 1335 4374 tempore
1365 4304 1499 4370 nati,

274 4393 499 4464 Frigore
535 4403 874 4449 marcescunt
899 4395 952 4449 in
989 4404 1179 4450 ventos
1210 4395 1289 4452 ire
1319 4395 1494 4465 parati
1521 4413 1535 4449 :

277 4486 369 4542 Sic
389 4487 498 4542 cito
531 4486 811 4552 deficiunt,
848 4503 966 4557 qua:
997 4488 1229 4543 mundus
1257 4487 1422 4544 habet
1453 4488 1713 4558 pretiosa,

275 4578 334 4632 in
361 4578 559 4648 quibus
592 4579 776 4634 inl'i-iix
811 4579 1090 4635 hominum
1123 4595 1274 4635 mens
1311 4589 1397 4636 est
1423 4580 1686 4638 studiosa.

279 4669 386 4725 lies
417 4669 574 4738 hujus
609 4673 789 4726 nunuli
819 4673 1033 4743 pr0prio
1059 4688 1181 4728 cum
1207 4672 1314 4729 fine
1342 4673 1612 4737 feruntur,

277 4760 346 4815 Et
369 4759 489 4818 sine
508 4761 624 4834 lege
651 4772 830 4830 ruunt,
861 4779 964 4820 nec
984 4780 1106 4820 cum
1139 4765 1349 4823 ratione
1375 4775 1653 4838 reguntur.

1967 3101 2230 3169 Tempora
2258 3100 2337 3154 sic
2365 3098 2598 3153 hominis
2626 3095 2857 3168 fugiunt,
2883 3104 2939 3150 et
2963 3109 3190 3166 quaeque
3218 3095 3478 3149 secunda.

1969 3189 2076 3244 Res
2105 3189 2266 3259 hujus
2295 3187 2480 3242 mundi
2512 3197 2635 3243 sunt
2665 3184 2944 3241 instabiles
2971 3183 3120 3238 velut
3148 3183 3313 3250 hora;

1967 3281 2072 3336 Pro
2101 3281 2268 3336 nihilo
2291 3279 2489 3335 debent
2518 3279 2756 3350 reputari
2788 3287 2982 3334 cuncta
3010 3277 3226 3332 decora.

1968 3373 2112 3444 Ergo
2137 3373 2300 3426 miser
2328 3373 2456 3427 dum
2486 3371 2642 3437 viris,
2674 3371 2856 3437 homo,
2889 3367 3008 3424 sine
3039 3369 3146 3424 fine
3173 3367 3394 3437 iabora;

1966 3464 2046 3521 Ne
2075 3465 2268 3536 perdas
2297 3480 2358 3520 ea
2390 3479 2491 3534 pro
2521 3462 2690 3519 nihilo
2717 3477 2836 3534 quae
2865 3471 2994 3518 sunt
3023 3461 3267 3518 meliora.

1967 3559 2060 3616 Sic
2088 3570 2293 3625 teneas,
2321 3569 2378 3614 ut
2404 3558 2699 3631 prazvalcas
2720 3567 2952 3614 aanorte
2981 3555 3164 3612 futura
3192 3573 3207 3610 :

1967 3649 2043 3704 Da
2073 3651 2214 3722 quod
2244 3651 2433 3714 babes,
2467 3659 2524 3703 ut
2551 3649 2830 3720 possideas
2853 3664 2972 3718 qua:
2995 3656 3124 3704 sunt
3149 3647 3267 3703 sine
3293 3661 3449 3713 cura,

1968 3741 2065 3797 Dic
2096 3757 2226 3797 caro
2257 3742 2499 3797 mortalis
2530 3742 2620 3806 ⁸⁰⁸,
2652 3741 2740 3797 dic
2769 3743 2834 3796 de
2867 3741 3149 3810 putredine
3179 3741 3404 3803 vermis,

1968 3833 2078 3889 Cur
2109 3833 2272 3890 miser
2301 3833 2540 3892 insanis:
2574 3832 2703 3902 quid
2733 3835 2953 3902 prodest
2979 3833 3150 3902 gloria
3179 3832 3397 3887 carnis?

1968 3925 2066 3982 Dic
2095 3926 2276 3990 homo,
2313 3925 2399 3980 die
2433 3925 2630 3995 pulvis,
2662 3940 2833 3994 quare
2864 3926 3093 3994 putredo
3124 3925 3416 3996 superbis?

1968 4017 2066 4074 Dic
2087 4017 2214 4088 quid
2238 4017 2332 4083 sis,
2359 4015 2487 4087 quid
2513 4016 2624 4071 eris
2649 4032 2666 4085 ;
2703 4030 2910 4071 memor
2935 4024 3054 4071 esto
3079 4017 3223 4086 quod
3251 4015 3520 4072 morieris.

1969 4109 2024 4165 ln
2056 4109 2292 4165 cinerem
2330 4108 2529 4163 vermis
2563 4115 2684 4178 post
2710 4106 2780 4138 ³⁰³
2808 4115 3037 4162 mortem
3074 4105 3401 4175 regredieris
3433 4123 3449 4160 :

1971 4201 2196 4273 Despice
2219 4200 2290 4234 ³⁸⁵
2319 4199 2460 4272 quod
2492 4199 2756 4270 sequeris,
2784 4213 3049 4270 cognosce
3075 4199 3217 4253 viam
3249 4199 3496 4254 rat'ouis.

1969 4293 2051 4350 Au
2077 4294 2225 4364 leges
2245 4295 2315 4327 ⁸⁰⁸
2341 4295 2519 4350 nescis
2547 4295 2797 4351 humanae
2820 4289 3182 4348 conditionis?

1890 4392 1940 4453 ι)
1965 4387 2171 4458 Corpus
2198 4388 2360 4443 humo
2389 4388 2449 4442 fit
2474 4404 2488 4441 ε

1967 4476 2206 4549 Corpore
2237 4493 2418 4534 semen
2447 4496 2460 4533 :

1970 4567 2188 4624 Semine
2216 4567 2436 4639 sanguis
2467 4585 2481 4622 :

1971 4658 2244 4732 Sanguine
2273 4674 2472 4729 corpus
2500 4676 2516 4713 :
2907 4706 2910 4710 .

1973 4749 2064 4806 Sic
2094 4751 2327 4806 hominis
2354 4765 2550 4822 corpus
2579 4750 2771 4806 matris
2799 4749 3105 4806 concrescit
3135 4749 3188 4805 in
3221 4749 3342 4804 alvo
3371 4767 3386 4804 :

1570 4905 1652 4961 VA
1663 4907 1801 4963 ΒΙΑΞ
1841 4908 2250 4967 LECTIONES.

356 5063 434 5149 ἠ.
472 5063 642 5135 Regia
686 5065 782 5149 tibi
824 5085 959 5149 Irus.
1010 5067 1173 5136 Regis
1224 5069 1318 5149 tibi
1394 5067 1464 5099 ’θ’
1530 5066 1751 5121 Meritos
1807 5067 2020 5149 magnis
2066 5085 2180 5149 mf;

1041 5147 1279 5208 potentia
1321 5154 1446 5191 mss.
1497 5154 1706 5192 summa
1765 5147 2004 5207 potentia

281 5133 436 5200 Quod
466 5133 586 5188 cuni
693 5137 763 5167 ""
823 5137 987 5194 Multa

283 5203 408 5258 llaec
460 5208 758 5272 monachi,
811 5218 915 5264 etc.
983 5203 1083 5263 ms.
1131 5208 1191 5260 C.

282 5277 440 5328 timet
466 5292 565 5330 ms.
592 5275 663 5330 K.
696 5279 786 5346 qui
844 5289 1012 5333 tumet
1117 5279 1190 5310 ’⁸⁸

283 5355 508 5400 manent
580 5347 650 5379 ³⁰⁰

2338 5067 2529 5122 merito
2575 5067 2788 5139 magnis
2837 5064 2929 5139 "ff"
2959 5065 3089 5139 Nam
3152 5081 3291 5139 cum,
3332 5081 3428 5119 ms.
3491 5065 3558 5139 οε

2111 5138 2182 5170 ¹⁹⁵
2211 5137 2484 5193 Reddetur
2520 5139 2642 5192 vita:
2680 5137 2832 5193 'mss.
2889 5137 3202 5193 Reddentur
3246 5138 3371 5189 vitae
3490 5138 3560 5168 ’⁵⁸

1249 5208 1316 5262 70
1352 5207 1559 5278 cxplicit
1618 5205 1968 5263 Claudianus.
2037 5208 2157 5264 Alia
2213 5219 2385 5262 tamen
2437 5209 2627 5262 ibidem
2680 5209 2940 5263 habentur
2999 5208 3256 5278 carmiu_a.
3335 5206 3404 5238 ’⁵⁷
3456 5205 3560 5273 Qui

1237 5278 1378 5348 Quot
1415 5286 1556 5348 snnt
1591 5295 1690 5332 ms.
1750 5278 1819 5332 K.
1872 5295 2036 5348 quam
2081 5288 2210 5335 sunt

2313 5279 2382 5310 ’θ’
2438 5278 2688 5348 Morsque
2747 5279 2986 5333 manebit
3013 5294 3116 5348 gms.
3175 5275 3562 5348 Q._morsque

687 5345 889 5416 Quaerit
920 5353 1302 5420 honoresimss.
1339 5347 1404 5402 Ο.
1435 5359 1481 5402 et
1511 5347 1581 5420 Κ.
1610 5348 1780 5403 ambit
1807 5345 2042 5404 honores
2115 5351 2183 5382 ⁶⁰¹
2213 5349 2278 5403 Ει
2305 5350 2466 5404 corde
2498 5345 2810 5420 frequenter
2838 5366 2964 5402 mss.
2995 5347 3139 5420 O._et
3166 5345 3241 5420 Κ.
3269 5346 3371 5401 hoe
3395 5345 3562 5401 corde

282 5416 608 5490 frequentet,
663 5419 732 5451 ³⁰³
757 5420 823 5475 In
856 5439 950 5474 ms.
985 5420 1105 5473 Bec.
1136 5419 1201 5473 0.
1240 5419 1462 5472 Carmen
1502 5419 1766 5472 leouiuum
1793 5421 1856 5472 de
1893 5421 2073 5474 eodem
2113 5431 2420 5490 argumento
2471 5416 2650 5486 incipit
2691 5419 2756 5473 ab
2799 5419 2878 5472 his
2918 5418 3129 5490 verbis:
3166 5417 3260 5471 Dic
3289 5432 3562 5490 caruimu-

283 5487 433 5562 ralis,
462 5497 566 5542 etc.
591 5489 712 5544 huic
733 5492 1122 5562 subjuuguntur
1144 5492 1332 5562 ibidem
1349 5490 1402 5542 hi
1433 5505 1607 5542 versus
1639 5489 1891 5562 :Curpus
1921 5491 2081 5544 homo
2107 5487 2193 5556 tit,
2215 5502 2320 5544 etc.
2350 5492 2438 5560 qui
2478 5492 2604 5545 editi
2633 5492 2882 5562 hactenus
2920 5506 3024 5542 nou
3055 5488 3264 5562 fuerant
3300 5559 3309 5562 _
3341 5488 3411 5519 ³⁰³
3431 5489 3564 5542 Ver-

282 5559 386 5610 mis
414 5569 535 5636 post
562 5576 660 5614 ms.
693 5559 833 5618 vilis
853 5583 864 5636 ί
884 5559 968 5618 usit
1041 5561 1108 5593 ³⁰⁵
1141 5560 1386 5633 Despice,
1418 5569 1525 5616 etc.
1570 5576 1666 5614 ms.
1696 5559 2079 5616 Imus-versum
2125 5562 2272 5632 ponit
2303 5559 2425 5617 aute
2462 5562 2622 5616 istum
2651 5577 2670 5615 :
2693 5561 2772 5614 An
2805 5559 2969 5630 leges,
2996 5571 3106 5615 etc.
3181 5559 3253 5591 ³⁰⁵
3282 5559 3369 5615 An
3392 5573 3554 5615 casus

285 5645 379 5682 me.
417 5643 484 5682 an
514 5629 656 5701 leges
