3884 6052
321 211 426 266 707

322 324 415 378 Sic
439 322 675 378 hominis
700 336 894 390 corpus
931 328 1087 374 terrze
1115 316 1377 387 putrescit
1406 314 1460 368 in
1497 312 1617 367 alvo
1646 327 1661 364 :

321 411 559 483 Corpore
590 413 742 466 tabes
769 429 780 463 :

324 503 580 574 Tabeque
609 506 810 558 vermis
837 519 851 554 :

327 595 521 647 Verme
553 593 688 646 ciuis
719 591 778 644 fit
808 608 821 644 :

326 683 554 737 Pulvere
583 690 748 733 terra.

326 775 418 829 Sic
447 771 676 826 hominis
701 785 896 841 corpus
923 771 989 824 de
1019 779 1163 824 terra
1197 777 1365 823 matre
1393 776 1614 822 creatur
1641 783 1656 820 :

326 863 417 918 Sic
439 862 674 917 hominis
696 878 893 932 corpus
918 861 972 916 in
1004 871 1204 916 terram
1229 859 1586 928 regredietur.

326 953 467 1022 Ergo
494 951 661 1006 tristis
684 952 845 1005 homo
867 967 1008 1006 verte
1030 951 1257 1005 rationis
1281 951 1494 1004 habena

325 1049 432 1104 Cor
455 1048 803 1117 animumque
827 1057 996 1113 tuum,
1025 1046 1282 1101 mundum
1307 1045 1580 1115 fugiendo,
1607 1042 1841 1100 refrena.

330 1138 422 1194 Sic
448 1137 538 1193 tibi
559 1148 872 1209 perpetuam
899 1138 1136 1192 nancisci
1162 1138 1334 1191 nitere
1358 1137 1543 1190 vitam.

805 1273 948 1328 Deus
986 1287 1146 1328 SOLUS
1184 1285 1452 1337 annuus,

717 1388 768 1441 in
791 1405 891 1457 quo
915 1398 959 1441 et
981 1403 1045 1440 ex
1067 1403 1167 1457 quo
1191 1387 1366 1440 omnia
1391 1384 1546 1439 bona.

332 1498 524 1556 Omnia
549 1505 674 1552 sunt
699 1498 978 1552 hominum
1005 1495 1150 1551 tenui
1177 1495 1463 1566 pendentia
1488 1494 1600 1561 filo,

404 1590 469 1643 Et
491 1588 668 1643 subito
691 1603 819 1642 casu
843 1602 965 1657 qua:
988 1587 1207 1642 valuere
1231 1596 1415 1641 ruunt.

331 1679 491 1736 Ludit
515 1679 564 1737 in
592 1679 843 1733 Immanis
865 1678 1042 1732 divina
1067 1678 1306 1747 potentia
1332 1678 1511 1743 rebus,

406 1771 471 1824 Et
493 1779 695 1825 certam
718 1784 956 1839 praesens
979 1770 1067 1822 vix
1087 1768 1248 1823 habet
1270 1769 1400 1824 hora
1427 1769 1608 1825 ﬁdem.

339 1861 510 1929 Quam
538 1861 720 1926 nimis,
751 1869 804 1914 et
836 1861 997 1916 nimis
1016 1870 1098 1917 est
1118 1861 1405 1916 Dominum
1427 1876 1592 1933 super
1612 1863 1796 1918 omnia
1818 1863 1923 1920 mi-

1696 1955 1852 2029 item,

408 2042 474 2096 Et
494 2043 662 2096 venire
683 2041 918 2105 facilem,
943 2042 1080 2098 velle
1103 2058 1302 2115 negare
1322 2045 1492 2114 pium.

335 2134 452 2199 Vis,
476 2147 706 2202 agnosce
729 2132 910 2201 pium?
935 2143 984 2188 te
1010 2135 1239 2204 respice,
1265 2135 1476 2205 respice
1496 2134 1626 2205 quid
1648 2136 1746 2203 sis,

407 2225 544 2293 Quid
573 2225 760 2289 fueris,
782 2225 908 2295 quid
932 2226 1065 2292 eris,
1090 2227 1217 2296 quid
1240 2242 1390 2292 caro,
1417 2236 1586 2295 terra,
1609 2227 1787 2284 Deus?

336 2317 541 2374 Caelum
565 2316 677 2371 sole
700 2316 814 2384 tibi,
841 2316 921 2372 sol
943 2317 1147 2372 lumine
1169 2319 1357 2386 servit,
1382 2326 1438 2374 et
1457 2333 1551 2374 aer

408 2411 673 2474 Flatibus,
696 2411 836 2464 unda
860 2410 995 2465 cibis
1020 2420 1272 2480 terraque
1298 2411 1444 2469 mille
1461 2412 1640 2469 bonis.

335 2500 443 2557 Sed
485 2501 614 2571 quid
655 2502 748 2556 es?
786 2501 939 2557 Unde
982 2501 1076 2557 tibi
1117 2503 1247 2571 quid
1287 2503 1479 2570 habes,
1518 2505 1648 2574 quid
1690 2504 1927 2576 praebet?

1545 2593 1860 2666 [utrumque

408 2680 612 2750 Sponte
644 2681 774 2735 facit
807 2681 980 2751 pictas
1010 2682 1182 2739 dulcis
1210 2692 1266 2739 et
1291 2685 1466 2756 ampla
1499 2685 1615 2743 Dei.

335 2775 480 2829 Fons
504 2775 641 2828 bona
664 2789 890 2844 quzeqne
909 2773 1102 2840 fluens,
1130 2776 1248 2833 fons
1270 2778 1484 2834 nescius
1505 2781 1776 2845 evacuari,

407 2863 549 2919 Fons
571 2865 688 2919 sine
712 2863 818 2918 fine
841 2873 1048 2935 patens,
1073 2876 1129 2921 et
1151 2868 1268 2922 sine
1291 2868 1395 2924 fine
1418 2869 1584 2926 Deus.

338 2961 514 3015 Debes
537 2977 768 3031 namque
789 2960 964 3016 scelus
990 2963 1167 3018 metiri
1191 2978 1296 3018 non
1319 2963 1590 3021 brevitate

409 3051 710 3120 Temporis,
737 3051 828 3106 sed
852 3050 1015 3106 debes
1042 3051 1317 3124 impietate
1339 3053 1444 3109 sui.

336 3139 510 3212 Major
531 3141 674 3197 enim
699 3141 945 3212 impietas
970 3157 1074 3198 non
1098 3153 1203 3212 est,
1228 3159 1389 3216 quam
1412 3160 1672 3217 spernere
1691 3147 1859 3221 gratis

406 3231 608 3303 Ipsum,
631 3231 720 3304 qui
744 3234 913 3306 gratis
937 3235 1169 3292 contulit
1190 3253 1311 3294 esse
1335 3239 1452 3295 tibi.

335 3324 436 3391 Qui
462 3325 554 3378 tibi
580 3335 630 3378 te
656 3325 899 3380 tribuens
920 3340 1041 3382 sese
1062 3328 1330 3399 promisit,
1353 3344 1527 3401 eoque

407 3415 492 3468 Nil
516 3415 705 3470 habuit
728 3416 918 3472 melius
938 3433 1102 3488 quam
1127 3421 1282 3475 daret
1301 3421 1416 3490 ipse
1439 3423 1602 3479 Deus.

337 3507 608 3576 Quidquid
623 3521 703 3573 es,
719 3510 928 3578 etquod
947 3509 1132 3575 habes,
1149 3515 1470 3584 etquodque
1486 3515 1692 3571 valebis
1707 3515 1927 3586 habere,

409 3597 546 3663 Quid
570 3607 749 3654 tamen
773 3597 841 3653 ad
865 3599 1116 3654 meritum
1141 3611 1270 3656 sunt
1291 3602 1451 3657 simul
1475 3604 1576 3659 ista
1601 3605 1730 3660 Dei?

339 3689 492 3744 l‘lunc
516 3688 678 3759 igitur
697 3705 978 3760 spernens,
1003 3706 1232 3764 seseque
1254 3708 1352 3763 per
1372 3697 1554 3750 omnia
1580 3698 1815 3754 subdens

414 3781 682 3836 Damionis
702 3782 962 3850 obsequio
981 3793 1184 3853 quanta
1208 3794 1445 3840 meretur
1471 3787 1666 3843 homo?

338 3873 491 3928 Adde
514 3873 654 3942 quod
680 3874 732 3928 in
757 3875 946 3929 vitium
968 3877 1216 3946 quisquis
1240 3878 1348 3933 ruit
1373 3897 1386 3932 :
1416 3879 1530 3950 ipse
1555 3881 1741 3937 ruendi

412 3967 618 4036 Saepius
643 3967 830 4022 indicit
853 3977 1006 4038 turpe
1027 3984 1255 4026 necesse
1276 3972 1399 4027 sibi.

339 4060 524 4115 Virtus
545 4061 688 4113 enim
709 4060 865 4124 vitio,
889 4061 1034 4115 vitiis
1059 4062 1118 4115 fit
1139 4078 1329 4119 servus
1355 4082 1368 4118 :
1396 4066 1524 4120 etin
1550 4080 1610 4121 se

412 4150 523 4206 Non
549 4152 711 4206 habet
733 4152 1027 4208 admissum
1053 4153 1264 4208 solvere
1287 4171 1446 4224 posse
1467 4172 1647 4214 suum.

339 4241 482 4310 Ergo
505 4257 699 4311 perpes
719 4242 770 4296 ei
793 4243 1022 4298 debetur
1042 4257 1200 4312 poma
1223 4260 1468 4313 necesse,

411 4331 512 4398 Qui
535 4331 636 4385 sibi
662 4333 919 4401 peccandi
945 4343 1136 4405 sponte
1157 4349 1398 4404 perenne
1418 4337 1566 4393 facit.

340 4421 524 4477 Gratia
553 4422 770 4478 tollatur
793 4441 897 4478 non
923 4426 1102 4480 debita
1129 4441 1328 4497 :pmna
1352 4440 1610 4499 sequatur

413 4515 621 4579 Debita,
649 4531 898 4586 morsque
925 4533 1196 4586 premens,
1219 4529 1274 4574 et
1295 4520 1412 4576 sine
1435 4521 1540 4577 [ine
1564 4538 1812 4579 manens.

342 4605 386 4659 Ο
408 4621 568 4673 quam
591 4607 746 4661 dulce
771 4610 950 4673 decus,
974 4625 1134 4678 quam
1162 4626 1287 4666 vera
1311 4614 1569 4684 potentia,
1596 4616 1771 4684 qualis

415 4695 616 4761 Gloria,
642 4714 802 4766 quam
827 4699 1037 4756 stabilis
1060 4713 1320 4771 quaastus,
1341 4720 1526 4760 amare
1551 4707 1748 4761 Deum!

344 4786 473 4855 Ejus
496 4803 685 4843 amans
707 4789 976 4844 Abraham
1000 4792 1118 4862 plus
1139 4795 1350 4852 civibus
1373 4797 1590 4867 hospes,
1614 4806 1670 4853 et
1691 4815 1830 4856 unus

416 4879 541 4933 Plus
564 4880 757 4951 populo
780 4881 952 4948 miles,
979 4883 1096 4953 plus
1118 4885 1190 4940 ita
1215 4902 1339 4958 rege
1361 4897 1559 4958 potest.

347 4970 479 5027 Nam
504 4972 676 5030 virtus
700 4974 753 5029 in
777 4989 961 5031 amore
984 4975 1098 5045 Dei,
1126 4993 1415 5050 verumque
1438 4997 1675 5052 perenne

660 209 721 264 S.
759 205 1061 263 ANSELMI
1098 200 1446 261 CANTUAR.
1485 196 1808 254 ARCIIIEP.
1850 193 2002 252 OPP.
2043 191 2224 249 PARS
2258 190 2324 247 ll.
2375 220 2446 233 —
2480 188 2848 246 PARIENET.
2891 187 2980 244 ET
3020 185 3266 245 ASCET.

1931 314 1982 371 Α
2079 313 2326 372 Praestat,
2351 314 2406 360 et
2427 318 2548 362 esse
2572 303 2702 359 facit
2723 302 2852 358 illud
2875 318 3061 358 amare
3081 303 3224 372 quod
3248 310 3352 356 est.

1998 386 2153 454 Vere
2173 406 2258 454 est
2279 398 2393 468 ipse
2413 397 2652 468 quidem,
2676 395 2770 466 qui
2792 403 3075 465 permanet
3099 407 3238 448 unus
3259 401 3314 447 et
3336 391 3479 447 idem

3496 186 3616 261 ’ωδ

2013 585 2148 642 Esse
2169 587 2330 640 habet
2349 593 2638 649 aeternum,
2662 584 2779 638 sine
2800 583 3091 653 principio,
3114 582 3232 638 sine
3255 581 3379 646 fine,

2086 675 2314 746 Semper
2336 675 2498 739 idem,
2524 676 2568 730 si
2592 675 2716 744 quis
2738 689 2923 730 amare
2944 675 3144 730 Studet.

2018 765 2076 822 Si
2101 781 2204 821 non
2230 775 2338 822 tam
2363 765 2615 832 solidum,
2637 767 2868 822 solidum
2894 776 3074 820 tamen
3097 780 3218 820 esse
3241 775 3476 819 meretur
3503 783 3519 819 :

2086 856 2224 912 Nam
2246 858 2493 929 sequitur
2516 858 2680 912 vitam
2703 859 2810 912 vita
2833 859 2990 913 beata
3014 859 3231 912 bonam.

2017 949 2226 1006 Ctetera
2248 950 2293 1005 si
2315 959 2545 1020 spectes,
2570 964 2732 1019 quam
2757 949 2867 1005 sint
2886 947 3046 1016 nihil,
3068 947 3251 1002 omnia
3277 946 3399 1002 ﬁnis

2089 1040 2312 1104 Iudicat,
2337 1040 2618 1110 Assyrium
2643 1040 2884 1106 consule,
2911 1040 3068 1094 testis
3090 1040 3266 1094 adest.

2020 1129 2147 1186 llaec
2171 1129 2299 1201 quid
2329 1131 2525 1197 honos,
2553 1130 2683 1200 quid
2710 1145 2858 1200 opes,
2894 1130 3024 1201 quid
3054 1129 3251 1194 forma,
3275 1129 3403 1198 quid
3435 1142 3619 1193 arma,

3117 1220 3271 1294 [quid
3303 1220 3542 1292 amplum

2093 1313 2208 1369 Heu
2225 1313 2379 1384 juvat
2401 1311 2724 1381 imperium?
2743 1311 2885 1381 juvit
2904 1327 3114 1368 amasse
3139 1313 3328 1368 Deum.

1977 1451 1982 1455 .
2023 1403 2129 1462 Sed
2152 1405 2276 1475 quia
2299 1419 2425 1459 vera
2449 1403 2594 1459 salus
2619 1405 2759 1459 Deus
2780 1414 2884 1470 est,
2910 1414 2964 1460 et
2985 1420 3168 1459 amore
3193 1416 3410 1460 tenetur
3429 1443 3447 1471 ,

2094 1497 2299 1567 Expeto
2321 1505 2540 1568 propter
2558 1510 2702 1559 eum,
2728 1511 2824 1550 vos
2847 1505 2905 1550 ut
2927 1496 3120 1551 ametis
3141 1511 3287 1550 eum.

2026 1588 2232 1660 Dignus
2253 1597 2308 1642 et
2327 1589 2441 1658 ipse
2462 1587 2677 1656 quidem
2702 1595 2785 1642 est
2807 1597 2866 1642 ut
2887 1596 3100 1642 ametur
3133 1605 3147 1640 :
3184 1585 3414 1641 amando
3435 1585 3625 1643 scietis

1951 1689 1999 1746 Β
2099 1680 2230 1747 Quis
2253 1678 2481 1744 fructus,
2507 1677 2629 1747 quis
2650 1679 2845 1743 bonos,
2869 1678 2996 1748 quid
3020 1680 3091 1732 sit
3111 1692 3296 1733 amare
3318 1677 3512 1732 Deum-

2028 1771 2213 1828 Virtus
2236 1784 2364 1826 vero
2387 1768 2574 1834 Deum,
2601 1768 2685 1824 vel
2710 1769 2818 1822 vita
2847 1778 3086 1822 meretur
3110 1769 3366 1832 honesta;

2095 1862 2266 1932 Quale
2292 1863 2512 1928 bonum,
2536 1862 2679 1931 quod
2701 1861 2777 1916 sit
2799 1874 3014 1930 semper
3037 1875 3221 1916 amare
3245 1861 3437 1914 Deum.

2025 1955 2198 2024 Quam
2224 1953 2346 2024 pius
2367 1961 2473 2020 est,
2501 1967 2662 2023 quam
2691 1959 2974 2023 promptus
2994 1954 3167 2019 adest,
3191 1965 3355 2022 quam
3383 1949 3624 2019 denique

3273 2041 3512 2114 [prodest
3531 2081 3548 2108 ,

2094 2135 2274 2209 Ipsum
2306 2135 2554 2208 quisquis
2582 2143 2747 2201 amat,
2781 2136 2869 2191 hic
2899 2149 3052 2206 mage
3082 2149 3242 2190 nosse
3270 2141 3466 2203 potest.

2028 2227 2086 2284 Si
2118 2238 2171 2283 te
2195 2226 2338 2283 facta
2367 2228 2562 2282 docent
2595 2226 2795 2291 aliena,
2823 2227 3034 2306 doceris
3062 2225 3291 2280 honeste

2096 2317 2397 2390 Concipere
2427 2317 2638 2372 meritis
2667 2332 2888 2388 spemve
2918 2327 3188 2372 metumve
3219 2317 3348 2372 tuis.

2026 2407 2071 2465 Ο
2097 2408 2272 2480 qualis
2294 2408 2508 2480 jactura
2539 2407 2650 2464 Deo
2680 2422 2995 2480 prmponere
3022 2408 3351 2477 quidquam;

2097 2502 2269 2571 Quem
2307 2505 2445 2559 bene
2478 2502 2526 2558 si
2552 2502 2683 2572 Lquis
2721 2503 2912 2569 habet;
2946 2494 3309 2573 quzesofquid
3339 2507 3458 2565 est,
3490 2497 3621 2568 quid

3325 2589 3514 2663 [habet
3527 2595 3552 2643 τ

2026 2684 2164 2741 Nam
2188 2684 2234 2741 si
2256 2699 2452 2757 magna
2478 2683 2636 2754 petis,
2667 2685 2808 2741 Deus
2831 2692 2934 2751 est,
2961 2699 3123 2755 super
3147 2682 3327 2739 omnia
3356 2695 3578 2754 magnus
3603 2696 3640 2761 :_

2099 2778 2158 2835 Si
2186 2779 2349 2843 bona,
2381 2792 2546 2846 quam
2575 2777 2750 2832 bonus
2777 2785 2864 2832 est
2889 2777 3070 2832 dicere
3099 2789 3258 2830 nemo
3288 2782 3483 2844 potest.

2030 2870 2089 2926 Si
2117 2868 2363 2940 speciosa
2391 2867 2566 2938 cupis,
2597 2867 2718 2937 quis
2749 2881 2815 2923 eo
2843 2867 3175 2936 speciosior?
3206 2866 3376 2937 Optas

2098 2961 2307 3016 Forsan
2335 2973 2488 3030 opes,
2519 2959 2611 3015 dat
2639 2973 2791 3029 opes,
2823 2959 2973 3016 dives
2999 2969 3055 3015 et
3082 2959 3198 3031 ipse
3227 2967 3432 3043 manet.

1954 3033 2000 3096 δ
2031 3054 2088 3113 Si
2118 3063 2171 3112 te
2195 3054 2341 3112 celsa
2362 3053 2576 3124 juvant,
2606 3069 3009 3124 generosaque,
3042 3068 3202 3123 quam
3231 3033 3552 3123 generosus,

2101 3148 2344 3217 Quamve
2372 3148 2442 3204 sit
2469 3148 2714 3204 excelsus
2741 3162 2901 3203 nemo
2934 3148 3139 3202 referre
3166 3153 3360 3217 potest.

2029 3242 2200 3311 Quem
2225 3243 2272 3298 si
2298 3240 2438 3300 forte
2462 3249 2658 3311 potens
2681 3240 2834 3310 juvat
2862 3250 2916 3298 et
2942 3243 3094 3313 pius,
3123 3256 3249 3298 ecce
3278 3250 3518 3312 potestas

2101 3336 2238 3392 llinc
2265 3335 2374 3405 pia,
2402 3348 2499 3391 seu
2527 3334 2703 3404 pietas
2729 3344 2813 3390 est
2841 3337 2959 3391 sine
2987 3336 3092 3390 fine
3121 3345 3310 3406 potens
3341 3352 3356 3390 :

2029 3425 2168 3493 Quid
2193 3423 2404 3481 mores?
2431 3426 2543 3497 ipse
2569 3425 2700 3496 poli,
2725 3435 2902 3490 teme,
2930 3427 3096 3482 maris
3121 3434 3332 3493 auctor,
3357 3434 3413 3482 et
3436 3424 3618 3482 omnia

2098 3516 2253 3584 Quod
2283 3515 2404 3584 fuit,
2431 3525 2534 3586 est,
2564 3527 2621 3574 et
2647 3518 2771 3581 erit,
2806 3525 3012 3589 perstat
3037 3518 3189 3587 origo
3218 3518 3364 3573 boni.

2028 3607 2165 3664 Huic
2197 3607 2490 3676 famulans,
2525 3624 2724 3678 parens
2756 3609 3065 3665 dominatur
3096 3607 3388 3674 Hebraeus;

2100 3701 2300 3767 Servit,
2333 3710 2389 3756 et
2416 3710 2500 3757 est
2526 3701 2694 3767 liber;
2727 3702 2992 3766 subditur,
3023 3711 3218 3770 estque
3248 3707 3442 3770 potens
3470 3716 3484 3752 :

2029 3793 2128 3849 Cui
2163 3793 2318 3850 subdi
2354 3791 2586 3864 fugiens,
2627 3792 2842 3848 Satanae
2872 3793 3011 3848 male
3046 3793 3314 3858 subditur,
3354 3790 3494 3846 hosti

2101 3885 2382 3950 Subditur,
2416 3894 2472 3940 et
2501 3886 2648 3940 vitiis
2683 3885 2930 3939 subditur
2962 3883 3278 3939 innumeris.

2030 3975 2270 4031 Tandem
2300 3991 2429 4031 vero
2456 3977 2643 4032 videns
2669 3991 2777 4046 quo
2806 3975 2986 4046 lapsus
3013 3985 3067 4031 et
3098 3977 3237 4032 unde
3266 3975 3481 4042 fuisset,

2101 4070 2326 4125 Pectora
2362 4084 2617 4125 curarum
2651 4069 2922 4126 morsibus
2949 4084 3092 4140 mger
3117 4081 3255 4134 erat,

2031 4161 2306 4230 Multaque
2336 4161 2568 4216 volventi
2599 4165 2868 4217 sententia
2900 4164 3040 4218 sedit
3068 4163 3276 4234 asylum

2099 4252 2292 4323 Lapsis
2322 4255 2671 4323 quaerendum
2705 4251 2918 4309 fortiter
2949 4270 3070 4311 esse
3104 4256 3290 4310 Deum.

1961 4378 2012 4438 Β
2039 4341 2236 4412 Sicque
2261 4358 2406 4410 reus,
2425 4359 2584 4413 quem
2611 4343 2767 4409 lmsit,
2787 4353 2941 4412 avet;
2969 4359 3128 4413 quem
3156 4353 3453 4415 spreverat,
3474 4352 3618 4412 orat;

2108 4433 2278 4502 Quem
2307 4434 2462 4506 fugit,
2493 4436 2724 4506 reperit;
2753 4451 2913 4504 quem
2946 4436 3282 4506 reprobarat,
3313 4445 3481 4490 amat.

2037 4525 2191 4582 Hunc
2217 4527 2428 4597 repetit,
2456 4528 2776 4597 veniamque
2801 4528 2955 4598 petit,
2984 4530 3051 4584 de
3076 4529 3302 4584 crimine
3327 4528 3532 4587 ﬂetum,

2110 4622 2184 4676 De
2211 4623 2408 4692 pietate
2435 4621 2548 4691 spei
2577 4623 2769 4692 gaudia
2799 4622 2963 4676 multa
2992 4623 3157 4693 capit.

2039 4716 2102 4770 Et
2132 4713 2260 4783 quid
2290 4715 2354 4767 ad
2385 4714 2497 4768 haec
2523 4713 2748 4769 dulcedo
2775 4714 3016 4784 placens,
3044 4715 3270 4772 dulcedo
3299 4715 3585 4786 perennis;

2110 4805 2292 4860 Dulcis
2322 4805 2614 4874 disponens
2642 4807 2832 4862 ordine
2863 4816 3054 4863 cuncta
3088 4807 3248 4863 Deus.

2041 4895 2182 4963 Quid
2210 4896 2434 4951 dulcedo
2463 4907 2674 4966 potens,
2704 4897 2987 4968 dulcisque
3015 4900 3253 4970 potentia
3285 4899 3448 4957 fecit?

2115 4987 2268 5056 Quod
2297 4988 2433 5044 solet
2462 4994 2572 5043 haec
2605 4988 2748 5058 fecit,
2781 4990 2870 5046 (Ιι;Ι
2906 4990 2951 5046 ie
2983 4991 3018 5046 d
3041 4990 3153 5048 dcis
3181 4992 3313 5063 agit.
