3884 6052
363 203 455 260 ἸΗ

707 195 766 253 S.
805 195 1104 253 ANSELMI
1141 191 1492 251 CANTUAR.
1541 185 1858 244 ARCIlIEP.
1908 183 2062 241 OPP.
2111 181 2309 271 PARS.
2341 179 2381 233 II
2427 206 2472 218 —
2501 175 2869 230 I’AIUENET.
2911 174 3000 229 ET
3034 173 3283 232 ASCET.

3553 176 3684 231 71?.

363 323 613 384 acuatur,
635 313 1021 376 conformetur,
1059 319 1120 364 ut
1161 306 1482 378 infatigabili
1513 305 1708 361 affectu
1739 317 1950 360 memor
1980 317 2029 376 Α
2054 311 2176 352 cum
2228 293 2485 349 omnibus
2514 305 2650 384 quas
2686 290 2742 345 in
2787 290 2868 345 eis
2897 297 3024 384 sunt
3050 305 3112 384 se
3139 289 3433 384 inclinant,
3465 305 3528 344 se
3561 291 3679 344 tibi

364 409 443 466 sis
477 407 596 472 Dei,
634 405 902 474 intelligas
937 401 1127 466 Deum,
1165 415 1316 455 ames
1348 399 1546 464 Deum,
1580 407 1634 453 et
1665 407 1768 451 tua:
1797 411 1951 452 crea-

368 501 532 555 tionis
577 496 910 566 dignitatem,
941 507 1046 562 qua
1093 494 1160 546 ad
1192 492 1481 562 imaginem
1514 490 1606 545 Dei
1651 497 1830 544 creata
1867 502 1950 553 es,

369 588 660 645 salubriter
687 587 981 656 exprimas.
1011 583 1151 650 Quid
1179 584 1301 639 dico
1346 585 1412 639 ad
1457 585 1743 654 imaginem
1777 582 1869 638 Dei
1903 593 1954 638 te

369 695 489 734 esse
517 686 780 739 creatam,
825 691 969 739 cum,
1003 683 1139 729 teste
1182 676 1457 744 Apostolo,
1491 676 1601 745 ipsa
1635 674 1727 728 Dei
1779 674 1955 743 imago

368 772 475 826 sis?
525 768 637 834 Vir,
685 769 857 839 inquit
900 768 1210 839 Apostolus,
1262 785 1364 822 non
1405 769 1552 822 debet
1592 767 1760 822 velare
1799 776 1955 836 caput

364 879 542 925 suum,
571 877 687 914 cum
716 861 783 914 sit
813 861 985 930 imago
1007 869 1055 913 et
1086 859 1252 929 gloria
1277 859 1374 912 Dei
1402 859 1455 930 (Ι
1477 859 1598 913 Cor.
1628 875 1703 923 χι,
1733 859 1808 928 7).

437 952 502 1006 II.
529 952 682 1017 Quod
705 951 773 1004 ad
801 951 899 1004 hoc
926 953 1054 1019 [acti
1079 960 1353 1014 sumus,ut
1378 949 1546 1004 Deum
1580 952 1692 1005 sine
1709 951 1812 1020 ﬁne
1841 951 1958 1004 lau-

367 1039 944 1098 demus.—-Suliiciunt
974 1057 1040 1095 ne
1069 1041 1161 1096 tibi
1191 1041 1305 1096 hzec
1335 1049 1444 1095 tam
1468 1041 1731 1095 immensa
1757 1040 1958 1097 benefi-

366 1133 452 1188 cia
467 1133 778 1188 Conditoris
801 1133 866 1186 ad
884 1132 1040 1201 juges
1065 1132 1362 1201 gratiarum
1379 1131 1618 1186 actiones
1634 1131 1955 1196 reddendas,

367 1233 424 1279 et
438 1224 674 1279 debitum
688 1223 926 1278 continui
947 1222 1167 1288 amoris,
1187 1238 1308 1277 cum
1327 1222 1394 1276 de
1415 1221 1583 1276 nihilo
1599 1221 1678 1277 vel
1697 1224 1875 1292 potius
1893 1222 1960 1277 de

365 1316 481 1371 luto
509 1327 560 1370 te
584 1315 899 1370 consideras
939 1313 1058 1384 ejus
1087 1314 1333 1368 bonitate
1360 1315 1428 1368 ad
1453 1322 1655 1367 tantam
1686 1313 1961 1370 celsitudi-

367 1424 490 1464 nem
525 1409 576 1462 in
611 1408 726 1477 ipso
757 1405 1088 1461 conditionis
1127 1406 1354 1460 exordio
1397 1405 1782 1460 sublimatam?
1818 1405 1960 1461 San-

366 1510 578 1557 ctorum
607 1499 774 1570 igitur
800 1498 1128 1553 sententiam
1154 1497 1206 1550 in
1241 1507 1386 1552 tuam
1413 1506 1669 1552 converte
1693 1497 1882 1560 vitam,
1907 1506 1962 1552 et

367 1591 435 1646 de
465 1600 656 1646 sancto
682 1589 811 1659 quid
835 1588 1049 1643 dicatur
1077 1589 1318 1643 attende.
1354 1588 1483 1655 Quae
1524 1598 1608 1643 est
1646 1589 1812 1659 igitur
1841 1588 1959 1644 laus

2053 386 2422 443 habitaculum
2451 383 2716 455 praebuit,
2766 398 2920 438 suam
2967 381 3062 436 tibi
3114 381 3460 453 przesentiam
3497 397 3679 451 para-

2055 486 2164 532 tam
2201 476 2331 532 fecit
2360 493 2372 529 :
2398 475 2626 530 docente
2653 473 2799 529 enim
2823 472 3067 542 apostolo
3103 471 3294 536 Paulo,
3324 473 3378 525 in
3413 471 3506 524 illo
3530 472 3680 526 vivi-

2053 586 2191 635 mus,
2220 583 2488 623 movemur
2509 573 2558 619 et
2590 580 2772 620 sumus
2804 564 2953 636 (Act.
2983 579 3116 629 xvn,
3149 563 3266 633 ‘28).
3298 561 3485 617 Dulcis
3517 563 3673 622 vita,

2055 671 2236 717 motus
2262 658 2528 726 amabilis,
2569 656 2807 728 optabile
2861 670 3001 711 esse.
3058 654 3198 722 Quid
3242 655 3388 710 enim
3442 653 3675 709 dulcius

2057 769 2219 824 quam
2253 753 2305 809 in
2332 753 2422 807 illo
2451 753 2618 807 vitam
2661 751 2886 815 habere,
2912 748 3004 820 qui
3046 759 3129 804 est
3157 749 3271 818 ipsa
3312 748 3422 803 vita
3452 748 3625 803 beata
3647 747 3676 802 ἲ

2058 847 2198 914 Qui‘d
2237 845 2522 901 amabilius
2546 858 2711 915 quam
2736 857 2953 897 omnem
2985 841 3281 896 voluntatis
3307 841 3390 896 vel
3422 842 3673 897 actionis

2061 947 2267 994 nostra:
2295 946 2498 992 motum
2532 938 2598 991 ad
2629 935 2778 990 illum
2806 943 2861 989 et
2886 933 2939 987 in
2980 932 3070 990 illo
3107 932 3347 1004 dirigere
3373 971 3389 998 ,
3429 933 3522 1002 qui
3555 949 3672 989 nos

2059 1039 2320 1103 perpetua
2351 1029 2637 1085 confirmet
2658 1024 2992 1084 stabilitate?
3021 1026 3160 1093 Quid
3182 1026 3478 1095 Optabilius
3492 1042 3669 1096 quam

2061 1134 2194 1178 voto
2231 1132 2287 1178 et
2340 1121 2758 1178 conversatione
2793 1119 3000 1190 jngiter
3051 1117 3104 1171 in
3151 1117 3243 1172 illo
3277 1132 3416 1180 esse,
3457 1117 3512 1171 in
3551 1132 3673 1186 quo

2061 1214 2197 1282 solo,
2227 1211 2310 1268 vel
2339 1213 2516 1282 potius
2552 1210 2643 1280 qui
2673 1209 2821 1265 solus
2869 1219 2953 1264 est
3000 1221 3186 1261 verum
3221 1222 3358 1274 esse,
3389 1207 3509 1262 sine
3550 1222 3672 1277 quo

2062 1304 2191 1359 nulli
2224 1311 2401 1372 potest
2433 1303 2572 1356 bene
2595 1300 2756 1356 esse?
2784 1299 2922 1370 Ego,
2942 1299 3173 1365 ait,sum
3193 1298 3282 1368 qui
3305 1313 3419 1351 sum
3452 1296 3665 1366 (Exod.

2063 1411 2152 1460 ιιι,
2182 1393 2294 1464 lt).
2329 1393 2395 1447 Et
2425 1391 2672 1464 pulchre.
2713 1391 2833 1462 Ipse
2873 1391 3018 1446 enim
3045 1405 3172 1445 vere
3201 1389 3349 1444 solus
3370 1397 3471 1451 est,
3501 1387 3668 1458 cujus

2064 1482 2405 1540 immutabile
2458 1490 2723 1537 estesse.
2762 1480 2856 1536 Ille
2905 1479 3122 1551 itaque,
3161 1477 3317 1547 cujus
3363 1492 3485 1534 esse
3548 1487 3669 1532 tam

2065 1575 2357 1639 excellens,
2387 1581 2497 1628 tam
2547 1571 2901 1642 singulariter
2929 1583 3044 1638 est,
3079 1580 3138 1626 ut
3183 1569 3357 1627 solum
3401 1585 3527 1625 vere
3549 1570 3666 1635 sit;

365 1682 578 1738 sancti?
605 1682 683 1735 De
702 1656 852 1734 omni
898 1680 1056 1733 corde
1083 1695 1178 1733 suo
1209 1678 1443 1733 laudavit
1473 1656 1778 1734 Dominum.
1823 1681 1961 1736 Ecce
1992 1666 2036 1727 Β
2066 1668 2119 1723 in
2147 1666 2302 1736 cuius
2327 1656 2737 1736 ἀθωρθτθιίοηθ
2783 1679 2945 1721 omne
2975 1679 3098 1720 esse
3127 1664 3264 1718 nihil
3295 1672 3409 1729 es"
3439 1678 3564 1717 cum
3611 1671 3670 1718 ιε

365 1776 433 1831 ad
455 1775 598 1846 quod
624 1782 808 1830 creata
838 1788 930 1840 es;
966 1787 1094 1828 ecce
1123 1785 1260 1842 opus
1284 1771 1580 1827 famulatus
1611 1773 1706 1827 tui.
1732 1772 1800 1829 Ut
1829 1773 1960 1844 quid

365 1867 510 1922 enim
558 1876 611 1922 te
649 1867 790 1921 Deus
830 1873 938 1919 tam
988 1863 1254 1935 praeclaro
1300 1864 1631 1919 conditionis
1677 1865 1963 1936 privilegio

366 1959 704 2024 sublimaret,
731 1958 832 2012 nisi
861 1965 912 2012 te
942 1958 1056 2012 suis
1102 1957 1350 2011 laudibus
1380 1956 1752 2013 indesinenter
1783 1959 1961 2015 inteu-

367 2049 495 2103 dere
523 2046 718 2102 vellet?
744 2047 824 2101 Ad
856 2046 1186 2101 laudandum
1221 2047 1388 2118 igitur
1425 2045 1774 2104 Conditorem
1809 2057 1961 2104 tuum

369 2147 554 2193 creata
585 2153 668 2203 es,
698 2146 760 2192 ut
809 2135 927 2206 ejus
976 2137 1229 2192 laudibus
1258 2153 1480 2207 vacans,
1512 2149 1566 2194 et
1605 2140 1694 2195 hic
1737 2140 1964 2212 justitiae

367 2230 566 2285 merito
595 2229 649 2284 in
681 2229 834 2284 illum
864 2245 1084 2300 semper
1109 2230 1386 2300 proficias,
1414 2241 1472 2286 et
1520 2231 1574 2286 in
1608 2230 1794 2287 futuro
1825 2234 1965 2290 bene

368 2323 542 2378 vivas.
568 2322 712 2377 Laus
736 2323 882 2378 enim
913 2322 1032 2394 ejus
1062 2332 1117 2378 et
1147 2323 1235 2378 hic
1257 2323 1562 2391 justitiam,
1607 2333 1661 2380 et
1688 2325 1760 2381 ibi
1788 2325 1964 2382 beati-

369 2411 610 2467 tudinem
639 2413 847 2468 tribuit.
879 2413 986 2468 Sed
1011 2413 1055 2468 si
1098 2412 1308 2478 Iaudas,
1341 2429 1408 2470 ex
1435 2423 1547 2471 toto
1576 2416 1742 2472 corde
1778 2416 1960 2483 lauda,

366 2501 638 2572 diligendo
666 2503 844 2558 lauda.
878 2503 1004 2558 Haec
1032 2511 1116 2558 est
1143 2505 1287 2558 enim
1318 2505 1524 2560 sanctis
1554 2505 1809 2561 laudandi
1841 2522 1966 2577 pro-

370 2592 545 2662 posita
569 2591 751 2661 regula
782 2605 795 2644 :
823 2590 899 2645 De
919 2593 1062 2645 omni
1083 2593 1239 2646 corde
1260 2609 1355 2646 suo
1384 2593 1621 2648 laudavit
1647 2594 1964 2662 Dominum;

370 2693 418 2735 et
458 2682 642 2734 dilexit
686 2681 854 2736 Deum
908 2683 997 2751 qui
1045 2682 1167 2752 fecit
1200 2682 1350 2736 illum
1400 2683 1588 2756 (Eccli.
1639 2692 1808 2755 'XLvtt,
1841 2687 1962 2756 10).

351 2769 555 2826 'Lauda
581 2783 734 2842 ergo,
765 2781 819 2825 et
843 2787 910 2826 ex
937 2780 1052 2826 toto
1093 2771 1254 2826 corde
1293 2772 1475 2839 lauda,
1503 2782 1558 2829 et
1579 2789 1739 2844 quem
1775 2775 1967 2832 laudas

370 2863 563 2934 dilige;
616 2864 744 2934 quia
792 2866 858 2919 ad
910 2865 1015 2920 hoc
1053 2864 1194 2919 facta
1219 2879 1278 2921 es
1323 2874 1383 2920 ut
1422 2865 1609 2920 laudes
1646 2876 1700 2920 et
1749 2866 1962 2937 diligas.

371 2953 583 3009 Laudat
606 2955 970 3024 namque,sed
1001 2970 1070 3010 ex
1103 2964 1214 3010 toto
1244 2955 1406 3011 corde
1428 2971 1535 3011 non
1566 2956 1774 3021 laudat,
1797 2972 1961 3028 quem

374 3044 443 3100 ad
469 3019 894 3101 benedicendum
929 3045 1099 3102 Deum
1137 3061 1397 3116 prospera
1437 3019 1776 3114 demulcenti
1813 3019 1910 3104 sed
1932 3064 1964 3105 a
1991 3019 2033 3077 Ο

370 3136 725 3192 benedicendi
787 3151 1011 3190 munere
1060 3139 1287 3193 adversa
1343 3139 1705 3211 restringunt.
1758 3139 1968 3197 Laudat

372 3245 610 3301 quoque,
640 3231 732 3285 sed
782 3246 886 3284 non
924 3230 1118 3302 diligit,
1172 3232 1262 3302 qui
1296 3232 1349 3286 in
1396 3231 1490 3287 Dei
1531 3233 1780 3290 laudibus
1821 3234 1981 3290 aliud-

375 3335 539 3389 quam
572 3321 742 3389 ipsum
774 3320 1044 3375 laudando
1070 3323 1319 3391 requirit.
1353 3320 1542 3376 Lauda
1587 3322 1780 3395 igitur,
1803 3333 1858 3380 et
1888 3324 1968 3379 di-

374 3426 480 3480 gne
509 3411 690 3476 lauda,
713 3422 772 3464 ut
800 3412 946 3464 nulla
984 3413 1038 3465 in
1081 3423 1132 3466 te
1161 3429 1288 3468 cura
1311 3455 1325 3479 ,
1363 3415 1506 3469 nulla
1539 3417 1791 3482 intentio,
1820 3417 1967 3471 nulla

375 3503 836 3570 cogitat.o,,,nulla
880 3504 1186 3559 sollicitudo
1219 3506 1451 3573 mentis,
1481 3507 1535 3561 in
1561 3518 1823 3577 quantum
1869 3510 1966 3566 tibi

378 3595 554 3649 virtus
606 3595 867 3664 suppetit,
928 3612 959 3649 a
996 3595 1156 3651 laude
1209 3597 1302 3651 Dei
1366 3598 1437 3653 sit
1489 3613 1683 3654 vacua.
1727 3601 1808 3656 Ab
1850 3602 1968 3672 ejus

377 3684 538 3739 laude
566 3684 709 3739 nulla
740 3694 792 3741 te
830 3687 954 3742 vita:
1000 3686 1161 3756 hujus
1189 3691 1527 3760 prosperitas
1555 3703 1795 3758 revocet,
1822 3694 1967 3749 nulla

377 3786 689 3847 compescat
718 3780 1034 3836 adversitas.
1062 3781 1154 3837 Sic
1177 3782 1320 3836 enim
1343 3798 1409 3838 ex
1448 3793 1560 3840 toto
1591 3785 1754 3840 corde
1775 3784 1966 3839 lauda-

379 3869 465 3924 bis
508 3869 816 3925 Dominum.
868 3872 997 3941 Sed,
1027 3889 1148 3929 cum
1175 3889 1239 3930 ex
1281 3885 1393 3931 toto
1420 3877 1582 3932 corde
1611 3893 1735 3933 eum
1782 3877 1968 3932 lauda-

376 3961 544 4027 veris,
568 3970 622 4017 et
649 3963 879 4032 diligens
902 3964 1240 4035 laudaveris,
1279 3968 1413 4022 nihil
1448 3970 1516 4024 ab
1543 3982 1608 4024 eo
1632 3968 1775 4023 aliud
1801 3984 1965 4039 quam

378 4055 555 4126 ipsum
598 4065 842 4126 expetes,
879 4066 940 4111 ut
977 4059 1092 4128 ipse
1128 4061 1201 4112 sit
1234 4058 1357 4114 finis
1388 4059 1642 4115 desiderii
1693 4061 1808 4128 tui,
1855 4062 1970 4130 ipse

377 4146 659 4216 prannium
709 4148 949 4214 laboris,
1002 4149 1114 4218 ipse
1162 4149 1413 4204 solatium
1461 4151 1969 4221 hujus-umbratilis

375 4237 523 4304 vitae,
552 4237 668 4307 ipse
696 4238 968 4307 possessio
995 4239 1140 4293 illius
1166 4239 1340 4294 beata:
1363 4239 1508 4293 vitae.
1541 4240 1622 4293 Ad
1655 4242 1758 4295 hoc
1783 4242 1967 4312 itaque

2064 1759 2132 1815 ad
2176 1759 2551 1815 celsitudinem
2599 1757 2874 1830 creavezjit
2896 1765 2957 1811 ut
2988 1764 3092 1811 tuae
3117 1755 3344 1827 gloriam
3378 1755 3671 1827 dignitatis

2065 1865 2165 1908 nec
2190 1851 2492 1921 intelligere
2526 1849 2724 1920 possis,
2778 1848 2870 1905 ubi
2905 1857 2958 1904 te
2992 1862 3113 1904 esse
3141 1847 3455 1903 constituit?
3497 1861 3670 1916 quem

2065 1944 2166 2000 tibi
2216 1943 2517 1999 mansionis
2573 1942 2753 1998 locum
2801 1941 3430 2012 praeparavit?Attende
3482 1941 3668 2010 ipsum

2064 2038 2180 2093 suis
2215 2037 2269 2092 in
2315 2036 2606 2108 Evangelia
2633 2036 2905 2092 dicentem
2943 2052 2957 2090 :
2994 2034 3202 2089 Manete
3227 2034 3282 2088 in
3313 2051 3426 2100 me,
3472 2043 3522 2088 et
3568 2050 3671 2104 ego

2064 2130 2123 2183 in
2158 2128 2301 2183 vobis
2346 2126 2531 2200 (Joan.
2565 2141 2652 2191 xv,
2681 2125 2778 2196 4).
2810 2125 2856 2182 Ο
2885 2124 3280 2180 inaestimabilis
3311 2123 3554 2194 dignatio
3582 2164 3598 2188 ,
3631 2139 3669 2180 0

2065 2221 2226 2277 beata
2249 2220 2480 2285 mansio,
2506 2235 2539 2275 ο
2566 2218 2802 2292 gloriosa
2833 2218 3190 2274 vicissitudo?
3219 2217 3434 2285 Quanta
3463 2219 3663 2290 digna-

2069 2313 2144 2367 tio
2179 2312 2477 2378 Creatoris,
2518 2321 2577 2366 ut
2605 2312 2660 2366 in
2689 2326 2751 2367 se
2804 2326 2958 2367 suam
2986 2311 3117 2366 velit
3159 2311 3408 2368 habitare
3446 2322 3663 2367 creatu-

2067 2405 2219 2459 ram?
2245 2403 2419 2472 Quam
2450 2404 3016 2475 incomprehensibilis
3055 2403 3335 2460 beatitudo
3373 2413 3661 2472 creaturae,

2070 2497 2123 2551 in
2151 2512 2250 2552 suo
2279 2511 2501 2553 manere
2535 2495 2829 2552 Creatore?
2850 2495 3062 2563 Quanta
3089 2496 3374 2552 rationalis
3399 2507 3664 2552 creatura:

2067 2597 2152 2645 est
2179 2589 2371 2659 gloria,
2403 2599 2512 2646 tam
2543 2587 2690 2645 felici
2723 2588 3101 2644 vicissitudine
3136 2587 3386 2645 Creatori
3434 2591 3660 2655 sociari,

2067 2691 2127 2736 ut
2158 2681 2275 2752 ipse
2305 2681 2358 2735 in
2385 2695 2474 2748 ea,
2505 2690 2560 2736 et
2587 2680 2704 2751 ipsa
2727 2679 2782 2735 in
2811 2695 2876 2735 eo
2911 2689 3092 2736 teneat
3121 2681 3494 2737 mansionem?
3525 2682 3663 2738 Tam

2068 2771 2400 2828 excellenter
2427 2785 2557 2843 ergo
2595 2779 2831 2837 creatos,
2871 2771 2924 2825 in
2956 2786 3016 2826 se
3047 2785 3148 2826 nos
3187 2785 3408 2826 manere
3448 2773 3661 2827 miseri-

2069 2862 2306 2918 corditer
2336 2862 2543 2928 voluit;
2575 2877 2740 2932 super
2769 2861 2974 2928 omnia,
3026 2864 3170 2916 sicut
3197 2862 3439 2916 omnium
3473 2865 3663 2934 guber-

2068 2961 2262 3021 nator,
2313 2953 2432 3009 sine
2481 2952 2847 3009 sollicitudine
2905 2954 3181 3018 existens;
3236 2955 3417 3010 omnia
3449 2995 3465 3020 ,
3519 2955 3664 3011 velut

2067 3045 2310 3101 omnium
2339 3046 2907 3113 fundamentum,sine
2930 3046 3113 3102 labore
3137 3048 3442 3114 sustinens;
3476 3051 3659 3105 omnia

2068 3139 2210 3195 sicut
2258 3140 2509 3196 omnibus
2567 3140 2728 3195 rebus
2778 3139 3172 3206 excellentior,
3231 3141 3350 3195 sine
3402 3143 3658 3212 superbia

2068 3232 2378 3298 excedens;
2415 3232 2619 3297 omnia,
2652 3231 2798 3286 velut
2829 3233 2920 3302 qui
2958 3232 3208 3288 universa
3241 3234 3508 3301 continuet,
3543 3237 3660 3292 sine

2069 3322 2355 3380 ditl'usione
2405 3325 2808 3395 complectens;
2842 3326 3050 3392 omnia,
3101 3327 3244 3382 sicut
3271 3329 3512 3384 omnium
3546 3330 3654 3401 ple-

2069 3415 2279 3482 nitudo,
2324 3416 2442 3470 sine
2470 3416 2553 3470 sui
2585 3417 2833 3487 angustia
2865 3417 3166 3487 complens.
3209 3417 3310 3472 I'lic
3353 3434 3503 3491 ergo,
3535 3438 3656 3477 cum

2070 3519 2337 3574 nusquam
2383 3505 2557 3570 desit,
2599 3505 2924 3561 delectabile
2965 3506 3109 3560 intra
3141 3522 3239 3562 nos
3285 3508 3388 3563 sibi
3434 3525 3654 3581 regnum

2069 3597 2265 3667 elegit,
2317 3597 2613 3669 Evangelio
2655 3599 3067 3653 demonstrante
3094 3637 3108 3662 ,
3161 3597 3249 3651 ubi
3284 3599 3526 3655 dicitur:
3559 3601 3655 3656 Re~

2069 3703 2227 3756 gnum
2259 3687 2354 3741 Dei
2388 3689 2528 3743 intra
2549 3705 2635 3743 vos
2657 3699 2730 3742 est
2753 3688 2907 3760 (Luc.
2940 3704 3076 3754 xvii,
3099 3688 3214 3758 2i).
3237 3688 3342 3744 Sed
3365 3690 3408 3744 si
3436 3708 3654 3763 regnum

2069 3781 2164 3837 Dei
2202 3783 2342 3837 intra
2382 3796 2481 3838 nos
2528 3792 2613 3838 est
2661 3791 2716 3837 et
2761 3782 2904 3837 Deus
2953 3783 3005 3835 in
3061 3797 3159 3837 suo
3211 3798 3378 3852 regno
3407 3783 3653 3851 habitat,

2069 3889 2250 3929 nonne
2275 3876 2387 3944 ipse
2416 3875 2468 3929 in
2501 3874 2660 3931 nobis
2691 3883 2896 3942 manet,
2927 3874 3084 3945 cujus
3114 3875 3256 3929 intra
3294 3891 3392 3931 nos
3435 3893 3651 3946 regnum

2069 3967 2195 4021 est?
2225 3967 2298 4020 Ita
2333 3967 2492 4036 plane
2523 3966 2605 4022 :si
2632 3967 2776 4022 enim
2807 3967 2950 4022 Deus
2977 3968 3244 4037 sapientia
3272 3977 3372 4032 est,
3404 3978 3459 4023 et
3479 3971 3651 4022 anima

2064 4059 2198 4130 justi
2223 4061 2370 4114 sedes
2406 4069 2482 4113 est
2519 4060 2823 4130 sapientiw;
2857 4059 2948 4128 qui
2982 4074 3108 4114 vere
3136 4059 3316 4127 justus
3342 4071 3456 4124 est,
3488 4059 3650 4116 Deum

2071 4154 2125 4208 in
2156 4168 2215 4208 se
2244 4161 2553 4206 manentem
2584 4150 2769 4206 habet.
2810 4151 3080 4221 Templum
3111 4152 3250 4205 enim
3293 4151 3392 4205 Dei
3419 4162 3651 4206 sanctum

2069 4257 2168 4311 est,
2192 4246 2328 4317 quod
2353 4245 2474 4299 estis
2499 4261 2583 4299 vos
2611 4244 2658 4316 (I
2687 4243 2810 4298 Cor.
2828 4261 2909 4309 Ill,
2937 4244 3051 4313 67),
3071 4245 3148 4298 ait
3174 4245 3486 4314 Apostolus.
3516 4245 3577 4299 Et
3598 4255 3651 4299 tu

378 4331 526 4388 facta
561 4347 642 4399 es,
676 4343 735 4387 ut
763 4349 886 4388 eum
915 4334 1034 4390 sine
1064 4337 1172 4391 line
1209 4335 1482 4391 collaudes
1510 4353 1523 4388 :
1548 4337 1689 4405 quod
1714 4346 1840 4391 tunc
1868 4337 1970 4390 uti-
2003 4374 2048 4429 Β
2075 4338 2237 4409 igitur
2259 4337 2565 4391 sanctitatis
2586 4335 2765 4390 studio
2784 4335 3417 4405 infatigabiliterinsiste,
3437 4352 3502 4391 ne
3528 4345 3652 4390 tem-

377 4440 484 4496 que
510 4424 776 4497 intelliges
802 4425 1038 4496 plenius,
1063 4443 1187 4483 cum
1215 4428 1333 4498 ejus
1360 4427 1518 4482 beata
1557 4428 1766 4484 visione
1796 4429 1964 4486 subli-

379 4527 522 4572 mata
563 4518 772 4574 videbis
825 4527 875 4574 te
931 4521 1046 4575 sola
1095 4530 1152 4575 et
1199 4521 1437 4592 gratuita
1487 4521 1731 4577 bonitate
1785 4521 1960 4592 illius,

379 4625 499 4665 cum
532 4623 638 4664 non
669 4625 840 4679 esses,
873 4610 939 4666 de
989 4613 1159 4667 nihilo
1206 4623 1315 4667 tam
1368 4615 1617 4681 beatam,
1651 4623 1706 4669 et
1749 4617 1814 4670 ad
1853 4626 1962 4670 tam

385 4701 701 4762 lmeffabilcm
736 4703 1126 4761 beatitudinem
1159 4717 1420 4776 creatam,
1466 4718 1754 4773 vocatam,
1802 4707 1964 4778 justi-

383 4791 596 4854 ucatam
621 4834 637 4860 ,
677 4794 1056 4866 glorificatam.
1112 4797 1260 4855 Talis
1301 4816 1534 4871 namque
1578 4803 1968 4872 contemplatio

386 4888 768 4959 infatigabilem
796 4890 891 4946 tibi
921 4906 1165 4947 amorem
1199 4894 1347 4949 dabit
1384 4909 1508 4948 eum
1557 4895 1676 4949 sine
1709 4896 1816 4951 line
1846 4895 1968 4950 Iau-

377 4983 575 5049 dandi,
610 4998 679 5037 ex
721 4998 828 5054 quo
852 5023 867 5049 ,
915 4993 970 5039 et
1001 5000 1098 5053 per
1127 5003 1332 5056 quem,
1382 4998 1437 5041 et
1474 4988 1526 5041 in
1559 5003 1666 5057 quo
1706 4989 1872 5044 tantis
1914 4998 1970 5044 et

380 5087 486 5132 tam
521 5076 950 5133 immutabilihus
978 5079 1134 5134 bonis
1163 5091 1214 5134 te
1239 5080 1605 5138 beatificatam
1636 5081 1917 5153 gaudebis.

447 5169 534 5225 III.
565 5169 718 5236 Quod
755 5171 1048 5242 ubicunque
1076 5189 1278 5239 sumus,
1311 5175 1364 5226 in
1388 5173 1480 5227 illo
1511 5176 1761 5242 vivimus,
1798 5193 1970 5230 move-

379 5285 519 5334 mur,
560 5278 608 5322 et
655 5287 870 5337 sumus,
912 5270 1040 5323 dum
1067 5271 1237 5340 ipsum
1271 5270 1410 5324 intra
1456 5286 1550 5325 nos
1606 5271 1971 5325 habemus.—

382 5360 488 5414 Sed
519 5361 587 5415 ab
613 5360 699 5414 illa
731 5362 987 5418 felicitate
1018 5361 1228 5428 futura,
1270 5363 1744 5434 contemplationis
1775 5364 1972 5418 intuitu

384 5450 658 5518 paululum
686 5455 848 5508 etiam
881 5456 1304 5526 magnitudinem
1331 5456 1542 5526 gratim,
1566 5472 1674 5525 qua
1703 5468 1754 5512 te
1785 5457 1838 5512 in
1868 5457 1969 5511 hac

384 5541 549 5594 etiam
579 5545 685 5598 vita
716 5546 892 5618 fugaci
915 5549 1446 5615 ditavit,considera.
1469 5549 1586 5618 Ipse
1613 5551 1703 5619 qui
1735 5551 1787 5604 in
1819 5550 1973 5606 caelis

387 5635 634 5704 habitat,
661 5641 748 5707 qui
785 5641 838 5695 in
873 5643 1078 5713 angelis
1110 5653 1337 5716 regnat,
1382 5643 1466 5699 cui
1497 5641 1694 5699 cuilum
1734 5650 1788 5696 ct
1826 5652 1971 5696 terra

2071 4429 2218 4498 plnm
2239 4427 2334 4484 Dei
2357 4427 2573 4483 desinas
2588 4441 2726 4482 esse.
2743 4426 2863 4496 Ipse
2885 4427 2952 4480 de
2965 4427 3078 4481 suis
3095 4427 3254 4482 dicit:
3271 4425 3649 4481 lnhubitaboin

2065 4519 2193 4586 illis,
2206 4532 2252 4574 et
2277 4518 2611 4573 inambulabo
2629 4517 2713 4588 (Il
2733 4515 2912 4571 Cor.“
2924 4518 2969 4583 ,I
2981 4517 3053 4590 (ἰ).
3072 4516 3182 4572 Nec
3195 4517 3430 4580 dubites,
3445 4518 3651 4572 ubicun-

2068 4626 2174 4682 que
2189 4611 2384 4665 anima:
2407 4618 2605 4664 sancta:
2635 4608 2857 4674 fuerint,
2882 4622 3006 4662 eum
3039 4609 3090 4661 in
3137 4607 3242 4662 illis
3267 4622 3410 4662 esse.
3429 4607 3486 4662 Si
3510 4607 3648 4662 enim

2067 4714 2124 4759 et
2152 4716 2203 4758 tu
2232 4705 2284 4758 in
2316 4702 2569 4756 omnibus
2594 4701 2867 4765 membris,
2886 4716 3006 4770 qum
3031 4700 3297 4767 vivillcas,
3327 4700 3527 4770 ubique
3549 4712 3649 4755 tota

2067 4814 2158 4864 es;
2187 4808 2390 4868 quanto
2418 4799 2589 4870 magis
2617 4799 2759 4853 Dens
2787 4797 2984 4869 ubique
3011 4807 3154 4851 totus
3176 4805 3281 4861 est,
3309 4797 3400 4866 qui
3432 4797 3648 4865 teipsam

2068 4897 2123 4946 et
2151 4905 2348 4960 corpus
2383 4889 2623 4945 creavit?
2651 4887 2876 4944 Summa
2907 4889 3071 4959 igitur
3095 4888 3370 4959 diligentia
3412 4888 3651 4944 conside-

2073 4986 2301 5041 randum
2350 4994 2433 5040 est
2469 4999 2592 5039 cum
2626 4992 2830 5054 quanta
2863 4983 3076 5038 ratione
3106 4993 3159 5038 et
3191 4984 3501 5039 reverentia
3535 4996 3650 5038 sen-

2072 5093 2165 5133 sus
2192 5087 2407 5133 nostros
2438 5085 2494 5131 ct
2523 5077 2767 5130 membra
2799 5075 3046 5146 corporis
3087 5074 3256 5128 nostri
3306 5088 3524 5128 movere
3568 5073 3650 5128 dc-

2072 5171 2286 5234 bemus,
2316 5171 2514 5240 quibus
2545 5167 2810 5222 Divinitas
2860 5167 2974 5235 ipsa
3014 5166 3289 5237 przesidct.
3323 5165 3525 5220 Demus
3560 5165 3649 5236 igi-

2075 5270 2184 5328 tur,
2214 5272 2273 5317 ut
2297 5264 2518 5334 dignum
2550 5272 2665 5327 est,
2698 5271 2847 5316 tanto
2879 5259 3231 5316 inhabitatori
3277 5249 3442 5316 omne
3489 5259 3645 5328 impe-

2075 5354 2214 5408 rium
2246 5355 2427 5411 cordis
2472 5354 2666 5420 nostri,
2699 5362 2760 5408 nt
2809 5351 2944 5407 nihil
2987 5352 3036 5406 ei
3071 5361 3333 5422 repugnet
3382 5351 3435 5406 in
3468 5351 3647 5412 nobis;

2075 5449 2170 5504 sed
2199 5462 2390 5503 omnes
2414 5447 2776 5518 cogitationes
2795 5485 2810 5510 ,
2841 5453 2899 5500 et
2931 5442 3226 5499 voluntatis
3256 5453 3457 5507 motus,
3482 5442 3652 5498 omnia

2075 5542 2265 5607 verba,
2292 5551 2347 5596 et
2371 5541 2628 5595 universa
2659 5554 2823 5610 opera
2856 5548 3046 5595 nostra
3077 5536 3224 5592 illius
3252 5543 3443 5590 nutum
3487 5545 3655 5589 atten-

2079 5636 2230 5704 dant,
2258 5632 2376 5705 ejus
2402 5632 2667 5691 voluntati
2698 5633 3028 5698 deserviant,
3057 5629 3125 5684 ad
3168 5625 3519 5684 rectitudinis
3547 5626 3655 5697 ejus
