3910 6018
334 225 438 280 ⁷15

1988 141 2027 150 .-

1704 216 2235 276 MEDITATIONES.

3497 220 3603 274 τη

327 339 571 411 regulam
614 332 928 408 iirigantur.
980 332 1071 389 Sic
1121 334 1268 389 enim
1330 348 1455 388 vere
1505 350 1729 403 regnum
1784 335 1903 403 ejus
1935 333 2073 396 Alis
2128 332 2483 401 dispensator
2545 330 2930 386 ecrlesiastica:
2993 329 3207 386 familiae
3253 331 3466 400 sensit,
3508 335 3601 403 qui

328 433 555 497 erimus,
586 440 642 486 et
671 431 785 501 ipse
811 429 864 484 in
894 428 1050 483 nobis
1077 427 1352 493 manebit,
1383 438 1438 483 et
1457 440 1560 486 nos
1594 428 1647 484 in
1673 429 1765 485 illo
1793 443 1913 484 ma-

248 536 259 541 ‘
329 536 545 591 nentes,
568 524 707 579 bene
729 523 1021 595 vivemus.

399 616 488 671 IV.
521 615 675 682 Quod
718 629 896 669 omnes
917 654 932 681 ,
976 612 1064 682 qui
1090 612 1141 666 in
1173 612 1380 667 Christo
1408 613 1658 681 baptismi
1690 628 1874 667 sumus
1900 652 1915 679 ,

326 710 596 767 Christum
622 707 994 761 induimus.——
1016 704 1227 768 Excita,
1252 720 1436 775 quasso
1468 716 1540 771 te,
1564 706 1743 765 anima
1775 721 1917 767 mea,

327 812 383 856 et
410 799 734 855 exardescat
771 796 914 866 ignis
961 794 1181 863 superni
1226 794 1431 849 amoris
1458 794 1510 848 in
1551 794 1757 848 intimis
1788 794 1915 858 tuis,

326 900 382 946 et
408 893 659 946 decorem
688 902 717 941 a
744 886 973 941 Domino
1001 885 1111 940 Deo
1149 896 1240 940 tuo
1269 885 1367 940 tibi.
1389 885 1645 940 collatum
1677 884 1915 954 pruden-

329 992 414 1037 ter
464 978 789 1048 intelligere,
846 975 1162 1046 intelligens
1192 975 1378 1043 dilige,
1430 974 1667 1042 diligens
1713 983 1919 1029 sanctze

329 1069 762 1129 conversationis
795 1066 1076 1135 obsequiis
1106 1080 1392 1121 venerare.
1437 1065 1629 1122 Nonne
1678 1066 1795 1135 ipse
1823 1065 1918 1133 qui

330 1164 424 1219 tibi
470 1163 520 1215 in
549 1162 729 1230 seipso
780 1158 969 1213 tribuit
1008 1158 1367 1223 mansionem,
1400 1166 1455 1213 et
1485 1159 1537 1212 in
1588 1170 1639 1214 te
1668 1157 1918 1228 dignatus

327 1262 414 1307 est
468 1253 758 1315 habitare,
814 1250 993 1319 seipso
1034 1251 1197 1306 vestit
1243 1262 1325 1315 te,
1391 1251 1566 1305 munit
1609 1259 1663 1306 et
1716 1250 1945 1307 ornat?"

332 1341 615 1409 Quotquot,
643 1341 719 1394 ait
770 1340 1082 1410 Apostolus,
1125 1342 1181 1396 in
1225 1341 1433 1399 Christo
1482 1343 1732 1411 baptismi
1771 1343 1917 1408 estis,

330 1430 597 1486 Christum
625 1433 869 1486 induistis
907 1430 1051 1503 (Cal.
1076 1448 1163 1496 Ill,
1202 1432 1314 1501 27).
1349 1432 1487 1499 Quid
1530 1433 1693 1503 igitur
1721 1433 1915 1498 laudis,

328 1521 492 1594 204
528 1523 657 1592 quid
703 1523 1012 1593 gratiarum.
1034 1525 1289 1589 actionis,
1319 1526 1368 1580 ei
1401 1526 1663 1595 condigne
1691 1528 1918 1591 tribues,

329 1616 417 1683 qui
472 1625 521 1670 te
558 1624 712 1670 tanto
738 1616 962 1671 vestivit
1010 1615 1232 1682 decore,
1267 1625 1419 1672 tanto
1463 1617 1777 1673 sublimavit
1823 1619 1919 1673 lio-

2019 420 2420 476 dixit:0mnes
2477 419 2767 476 Christiani
2816 422 2873 475 in
2916 419 3122 475 Christo
3173 435 3309 475 unus
3363 418 3604 475 Christus

2015 528 2219 566 sumus.
2262 510 2372 567 Nec
2399 512 2619 591 mirum,
2650 528 2771 568 cum
2806 512 2921 582 ipse
2946 511 3018 566 sit
3052 521 3229 581 caput,
3264 521 3319 566 et
3344 526 3445 568 nos
3483 527 3605 567 cor-

2017 622 2117 676 pus
2158 607 2310 677 ejus;
2342 608 2456 677 ipse
2486 623 2740 677 sponsus,
2772 607 2887 677 ipse
2912 622 3140 676 sponsa;
3173 621 3404 677 sponsus
3430 607 3484 661 iu
3520 623 3602 668 se.

2017 715 2214 771 sponsa
2247 702 2298 755 in
2322 701 2609 757 animabus
2637 702 2862 766 sanctis,
2887 716 3023 770 quas
3051 701 3151 756 sibi
3183 700 3373 755 arterei
3401 702 3605 755 amoris

2017 791 2234 849 vinculo
2262 791 2507 846 sociavit.
2541 788 2688 846 Sicut
2709 807 2923 860 sponso,
2973 790 3166 860 inquit,
3201 791 3444 860 imposuit
3474 794 3604 844 mihi

2018 881 2254 946 mitram,
2276 890 2323 934 et
2351 880 2485 934 sicut
2513 897 2757 950 sponsam
2786 883 2985 935 ornavit
3016 898 3097 934 me
3136 888 3462 935 ornamento.
3505 881 3605 935 llic

2018 971 2203 1041 igitur,
2236 972 2414 1026 anima
2449 970 2691 1036 mea,hic
2717 986 2842 1040 erga
2870 981 2920 1025 te
2948 970 3159 1025 revolvc
3184 970 3442 1026 beneficia
3465 971 3600 1039 ejus,

2019 1063 2255 1118 accendc
2314 1063 2368 1117 in
2412 1062 2701 1118 dilectione
2748 1062 2898 1131 ejus,
2929 1064 3225 1117 exardesce
3250 1062 3300 1116 in
3335 1062 3603 1118 desideria

2020 1153 2193 1208 beatae
2235 1153 2710 1223 contemplationis
2746 1153 2882 1221 ejus.
2928 1153 3186 1209 Exclama
3217 1170 3346 1224 ergo
3391 1157 3606 1211 fortiter

2020 1245 2405 1301 ardentissimo
2430 1245 2520 1301 illo
2545 1245 2719 1299 intimi
2744 1246 2947 1300 amoris
2969 1244 3161 1302 atfectu
3185 1256 3240 1301 et
3261 1238 3373 1300 tota
3406 1248 3457 1301 in
3487 1248 3605 1315 ejus

2021 1337 2346 1393 desiderium
2392 1337 2724 1406 liquefacta,
2793 1339 2845 1393 in
2909 1353 3093 1393 vocem
3160 1354 3375 1408 sponsa:
3430 1340 3603 1397 fidelis

2019 1443 2242 1499 erumpe
2275 1448 2288 1483 :
2320 1429 2599 1484 Osculetur
2628 1447 2709 1484 me
2750 1432 2929 1485 osculo
2957 1430 3063 1484 oris
3099 1433 3183 1485 sui
3230 1432 3407 1503 (Cant.
3439 1451 3490 1502 I,
3523 1434 3617 1503 i).,

2023 1519 2259 1575 Recedat
2286 1521 2354 1575 ab
2396 1520 2579 1576 animo
2607 1535 2727 1576 meo
2754 1521 2933 1577 omnis
2962 1522 3265 1584 delectatio,
3298 1540 3419 1593 qua:
3446 1535 3600 1580 extra

2023 1609 2170 1666 illum
2208 1620 2321 1676 est;
2376 1611 2553 1666 nullus
2603 1613 2888 1682 pra-sentis
2936 1614 3058 1669 vitae
3101 1614 3346 1683 all'ectus,
3396 1617 3602 1673 nullum

331 1720 484 1767 nore,
526 1714 583 1757 ut
616 1702 1015 1773 jucumlissimo
1045 1707 1227 1762 cordis
1257 1705 1434 1775 juhilo
1478 1707 1659 1764 dicere
1692 1708 1869 1777 possis
1899 1726 1912 1763 :
1951 1693 1992 1748 Β
2021 1702 2150 1756 mihi
2174 1701 2425 1759 SOlalium
2456 1703 2784 1771 blandimur.
2818 1705 2945 1760 dum
2981 1706 3111 1761 mihi
3159 1707 3276 1778 ejus
3315 1714 3601 1778 pmsentia

330 1790 515 1845 Induit
554 1810 631 1847 me
679 1794 936 1848 Dominus
987 1796 1288 1850 vestimento
1337 1796 1563 1861 salutis,
1612 1797 1916 1850 indumento

328 1881 529 1939 ltetititz
570 1886 917 1941 circumdedit
956 1889 1077 1941 me?
1102 1886 1240 1956 (Isa.
1283 1904 1395 1951 ut,
1424 1888 1535 1960 10.)
1573 1889 1793 1960 Angelis
1819 1891 1917 1946 Dei

329 1988 600 2031 summum
652 1978 908 2049 gaudium
952 1988 1056 2044 est,
1105 1978 1385 2034 Christum
1431 1980 1787 2049 contemplari
1821 1990 1919 2035 :et

330 2080 458 2122 ecce
490 2069 747 2124 immensa
785 2071 1100 2140 dignatione
1131 2086 1228 2127 sua
1281 2086 1341 2126 se
1371 2072 1463 2125 tibi
1502 2080 1709 2127 tantum
1755 2072 1914 2141 ineli-

332 2170 449 2223 nat,
499 2170 557 2214 ut
609 2162 793 2232 seipso
834 2173 885 2217 te
930 2162 1059 2217 velit
1107 2162 1317 2218 vestiri.
1366 2162 1520 2229 Quali
1553 2164 1913 2229 vestimento,

332 2256 438 2308 nisi
480 2270 546 2310 eo
575 2257 641 2310 de
668 2272 776 2326 quo
802 2256 1063 2327 gloriatur
1088 2256 1378 2326 Apostolus
1407 2257 1592 2313 dicens
1630 2270 1650 2309 :
1679 2257 1916 2314 Christus

332 2346 505 2414 {actus
544 2358 618 2401 est
645 2348 791 2402 nobis
818 2366 849 2402 α
876 2348 985 2403 Deo
1011 2350 1302 2416 sapientia,
1342 2358 1390 2402 et
1402 2349 1616 2418 justitia
1642 2359 1689 2402 et
1721 2352 1917 2405 sancti-

332 2437 622 2510 ﬁcatio?(l
658 2440 780 2494 Cor.
810 2455 856 2507 ι,
898 2439 1014 2509 50.)
1061 2438 1267 2505 Quibus
1310 2442 1755 2496 vestimentorum
1788 2443 1911 2496 insi-

334 2529 476 2598 gniis
514 2539 563 2584 te
590 2532 759 2599 magis
783 2540 1027 2597 ornaret,
1061 2546 1223 2601 quam
1262 2539 1320 2586 ut
1350 2540 1403 2584 te
1428 2531 1763 2601 splendidam
1792 2533 1917 2587 red-

335 2622 489 2678 deret
519 2622 718 2677 amictu
761 2623 1065 2695 sapientia,
1092 2630 1416 2679 ornamento
1434 2621 1680 2692 justitize,
1708 2625 1919 2680 satisfa-

334 2713 536 2767 ctionis
567 2711 803 2769 decore?
1362 2728 1375 2741 ·

408 2805 472 2859 V.
502 2804 656 2870 Quod
701 2821 889 2875 corpus
920 2804 1113 2861 Christi
1152 2820 1354 2861 sumus.
1390 2836 1462 2848 —
1490 2806 1559 2863 Et
1581 2807 1711 2878 quid
1738 2808 1915 2865 dicam

336 2898 463 2966 quia
507 2909 567 2950 se
620 2894 714 2949 tibi
763 2896 1014 2952 Christus
1066 2897 1448 2953 vestimentum
1501 2897 1802 2964 fecit,cum
1855 2915 1917 2955 se

339 2996 545 3042 tantum
593 2987 847 3053 univerit,
903 2998 964 3042 ut
1000 2988 1053 3041 in
1084 2989 1295 3043 unitate
1339 2988 1595 3044 Ecclesia:
1635 2990 1704 3045 de
1750 3006 1915 3046 carne

337 3089 521 3135 suate
568 3093 689 3135 esse
734 3080 1004 3135 voluerit?
1048 3080 1188 3134 Audi
1248 3081 1562 3150 Apostolum
1620 3081 1915 3153 Scriptum:

339 3171 707 3225 testimonium
752 3180 1111 3241 exponentem
1145 3188 1159 3225 :
1201 3170 1268 3226 Et
1314 3182 1467 3226 erunt
1516 3173 1622 3226 duo
1662 3173 1717 3225 in
1760 3189 1918 3227 carne

339 3277 468 3314 una.
495 3260 604 3331 Ego
626 3270 821 3323 autem,
848 3261 1045 3330 inquit,
1073 3262 1190 3316 dico
1221 3264 1275 3316 in
1300 3263 1507 3317 Christo
1524 3264 1654 3317 etin
1677 3262 1919 3318 Ecclesia

338 3350 556 3420 (Ephcs.
582 3366 634 3414 v,
657 3350 769 3420 52).
805 3351 982 3420 Super
1018 3353 1121 3407 hoc
1145 3362 1380 3422 quoque,
1411 3362 1613 3423 quanta
1642 3364 1693 3408 te
1717 3353 1917 3409 unione

339 3440 691 3511 copulaverit,
718 3441 1108 3510 contemplare.
1138 3442 1347 3512 Corpus
1367 3443 1569 3499 Christi
1598 3454 1649 3500 te
1685 3446 1918 3514 Aposto-

341 3530 426 3584 lus
450 3543 569 3585 esse
596 3531 878 3585 confirmat
903 3548 919 3588 :
965 3529 1062 3585 Vos
1098 3532 1243 3597 estis,
1283 3531 1379 3596 ait,
1404 3549 1592 3602 corpus
1616 3533 1844 3602 Christi,
1868 3544 1916 3590 et

338 3620 569 3673 membra
595 3621 658 3673 de
688 3622 929 3674 membris
973 3620 1023 3692 (1
1061 3619 1184 3675 Cor.
1234 3637 1346 3688 xu,
1375 3622 1487 3693 27).
1538 3623 1707 3680 Serva
1754 3626 1919 3697 igitur

339 3724 536 3777 corpus
565 3717 619 3764 et
647 3711 914 3777 membra,
940 3727 1004 3765 ea
1034 3711 1299 3781 dignitate
1323 3728 1427 3782 qua
1458 3713 1635 3780 decet,
1681 3731 1750 3771 ne
1777 3717 1823 3771 si
1853 3731 1917 3772 ea

340 3799 579 3868 quolibet
599 3800 836 3856 levitatis
852 3801 1033 3855 studio
1060 3801 1318 3869 injuriose
1343 3806 1657 3859 tractaveris
1673 3844 1689 3870 ,
1717 3817 1917 3875 quanto

341 3889 539 3961 potiori
577 3890 798 3959 praemio
827 3892 1193 3957 coronarcris,
1218 3893 1263 3947 si
1298 3907 1362 3947 ea
1390 3893 1549 3964 digne
1580 3901 1869 3952 trartasses
1893 3915 1907 3963 ;

343 3991 491 4035 tanto
546 3980 740 4050 majori
793 3982 1058 4053 supplicio
1117 3982 1440 4051 subjiciaris,
1473 3987 1520 4040 si
1562 3987 1643 4042 eis
1697 3987 1916 4058 indigne

338 4074 539 4129 abusus
588 4073 777 4129 tueris.
827 4073 982 4130 Oculi
1031 4074 1147 4141 tui,
1199 4076 1339 4131 oculi
1372 4077 1573 4134 Christi
1608 4088 1755 4133 sunt.
1800 4079 1917 4134 Non

340 4166 502 4236 igitur
524 4165 649 4219 licet
680 4166 775 4221 tibi
826 4166 1015 4222 oculos
1042 4166 1246 4222 Christi
1295 4168 1362 4222 ad
1405 4169 1619 4237 aliquas
1644 4169 1916 4226 vanitates

338 4257 748 4325 conspiciendas
799 4256 1066 4327 dirigere,
1112 4259 1239 4327 quia
1282 4257 1529 4313 Christus
1570 4269 1654 4315 est
1692 4261 1915 4326 veritas,

335 4348 423 4401 cui
457 4350 632 4401 onmis
659 4348 874 4403 vanitas
899 4350 1174 4404 contraria
1204 4358 1307 4403 est.
1327 4349 1401 4405 Os
1433 4361 1603 4414 tuum,
1630 4367 1693 4407 os
1711 4351 1909 4407 Christi

335 4451 440 4495 est.
466 4441 584 4498 Non
615 4444 800 4510 debes,
832 4459 937 4498 non
974 4444 1098 4499 dico
1126 4445 1192 4499 ad
1222 4446 1615 4512 detractiones,
1645 4461 1750 4500 non
1791 4448 1912 4502 dico

336 4532 403 4582 ad
447 4532 724 4587 mendacia
746 4572 762 4597 ,
793 4534 887 4588 sed
916 4548 1019 4587 nec
1045 4535 1112 4587 ad
1142 4534 1347 4589 otiosos
1382 4550 1661 4590 sermones
1694 4551 1755 4590 os
1786 4552 1911 4605 ape-

335 4623 487 4687 rire,
543 4625 687 4691 quod
731 4624 798 4678 ad
835 4625 977 4679 solas
1026 4624 1208 4680 laudes
1263 4626 1357 4680 Dei
1405 4636 1459 4681 et
1503 4626 1913 4683 aediﬁcationem

333 4712 564 4779 proximi
592 4714 755 4769 debes
776 4714 1015 4785 patulqu
1038 4714 1254 4771 habere.
1284 4716 1375 4771 Sic
1393 4717 1460 4772 de
1482 4718 1692 4774 caeteris
1714 4719 1913 4776 Christi

334 4802 595 4857 membris
625 4812 727 4857 tuae
749 4806 1005 4859 custodia:
1037 4808 1339 4862 commissis
1376 4807 1632 4879 intellige.

412 4892 493 4945 γι.
527 4892 679 4957 Quod
713 4911 873 4948 unum
900 4896 954 4949 in
977 4895 1183 4950 Christo
1212 4915 1417 4964 sumus,
1438 4909 1483 4952 ct
1511 4916 1627 4953 cum
1649 4901 1759 4969 ipso
1778 4918 1913 4955 unus

336 4979 575 5036 Christus
600 5001 802 5039 sumus.
823 5015 895 5024 —
925 4985 1031 5041 Sed
1062 4989 1240 5042 adhuc
1261 4988 1424 5044 altius
1444 5004 1677 5059 agnosce
1709 4999 1914 5059 quanta

334 5078 411 5132 illi
435 5080 694 5132 societate
715 5079 982 5149 jungaris.
1013 5079 1192 5147 Ipsum
1215 5081 1500 5135 Dominum
1526 5081 1649 5135 audi
1678 5097 1777 5152 pro
1802 5083 1915 5138 suis

335 5167 554 5224 Patrem
578 5178 890 5223 exorantem
922 5186 937 5225 :
975 5169 1235 5239 Volo,ait,
1253 5182 1305 5225 ut
1330 5174 1460 5227 sicut
1486 5189 1578 5242 ego
1599 5182 1647 5226 et
1673 5183 1729 5227 tu
1752 5191 1913 5228 unum

337 5276 550 5326 sumus,
581 5263 657 5315 sic
689 5269 736 5315 et
771 5261 855 5315 isti
885 5262 940 5313 in
969 5260 1114 5314 nobis
1136 5277 1295 5314 unum
1308 5263 1411 5315 sint
1438 5260 1619 5332 (Joan.
1640 5280 1771 5329 xvu,
1795 5263 1909 5335 91).
1966 5328 1969 5333 ν

343 5350 477 5405 Sum
507 5367 604 5421 ego
633 5350 800 5406 Filius
827 5344 948 5406 tuus
978 5366 1076 5421 per
1110 5361 1389 5416 naturam;
1422 5353 1530 5406 sint
1558 5362 1613 5407 et
1634 5354 1706 5408 illi
1727 5355 1817 5408 lilii
1838 5357 1910 5408 tui

341 5456 396 5498 et
422 5444 619 5498 fratres
644 5445 747 5497 mei
770 5459 864 5513 per
885 5446 1134 5513 gratiam.
1149 5443 1358 5510 Quanta
1379 5446 1641 5498 celsitudo
1665 5446 1913 5500 estChri-

338 5536 574 5604 sti‘almm
598 5533 869 5588 hominem
897 5534 974 5587 sic
1004 5534 1055 5586 iu
1086 5533 1302 5589 Christo
1330 5532 1611 5602 prolicere,
1635 5541 1692 5587 ut
1722 5542 1777 5588 et
1800 5536 1914 5604 ipse

338 5623 737 5697 quodammodo
773 5622 1020 5676 Christus
1048 5621 1291 5677 dicatur?
1317 5621 1465 5688 Quod
1506 5622 1596 5677 ille
1625 5637 1748 5679 vere
1779 5624 1910 5680 lide-

521 5719 797 5778 Parnm.
845 5715 1112 5777 CLVIII.

2019 1792 2177 1847 beata
2224 1794 2541 1866 denegatur.
2569 1795 2690 1866 Ipse
2734 1812 2820 1853 me
2860 1798 3435 1857 charitatisbrachiis
3488 1819 3602 1859 am-

2016 1884 2301 1953 plectatur,
2358 1886 2473 1955 ipse
2523 1900 2610 1942 me
2659 1901 2756 1942 ore
2813 1903 3062 1959 supernas
3112 1890 3255 1946 illius
3316 1893 3604 1949 suavitatis

2016 1975 2307 2042 osculetur,
2339 1977 2453 2047 ipse
2480 1991 2566 2033 me
2586 1977 2802 2047 eloquio
2836 1979 2926 2035 illo
2952 1978 3229 2048 inctfaliili,
3254 1997 3361 2052 quo
3395 1984 3602 2055 angelis

2017 2084 2112 2123 sua
2144 2077 2350 2125 secreta
2374 2067 3048 2140 manifestat,alloquatur.
3075 2054 3199 2129 lites
3223 2077 3294 2128 sit
3320 2054 3504 2145 sponsi
3532 2080 3599 2131 ad

2017 2176 2268 2230 sponsam
2319 2161 2529 2217 vicaria
2582 2177 2900 2217 sermonum
2934 2164 3267 2227 vicissitudo,
3300 2175 3358 2220 ut
3392 2182 3492 2235 ego
3526 2169 3599 2223 illi

2020 2263 2189 2307 totum
2212 2269 2307 2308 cor
2336 2269 2513 2309 meum
2544 2255 2869 2322 expandam,
2897 2265 2950 2308 et
2981 2256 3094 2325 ipse
3126 2258 3254 2312 mihi
3278 2274 3391 2312 suae
3413 2261 3599 2315 dulce-

2018 2344 2159 2401 dinis
2192 2354 2401 2400 secreta
2429 2346 2651 2401 revelet.
2678 2345 2772 2401 llis
2800 2346 2982 2415 itaque
3012 2349 3190 2401 anima
3214 2358 3269 2403 et
3292 2349 3599 2429 hujusmoili

2020 2438 2461 2494 meditationibus
2492 2447 2777 2509 vegetata,
2810 2439 2969 2508 pleno
3002 2440 3177 2494 sancti
3225 2441 3483 2497 desiderii
3515 2444 3597 2496 al-

2022 2529 2184 2595 fectn,
2219 2544 2479 2598 sponsum
2534 2538 2682 2583 tuum
2741 2529 2893 2598 sequi
2945 2531 3232 2595 contende,
3264 2540 3321 2586 et
3365 2532 3452 2586 dic
3500 2534 3546 2587 ei
3584 2553 3597 2589 :

2022 2620 2191 2675 Trahe
2221 2636 2302 2674 me
2337 2629 2451 2689 post
2480 2629 2545 2681 te,
2585 2636 2853 2673 curramus
2885 2620 2939 2674 in
2971 2607 3185 2674 odorem
3219 2631 3609 2691 unguentorum

2020 2725 2230 2765 tuorum
2267 2709 2447 2781 (Cant.
2482 2726 2520 2775 ι,
2549 2709 2627 2779 3).
2677 2710 2784 2765 Sed
2827 2711 2933 2775 dic,
2961 2718 3017 2765 et
3064 2710 3297 2766 ﬁdeliter
3326 2712 3450 2779 dic,
3494 2730 3600 2769 non

2021 2802 2337 2858 transitorio
2359 2802 2647 2866 sono,~sed
2674 2801 2994 2871 infatigabili
3020 2802 3315 2859 desiderio.
3349 2803 3440 2860 Sic
3482 2805 3598 2867 dic.

2020 2902 2079 2947 nt
2102 2893 2369 2957 audieris;
2416 2893 2494 2948 sic
2520 2892 2721 2948 attrahi
2751 2892 3100 2964 concupisce,
3126 2902 3184 2949 ut
3210 2896 3363 2965 sequi
3400 2898 3598 2965 possis.

2022 2985 2116 3041 Dic
2151 3000 2283 3058 ergo
2328 2980 2676 3055 Redemptori
2707 2993 2763 3040 et
2808 2986 3073 3041 Salvatori
3124 2995 3262 3041 tuo:
3308 2988 3478 3044 Truhc
3522 3007 3601 3044 me

2018 3085 2132 3145 post
2178 3084 2247 3130 te.
2283 3074 2399 3130 Non
2435 3076 2613 3130 trahat
2643 3075 2870 3131 dulcedo
2903 3075 3108 3143 saeculi,
3156 3077 3250 3132 sed
3303 3078 3483 3133 trahat
3514 3094 3599 3131 me

2018 3167 2264 3223 suavitas
2286 3166 2585 3222 beatissimi
2615 3166 2817 3221 amoris
2851 3166 2950 3222 tui.
2983 3165 3172 3221 Traxit
3197 3182 3283 3221 me
3310 3168 3599 3238 aliquando

2018 3256 2233 3312 vanitas
2263 3272 2413 3322 mea;
2440 3260 2535 3313 sed
2556 3254 2670 3325 jam
2699 3257 2881 3311 trahat
2905 3272 2992 3312 me
3024 3264 3132 3311 tam
3162 3266 3281 3327 post
3311 3273 3369 3315 se
3396 3260 3601 3314 veritas

2020 3357 2130 3403 tua.
2156 3348 2352 3411 Trahe,
2395 3349 2520 3418 quia
2574 3348 2818 3413 traxisti;
2876 3346 3087 3416 retine,
3120 3348 3249 3418 quia
3300 3350 3603 3420 apprehen-

2019 3440 2164 3496 disti.
2192 3439 2426 3494 Traxisti
2477 3439 2815 3506 redimendo,
2866 3440 3022 3496 trahe
3051 3440 3331 3496 salvando.
3363 3441 3598 3496 Traxiin

2018 3534 2348 3598 miserando,
2378 3533 2532 3587 trahe
2561 3532 2942 3588 beatiﬁcando.
2989 3532 3412 3603 Apprelicndisti
3458 3533 3604 3587 inter

2019 3626 2266 3681 homines
2294 3640 2561 3695 apparens
2605 3640 2705 3695 pro
2759 3625 2915 3681 nobis
2964 3625 3127 3681 homo
3179 3625 3390 3691 factus,
3427 3626 3605 3681 retine

2016 3714 2155 3770 caelo
2176 3714 2469 3784 praesidens
2488 3730 2651 3785 super
2674 3714 2892 3785 angelos
2910 3715 3200 3770 exaltatus.
3228 3716 3374 3771 Tuus
3399 3731 3602 3782 sermo,

2018 3817 2107 3858 tua
2139 3804 2427 3874 promissio
2462 3813 2566 3859 est.
2610 3803 2915 3857 Promisistl
2944 3804 3161 3859 dicens:
3181 3803 3245 3857 Et
3268 3820 3362 3871 ego
3383 3807 3427 3858 si
3458 3806 3603 3860 exat-

2015 3905 2155 3950 tatus
2188 3894 2339 3964 fuero
2368 3911 2402 3949 a
2423 3904 2586 3961 terra,
2609 3894 2785 3948 omnia
2811 3895 3019 3948 traham
3049 3896 3118 3949 ad
3141 3896 3389 3966 meipsum
3416 3896 3600 3967 (Joan.

2015 4002 2115 4054 xu,
2151 3985 2266 4055 δί).
2288 3984 2465 4040 Trahe
2490 3984 2653 4055 igitur
2669 3983 2780 4054 jam
2804 3994 3054 4054 potenter
3090 3986 3389 4051 exaltatus,
3432 4003 3591 4057 quem

2016 4076 2285 4132 attraxisti
2307 4075 2731 4131 misericorditer
2767 4075 3100 4132 humiliatus.
3125 4078 3453 4147 Ascendisti,
3476 4094 3599 4134 sen-

2018 4168 2182 4233 tiam;
2217 4182 2381 4237 super
2426 4167 2606 4222 omnia
2658 4182 2875 4238 regnas,
2905 4183 3220 4239 agnoscam.
3267 4168 3517 4239 Nunquid
3547 4179 3599 4226 te

2018 4273 2244 4328 regnare
2309 4273 2415 4314 non
2454 4257 2733 4331 agnosco?
2780 4274 3017 4327 agnosco
3051 4268 3238 4329 certe,
3288 4268 3343 4316 et
3395 4262 3598 4332 gratias

2017 4364 2138 4420 ago.
2178 4348 2283 4406 Sed
2318 4365 2611 4422 agnoscam
2648 4349 2889 4421 perfecte
2921 4352 3157 4406 amando
3194 4354 3335 4421 quod
3363 4369 3597 4425 agnoseo

2022 4442 2108 4511 pie
2131 4441 2198 4496 de
2234 4449 2287 4495 te
2315 4442 2616 4497 sentiendo.
2645 4441 2949 4509 Agnoscam
2998 4441 3232 4495 videndo
3260 4441 3403 4513 quod
3434 4456 3596 4511 agno-

2021 4547 2114 4589 sco
2156 4532 2445 4589 credendo.
2491 4533 2619 4602 Liga
2674 4540 2853 4585 tecum
2893 4531 3351 4588 indissolubilibus
3392 4536 3598 4589 amoris

2020 4627 2249 4683 vinculis
2283 4625 2548 4682 desideria
2592 4625 2771 4680 cordis
2812 4624 2939 4692 mei,
2969 4624 3057 4679 ubi
3093 4634 3270 4681 tecum
3317 4636 3445 4681 sunt
3480 4628 3595 4698 pri-

2022 4717 2185 4772 mitiae
2237 4716 2458 4786 spiritus
2508 4714 2636 4769 mei.
2677 4714 2859 4770 Societ
2906 4730 3006 4769 nos
3054 4716 3235 4770 unitas
3287 4716 3594 4783 eharitatis,

2019 4821 2155 4876 quos
2180 4804 2451 4875 copulavit
2482 4804 2717 4859 charitas
2758 4804 3160 4875 redemptionis.
3186 4805 3429 4861 Dilexisti
3450 4807 3593 4861 enim

2020 4913 2126 4962 me,
2152 4896 2417 4951 tradidisti
2453 4895 2795 4967 temetipsum
2823 4909 2920 4965 pro
2957 4910 3063 4951 me.
3091 4895 3174 4950 Sit
3208 4896 3391 4966 itaque
3417 4905 3593 4953 tecum

2019 4989 2073 5041 in
2104 4984 2243 5042 etelo
2285 4984 2487 5055 jugiter
2531 4985 2758 5038 intentio
2809 4999 2954 5051 mea,
3002 4985 3072 5039 sit
3104 4999 3312 5038 mecum
3344 4985 3397 5037 in
3451 4992 3594 5037 terra

2018 5079 2274 5135 continue
2295 5076 2560 5146 protectio
2592 5083 2700 5129 tua.
2731 5073 2939 5144 Adjuva
2984 5074 3059 5129 tui
3098 5074 3300 5128 amoris
3329 5072 3595 5127 desiderio

2020 5179 2358 5234 aestuantem,
2395 5168 2485 5238 qui
2524 5167 2757 5222 dilexisti
2810 5175 3267 5222 contemnentem.
3318 5164 3393 5218 Da
3443 5180 3593 5235 qua:-

2022 5260 2184 5325 rcnti,
2225 5259 2317 5328 qui
2369 5268 2421 5312 te
2450 5257 2641 5313 dedisti
2681 5256 2964 5312 nescienti.
2994 5256 3216 5324 Suscipe
3255 5254 3591 5319 redeuntem,

2021 5352 2109 5421 qui
2162 5348 2423 5405 revocasti
2461 5347 2775 5420 fugientem.
2821 5347 3043 5414 Diligam
3095 5356 3155 5400 ut
3205 5345 3431 5415 diligar;
3484 5344 3594 5399 imo

2020 5442 2145 5509 quia
2177 5440 2388 5510 diligor,
2419 5440 2589 5510 magis
2619 5454 2684 5494 ac
2718 5437 2888 5506 magis
2920 5436 3157 5506 diligam,
3192 5446 3247 5488 ut
3277 5435 3448 5507 magis
3471 5434 3592 5489 dili-

2022 5549 2136 5603 gar.
2164 5531 2388 5586 Uniatur
2417 5542 2590 5587 tecum
2618 5531 2877 5601 cogitatio
2909 5545 3050 5592 mea,
3091 5544 3194 5582 una
3223 5536 3278 5583 et
3300 5527 3592 5598 singularis

2021 5628 2089 5680 sit
2122 5633 2294 5680 tecum
2325 5624 2549 5681 intentio
2578 5640 2713 5690 mea,
2744 5624 2829 5679 ubi
2865 5636 3038 5681 tecum
3073 5636 3101 5675 a
3135 5628 3183 5675 te
3226 5619 3590 5675 misericordi-

3187 5710 3265 5771 23
