3910 6018
306 172 415 229 715

607 172 665 225 S.
711 164 1007 226 ANSELMI
1041 168 1385 226 CANTUAR.
1429 165 1743 224 ARClllEP.
1783 164 1933 223 OPP.
1979 163 2161 222 PARS
2217 166 2278 222 ll.
2310 198 2379 208 -—
2415 166 2790 224 PAR/ENET.
2833 168 2919 223 ET
2957 167 3199 224 ASCET.

3462 170 3568 226 716

305 294 393 342 ter
438 290 686 353 suscepta
734 285 893 338 beata
933 295 1045 359 1am
1094 290 1284 351 regnat
1322 281 1624 335 substantia
1667 289 1875 335 nostra.
1908 287 1957 347 Α
1986 280 2250 336 beneficia
2281 280 2610 346 Conditoris,
2643 282 2840 352 quibus
2871 292 2925 336 te
2950 283 3113 338 nullis
3153 284 3569 343 intercurrenti—

296 378 617 433 Adhacreatn
642 375 739 429 tibi
770 372 1221 443 inseparabiliter,
1247 372 1467 428 adorem
1495 379 1545 427 te
1571 371 1882 441 infatigabi-

297 468 441 533 liter,
473 460 706 523 serviam
742 465 838 519 tibi
871 472 1306 533 perseveranter,
1358 478 1596 534 quaeram
1652 473 1704 518 te
1748 462 1881 518 fide-

297 562 440 625 liter,
472 558 745 614 inveniam
778 565 831 612 te
870 555 1125 621 feliciter,
1168 557 1472 627 possideam
1523 566 1574 611 te
1612 556 1884 610 tetcrnali-

298 664 400 708 ter.
443 652 534 706 llis
576 648 942 713 sermonibus,
971 663 1006 702 ο
1031 649 1212 703 anima
1253 664 1389 712 mea,
1423 648 1590 703 Deum
1623 647 1883 719 interpel-

297 745 459 800 lando
492 742 813 807 accendere,
845 740 1205 808 inﬂammare,
1236 741 1556 805 exardesce,
1586 749 1643 795 et
1690 748 1801 796 tota
1830 742 1882 795 in

302 836 420 905 ejus
451 835 722 890 desiderio
760 835 915 904 ignea
939 832 1077 888 ellici
1103 833 1389 888 contende.

370 927 473 982 VII.
496 926 813 981 Relractatio
829 937 1156 995 peccatorum
1172 935 1489 991 nostrorum,
1504 925 1568 980 de
1582 925 1768 997 quibus
1790 941 1884 979 nos

293 1020 607 1075 conscientia
657 1030 831 1071 nostra
872 1017 989 1087 plus
1037 1018 1324 1081 remordet,
1374 1033 1466 1086 per
1500 1034 1616 1088 qua:
1655 1017 1885 1085 perdidi-

297 1124 411 1162 mus
440 1110 551 1162 hwc
579 1108 862 1161 onmia.-—
883 1105 1015 1160 Cutu
1044 1118 1222 1160 autem
1254 1106 1572 1160 consideras
1597 1107 1662 1161 ad
1685 1120 1804 1175 qute
1831 1112 1887 1160 et

295 1208 496 1270 quanta
526 1199 665 1253 bona
701 1213 798 1267 per
846 1198 965 1265 ejus
1016 1196 1247 1267 gratiam
1280 1196 1559 1266 proiecisti
1587 1236 1601 1261 ,
1645 1205 1882 1251 retracta

293 1296 455 1349 etiam
485 1307 603 1362 quae
640 1299 694 1345 et
729 1299 931 1361 quanta
963 1291 1103 1345 bona
1142 1305 1238 1359 per
1278 1299 1422 1343 tuam
1462 1289 1673 1359 culpam
1708 1290 1886 1358 perdi-

291 1385 443 1449 disti,
470 1393 525 1437 et
554 1382 606 1437 in
644 1397 765 1452 qure
819 1382 961 1437 mala
998 1382 1174 1452 culpis
1211 1390 1429 1452 gravata
1474 1382 1746 1437 corruisti.
1782 1381 1886 1437 Re-

295 1475 451 1531 volve
503 1474 827 1543 suspirando
867 1473 1007 1527 maia
1038 1487 1157 1541 quae
1197 1472 1446 1541 nequiter
1471 1458 1679 1536 fecisti;
1719 1480 1774 1525 et
1801 1485 1887 1524 re-

295 1567 471 1638 cogita
536 1566 802 1635 gemendo
855 1564 993 1618 bona
1048 1578 1169 1633 quae
1225 1572 1445 1632 propter
1498 1563 1685 1617 eadem
1744 1562 1881 1616 mala

297 1632 682 1712 miserabiliter
729 1652 981 1707 amisisti.
1021 1632 1160 1717 Quid
1201 1652 1347 1705 etum
1381 1650 1503 1706 boni
1546 1651 1886 1720 praestantis-
1919 1632 1959 1691 Β

296 1751 465 1804 simus
492 1756 616 1801 tuus
662 1744 891 1799 Creator
920 1756 1016 1797 sua
1071 1742 1167 1797 tibi
1197 1756 1300 1796 non
1346 1740 1575 1797 contulit
1603 1741 1886 1796 bonitate?

299 1842 364 1895 Et
393 1840 521 1908 quid
554 1836 681 1891 mali
717 1845 771 1889 tu
800 1839 850 1889 ei
903 1850 1007 1889 non
1061 1834 1391 1904 rependisti,
1440 1833 1760 1888 exsecrabili
1796 1848 1886 1887 ve-

298 1940 481 2002 getata
532 1928 857 1998 iniquitate?
899 1927 1045 1981 Bona
1098 1926 1365 1997 perdens,
1402 1924 1542 1978 mala
1598 1922 1884 1991 meruisti;

302 2026 412 2077 imo
456 2022 595 2076 bona
631 2019 940 2091 projiciens,
993 2019 1133 2074 mala
1184 2018 1431 2089 elegisti;
1470 2027 1525 2071 et
1562 2017 1762 2071 amissa
1800 2016 1886 2071 vel

298 2116 479 2184 potius
510 2113 719 2182 altjecta
759 2111 928 2182 gratia
962 2110 1292 2175 Conditoris,
1335 2109 1471 2163 iram
1503 2108 1621 2178 ejus
1658 2109 1888 2163 misera-

302 2208 485 2261 Iiil;ter
517 2204 817 2260 incurristi.
850 2202 968 2285 Non
995 2214 1079 2259 est
1118 2203 1260 2257 unde
1305 2211 1357 2256 te
1386 2202 1583 2271 probes
1629 2201 1889 2255 innocen-

299 2310 430 2367 tem,
458 2311 582 2351 cum
607 2294 872 2350 malorum
914 2300 1129 2345 tuorum
1158 2298 1377 2345 caterva
1409 2296 1463 2345 te
1505 2288 1655 2343 velut
1676 2288 1888 2345 exerci-

299 2399 386 2443 tus
420 2388 718 2442 immensus
768 2381 1104 2445 circumdet,
1148 2381 1275 2435 hinc
1326 2394 1619 2448 pravorum
1662 2393 1886 2450 operum

300 2479 498 2553 probra
520 2477 782 2548 objiciens
802 2473 994 2554 ;jllinc
1024 2472 1295 2526 inutilium
1327 2479 1403 2537 et,
1431 2472 1574 2541 quod
1603 2470 1889 2525 damnabi-

300 2576 405 2627 lius
429 2579 545 2634 est,
586 2566 1019 2638 peruiciosorum
1060 2563 1346 2616 verborum
1399 2562 1716 2616 immensam
1761 2574 1889 2615 cou-

303 2662 510 2733 gericm
538 2655 857 2726 proferens;
887 2650 1009 2707 inde
1045 2648 1308 2703 tnalarum
1354 2648 1744 2719 cogitationum
1777 2661 1895 2701 mo—

308 2753 414 2807 lem
438 2748 705 2804 infinitam
732 2752 1033 2799 ostentans.
1060 2739 1186 2796 llaec
1206 2748 1353 2802 sunt,
1370 2747 1591 2809 propter
1608 2752 1728 2809 quae
1749 2738 1889 2793 bona

300 2838 695 2899 intestimabilia
718 2835 1029 2908 perdidisti;
1061 2841 1283 2904 propter
1304 2833 1420 2887 haec
1441 2829 1749 2886 Conditoris
1769 2846 1819 2901 gi
1833 2843 1890 2883 a-

1984 374 2085 428 bns
2108 373 2318 427 meritis
2338 373 2671 438 sublimavit,
2700 384 2755 428 et
2780 374 2845 428 ad
2870 376 3191 430 memoriam
3214 392 3406 435 revoca
3422 380 3565 437 mala

1985 463 2289 528 innumera,
2324 463 2521 533 quibus
2558 465 2800 531 ejusdem
2847 465 3135 522 beneﬁciis
3174 475 3265 522 tua
3308 469 3567 538 iniquitas

1986 554 2207 623 indigne
2233 555 2532 624 respondit,
2569 564 2624 609 et
2660 570 2914 625 magnum
2961 555 3199 611 dolorem
3238 561 3562 628 parturiens,

1986 647 2159 702 clama
2206 660 2222 700 :
2271 647 2411 713 Quid
2457 647 2596 703 feci?
2644 649 2813 703 Deum
2862 650 3212 715 exacerbavi,
3251 650 3566 707 Creatorem

1986 751 2166 792 meum
2197 739 2265 793 ad
2297 740 2634 794 iracundiam
2664 741 2978 811 provocari,
3013 742 3289 798 beneficiis
3312 745 3429 814 ejus
3466 747 3568 800 im-

1986 827 2191 881 mensis
2214 827 2500 882 innumera
2527 828 2663 883 mala
2691 831 2934 899 rependi.
2969 831 3107 899 Quid
3143 834 3281 888 feci?
3310 834 3416 889 Sed
3453 837 3567 893 haec

1986 916 2197 980 dicens,
2236 931 2336 972 cor
2377 927 2525 972 tuutn
2573 922 2772 974 acerbe
2809 931 3055 988 contere,
3099 925 3329 994 gemitus
3359 928 3570 994 emitte,

1988 1006 2258 1079 lacryutas
2308 1009 2493 1066 funde.
2542 1011 2599 1066 Si
2644 1012 2793 1066 enim
2840 1014 2930 1068 hic
2966 1031 3071 1069 non
3104 1016 3305 1086 ploras,
3347 1021 3567 1088 quando

1987 1100 2264 1170 plorabis?
2286 1102 2343 1156 Si
2378 1111 2430 1158 te
2460 1103 2525 1157 ad
2552 1107 3026 1173 compunctionem
3056 1123 3159 1162 non
3189 1110 3391 1164 excitat
3417 1126 3569 1166 aven-

1988 1194 2073 1249 sio
2094 1193 2272 1247 vultus
2296 1194 2388 1248 Dei
2416 1210 2445 1249 a
2478 1204 2553 1260 te,
2584 1210 2749 1265 quam
2775 1205 2863 1250 tua
2898 1207 3118 1267 peccata
3150 1198 3413 1265 fecerunt,
3438 1219 3566 1258 cott-

1988 1286 2189 1358 fringat
2233 1288 2487 1342 duritiam
2539 1298 2685 1344 tuam
2740 1290 2821 1343 vel
2868 1291 3169 1347 enormitas
3218 1293 3567 1349 infernalimn

1987 1378 2400 1448 suppliciorum,
2430 1394 2594 1448 quam
2622 1395 2786 1451 super
2816 1390 2867 1435 te
2895 1381 3083 1437 eadem
3114 1394 3334 1453 peccata
3371 1400 3569 1455 provo-

1988 1478 2267 1523 caverunt.
2306 1468 2439 1525 Redi
2472 1485 2622 1543 ergo,
2656 1474 2794 1539 redi,
2827 1474 3253 1544 pracvaricatrix,
3283 1477 3347 1531 ad
3372 1492 3486 1544 cor,
3514 1486 3570 1532 et

1988 1559 2176 1628 pedem
2202 1560 2270 1614 ab
2300 1560 2487 1615 inferis
2510 1562 2757 1626 extrahe,
2793 1575 2848 1616 ut
2881 1564 3061 1619 debita
3091 1565 3231 1619 mala
3255 1568 3486 1622 evadere
3514 1576 3569 1621 et

1989 1646 2187 1702 amissa
2228 1648 2391 1713 bona,
2432 1650 2629 1720 quibus
2658 1650 2803 1719 juste
2842 1653 3102 1721 priveris,
3145 1657 3317 1725 possis
3349 1672 3568 1727 recupe-

1988 1750 2131 1790 rare.
2166 1736 2227 1792 Si
2263 1740 2409 1793 enim
2452 1740 2518 1794 ad
2560 1742 2701 1795 mala
2740 1751 2829 1795 tua
2878 1745 3159 1812 respicias,
3206 1747 3389 1801 omnia
3427 1748 3568 1801 bona

1988 1842 2108 1897 quae
2153 1829 2249 1885 tibi
2296 1840 2425 1885 sunt
2449 1833 2518 1887 ab
2546 1848 2612 1888 eo
2655 1835 2850 1889 collata
2898 1837 3201 1905 perdidisti.
3247 1837 3470 1908 Oportet
3518 1850 3571 1895 te

1987 1918 2156 1989 igitur
2197 1921 2265 1976 ad
2312 1936 2397 1987 ea,
2439 1930 2494 1977 et
2532 1925 2768 1980 maxime
2808 1927 2875 1981 de
2915 1927 3112 1996 quibus
3157 1938 3210 1984 te
3239 1931 3568 1985 conscientia
3652 1968 3657 1975 ›

1988 2011 2209 2081 gravius
2237 2022 2484 2082 accusat,
2515 2031 2733 2086 semper
2769 2018 2956 2074 oculos
3001 2028 3338 2090 retorquere,
3380 2031 3439 2077 ut
3481 2023 3569 2079 ille

1987 2100 2176 2158 oculos
2216 2117 2344 2158 suos
2386 2115 2616 2159 avertat.
2664 2106 2799 2160 Nam
2839 2108 2886 2162 si
2937 2117 2991 2163 tu
3024 2100 3247 2178 p'eccata
3289 2121 3378 2165 tua
3408 2111 3571 2183 digna

1989 2193 2381 2250 satisfactionis
2404 2195 2705 2253 intentione
2733 2201 2958 2266 avertis,
3013 2201 3100 2257 ille
3120 2200 3189 2256 ab
3206 2203 3287 2258 eis
3317 2203 3569 2260 intuitum

1990 2286 2211 2341 ultionis
2230 2285 2467 2343 “avertit.
2494 2288 2551 2343 Si
2594 2297 2649 2343 tu
2675 2290 3051 2357 Oblivisceris,
3094 2292 3183 2347 ille
3223 2295 3565 2349 recordatur.

2060 2375 2197 2432 Vill.
2249 2376 2571 2433 Retractatio
2656 2380 2948 2437 Dominicis
3011 2384 3421 2449 incarnationis,
3480 2402 3573 2456 per

1992 2482 2151 2537 quam
2191 2470 2617 2537 recuperavimus
2658 2471 2771 2524 Ita'c
2809 2475 3006 2527 omnia.
3034 2501 3105 2513 —
3132 2472 3203 2529 Ut
3241 2474 3405 2544 igitur
3450 2478 3573 2532 inde

1991 2558 2259 2625 libereris,
2295 2561 2674 2618 miserationes
2715 2578 2845 2633 erga
2881 2573 2936 2620 te
2975 2565 3052 2619 tui
3082 2565 3460 2635 Redemptoris
3489 2578 3571 2622 ato

1995 2651 2176 2707 tende.
2210 2650 2373 2708 Certe
2398 2654 2682 2724 originalis
2719 2655 2926 2725 peccati
2971 2658 3167 2712 merito
3196 2670 3395 2713 careata
3422 2674 3571 2723 eras,

1991 2743 2378 2799 sublimitatem
2438 2745 2515 2800 ιιιὶ
2568 2746 2881 2803 Conditoris
2935 2749 3121 2805 videre
3178 2765 3283 2805 non
3333 2760 3569 2821 poteras.

1995 2832 2347 2889 Peccatorum
2375 2835 2607 2892 nubibus
2636 2838 2998 2909 circumsepta
3026 2840 3080 2893 in
3121 2840 3350 2896 obscura
3382 2844 3572 2897 tende-

302 2936 377 2989 tia
408 2930 660 2989 caruisti.
693 2928 817 2984 “ac
854 2924 1095 2995 recogita
1123 2923 1423 2994 scmendo,
1448 2936 1603 2992 881M
1633 2920 1711 2976 eis
1740 2921 1892 2975 abre-
1923 2985 1957 3000 η
1994 2924 2112 2989 bas,
2143 2934 2199 2979 et
2226 2924 2293 2979 ad
2328 2937 2565 2981 aeternas
2596 2930 2847 2984 tenebras
2884 2930 3087 3000 rapidis
3126 2931 3377 2988 ﬂuctibus
3416 2934 3577 2988 vitiu-

302 3024 623 3087 nuntiando,
648 3017 970 3076 abrenuntia
996 3014 1345 3081 damnando;
1383 3016 1580 3069 damna
1612 3026 1699 3078 ea,
1723 3011 1890 3066 vitam

304 3120 358 3172 in
390 3117 583 3172 melius
604 3110 1006 3169 commutando.
1021 3108 1259 3163 Luctare
1282 3116 1458 3161 tecum
1483 3106 1536 3160 in
1564 3104 1748 3158 animo
1778 3112 1890 3168 tuo,

306 3226 375 3264 ne
413 3209 610 3263 amodo
661 3205 747 3260 vel
794 3203 862 3257 ad
919 3209 1251 3257 momentum
1299 3198 1460 3253 alicui
1516 3195 1745 3251 vanitati
1797 3209 1892 3250 seu

306 3301 497 3366 corde,
532 3314 629 3355 seu
662 3298 844 3366 lingua
867 3336 882 3362 ,
931 3296 1049 3350 sive
1077 3333 1092 3358 ,
1138 3291 1284 3362 quod
1314 3304 1543 3346 summa:
1586 3288 1898 3343 damnatio-

310 3393 393 3445 nis
420 3401 526 3454 est,
558 3402 725 3458 opere
774 3398 1058 3440 assensum
1100 3384 1364 3453 praebeas.
1408 3380 1494 3434 Sit
1540 3378 1893 3448 quotidiana,

305 3482 417 3537 imo
457 3477 717 3536 continua
759 3476 814 3529 in
842 3477 1025 3529 animo
1053 3483 1144 3527 tuo
1184 3472 1321 3537 rixa,
1354 3486 1422 3526 ne
1459 3470 1743 3539 quodlibet
1769 3484 1892 3523 cum

306 3572 455 3629 vitiis
483 3570 658 3624 fmdus
691 3568 951 3621 retineas.
1006 3564 1261 3619 Districte
1306 3561 1644 3631 temetipsarn
1683 3571 1896 3627 semper

306 3664 581 3728 examina,
606 3667 817 3715 secreta
846 3657 1074 3723 discute,
1091 3664 1144 3712 et
1171 3654 1429 3726 quidquid
1458 3654 1511 3707 in
1539 3661 1592 3707 te
1607 3652 1893 3722 reprobnnt

307 3754 469 3827 205
510 3752 813 3817 inveneris,
883 3747 1058 3822 rigida
1112 3745 1585 3803 animadversione
1625 3750 1889 3813 percute,

310 3855 614 3917 prosterno,
648 3851 893 3905 contere,
922 3840 1184 3908 exstirpa,
1216 3836 1442 3907 projice,
1472 3846 1529 3890 et
1558 3834 1626 3888 ad
1665 3832 1893 3887 nihilum

313 3940 520 4010 redige.
560 3936 677 3992 Non
712 3936 804 3991 tibi
827 3948 1045 4005 parcas,
1088 3947 1196 3989 non
1234 3932 1327 3987 tibi
1364 3928 1681 3993 blandiaris,
1711 3926 1808 3982 sed
1838 3928 1894 3981 in

313 4030 604 4095 matutino,
650 4027 702 4083 id
729 4034 815 4082 est
854 4026 907 4080 in
936 4021 1393 4092 contemplatione
1426 4017 1656 4074 extremi
1681 4017 1890 4087 judicii,

309 4122 456 4193 quod
496 4120 645 4176 nocti
693 4116 977 4189 praesentis
1015 4115 1144 4169 vitae
1186 4122 1443 4183 tanquam
1491 4111 1583 4164 lux
1628 4109 1894 4165 matutina

312 4215 577 4279 succedit,
619 4210 869 4268 interfice
906 4222 1096 4264 omnes
1135 4213 1454 4276 peccatores
1494 4212 1673 4267 teme,
1724 4202 1776 4256 id
1810 4208 1896 4257 est

309 4307 509 4362 delicta
576 4313 739 4374 atque
780 4308 1005 4371 peccata
1055 4295 1487 4355 conversationis
1528 4303 1785 4357 terrenae,
1834 4301 1895 4346 ut

312 4398 595 4469 disperdas
636 4398 705 4451 de
753 4394 975 4450 civitate
1021 4391 1256 4452 Domini,
1296 4402 1460 4458 quam
1506 4386 1559 4441 iu
1607 4385 1894 4454 temetipsa

312 4493 389 4547 illi
415 4491 687 4546 aediﬁcare
732 4489 921 4551 debes,
953 4499 1144 4541 omnes
1182 4491 1475 4553 operantes
1514 4480 1893 4549 iniquitatem,

311 4585 365 4640 id
380 4593 464 4639 est
475 4581 769 4637 diabolicas
789 4577 1185 4650 suggestiones,
1200 4574 1431 4631 odibiles
1444 4572 1555 4628 Deo
1584 4571 1896 4627 delectatio-

310 4692 433 4739 nes,
469 4674 784 4729 mortiferos
828 4685 1127 4727 consensus
1173 4680 1228 4725 et
1277 4684 1441 4739 opera
1487 4681 1765 4739 perversa.
1817 4668 1896 4721 Ab

311 4766 567 4821 munibus
590 4764 655 4817 iis
686 4772 942 4833 tanquam
965 4762 1161 4817 civitas
1191 4762 1283 4815 Dei
1313 4760 1478 4815 debes
1504 4759 1809 4822 emundari,
1837 4770 1896 4813 ut

312 4860 567 4931 placitam
598 4856 649 4908 in
677 4864 727 4908 te
756 4856 1091 4908 mansionem
1119 4852 1223 4908 sibi
1254 4854 1486 4907 Creatnr
1514 4851 1771 4916 inveniat,
1796 4851 1894 4905 ob-

312 4952 501 5014 tineat,
534 4947 829 5020 possideat.
862 4945 977 5000 Noli
1009 4961 1127 5001 esse
1158 4946 1224 5001 de
1249 4945 1379 5011 illis,
1402 4958 1631 5015 quorum
1662 4945 1896 5013 pertina-

312 5044 452 5099 ciam
498 5041 639 5096 Deus
679 5040 792 5109 ipse
816 5038 1031 5093 videtur
1065 5037 1340 5110 plangere,
1373 5038 1560 5093 dicens
1607 5052 1620 5088 :
1667 5032 1787 5089 Non
1822 5046 1896 5090 cst

312 5136 402 5207 qui
432 5132 677 5203 recogitet
704 5134 757 5186 in
788 5132 945 5186 corde
968 5147 1085 5195 suo,
1116 5140 1163 5185 et
1194 5131 1334 5183 dicat
1361 5142 1377 5183 :
1407 5127 1547 5195 Quid
1575 5126 1714 5195 feci?
1761 5126 1897 5197 (Isa.

312 5240 444 5291 tam,
499 5227 572 5296 l).
625 5223 683 5279 Si
734 5224 1094 5295 reprobantur
1140 5221 1241 5288 illi,
1287 5222 1412 5291 quia
1460 5236 1557 5290 pro
1611 5220 1899 5275 transactis

312 5317 471 5373 malis
518 5316 844 5372 erubescere
894 5326 950 5371 et
1002 5330 1060 5371 se
1114 5312 1516 5385 reprehendere
1582 5312 1896 5376 noluerunt,

318 5418 444 5460 tunc
493 5417 551 5462 ut
581 5410 632 5462 in
664 5408 959 5464 electorum
994 5418 1281 5460 numerum
1314 5418 1527 5468 curras,
1559 5402 1898 5474 temetipsum

312 5499 625 5563 convenire,
652 5498 969 5568 dijudicare,
1003 5511 1066 5553 ac
1094 5512 1283 5552 severa
1312 5494 1592 5565 disciplina
1626 5493 1901 5563 corrigere

317 5585 599 5656 negligcs?
653 5586 887 5641 Rcvolve
930 5587 1094 5657 igitur
1135 5586 1322 5642 scdulo
1364 5586 1599 5656 cogitatu
1633 5584 1899 5640 immensa

1997 3030 2113 3067 rum
2163 3013 2366 3085 agitata
2413 3014 2731 3072 festinabas.
2791 3017 2858 3072 Et
2906 3032 3038 3074 ecce
3080 3019 3411 3093 Redemptor
3452 3034 3574 3080 tuus

1994 3106 2212 3160 cascatis
2249 3104 2547 3162 luminibus
2588 3108 2871 3179 collyrium
2919 3125 3032 3165 suae
3061 3111 3453 3171 incamationis
3480 3131 3574 3186 ap-

1993 3195 2193 3264 posuit,
2219 3204 2281 3249 ut
2299 3210 2421 3266 quas
2449 3196 2617 3252 Deum
2649 3199 2702 3251 in
2725 3207 2937 3254 secreto
2956 3201 3256 3270 maiestatis
3285 3204 3575 3276 fulgentem

1995 3286 2179 3341 videre
2217 3302 2322 3342 non
2361 3298 2599 3359 poteras,
2640 3290 2809 3347 Deum
2858 3292 2911 3347 in
2957 3293 3181 3352 bomine
3228 3308 3572 3367 apparentem

1996 3378 2294 3446 aspiceres,
2340 3380 2651 3450 aspiciendo
2680 3395 3028 3452 agnosceres,
3067 3390 3413 3455 agnoscendo
3455 3390 3576 3445 dili-

1995 3482 2173 3538 geres,
2201 3469 2431 3539 diligens
2455 3487 2667 3528 summo
2694 3476 2877 3530 studio
2899 3477 2965 3532 ad
2993 3475 3110 3546 ejus
3135 3478 3363 3548 gloriam
3388 3496 3576 3549 pervc-

1995 3559 2114 3615 nire
2143 3569 2446 3630 satageres.
2493 3561 2811 3623 lnearnatus
2843 3578 2928 3622 est
2968 3578 3025 3623 ut
3060 3577 3112 3624 te
3159 3570 3227 3625 ad
3273 3571 3572 3643 spiritualia

1996 3663 2303 3708 revocaret.
2331 3652 2704 3712 Mutabilitatis
2734 3670 2836 3714 tuae
2867 3666 3139 3733 particeps
3162 3664 3337 3719 factus
3370 3674 3474 3731 est,
3518 3673 3577 3720 ut

1997 3752 2180 3799 testim
2204 3744 2772 3805 incommutabilitatis
2810 3752 3127 3821 participem
3152 3753 3383 3810 faceret.
3416 3756 3571 3810 Incli-

1996 3835 2148 3890 navit
2177 3850 2237 3891 se
2268 3836 2334 3891 ad
2359 3838 2579 3893 humilia
2613 3848 2723 3905 tua,
2756 3850 2815 3894 ut
2844 3851 2897 3897 te
2928 3844 3247 3901 sublimaret
3271 3847 3337 3900 ad
3360 3847 3577 3903 excelsa

1994 3940 2112 3980 sua.
2143 3927 2218 3982 De
2239 3928 2570 3999 virginitatis
2593 3932 2907 4003 integritate
2937 3945 3096 3992 natus
3137 3948 3239 4004 est,
3272 3949 3334 3994 ut
3367 3955 3577 4010 praeva-

1996 4017 2268 4073 ricatricis
2288 4028 2497 4074 natura:
2522 4032 2774 4092 corrupta
2806 4038 3045 4083 sanaret.
3076 4028 3444 4087 Circumcisus
3470 4042 3572 4099 est,

1995 4117 2057 4163 ιιι
2087 4110 2267 4163 omnia
2313 4120 2664 4179 peccatorum
2692 4115 3059 4189 vitiorumque
3091 4122 3361 4193 superﬂua
3405 4124 3577 4179 homi-

1996 4214 2116 4254 nem
2142 4200 2463 4257 abscindere
2490 4218 2519 4256 a
2547 4218 2607 4259 se
2648 4206 2845 4263 debere
2870 4209 3116 4268 doceret.
3146 4214 3371 4270 flblatus
3401 4226 3485 4271 est
3521 4216 3576 4271 iu

1998 4276 2219 4359 templo,
2253 4302 2308 4345 et
2338 4306 2367 4347 a
2395 4303 2584 4349 sancta
2616 4297 2776 4352 vidua
2809 4311 3117 4371 susceptus,
3156 4314 3216 4359 ut
3244 4306 3429 4362 ﬁdeles
3453 4321 3577 4363 suos

1998 4381 2216 4438 domum
2248 4383 2342 4438 Dei
2368 4385 2738 4455 frequentare,
2766 4401 2822 4445 et
2849 4402 3049 4447 uteum
3072 4408 3383 4452 mereantur
3408 4399 3579 4453 διιδεῖ-

1997 4489 2146 4543 pere,
2213 4478 2397 4532 studio
2470 4481 2780 4536 sanctitatis
2854 4483 3138 4542 intendere
3201 4498 3468 4545 moueret.
3532 4489 3574 4543 Α

1998 4564 2256 4621 Simeoue
2285 4582 2418 4624 sene
2448 4580 2731 4639 susceptus
2757 4583 2917 4642 atque
2955 4575 3205 4631 laudatus
3237 4586 3341 4641 est,
3371 4588 3430 4632 nt
3456 4579 3579 4634 vitae

1998 4659 2322 4728 gravitatem
2398 4667 2453 4714 et
2516 4677 2729 4715 morum
2787 4666 3160 4721 maturitatem
3225 4683 3285 4723 se
3357 4668 3580 4738 diligere

1999 4750 2352 4820 patefaceret.
2387 4752 2699 4821 Baptizatus
2749 4765 2852 4819 est,
2912 4767 2966 4809 ut
3015 4761 3186 4813 nostri
3235 4758 3580 4829 baptismatis

1998 4855 2342 4899 sacramenta
2407 4846 2798 4901 sanctificaret.
2856 4848 2913 4903 lu
2975 4848 3210 4906 Jordane
3254 4851 3354 4906 sub
3418 4865 3579 4905 manu

1996 4932 2222 4990 Joannis
2246 4949 2305 4990 se
2326 4937 2392 4991 ad
2417 4936 2744 5006 baptismum
2781 4940 3049 4996 inclinans
3082 4950 3363 5011 paternam
3388 4958 3577 4997 vocem

1998 5025 2225 5091 audivit,
2271 5035 2325 5081 et
2373 5025 2610 5096 Spiritus
2660 5029 2837 5083 sancti
2888 5030 2940 5084 in
2990 5031 3238 5085 columba
3288 5032 3579 5087 adventum

2000 5116 2260 5182 suscepit,
2292 5125 2350 5170 ut
2379 5132 2479 5170 nos
2519 5117 2738 5173 duceret
2766 5119 2817 5173 in
2847 5119 3155 5176 humilitate
3200 5123 3397 5177 mentis
3437 5122 3581 5192 (quze

2001 5220 2098 5275 per
2148 5204 2439 5261 Jordanem
2490 5217 2709 5263 notatur
2756 5226 2771 5263 :
2820 5209 3069 5265 .lordanis
3120 5213 3265 5267 enim
3316 5213 3581 5268 descensio

1999 5313 2177 5352 eorum
2219 5298 2663 5371 interpretatur,)
2704 5301 2903 5356 debere
2932 5302 3250 5371 consistere,
3282 5304 3463 5375 ibique
3491 5318 3579 5357 su-

2001 5390 2151 5458 perui
2186 5388 2362 5443 Patris
2393 5390 2646 5445 honorari
2669 5390 2958 5460 colloquio,
2992 5394 3059 5446 de
3088 5409 3195 5463 quo
3220 5394 3419 5449 dicitur
3455 5392 3582 5462 quia

2003 5503 2118 5539 cum
2154 5486 2474 5555 simplicibus
2520 5488 2887 5539 sermocinatio
2931 5485 3045 5557 ejus
3094 5486 3277 5558 (l’rar.
3319 5503 3399 5546 ιιι,
3455 5485 3582 5555 3'1);

2002 5593 2056 5636 et
2107 5579 2340 5650 Spiritus
2383 5580 2555 5635 sancti
2613 5578 2898 5649 praesentia
2932 5580 3233 5641 sublimari,
3288 5582 3373 5651 qui
3421 5594 3583 5649 super
