3910 6018
345 139 444 193 717

1715 131 2138 191 MEDITATION
2152 133 2256 188 ES.

3525 138 3629 195 718

339 247 576 306 humiles
615 246 934 317 requiescit.
977 244 1048 301 Et
1082 246 1186 303 hoc
1222 248 1326 306 sub
1364 263 1529 306 manu
1560 247 1810 319 Joannis,
1835 251 1928 320 qui
1959 258 2006 315 Α
2034 251 2174 306 ditas
2196 246 2508 317 cupiditatis
2535 245 2858 320 mundanae?
2888 245 2952 300 Et
2981 245 3110 317 quid
3139 255 3224 304 est
3255 247 3426 306 lutum
3452 251 3626 318 faecis,

338 341 441 398 Dei
467 341 643 414 gratia
671 339 902 405 dicitur;
938 348 998 394 ιιι
1023 338 1202 395 eidem
1230 341 1428 413 gratia:
1461 341 1724 412 quidquid
1755 359 1783 396 a
1817 341 1928 396 Deo

338 435 697 506 percipimus,
745 447 853 487 non
884 432 1092 490 nostris
1116 434 1326 488 meritis
1370 433 1734 492 ascribamus.
1784 434 1931 502 Qua~

337 527 593 597 draginta
616 526 829 580 dierum
847 523 1119 601 completo
1138 523 1350 595 jejunio
1373 523 1650 580 diabolum
1673 540 1795 580 cum
1818 526 1932 588 suis

338 621 694 675 tentamentis
719 632 1013 687 superans,
1071 618 1321 690 angelico
1357 626 1443 673 est
1474 617 1779 672 ministerio
1815 617 1932 689 glo-

335 711 603 776 riﬁcatus,
629 710 870 766 chrens
900 726 1006 780 nos
1038 719 1152 766 toto
1182 709 1306 764 vitae
1344 707 1632 779 praesentis
1685 716 1929 778 tempore

336 800 736 857 delectationes
761 815 944 856 rerum
983 799 1360 870 temporalium
1407 797 1728 853 declinando
1769 814 1928 852 mun-

337 893 466 948 dum
491 908 616 948 cum
645 906 744 948 suo
778 892 1020 962 principe
1053 891 1282 961 pedibus
1319 889 1523 945 nostris
1555 890 1925 958 substernere,

333 997 394 1038 et
421 982 504 1038 sic
539 983 804 1054 angelicis
843 981 1110 1052 praesidiis
1146 983 1493 1037 communiri.
1543 979 1790 1050 Regnum
1829 980 1926 1037 Dei

332 1080 684 1149 pratdicando
706 1081 897 1134 diebus
917 1094 1040 1134 cum
1071 1078 1270 1148 p0pulo
1300 1089 1694 1144 commoratur,
1718 1086 1775 1131 et
1795 1091 1926 1131 con-

332 1172 562 1230 lluentes
610 1159 799 1228 turbas
851 1171 1133 1226 miraculis
1161 1183 1216 1227 et
1243 1171 1426 1227 verbis
1455 1171 1717 1237 aediﬁcat;
1748 1168 1926 1224 nocti-

334 1267 443 1322 bus
471 1276 709 1322 montem
749 1265 1104 1335 frequentans
1137 1265 1482 1320 orationibus
1519 1273 1696 1329 vacat,
1731 1263 1922 1318 admo-

334 1373 471 1412 nens
500 1372 599 1412 nos
627 1372 724 1427 pro
754 1353 1112 1426 congruentia
1153 1355 1414 1424 temporis
1451 1369 1596 1410 nunc
1632 1353 1923 1423 proximis,

332 1451 480 1504 inter
515 1465 653 1519 quos
691 1450 946 1514 vivimus,
990 1449 1172 1504 verbis
1201 1457 1255 1502 et
1283 1446 1550 1518 exemplis
1576 1461 1675 1516 pro
1702 1443 1920 1501 modulo

330 1554 519 1598 nostro
553 1545 678 1598 vitae
712 1543 878 1596 vitam
919 1543 1328 1607 demonstrare;
1381 1556 1527 1596 nunc
1564 1538 1913 1595 solitudinem

331 1637 532 1692 mentis
558 1636 820 1690 adeuntes
868 1643 924 1689 et
969 1634 1228 1689 virtutum
1275 1641 1514 1687 montem
1568 1631 1923 1686 ascendentes

326 1727 600 1784 dulcedini
673 1741 924 1797 superna:
995 1725 1473 1796 contemplationis
1538 1723 1785 1790 inhiare,
1866 1733 1924 1778 et

328 1820 688 1877 intentionem
716 1829 956 1874 nostram
990 1818 1314 1889 infatigabili
1347 1815 1544 1872 aﬂ‘ectu
1581 1816 1638 1870 in
1681 1830 1918 1884 superna

326 1917 583 1985 dirigere.
616 1914 672 1969 lu
705 1924 887 1969 monte
912 1928 1098 1969 coram
1120 1911 1304 1977 Petro,
1329 1920 1385 1968 et
1413 1910 1599 1975 Jacob,
1629 1918 1685 1966 et
1711 1909 1921 1965 Joanne

330 2006 771 2074 transliguratur,
813 2004 1102 2058 insinuans
1147 2002 1302 2056 nobis
1355 2000 1500 2070 quod
1555 1998 1603 2054 si
1663 2007 1920 2068 tanquam

327 2097 524 2153 Petrus
560 2097 677 2168 (qui
712 2112 998 2166 agnoscens
1038 2093 1451 2164 interpretatur)
1489 2098 1733 2146 nostram
1767 2089 1922 2146 infir-

324 2191 572 2244 mitatem
600 2189 874 2243 humiliter
901 2203 1222 2259 agnoscere,
1255 2187 1299 2241 si
1326 2185 1579 2240 vitiorum
1606 2183 1916 2253 supplanta-

323 2292 460 2337 tores
494 2282 660 2351 (quod
685 2279 924 2335 Jacobus
954 2283 1136 2348 sonat)
1170 2278 1310 2343 fieri,
1343 2278 1386 2332 si
1422 2277 1522 2330 Dei
1553 2276 1744 2345 gratia:
1771 2277 1918 2344 (quas

323 2387 422 2441 per
448 2370 671 2427 Joannis
703 2385 898 2424 nomen
931 2369 1195 2439 innuitur)
1221 2367 1452 2423 ﬁdeliter
1473 2382 1572 2422 nos
1594 2365 1918 2421 submittere

322 2464 782 2527 studuerimus,ad
794 2462 918 2517 Jesu
933 2462 1156 2532 gloriam
1170 2459 1639 2529 contemplandam
1654 2458 1800 2512 illum
1811 2470 1918 2512 cura

323 2557 513 2612 lestem
539 2563 798 2619 montem,
812 2554 1003 2608 eodem
1020 2565 1147 2624 rege
1159 2559 1345 2606 nostro
1357 2550 1516 2614 duce,
1541 2547 1771 2603 feliciter
1784 2562 1918 2602 con-

320 2648 662 2703 scendemus.
687 2645 743 2699 lu
759 2644 1018 2699 Bethania
1035 2643 1201 2715 (quod
1215 2643 1402 2697 domus
1417 2641 1726 2694 obedientiw
1745 2639 1796 2693 in
1805 2648 1918 2694 ter-

321 2740 588 2810 pretatur)
617 2739 881 2793 Lazarum
905 2737 1212 2802 suscitavit,
1241 2734 1536 2791 ostendens
1563 2747 1777 2798 omnes,
1820 2731 1914 2801 qui

321 2835 476 2890 bonas
489 2830 782 2886 voluntatis
800 2829 984 2885 studio
1007 2829 1133 2884 huic
1162 2827 1362 2882 mundo
1387 2827 1684 2881 morientes
1713 2824 1765 2878 in
1791 2823 1913 2877 sinu

319 2923 642 2980 obedientize
670 2921 1043 2992 requiescunt,
1065 2919 1119 2974 in
1137 2919 1301 2973 vitam
1325 2928 1585 2972 aaternam
1605 2908 1674 2969 ab
1686 2929 1751 2970 eo
1763 2928 1914 2968 resu-

320 3017 620 3072 scitandas.
659 3013 872 3084 Corpus
898 3023 954 3068 et
981 3011 1299 3083 sanguinem
1323 3025 1482 3065 suum
1499 3006 1779 3077 discipulis
1799 3006 1913 3061 suis

321 3108 381 3162 in
403 3122 558 3163 caena
591 3108 824 3179 mystica
855 3105 1076 3160 tradens
1107 3118 1296 3160 eorum
1334 3102 1499 3173 pedes
1529 3098 1811 3155 humiliter
1837 3098 1913 3152 la-

319 3200 424 3267 vit,
457 3200 655 3254 docens
685 3205 1037 3255 sacrosancta
1067 3193 1370 3250 ministeria
1405 3191 1624 3246 mundis
1655 3189 1912 3261 operibus

319 3301 374 3347 et
402 3291 490 3361 pia
522 3290 721 3346 mentis
752 3289 1058 3343 humilitate
1089 3285 1433 3342 celebranda.
1475 3281 1912 3338 Resurrectionis

321 3397 493 3437 sacrae
516 3381 688 3452 gloria
711 3380 1086 3434 sublimandus
1114 3377 1346 3432 ludibria
1377 3376 1732 3446 perfidorum,
1756 3390 1914 3444 aspe-

320 3476 538 3528 ritatem
567 3472 881 3538 verborum,
915 3470 1096 3526 crucis
1121 3467 1495 3538 opprobrium,
1536 3465 1679 3521 fellis
1712 3464 1914 3518 amari.

321 3565 583 3629 tudinem,
612 3572 666 3619 et
686 3564 752 3617 ad
778 3561 1027 3617 ultimum
1052 3567 1282 3614 mortem
1305 3557 1588 3622 sustinuit,
1611 3556 1912 3612 admonens

319 3671 448 3710 suos
478 3666 537 3710 ut
563 3656 655 3726 qui
687 3663 808 3724 post
843 3663 1072 3709 mortem
1109 3651 1177 3706 ad
1206 3649 1436 3719 gloriam
1465 3649 1758 3719 pervenire
1781 3664 1913 3704 con-

314 3747 564 3810 tendunt,
601 3747 720 3801 vitae
747 3745 1025 3816 praesentis
1055 3741 1332 3813 angustias
1357 3749 1414 3796 et
1440 3739 1675 3807 labores,
1707 3755 1914 3811 pravo-

319 3852 548 3908 rumque
598 3839 981 3909 Oppressiones
1010 3853 1119 3892 non
1151 3835 1325 3890 solum
1373 3846 1529 3902 (equo
1566 3833 1748 3888 animo
1777 3832 1912 3889 tole-

318 3939 464 3996 rent,
495 3931 589 3984 sed
630 3929 812 3982 omnia
863 3929 1020 3998 hujus
1052 3924 1240 3981 mumli
1291 3939 1482 3994 aspera
1531 3939 1631 3995 pro
1675 3924 1914 3994 praemiis

313 4020 537 4074 mternis
561 4028 765 4083 ament,
782 4027 1039 4090 appetant
1064 4026 1120 4072 et
1139 4013 1421 4087 gratanter
1437 4015 1750 4086 suscipiant.
1786 4015 1913 4071 Haec

317 4111 503 4181 itaque
534 4120 641 4167 tam
692 4112 975 4178 praeclara,
1029 4117 1137 4163 tam
1171 4110 1434 4162 immensa
1484 4107 1560 4160 tui
1603 4107 1911 4162 Conditoris

317 4219 446 4274 erga
476 4216 528 4258 te
554 4204 813 4258 beneﬁcia
847 4206 890 4258 si
925 4205 1084 4274 digne
1116 4201 1379 4270 cogitare,
1408 4200 1456 4254 si
1485 4201 1676 4255 devote
1701 4201 1912 4268 ample—

2035 341 2141 397 nisi
2181 339 2324 395 fetor
2368 339 2605 395 carnalis
2632 339 2962 408 voluptatis?
3006 339 3133 395 llatc
3172 342 3317 396 en'm
3369 354 3494 399 sunt
3523 345 3632 402 duo

2037 432 2359 498 retinacula,
2391 432 2588 505 quibus
2627 432 2924 486 humanum
2975 446 3144 502 genus
3182 448 3253 488 ne
3297 435 3364 489 ad
3411 436 3626 493 beatam

2033 539 2282 594 superna:
2328 522 2798 592 contemplationis
2847 522 3029 578 tendat
3075 523 3411 592 libertatem,
3455 526 3629 583 ﬂenda

2032 618 2359 672 contritione
2403 617 2568 689 206
2609 617 2957 689 prmpeditur,
3008 618 3276 688 cupiditas
3325 621 3530 677 scilicet
3575 634 3630 680 ct

2032 711 2301 781 voluptas.
2349 710 2488 766 Vere
2543 711 2689 766 enim
2744 710 2893 765 lacus
2941 711 3176 766 miseriae
3229 722 3312 768 est
3361 715 3629 784 cupiditas

2032 805 2326 871 mundana,
2369 819 2490 874 qua:
2515 812 2751 858 mentem
2779 819 2939 874 quam
2982 819 3080 860 suo
3120 805 3358 861 dominio
3387 808 3626 877 subjicit,

2030 911 2125 966 per
2173 897 2456 952 innumera
2488 885 2779 961 desideria,
2813 895 2959 952 velut
3004 897 3328 968 quihusdam
3375 898 3626 965 vinculis,

2029 989 2084 1046 in
2141 989 2468 1061 profundum
2514 989 2768 1044 vitiorum
2823 989 3011 1055 trahit,
3063 1005 3164 1046 nec
3218 1006 3340 1048 eam
3383 993 3627 1064 requiem

2028 1081 2193 1137 ullam
2217 1082 2416 1138 habere
2442 1063 2731 1152 permittit.
2766 1081 2917 1136 Mens
2954 1096 3188 1154 namque
3213 1063 3627 1156 hominiscupi-

2028 1175 2212 1230 ditatis
2241 1190 2499 1246 oppressa
2521 1174 2678 1245 jugo,
2716 1188 2904 1228 amore
2934 1189 3115 1230 rerum
3144 1174 3440 1233 visibilium
3468 1186 3625 1233 extra

2026 1280 2086 1322 se
2111 1266 2403 1336 spargitur,
2432 1274 2488 1319 et
2517 1279 2615 1334 per
2652 1263 2896 1319 diversas
2922 1263 3084 1318 animi
3121 1265 3404 1334 passiones
3439 1276 3590 1336 rapta
3609 1295 3625 1303 -

2029 1368 2132 1413 tur.
2169 1359 2460 1414 Devastant
2487 1356 2632 1412 illam
2653 1356 2808 1412 labor
2833 1360 2884 1412 in
2913 1358 3264 1428 acquirendo,
3295 1359 3542 1416 anxietas
3571 1362 3620 1416 in

2026 1449 2458 1521 multiplicando,
2488 1449 2748 1520 gaudium
2779 1449 2832 1503 in
2877 1449 3227 1518 possidendo,
3266 1450 3428 1506 timor
3457 1452 3622 1506 amit-

2026 1543 2196 1608 tendi,
2241 1541 2393 1598 dolor
2421 1557 2546 1597 cum
2574 1542 2843 1608 amiserit,
2879 1558 2980 1598 nec
3021 1543 3072 1596 in
3115 1544 3336 1612 quantis
3367 1544 3622 1613 periculis

2023 1637 2095 1692 sit
2122 1637 2342 1692 omnino
2364 1651 2484 1690 eam
2512 1636 2697 1691 videre
2728 1636 3069 1706 permittunt.
3103 1633 3202 1689 llic
3235 1645 3319 1690 est
3341 1636 3490 1692 lacus
3521 1640 3623 1691 mi-

2022 1729 2198 1794 serim,
2236 1743 2398 1798 quem
2450 1729 2617 1783 tantis
2667 1727 2826 1783 malis
2877 1731 3146 1782 mundana
3199 1730 3466 1800 cupiditas
3514 1747 3622 1788 non

2022 1821 2220 1876 desinit
2249 1820 2495 1890 implere.
2527 1820 2604 1876 De
2647 1820 2749 1874 hoc
2779 1821 2899 1875 lacu
2935 1820 3126 1876 beatus
3157 1820 3323 1876 David
3350 1837 3409 1878 se
3437 1831 3623 1893 gratu-

2023 1911 2236 1967 labatur
2280 1923 2550 1982 ereptum,
2588 1927 2710 1966 cum
2741 1913 2946 1982 gratias
2989 1927 3156 1983 agens
3198 1913 3530 1983 loqueretur,
3559 1926 3620 1972 et

2021 2006 2262 2062 diceret:
2296 2005 2497 2061 Eduxit
2535 2022 2616 2060 me
2654 2007 2718 2060 de
2742 2004 2862 2060 lacu
2911 2006 3136 2062 miseria:
3161 2017 3208 2061 et
3244 2009 3310 2062 de
3337 2007 3446 2062 luto
3474 2009 3622 2078 [teris

2022 2099 2197 2169 (Prol.
2227 2114 2416 2161 xxxix,
2447 2098 2527 2167 '5).
2557 2097 2695 2166 Quid
2741 2108 2823 2153 est
2870 2098 3043 2154 lutum
3090 2099 3278 2154 factis?
3321 2099 3620 2156 Delectatio

2021 2192 2316 2246 immunda:
2376 2189 2687 2261 voluptatis.
2743 2189 3002 2245 Exclama
3055 2205 3186 2261 ergo
3236 2191 3446 2248 fortiter
3494 2207 3616 2248 cunt

2017 2284 2178 2339 beato
2209 2282 2399 2348 David,
2429 2292 2485 2337 et
2509 2282 2596 2337 dic
2635 2280 2883 2336 Creatori
2925 2291 3016 2338 tuo
3043 2295 3060 2336 :
3091 2282 3253 2352 Eripe
3283 2299 3363 2338 me
3389 2283 3455 2337 de
3480 2282 3613 2349 luto,

2017 2387 2071 2429 tu
2101 2391 2206 2430 non
2231 2374 2426 2445 inﬁgar
2449 2372 2626 2445 (Ρεαι.
2655 2387 2850 2437 uvnu,
2885 2373 2994 2443 15).
3025 2373 3198 2444 Terge
3222 2390 3318 2430 cor
3359 2383 3508 2429 tuum
3547 2375 3617 2432 ab

2017 2465 2163 2520 omni
2195 2465 2603 2533 inquinamento
2627 2463 2860 2519 carnalis
2899 2463 3294 2529 delectationis,
3331 2465 3616 2536 cogitatio.

2014 2573 2115 2614 nes
2146 2558 2453 2613 iunnundas
2500 2557 2569 2612 ab
2612 2557 2801 2612 vanimo
2827 2567 2919 2612 tuo
2958 2557 3206 2622 exclude,
3251 2559 3297 2613 si
3328 2559 3488 2629 hujus
3517 2559 3616 2618 luti

2016 2651 2206 2708 sordes
2248 2650 2406 2720 cupis
2449 2649 2702 2705 evadere.
2747 2647 2854 2704 Sed
2905 2663 3027 2704 cum
3057 2646 3391 2720 paenitendo,
3439 2652 3615 2707 conti-

2018 2741 2202 2804 tendo,
2231 2738 2432 2804 ﬁeitdo,
2475 2748 2534 2794 et
2572 2747 2792 2794 sanctas
2825 2737 3185 2808 cogitationes
3213 2740 3366 2797 cordi
3395 2750 3488 2797 tuo
3527 2756 3616 2798 so-

2015 2829 2140 2885 dnle
2171 2831 2472 2900 ingerendo
2502 2831 2768 2895 evaseris,
2810 2829 2934 2884 inde
2968 2846 3037 2886 ne
3068 2832 3315 2898 recidas;
3363 2833 3458 2890 sed
3487 2833 3615 2890 tctis

2016 2922 2336 2991 praecordiis
2359 2928 2489 2976 ante
2519 2919 2686 2975 Deum
2726 2919 2963 2989 suspira,
2997 2919 3117 2988 ejus
3139 2920 3488 2976 clementiam
3516 2920 3614 2975 de-

2015 3027 2246 3080 precans
2279 3020 2338 3065 ut
2362 3020 2566 3066 statuat
2596 3026 2760 3080 supra
2793 3019 3005 3080 petram
3035 3010 3198 3080 pedes
3224 3021 3364 3076 tuos,
3399 3011 3456 3067 id
3497 3023 3608 3075 est.

2015 3101 2328 3158 aﬂ‘ectiones
2356 3103 2537 3159 cordis
2591 3102 2667 3157 tui
2704 3101 2906 3156 Christi
2952 3101 3246 3157 virtutibus
3281 3101 3496 3168 solidet,
3547 3112 3607 3157 ut

2011 3194 2244 3250 collocct
2285 3210 2348 3250 se
2389 3210 2544 3250 mens
2574 3204 2666 3250 tua
2715 3209 2877 3264 supra
2921 3193 3325 3260 firmamentum
3357 3194 3610 3264 justitire,

2013 3294 2331 3341 constanter
2357 3283 2580 3341 Christo
2625 3284 2930 3348 adhaerens,
2963 3289 3032 3340 de
3059 3301 3166 3355 quo
3213 3285 3418 3342 dicitur
3465 3291 3610 3357 quod

2029 3368 2201 3437 factus
2225 3377 2302 3422 est
2327 3369 2472 3422 nobis
2499 3370 2760 3438 sapientia
2787 3384 2820 3422 α
2849 3368 2978 3432 Deo,
3000 3378 3051 3422 et
3073 3371 3308 3438 justitia,
3335 3380 3382 3424 et
3402 3373 3605 3424 sancti—

2026 3455 2206 3524 ﬁcatio
2235 3457 2291 3531 (1
2325 3459 2449 3514 Cor.
2479 3475 2517 3525 ι,
2547 3458 2660 3526 50).
2702 3460 2809 3518 Ora
2843 3458 3007 3514 etiam
3042 3470 3102 3514 ut
3137 3459 3338 3532 dirigat
3375 3477 3602 3530 gressus

2027 3558 2172 3614 tuos,
2220 3566 2288 3606 ne
2333 3550 2692 3606 reﬂectantur
2735 3551 2790 3604 in
2838 3550 3006 3617 vitia;
3055 3551 3152 3606 sed
3202 3551 3262 3606 in
3312 3555 3604 3622 praceptis

2023 3638 2338 3694 calestibns
2362 3639 2644 3694 inﬂexibili
2674 3649 2820 3696 statu
2850 3640 3162 3710 proficiant,
3199 3651 3253 3696 et
3283 3642 3352 3697 ad
3385 3643 3600 3698 beatam

2023 3729 2343 3798 angelorum
2365 3730 2598 3798 patriam
2617 3740 2730 3785 tota
2753 3732 3061 3786 intentione
3080 3733 3365 3788 festinent.
3379 3734 3484 3790 Sed
3509 3735 3602 3791 tali

2022 3818 2328 3876 directione
2349 3821 2698 3887 sublimatus,
2718 3823 2828 3877 noli
2853 3838 2976 3878 esse
3002 3825 3154 3893 piger
3177 3825 3233 3878 in
3256 3825 3416 3879 laude
3435 3825 3604 3881 Crea-

2022 3911 2187 3979 toris;
2218 3913 2314 3968 sed
2336 3913 2461 3983 ejus
2481 3913 2829 3968 clementiam
2859 3916 3126 3984 supplica,
3159 3923 3220 3970 ut
3251 3916 3512 3971 immittat
3543 3917 3602 3970 in

2018 4016 2087 4059 os
2117 4011 2270 4060 tuum
2293 4006 2566 4061 canticum
2603 4021 2830 4072 novum,
2855 4015 2916 4061 ut
2954 4007 3114 4075 digna
3150 4007 3445 4064 devotione
3475 4024 3598 4064 car-

2023 4110 2148 4151 men
2183 4096 2297 4152 Deo
2318 4107 2506 4152 nostro
2537 4098 2817 4154 decantes.
2850 4099 3082 4168 Dignum
3117 4109 3200 4155 est
3227 4100 3374 4154 enim
3407 4111 3466 4157 ut
3496 4117 3596 4170 per

2020 4184 2145 4240 vitm
2172 4185 2470 4241 novitatem
2506 4187 2617 4242 Deo
2642 4188 2848 4242 sociata
2877 4187 3150 4242 canticum
3189 4188 3241 4242 in
3271 4188 3391 4256 ejus
3418 4187 3598 4243 laudi-

313 4295 412 4359 cti,
437 4295 486 4348 si
523 4294 725 4349 fervida
757 4295 1024 4348 charitate
1053 4292 1254 4346 imitari
1278 4291 1584 4356 studueris;
1611 4307 1717 4344 non
1749 4291 1911 4345 modo

2023 4278 2124 4334 bus
2148 4293 2374 4334 resonos
2407 4294 2632 4344 novum,
2662 4281 2993 4349 contemptis
3025 4280 3440 4350 temporalibus,
3475 4281 3594 4336 sola

315 4387 459 4444 bona
484 4403 579 4457 per
612 4390 845 4457 primum
889 4395 1166 4458 parentem
1202 4383 1401 4439 amissa
1425 4382 1793 4450 recuperabis,
1817 4383 1912 4437 sed

318 4478 490 4534 multo
528 4479 737 4548 potiora
771 4493 866 4548 per
892 4475 1214 4531 inell'abilem
1249 4473 1551 4530 Salvatoris
1578 4472 1653 4526 tui
1677 4474 1910 4541 gratiam

312 4570 648 4625 arternaliter
677 4569 996 4639 possidebis.
1044 4567 1163 4637 Ipse
1193 4581 1427 4635 namque
1477 4566 1618 4620 Deus
1652 4574 1773 4620 tuus
1817 4580 1913 4633 per

317 4661 711 4717 lucarnationis
735 4660 1052 4731 mysterium
1082 4659 1256 4714 factus
1286 4657 1461 4712 frater
1484 4667 1630 4722 tuus,
1655 4657 1783 4726 quid
1816 4656 1909 4711 tibi

317 4751 696 4806 inenarrabilis
741 4749 920 4818 gaudii
951 4749 1278 4812 causaverit,
1308 4748 1434 4804 dum
1465 4756 1714 4801 naturam
1749 4760 1912 4816 super

313 4857 534 4899 omnem
563 4851 868 4896 creaturam
898 4841 1099 4896 videris
1126 4841 1178 4894 in
1206 4856 1271 4895 eo
1292 4840 1618 4895 exaltauunl

386 4933 478 4988 IX.
509 4934 663 4999 Quod
691 4933 952 4987 orandum
973 4933 1066 4997 sit,
1091 4941 1143 4985 ut
1161 4933 1226 4985 de
1253 4931 1374 4985 lacu
1393 4931 1621 4985 miseria:
1639 4929 1906 4998 eripiaris,

313 5038 363 5082 et
389 5027 456 5081 de
489 5027 600 5081 luto
623 5027 864 5095 facis.—
891 5025 1032 5092 Quid
1060 5040 1192 5096 ergo
1211 5024 1326 5094 jam
1363 5036 1553 5090 restat,
1584 5023 1687 5078 nisi
1731 5029 1809 5086 ut,
1843 5022 1909 5077 iis

314 5123 569 5177 omnibus
595 5123 758 5192 digne
785 5121 1168 5184 consideratis,
1215 5119 1388 5174 modis
1428 5119 1680 5173 onmibus
1705 5117 1770 5171 ad
1803 5117 1910 5170 ha:-

315 5213 605 5268 reditatem
660 5217 931 5268 tantorum
987 5213 1253 5267 bonorum
1312 5222 1544 5266 mentem
1588 5209 1905 5272 succendas,

315 5308 601 5376 ipsumque
652 5307 743 5376 qui
792 5315 844 5361 te
869 5306 972 5360 alia
1031 5303 1352 5374 possidenda
1381 5303 1608 5370 creavit,
1648 5300 1906 5357 continua

314 5396 707 5464 supplicatione
731 5397 1013 5465 deposcas,
1043 5405 1100 5449 ut
1133 5403 1184 5448 te
1213 5395 1279 5448 de
1316 5393 1435 5447 lacu
1464 5393 1726 5456 miseriae,
1760 5399 1816 5445 et
1843 5391 1908 5444 de

316 5489 431 5544 luto
457 5489 604 5545 faecis
629 5491 846 5558 eripiat,
878 5499 932 5544 et
965 5498 1126 5544 tantm
1156 5485 1506 5543 beatitudinis
1537 5499 1905 5555 possessorem

315 5581 552 5638 alliciat?
577 5582 716 5652 Quid
751 5592 832 5639 est
861 5592 1039 5638 autem
1082 5583 1232 5639 lacus
1265 5581 1513 5648 miseriae,
1549 5580 1650 5637 uisi
1679 5577 1904 5651 profun-

2020 4383 2223 4426 teterna
2275 4370 2626 4436 desiderans;
2678 4387 2779 4426 nec
2824 4371 2938 4441 jam
2992 4371 3189 4425 timore
3249 4387 3445 4441 preme,
3496 4373 3592 4426 sed

2019 4475 2206 4515 amore
2243 4461 2469 4532 justitiae
2523 4461 2724 4516 divina:
2761 4461 2864 4531 legi
2912 4461 3321 4531 obtemperans.
3355 4461 3470 4516 Hoc
3506 4471 3594 4516 est

2015 4551 2164 4606 enim
2188 4552 2462 4607 canticum
2489 4567 2692 4607 novum
2721 4554 2831 4608 Deo
2855 4563 3098 4617 cantare,
3123 4552 3327 4608 veteris
3351 4553 3592 4609 hominis

2019 4643 2202 4698 studia
2226 4651 2532 4706 conterere,
2563 4654 2620 4700 et
2664 4645 2791 4700 novi
2838 4646 3078 4702 hominis
3111 4647 3225 4701 vias
3253 4662 3390 4716 quas
3420 4645 3592 4703 Filius

2017 4735 2114 4790 Dei
2146 4735 2351 4790 mundo
2395 4736 2815 4804 demonstravit,
2847 4747 2962 4794 toto
3002 4750 3202 4795 conatu
3234 4741 3438 4807 cordis,
3471 4742 3592 4797 solo

2017 4825 2293 4880 desiderio
2320 4826 2443 4881 vita:
2469 4828 2845 4896 permanentis
2881 4829 3158 4885 incedere.
3189 4832 3421 4888 Carmen
3455 4848 3591 4902 quo-

2015 4935 2124 4989 que
2158 4919 2436 4986 decantat,
2457 4919 2550 4990 qui
2577 4921 2772 4991 gaudia
2796 4920 2888 4976 illa
2915 4925 3104 4991 patriae
3125 4926 3368 4982 celestis
3392 4926 3447 4980 in
3477 4941 3592 4980 me-

2016 5012 2191 5066 moria
2215 5027 2364 5081 pune
2388 5013 2591 5068 mentis
2615 5021 2872 5078 retentat,
2895 5024 2951 5069 et
2973 5014 3042 5068 ad
3063 5016 3278 5080 eadem,
3304 5019 3590 5074 conscien—

2017 5105 2093 5159 tia
2123 5115 2324 5162 sancta:
2361 5106 2490 5162 vitae
2532 5105 2792 5162 suffultus
2816 5115 2877 5161 et
2923 5122 3178 5176 supernae
3211 5110 3402 5176 gratiae
3441 5110 3589 5165 dono

2017 5197 2304 5265 subnixus,
2333 5200 2530 5271 satagit
2564 5202 2873 5271 pervenire.

2089 5290 2154 5346 Χ.
2196 5291 2560 5348 Comideratio
2594 5294 2935 5348 miseriarum
2968 5293 3125 5363 hujus
3161 5294 3302 5348 vitm.
3331 5322 3402 5333 —
3442 5292 3587 5349 Inter

2017 5384 2135 5441 haec
2173 5395 2356 5440 autem
2391 5388 2645 5443 miserias
2691 5388 2816 5441 vitae
2861 5385 3149 5455 praesentis
3192 5386 3494 5455 perpende,
3531 5397 3585 5450 et

2017 5495 2142 5533 cum
2171 5487 2375 5548 quanta
2409 5482 2622 5536 cautela
2653 5480 2708 5534 in
2734 5496 2797 5534 ea
2831 5480 2929 5534 tibi
2971 5479 3264 5534 vivendum
3299 5478 3370 5534 sit
3405 5480 3588 5549 pervi-

2016 5575 2110 5646 g'li
2149 5575 2313 5631 corde
2339 5575 2581 5632 revolve.
2607 5571 2909 5628 Considera
2949 5581 3002 5628 te
3027 5573 3095 5629 de
3119 5573 3272 5628 illius
3299 5586 3420 5630 esse
3451 5587 3586 5628 con-
