3910 6018
284 194 290 200 ’
336 188 444 250 ⁷719

716 196 774 252 S.
812 190 1111 249 ANSELMI
1146 193 1838 253 CANTUAR.-ARCH!EP.
1880 193 2030 251 OPP.
2071 194 2252 253 PARS
2289 195 2794 253 ll.—PAR.‘ENET.
2826 196 2912 253 ΕΤ
2937 197 3179 255 ASCET.

3493 203 3597 258 720

335 309 525 377 sortio,
555 308 620 365 de
644 327 752 383 quo
777 308 1057 379 Scriptum
1080 299 1246 362 dicit:
1268 306 1393 363 Viro
1429 308 1581 378 cujus
1603 308 1907 362 abscondita
1938 315 1983 371 Α
2013 319 2099 363 tua
2128 318 2400 364 exerceat.
2429 310 2500 366 lis
2541 310 2747 365 intenta
2791 325 2823 365 a
2846 326 3026 366 rerum
3060 310 3332 369 inutilium
3368 315 3517 371 curis
3543 328 3597 372 ct

333 415 411 459 est
436 406 539 470 via,
564 414 612 460 et
635 404 980 461 circumdedit
1000 419 1119 458 eum
1142 402 1395 458 Dominus
1435 401 1656 456 tenebris
1679 400 1799 474 (Job
1824 417 1906 467 nt,

323 497 446 569 23).
483 498 623 554 Vere
672 498 815 554 enim
866 496 1129 566 profunda
1163 493 1482 567 ignorantiae
1517 495 1757 550 caecitate
1804 495 1910 549 cir-

330 589 626 653 cumdaris,
659 590 749 659 qui
790 588 968 644 nescis
1006 589 1272 659 quomodo
1321 588 1463 644 Deus
1511 594 1700 658 penset
1743 600 1908 655 opera

330 691 444 745 tua,
494 689 549 734 et
579 680 790 748 qualem
842 679 1003 735 ﬁnem
1040 679 1117 734 sis
1146 678 1426 733 habiturus
1458 677 1692 748 ignoras.
1728 675 1907 731 Nescit

326 774 501 836 homo,
526 769 607 824 ait
637 768 914 835 Salomon,
947 780 1119 824 utrum
1151 770 1295 833 odio,
1321 787 1388 824 an
1410 784 1588 823 amore
1609 768 1797 837 dignus
1816 769 1903 833 sit,

324 861 416 914 sed
438 861 616 915 omnia
641 872 915 916 servantur
932 878 1097 924 usque
1119 865 1171 915 in
1187 861 1577 936 ﬁnengincerta
1602 856 1802 928 (Eccle.
1825 874 1906 925 Ix,

326 952 403 1023 t).
436 950 582 1008 Pone
633 953 686 1007 in
730 954 912 1009 animo
941 962 1036 1009 tuo
1085 962 1139 1010 te
1185 954 1373 1009 videre
1424 953 1659 1023 aliquam
1711 950 1906 1007 vallem

323 1044 663 1115 profundam,
702 1046 1066 1110 tenebrosum,
1104 1061 1267 1102 omne
1310 1061 1480 1117 genus
1510 1056 1904 1102 tormentorum

322 1136 566 1204 infundo
605 1137 910 1193 habentem.
953 1135 1144 1208 Cogita
1192 1137 1425 1207 desuper
1455 1146 1671 1208 pontem
1711 1152 1901 1203 unum,

328 1226 489 1297 longo
514 1228 691 1296 spatio
721 1236 1024 1294 extentum,
1079 1228 1135 1282 in
1191 1226 1476 1284 latitudine
1507 1236 1715 1283 tantum
1745 1230 1906 1284 unius

319 1318 474 1387 pedis
523 1332 831 1373 mensuram
876 1326 1167 1374 tenentem.
1210 1318 1363 1374 Hunc
1410 1319 1576 1390 igitur
1620 1327 1726 1375 tam
1774 1321 1904 1375 stri-

314 1417 489 1475 ctum,
534 1416 642 1461 tam
682 1407 869 1475 altum,
902 1415 1011 1462 tam
1046 1408 1407 1478 periculosum
1435 1418 1659 1477 pontem
1703 1408 1747 1464 si
1780 1410 1903 1478 qui-

320 1502 448 1558 libet
482 1502 715 1558 transire
757 1511 1064 1573 cogeretur,
1113 1499 1266 1571 cujus
1289 1501 1431 1557 oculi
1480 1502 1802 1572 ligarentur,
1835 1516 1903 1557 ne

314 1610 541 1666 gressus
586 1594 828 1661 videret;
868 1595 1023 1666 cujus
1056 1609 1249 1649 manus
1298 1604 1443 1650 retro
1471 1596 1903 1666 constringeren-

2010 398 2432 470 cogitationibus
2474 414 2536 455 se
2565 410 2777 467 avocet,
2824 410 2878 457 et
2910 411 3075 457 totam
3114 418 3173 460 se
3208 406 3275 459 ad
3311 406 3424 462 haec
3455 409 3596 463 mala

2010 489 2281 561 fugienda,
2310 499 2364 546 et
2385 493 2451 546 ad
2470 499 2673 547 aeterna
2696 494 2834 548 bona
2863 495 3217 564 capessenda,
3242 497 3418 553 sancti
3440 498 3594 553 timo-

2014 582 2090 637 ris
2118 592 2174 638 et
2193 583 2335 638 beati
2362 584 2562 639 amoris
2589 584 2715 654 igne
2746 586 3058 640 succendat.

2082 673 2171 729 XI.
2215 675 2289 728 De
2332 692 2568 745 corpore,
2595 686 2710 747 post
2758 677 2951 731 anima:
2982 677 3287 734 discessum.
3322 706 3394 720 -ο
3424 680 3508 734 Ad
3545 691 3595 736 te

2005 766 2115 837 jam
2148 768 2328 832 redeo,
2366 767 2675 823 dulcissime
2715 767 2964 835 Creator,
2998 777 3052 825 et
3072 768 3463 839 benignissime
3491 771 3594 825 R4-

1982 858 2276 928 ,demptor,
2314 860 2575 915 formator
2619 870 2672 915 et
2708 858 3032 915 reformator
3070 876 3243 926 meus,
3291 864 3434 918 votis
3467 879 3591 932 sup-

1982 947 2199 1019 ,plicius
2245 958 2391 1005 tuam
2438 950 2732 1021 implorans
2756 992 2763 1004 η
2803 951 3057 1021 pietatem
3086 991 3102 1017 ,
3156 961 3214 1006 ut
3257 952 3455 1008 doceas
3498 969 3594 1009 cor

2007 1056 2189 1096 meum
2216 1041 2367 1096 vitali
2403 1041 2597 1096 timore
2634 1051 2691 1096 et
2717 1040 2942 1096 salutari
2976 1032 3211 1110 tremore
3240 1046 3589 1100 considerare

2006 1146 2166 1204 qnam
2214 1131 2375 1187 fetida
2420 1139 2475 1187 et
2499 1147 2661 1202 quam
2706 1132 2917 1203 lugubri
2959 1133 3273 1189 conditione
3300 1150 3431 1190 caro
3463 1150 3584 1190 mea

2008 1228 2129 1296 post
2174 1225 2406 1291 obitum,
2458 1225 2652 1296 spiritu
2708 1228 2850 1296 quod
2897 1226 2965 1280 ad
3021 1241 3259 1296 przesens
3309 1236 3591 1298 vegetatur

2007 1315 2260 1380 viduata,
2316 1315 2587 1385 putredini
2646 1325 2701 1372 et
2756 1315 3030 1371 vermibus
3093 1316 3335 1370 tradatur
3394 1332 3589 1372 consu-

2006 1408 2222 1460 menda.
2275 1405 2376 1462 Ubi
2409 1415 2537 1461 tunc
2570 1407 2694 1473 erit,
2723 1407 2767 1460 si
2800 1422 2905 1477 qua
2932 1409 3094 1462 modo
3121 1416 3227 1474 est,
3275 1408 3342 1462 de
3367 1424 3470 1478 qua
3497 1424 3589 1464 su-

2005 1494 2204 1564 perbit,
2262 1495 2607 1565 pulchritudo
2652 1496 2801 1565 ejus;
2862 1496 3165 1566 exquisitae,
3212 1497 3408 1567 quibus
3444 1513 3589 1553 nunc

2005 1582 2211 1651 defluit,
2242 1584 2449 1641 delicia
2500 1584 2674 1650 illius;
2718 1585 2929 1641 delicati
2977 1586 3166 1643 artus?
3215 1586 3405 1643 Nonne
3460 1598 3586 1642 tunc

323 1663 435 1751 ίυτ,
466 1700 534 1741 ne
558 1685 643 1740 νει
671 1685 864 1742 baculo
889 1663 994 1741 ίιέι-
1008 1700 1162 1741 suum
1184 1686 1454 1757 pa|pando
1480 1701 1665 1758 regem
1686 1663 1898 1757 ρὸεεεις
1934 1663 1976 1718 Β
2006 1691 2131 1731 vere
2164 1676 2474 1746 implebitur
2526 1676 2581 1731 in
2627 1691 2691 1732 ea
2745 1676 2873 1731 illud
2925 1676 3298 1747 propheticum
3325 1694 3340 1731 :
3404 1676 3585 1732 Omnis

313 1778 444 1849 quid
476 1778 707 1843 timoris,
750 1777 948 1847 quidve
976 1778 1236 1848 angustiae
1264 1785 1423 1849 putas
1448 1778 1500 1832 in
1528 1777 1711 1833 animo
1745 1792 1902 1847 gere-

316 1858 445 1924 ret?
472 1868 701 1924 Essetne
737 1867 811 1922 illi
837 1867 1033 1937 aliquis
1067 1868 1216 1923 locus
1268 1866 1486 1933 laetitiae,
1524 1868 1895 1939 jucunditatis,

315 1960 432 2015 sive
471 1957 872 2016 lasciviae?Non
898 1968 1045 2028 puto.
1078 1958 1394 2013 Auferrctur
1426 1958 1603 2013 cuiuis
1625 1958 1897 2028 superbia,

312 2067 457 2106 vana
483 2050 653 2123 gloria
688 2050 1002 2122 fugarctur,
1035 2052 1207 2107 solius
1236 2051 1430 2107 mortis
1459 2052 1511 2106 in
1540 2060 1722 2106 mente
1752 2058 1901 2106 tene-

315 2145 473 2198 brosa
516 2140 688 2213 caligo
740 2149 1068 2197 versaretur.
1141 2141 1331 2197 Adhuc
1376 2141 1549 2214 cogita
1601 2139 1899 2196 crudelium

314 2236 494 2289 avium
545 2244 803 2290 monstra
821 2235 964 2289 circa
1001 2242 1218 2304 pontem
1256 2234 1558 2299 volitantia,
1591 2232 1728 2288 etin
1776 2246 1897 2302 pro-

318 2327 541 2382 fundum
604 2336 972 2383 transeuntem
1026 2326 1336 2397 pertrahere
1384 2326 1680 2397 cupientia,
1721 2338 1901 2379 nonne

313 2422 476 2475 timor
529 2419 855 2491 augebitur?
881 2418 1018 2486 Quid
1060 2420 1132 2485 si,
1166 2432 1232 2475 eo
1255 2427 1588 2485 transeunte,
1625 2431 1840 2488 semper
1867 2430 1899 2470 a

312 2511 421 2566 talo
449 2510 649 2564 tabulae
682 2509 1115 2564 subtrahantur?
1162 2508 1413 2579 Nunquid
1441 2524 1549 2565 non
1597 2507 1898 2563 transeunti

312 2598 485 2667 major
506 2595 812 2652 sollicitudo
842 2594 1175 2648 iucutietur?
1483 2615 1487 2618 ν

383 2687 492 2742 Sed
544 2684 851 2755 exeinplum
905 2680 1164 2754 talequid
1214 2686 1316 2741 sibi
1367 2686 1497 2741 velit
1549 2700 1794 2756 agnosce,
1844 2680 1901 2739 et

308 2788 549 2835 mentem
622 2786 767 2832 tuam
826 2776 1009 2832 divino
1067 2777 1261 2833 timore
1320 2778 1587 2834 sollicitus
1635 2778 1895 2846 astringe.

309 2869 513 2925 Vallem
564 2869 886 2940 profundam
937 2879 991 2923 et
1021 2870 1387 2936 tenebrosam,
1439 2870 1708 2925 infernum
1741 2870 1893 2925 intel-

308 2963 435 3033 lige,
460 2964 576 3017 sine
609 2976 859 3017 mensura
891 2960 1236 3030 profundum,
1261 2970 1313 3018 et
1341 2962 1625 3018 tenebrosa
1652 2962 1893 3034 caligine

306 3054 641 3109 horribiliter
667 3053 979 3110 obscurum.
1011 3053 1083 3108 lbi
1115 3069 1273 3108 omne
1298 3068 1469 3125 genus
1495 3064 1891 3110 tormentorum

307 3143 549 3200 conlinit.
598 3143 677 3199 lbi
707 3158 868 3199 omne
898 3144 1041 3213 quod
1071 3144 1359 3211 demulcet,
1405 3146 1591 3211 abest;
1637 3154 1693 3202 et
1732 3161 1894 3202 omne

305 3235 448 3305 quod
496 3243 661 3290 terret
691 3243 746 3289 et
796 3236 1024 3300 cruciat,
1074 3244 1129 3291 et
1170 3238 1314 3307 quod
1360 3239 1640 3309 angustias
1687 3237 1893 3294 inferre

307 3334 503 3393 potest,
528 3335 726 3395 prtesto
752 3336 855 3381 est.
874 3324 1017 3380 Pons
1037 3316 1393 3396 periculosus,
1421 3329 1487 3384 de
1509 3343 1616 3398 quo
1637 3330 1728 3397 qui
1754 3330 1893 3385 male

308 3413 505 3467 transit
554 3413 781 3469 inferius
817 3415 1206 3484 praecipitatur,
1243 3418 1354 3471 vita
1401 3433 1639 3487 praesens
1666 3428 1783 3486 est;
1836 3421 1889 3475 in

304 3512 408 3567 qua
433 3502 525 3570 qui
559 3500 698 3555 male
751 3503 906 3567 vivit,
939 3504 1009 3558 ab
1060 3504 1150 3559 illa
1188 3507 1388 3561 cadens
1441 3509 1509 3560 ad
1558 3508 1766 3563 inferna
1800 3509 1891 3564 de-

305 3592 533 3647 scendit.
562 3589 781 3645 Tabulae
809 3606 929 3661 quae
953 3604 1078 3661 post
1108 3602 1449 3651 transeuntes
1472 3596 1889 3665 subtrahuntur,

306 3682 503 3751 singuli
531 3691 653 3736 sunt
698 3682 813 3738 dies
858 3682 982 3738 vitze
1015 3694 1250 3753 nostrae;
1298 3687 1499 3757 quisic
1533 3697 1888 3759 praetereunt,

305 3786 363 3831 ut
412 3791 683 3847 nunquam
717 3784 1079 3843 revertantur,
1113 3780 1209 3836 sed
1250 3779 1612 3837 diminutione
1650 3783 1732 3837 sui
1780 3799 1881 3840 nos

304 3880 521 3936 semper
547 3875 742 3936 urgent
770 3868 835 3922 ad
877 3868 1059 3933 llnent,
1093 3879 1150 3924 et
1199 3870 1275 3926 ad
1294 3872 1584 3927 terminum
1632 3872 1891 3928 festinare

304 3958 651 4028 compellunt.
678 3958 820 4014 Aves
840 3959 984 4015 circa
1017 3967 1231 4029 pontem
1277 3961 1587 4027 volitantes,
1622 3972 1681 4018 et
1709 3971 1891 4019 trans-

304 4051 560 4105 euntibus
614 4050 950 4115 insidiantes,
991 4051 1207 4118 maligni
1240 4053 1464 4121 spiritus
1484 4062 1628 4119 sunt,
1656 4069 1889 4123 quorum

304 4146 464 4189 omne
500 4134 743 4189 studium
777 4141 861 4187 est
907 4133 1152 4190 homines
1188 4149 1220 4188 a
1248 4144 1409 4189 recta:
1449 4134 1549 4189 viae
1590 4144 1732 4191 statu
1760 4134 1891 4205 deji.

2003 1784 2125 1837 caro
2151 1768 2351 1838 fenum,
2380 1778 2429 1823 et
2464 1771 2632 1824 omnis
2680 1769 2849 1839 gloria
2875 1769 2989 1840 ejus
3018 1781 3264 1840 tanquam
3292 1772 3394 1841 ﬂos
3439 1771 3587 1840 feni?

2013 1859 2149 1931 (lsa.
2184 1877 2270 1926 χι,
2301 1859 2381 1931 6.)
2427 1859 2759 1916 Claudentur
2794 1861 2937 1917 oculi
2966 1863 3034 1917 ad
3080 1861 3337 1918 interiora
3392 1864 3587 1933 capitis

2004 1950 2208 2018 reﬂexi,
2244 1965 2472 2021 quorum
2501 1966 2643 2021 saepe
2684 1951 2835 2007 vanis
2860 1934 2921 2008 et
2940 1952 3260 2023 perniciosis
3296 1948 3589 2025 vagationi-

2004 2044 2103 2099 bus
2134 2032 2463 2099 delectabar.
2489 2042 2752 2099 Jacebunt
2779 2044 3064 2101 horrendis
3087 2046 3321 2105 tenebris
3344 2048 3585 2113 obducti,

2001 2134 2094 2205 qui
2126 2135 2282 2191 modo
2310 2151 2408 2206 pro
2436 2134 2555 2191 luce
2596 2134 2864 2190 vanitates
2890 2136 3125 2206 gaudent
3152 2137 3389 2191 haurire.
3421 2136 3579 2192 Pate-

1980 2226 2133 2297 vbunt
2169 2242 2328 2283 aures
2360 2226 2634 2282 vermibus
2674 2241 2798 2281 mox
2831 2227 3118 2297 replendae,
3157 2243 3278 2298 qua:
3324 2244 3467 2284 nunc
3494 2230 3587 2286 do-

2005 2317 2288 2373 tractionis
2314 2331 2477 2373 voces
2503 2326 2558 2372 et
2602 2316 2890 2373 smculares
2914 2333 3160 2373 rumores
3187 2319 3478 2375 damnabili
3499 2320 3586 2389 ju-

1966 2454 1971 2459 .
2000 2410 2277 2464 cunditate
2311 2404 2636 2480 suscipiunt.
2667 2409 3018 2481 Stringentur
3045 2410 3233 2467 dentes
3262 2413 3586 2469 miserabili-

2004 2509 2087 2556 ter
2111 2500 2373 2566 obserati,
2402 2515 2538 2570 quos
2564 2500 2725 2556 solvit
2765 2502 3026 2557 edacitas.
3053 2500 3375 2558 Putrescent
3402 2518 3583 2569 nares,

2000 2605 2123 2661 qua:
2165 2606 2311 2647 nunc
2335 2592 2505 2646 variis
2534 2592 2790 2647 odoribus
2815 2592 3174 2648 delectantur.
3218 2591 3481 2663 Squalere
3505 2592 3585 2649 fc-

2003 2683 2112 2738 tido
2140 2681 2278 2736 labia
2309 2684 2624 2749 horrebunt,
2674 2698 2795 2753 quae
2820 2683 2988 2740 stulto
3027 2686 3299 2740 cachinno
3332 2684 3583 2755 frequen-

2002 2784 2084 2831 ter
2105 2775 2320 2833 dissolvi
2350 2776 2676 2847 gaudebant.
2703 2775 2979 2849 Ligabitur
2999 2777 3176 2850 lingua
3207 2780 3383 2833 tabida
3408 2780 3581 2843 sanie,

2008 2882 2133 2938 quae
2187 2882 2332 2938 saepe
2390 2868 2584 2924 inanes
2629 2866 2841 2924 fabulas
2881 2867 3209 2938 proferebat.
3271 2869 3583 2926 Arctabitur

1999 2967 2204 3031 guttur,
2256 2968 2309 3015 et
2338 2970 2526 3015 venter
2566 2960 2901 3016 saturabitur
2949 2943 3243 3027 vermibus,
3282 2962 3376 3033 qui
3410 2962 3573 3017 variis

1994 3050 2135 3104 escis
2159 3049 2354 3104 crebro
2382 3050 2602 3109 distenti
2646 3061 2792 3105 sunt.
2839 3050 2977 3117 Quid
3006 3066 3427 3107 commemorem
3462 3052 3574 3107 siu-

1994 3138 2155 3209 gula?
2197 3138 2333 3194 Tota
2362 3139 2450 3193 illa
2481 3140 2802 3209 compositio
2839 3140 3102 3210 corporis,
3152 3140 3306 3212 cujus
3331 3140 3574 3209 sanitati,

1994 3229 2147 3299 cujus
2169 3231 2558 3294 commoditati,
2593 3229 2746 3299 cujus
2780 3230 3039 3300 voluptati
3080 3233 3257 3287 omnis
3281 3247 3418 3302 pene
3444 3246 3575 3286 cura

1994 3322 2155 3392 207
2171 3321 2437 3392 invigilat,
2470 3323 2521 3377 in
2540 3322 2901 3392 putredinem,
2927 3324 2979 3377 in
3004 3338 3265 3390 vermem,
3294 3334 3571 3394 postremo

1996 3414 2047 3467 in
2077 3412 2502 3481 ahjectissimum
2549 3412 2823 3484 pulverem
2867 3414 3210 3470 diasolvetur.
3246 3413 3344 3470 Ubi
3390 3417 3575 3470 cervix

1992 3506 2215 3560 erecta?
2250 3505 2349 3561 Ubi
2392 3505 2653 3576 jactantia
2702 3506 3012 3573 verborum,
3040 3517 3263 3564 ornatus
3310 3508 3565 3574 vestium,

1995 3598 2229 3653 varietas
2277 3597 2638 3653 deliciarum?
2693 3597 2852 3654 Velut
2899 3600 3169 3655 somnium
3215 3610 3574 3667 evanuerunt,

1991 3689 2173 3745 omnia
2219 3687 2442 3744 ulterius
2471 3704 2577 3745 non
2622 3689 2858 3746 reditura
2889 3691 3237 3759 transierunt,
3277 3702 3331 3747 et
3370 3702 3577 3747 amato-

1992 3797 2110 3839 rem
2140 3782 2225 3839 sui
2256 3783 2623 3839 miserrimum
2651 3783 3008 3854 reliquerunt.

2063 3872 2178 3927 Xll.
2217 3872 2297 3928 De
2336 3875 2519 3929 anima
2544 3892 2577 3929 a
2603 3889 2817 3944 corpore
2855 3885 3117 3944 separata.
3149 3904 3219 3914 —
3245 3874 3388 3931 Deus
3411 3875 3573 3944 bone,

1992 3965 2122 4034 quid
2147 3974 2235 4021 est
2258 3966 2401 4035 quod
2432 3965 2686 4020 intueor?
2721 3965 2861 4021 Ecce
2890 3966 3125 4020 occurrit
3164 3967 3327 4021 timor
3358 3968 3572 4034 timori,

1991 4056 2145 4111 dolor
2169 4057 2361 4112 dolori.
2387 4056 2517 4112 Post
2539 4057 2937 4126 separationem
2963 4057 3045 4113 sui
3071 4072 3102 4112 a
3127 4072 3377 4128 corpore,
3398 4074 3574 4115 nonne

1991 4147 2173 4202 anima
2210 4162 2243 4201 a
2276 4132 2622 4203 multitudine
2668 4147 3068 4204 occursantium
3106 4149 3440 4217 daemonum,
3481 4155 3571 4221 qui

305 4237 453 4287 cere,
480 4233 536 4277 et
566 4223 633 4277 ad
678 4220 943 4291 profunda
994 4222 1189 4279 inferni
1219 4225 1576 4294 praecipitare.
1631 4224 1740 4281 Nos
1778 4227 1878 4296 ipsi

1999 4239 2107 4309 ejus
2154 4240 2532 4296 accusationes
2573 4250 2939 4312 exaggerent,
2987 4242 3472 4309 circumfundetur,
3500 4220 3574 4298 iet

308 4324 653 4406 lfaﬂseuﬂles
679 4329 889 4381 Sumus:
920 4315 1237 4383 ίιέηονεηιίω
1264 4316 1493 4387 caligine
1518 4318 1668 4384 0180i.
1696 4328 1752 4374 ει
1778 4318 1883 4374 άίί-
1917 4346 1964 4406 υ
1992 4347 2161 4403 usque
2207 4332 2274 4388 ad
2322 4334 2599 4388 minimam
2644 4335 3024 4406 negligentiam
3078 4336 3146 4393 de
3179 4337 3432 4393 omnibus
3475 4353 3571 4393 ex-

307 4404 544 4460 ﬁt-ultate
574 4407 709 4461 bene
742 4406 1001 4476 operandi
1034 4406 1180 4463 velut
1207 4409 1357 4478 gravi
1389 4418 1581 4464 catena
1612 4408 1780 4481 ligati,
1820 4424 1888 4465 ne

308 4498 509 4552 liberos
537 4498 604 4551 ad
630 4497 793 4552 Deum
824 4506 1026 4554 sancta:
1060 4498 1181 4554 vitze
1208 4515 1426 4570 gressus
1456 4500 1689 4571 dirigere
1718 4503 1889 4571 possi-

309 4604 445 4642 mus.
478 4589 707 4642 Attende
754 4589 915 4658 igitur
957 4590 1003 4646 si
1040 4605 1147 4645 non
1177 4600 1387 4647 sumam
1429 4593 1608 4648 studio
1654 4593 1707 4649 in
1741 4604 1890 4651 tanto

304 4680 619 4735 discrimine
650 4680 741 4732 tibi
774 4681 842 4735 ad
883 4681 1197 4737 Creatorem
1228 4692 1376 4738 tuum
1426 4685 1767 4743 clamandum
1796 4691 1888 4755 sit,

303 4787 412 4842 quo
424 4770 538 4840 ejus
570 4772 772 4826 tumltu
787 4773 1037 4840 prtesidio
1067 4774 1211 4829 inter
1231 4776 1665 4834 adversariorum
1682 4789 1890 4836 turmas

306 4864 629 4919 ﬁducialiter
650 4876 837 4919 cantes
860 4882 873 4918 :
901 4864 1151 4920 Dominus
1175 4866 1491 4922 illuminatio
1508 4887 1645 4936 mea,
1668 4881 1714 4924 et
1745 4873 1889 4926 salus

303 4977 441 5025 mea,
459 4975 609 5032 quem
631 4960 857 5013 timebo?
881 4958 1051 5031 (Psal.
1068 4976 1181 5027 XIX,
1199 4962 1275 5032 l.)
1300 4962 1623 5019 Illumiuatio
1643 4965 1891 5022 videlicet

304 5065 492 5109 contra
507 5054 824 5118 caecitatem;
841 5053 987 5108 salus
1000 5062 1187 5109 contra
1200 5054 1588 5110 difﬁcultatem.
1608 5056 1733 5113 Haec
1744 5059 1888 5113 enim

305 5148 411 5203 duo
441 5148 578 5201 mala
628 5154 771 5211 sunt,
817 5146 867 5199 in
908 5146 1104 5214 quibus
1138 5148 1342 5217 primus
1378 5163 1574 5217 parcns
1607 5165 1710 5205 nos
1738 5150 1889 5221 deje-

303 5242 400 5306 cit,
425 5241 725 5311 ignorantia
768 5247 824 5293 et
876 5237 1200 5305 dillicultas,
1236 5250 1419 5296 utnec
1453 5257 1561 5311 quo
1592 5243 1884 5311 tendimus,

306 5348 406 5387 nec
443 5333 569 5402 quid
598 5331 863 5401 agendum
899 5330 970 5383 sit
1000 5330 1317 5397 videamus;
1372 5342 1426 5387 et
1460 5348 1581 5386 cum
1611 5350 1676 5390 ex
1706 5334 1885 5403 aliqua

306 5432 461 5492 parte
511 5423 826 5486 viderimus,
868 5420 1182 5476 difﬁcultate
1231 5424 1508 5493 prmpediti
1562 5441 1661 5481 nec
1711 5427 1886 5497 ipsum

304 5514 448 5580 quod
486 5520 632 5565 recte
669 5512 935 5577 novimus,
962 5512 1184 5581 implere
1216 5515 1509 5584 possimus.
1555 5515 1683 5572 [huc
1716 5520 1884 5573 medi-

308 5613 441 5667 tare,
475 5603 652 5656 anima
676 5618 815 5672 mea,
842 5604 955 5659 hmo
971 5607 1177 5675 cogita;
1212 5607 1262 5661 in
1292 5607 1355 5663 iis
1377 5608 1616 5677 quotidie
1645 5624 1702 5666 se
1726 5628 1881 5670 mens

1990 4425 2266 4495 quiretur?
2297 4423 2488 4482 Veniet
2516 4427 2771 4497 princeps
2805 4428 2988 4482 mundi
3024 4427 3184 4497 hujus
3214 4444 3337 4484 cum
3368 4429 3570 4486 satelli-

1991 4518 2137 4574 tibus
2158 4518 2272 4574 suis
2300 4516 2483 4572 furore
2511 4518 2732 4599 rabidus
2750 4557 2767 4583 ,
2793 4518 3016 4575 callidus
3049 4520 3115 4574 ad
3144 4520 3573 4577 circumvenien-

1992 4612 2149 4677 dum,
2184 4610 2251 4665 ad
2293 4609 2657 4666 mentiendum
2700 4624 2923 4679 pronus,
2965 4611 3261 4668 malevolus
3297 4615 3364 4669 ad
3408 4629 3570 4670 accu-

1991 4703 2216 4757 sandum
2247 4742 2263 4767 ,
2315 4716 2650 4772 quaecunque
2697 4712 2873 4772 poteSL
2922 4713 3110 4758 contra
3161 4718 3281 4760 eam
3331 4722 3457 4761 vera
3504 4722 3572 4762 ex

1991 4795 2315 4862 perpetratis
2349 4793 2506 4848 malis
2535 4792 2847 4861 proferens,
2879 4796 3045 4851 multa
3079 4796 3207 4851 falsa
3238 4797 3570 4870 conﬁngens.

1990 4884 2036 4940 Ο
2074 4885 2351 4944 tremenda
2390 4886 2543 4953 hora,
2576 4902 2608 4942 ο
2636 4902 2863 4943 examen
2897 4889 3211 4945 horridum!
3246 4889 3383 4947 Hinc
3404 4891 3570 4963 judex

1990 4974 2268 5030 districtus
2301 4975 2366 5029 ad
2394 4974 2787 5043 iudicandum;
2820 4978 2945 5034 inde
2982 4979 3279 5034 adversarii
3312 4996 3571 5051 procaces

1990 5065 2057 5119 ad
2088 5067 2474 5122 accusandum.
2504 5066 2679 5123 Stabit
2702 5070 2885 5123 anima
2911 5069 3023 5125 sola
3057 5069 3175 5126 sine
3209 5072 3568 5139 consolatore,

1991 5158 2113 5212 inde
2147 5158 2397 5214 solatiqu
2442 5159 2614 5214 solum
2641 5160 2889 5229 capiens.
2926 5162 2981 5216 si
2999 5175 3120 5217 eam
3150 5162 3413 5219 bonorum
3443 5180 3571 5235 ope—

1991 5263 2110 5302 rum
2148 5250 2478 5304 conscientia
2508 5248 2767 5305 defendit.
2809 5249 2917 5306 Sed
2954 5253 3007 5306 in
3050 5262 3195 5307 tanta
3226 5254 3569 5309 districtione

1990 5338 2078 5391 ubi
2110 5339 2292 5392 omnia
2320 5340 2461 5393 nuda
2494 5340 2861 5409 apparebunt,
2888 5344 3004 5412 quis
3028 5343 3344 5413 gloriabitur
3367 5357 3569 5401 castum

1989 5446 2043 5483 se
2063 5430 2251 5485 habere
2287 5432 2418 5484 cor?
2453 5430 2514 5485 Si
2541 5430 2718 5499 justus
2766 5435 2850 5487 via:
2888 5433 3198 5500 salvabitur,
3240 5447 3483 5506 peccator
3519 5448 3567 5492 et

1989 5524 2183 5593 impius
2233 5527 2317 5578 ubi
2338 5526 2628 5595 parebunt?
2676 5526 2727 5597 (Ι
2780 5526 2923 5581 Petr.
2964 5544 3053 5594 tv,
3106 5530 3217 5599 l8.)
3265 5531 3416 5586 Tunc
3453 5532 3566 5586 lau-

1992 5616 2233 5672 dantium
2281 5616 2423 5672 labia
2458 5620 2789 5683 cessabunt,
2848 5619 3183 5677 adulatorum
3231 5622 3411 5694 lingua
3457 5638 3565 5677 non
