3910 6018
315 297 415 353 7‘21

1700 293 2235 353 MEDITATIONES.

3492 308 3603 362 7‘3":

317 414 601 482 proderit,
647 428 785 468 vana
822 412 989 483 gloria
1034 414 1308 471 seduetrix
1352 412 1670 485 probabitur
1714 413 1904 469 fuisse.
1933 412 1983 474 Α
2014 426 2215 467 corona
2257 411 2496 468 caelestis
2544 413 2930 481 circumdabit,
2977 424 3037 471 et
3066 418 3383 487 patientium
3430 422 3607 489 gloria

318 508 512 579 Fugiet
552 507 731 577 inepta
766 507 987 573 laetitia,
1016 508 1338 580 dignitatum
1360 521 1551 579 pompa
1590 506 1890 578 fugabitur,

317 598 544 654 honoris
582 599 808 655 ambitio
840 598 994 669 plena
1044 598 1376 668 deceptionis
1404 597 1567 654 fuisse
1603 598 1894 653 videbitur.

322 687 486 742 Beata
523 686 613 743 illa
648 688 851 754 anima,
885 704 1049 759 quam
1086 690 1137 743 in
1178 688 1268 743 tali
1299 688 1610 745 discrimine
1650 689 1905 744 innocen-

317 781 407 833 tiae
470 779 804 835 conscientia
841 781 1096 851 protegit,
1128 780 1434 836 sanctitatis
1490 780 1761 836 memoria
1807 782 1900 836 de—

315 868 519 935 fendit;
557 886 720 940 quant
754 870 934 927 adhuc
964 872 1017 927 in
1048 887 1211 927 carne
1240 873 1472 943 p’ositam
1508 873 1611 941 piae
1645 888 1905 943 compun-

313 961 514 1016 ctionis
553 962 694 1017 unda
737 963 935 1033 smpius
976 962 1182 1030 abluit,
1233 962 1589 1019 confessionis
1627 964 1902 1035 diligentia

309 1054 626 1121 decoravit,
672 1071 841 1111 sacra:
866 1056 999 1125 legis
1038 1058 1317 1113 meditatio
1345 1058 1705 1123 illuminavit;
1740 1074 1901 1129 quam

311 1144 591 1202 humilitas
613 1146 819 1213 mitem,
858 1147 1203 1219 tranquillam
1230 1149 1513 1219 patientia,
1538 1149 1842 1204 obedientia
1871 1165 1901 1205 a

313 1240 533 1310 prepria
562 1239 843 1295 voluntate
872 1255 1100 1296 vacuam
1142 1241 1394 1307 reddidit,
1426 1250 1481 1297 et
1520 1240 1803 1297 charitatis
1835 1242 1904 1296 ad

310 1331 491 1387 ontnis
510 1330 728 1388 virtutis
749 1332 1072 1388 exercitium
1096 1331 1356 1388 fervidam
1380 1334 1528 1389 fecit.
1552 1332 1699 1388 Talis
1721 1332 1902 1387 anima

313 1423 651 1481 tremendam
688 1424 834 1479 illam
872 1425 1062 1480 horam
1103 1442 1208 1481 non
1252 1426 1600 1494 formidabit,
1650 1442 1741 1480 nec
1778 1440 1902 1479 con-

308 1514 562 1585 fundetur
588 1532 707 1570 cum
748 1516 987 1587 loquetur
1031 1517 1255 1572 inimicis
1296 1519 1406 1573 suis
1449 1518 1502 1571 in
1542 1527 1691 1583 porta
1723 1512 1898 1586 (Psal.

308 1623 496 1675 cxxvr,
527 1607 602 1679 6).
635 1608 944 1666 Sociabitur
969 1610 1111 1666 enim
1144 1610 1270 1677 illis,
1301 1611 1367 1666 de
1392 1611 1590 1681 quibus
1620 1609 1900 1679 Scriptura

308 1701 440 1755 dicit
471 1718 485 1753 :
515 1697 647 1755 Cum
685 1700 885 1755 dederit
910 1700 1114 1756 dilectis
1143 1702 1254 1757 suis
1281 1716 1521 1756 somnum
1544 1742 1560 1767 ,
1600 1716 1716 1756 ecce
1741 1699 1902 1753 luere-

310 1794 455 1848 ditas
488 1792 699 1848 Domini
725 1792 917 1862 (Ibid.,
946 1793 1027 1864 4).

382 1880 519 1937 ΧΙΙΙ.
562 1880 887 1937 Retraetatio
930 1883 1036 1937 diei
1070 1882 1302 1953 judicii,
1340 1882 1430 1936 ubi
1480 1881 1619 1937 haedi
1664 1881 1737 1935 ad
1770 1880 1900 1936 sini-

307 1986 473 2029 stram
506 1975 911 2030 constituentur.
941 2006 1011 2015 —
1036 1974 1156 2031 Jam
1185 1990 1315 2031 vero
1343 1975 1412 2031 de
1444 1984 1654 2030 terrore
1687 1972 1779 2030 illo
1803 1989 1899 2029 ex-

307 2064 468 2119 tremi
492 2063 681 2134 judieii
714 2064 837 2134 quis
870 2064 1051 2120 dicere
1084 2064 1284 2135 aliquid
1310 2063 1520 2131 valeat,
1551 2062 1641 2118 ubi
1671 2077 1800 2119 oves
1830 2064 1897 2118 ad

306 2158 617 2222 dexteram,
657 2156 795 2211 haedi
836 2156 904 2211 ad
941 2157 1218 2212 sinistram
1253 2157 1596 2214 statuentur?
1628 2156 1760 2224 Quis
1791 2165 1898 2211 tre—

306 2261 427 2301 mor
453 2246 587 2311 erit,
622 2246 714 2301 ubi
744 2247 974 2303 virtutes
1014 2246 1274 2304 caelorum
1316 2248 1721 2305 movebuntur?
1766 2247 1897 2315 Quae

306 2355 489 2394 rerum
520 2340 789 2408 confusio,
821 2342 913 2412 qui
936 2336 1207 2415 gemitus,
1242 2343 1334 2414 qui
1373 2343 1640 2399 clamores
1681 2342 1895 2397 ululan-

308 2429 475 2497 tium,
506 2445 630 2485 cum
654 2445 759 2485 vox
797 2431 886 2487 illa
930 2432 1187 2487 terribilis
1221 2432 1618 2505 negligentibus
1659 2446 1897 2501 oppone-

305 2530 396 2571 tur
421 2535 437 2572 :
465 2518 722 2575 Discedite
748 2537 780 2574 α
809 2536 892 2575 me
911 2562 927 2586 ,
972 2522 1240 2577 maledicti
1264 2562 1278 2587 ,
1327 2523 1381 2577 in
1407 2523 1577 2592 ignem
1604 2522 1895 2577 aeternum!

301 2608 522 2679 (Matth.
557 2625 684 2677 xxv,
709 2609 825 2683 41.)
863 2612 999 2669 Vere
1026 2613 1142 2670 dies
1170 2613 1266 2669 ira:
1293 2613 1408 2669 dies
1433 2613 1543 2681 illa,
1582 2612 1699 2669 dies
1730 2614 1896 2669 tribu-

301 2701 524 2758 lationis
561 2713 614 2757 et
647 2704 941 2774 angustiae,
984 2704 1099 2761 dies
1133 2705 1341 2762 nebulae
1381 2715 1438 2762 et
1475 2705 1704 2761 turbinis
1726 2745 1741 2769 ,
1779 2705 1897 2762 dies

304 2791 447 2847 tubae
471 2801 526 2848 et
555 2793 848 2865 clangoris.
884 2796 1021 2851 Vere
1049 2805 1176 2852 tunc
1205 2811 1308 2851 vox
1345 2794 1451 2851 diei
1480 2810 1696 2858 amara,
1726 2793 1895 2849 tribu-

301 2882 504 2939 labitur
540 2886 612 2943 ibi
660 2887 834 2943 fortis.
867 2886 1003 2954 Quia
1034 2888 1125 2957 qui
1168 2900 1350 2943 mente
1387 2888 1616 2957 superba
1652 2886 1891 2942 divinam

300 2974 633 3032 voluntatem
655 2988 1071 3033 contemnentes
1096 2978 1255 3035 modo
1277 2978 1342 3034 de
1364 2978 1745 3048 prosecutione
1768 2963 1892 3045 pro-

300 3070 432 3141 prist-
462 3070 757 3128 voluntatis
800 3072 1122 3143 gloriantur,
1155 3081 1282 3127 tunc
1318 3081 1609 3142 perpetuus
1637 3070 1782 3142 ignis
1812 3070 1889 3124 in—

300 3162 499 3228 voivet,
522 3165 613 3234 qui
637 3181 910 3236 nunquam
931 3165 1328 3237 exstinguetur,
1344 3176 1400 3221 et
1420 3164 1618 3220 vermis
1641 3165 1891 3232 depascet

298 3254 391 3323 qui
414 3270 523 3310 non
548 3256 828 3322 morietur,
854 3267 911 3313 et
932 3258 1186 3314 ascendet
1214 3257 1394 3314 fumus
1423 3256 1677 3314 tormenti
1702 3272 1889 3312 eorum

299 3343 352 3398 in
384 3343 577 3400 sarcula
606 3346 947 3403 saeculorum.
1706 3414 1715 3423 ,

368 3436 509 3492 XIV.
542 3436 868 3493 Retractatio
895 3439 1098 3509 gaudii,
1126 3440 1216 3495 ubi
1246 3456 1361 3496 oves
1388 3440 1459 3496 ad
1485 3440 1752 3496 dexteram
1785 3450 1891 3495 sta-

298 3537 531 3583 tuentur.
558 3559 628 3569 -—
651 3529 746 3585 llis
789 3540 970 3585 autem
1009 3530 1318 3601 lugentibus
1340 3574 1356 3601 ,
1396 3542 1452 3588 et
1487 3548 1598 3603 pra:
1639 3533 1888 3603 angustia

296 3619 525 3689 spiritus
547 3620 694 3676 diros
715 3623 896 3678 cordis
923 3623 1129 3693 rugitus
1154 3624 1550 3691 emittentibus,
1573 3625 1700 3694 quid
1728 3632 1888 3694 putas

296 3712 479 3776 gaudii
506 3722 560 3769 et
588 3714 973 3771 exsultationis
999 3716 1104 3770 erit
1140 3715 1316 3771 beatis
1352 3715 1493 3781 illis,
1541 3716 1632 3785 qui
1662 3716 1728 3771 ad
1759 3716 1888 3770 dex-

298 3813 468 3858 teram
498 3803 593 3858 Dei
625 3805 901 3861 constituti
934 3820 1120 3860 vocem
1154 3805 1299 3861 illam
1335 3805 1705 3861 felicissimam
1736 3806 1888 3861 audi-

299 3893 402 3947 turi
439 3902 606 3962 sunt,
633 3910 737 3964 qua
765 3896 975 3953 dicetur
998 3896 1143 3954 illis:
1185 3897 1386 3967 Venite,
1419 3898 1671 3954 benedicti
1704 3898 1885 3955 Patris

295 3983 419 4048 mei,
445 3985 706 4053 possidete
738 4003 950 4056 regnum
975 3988 1112 4058 quod
1145 3988 1286 4043 vobis
1311 3999 1555 4057 paratum
1577 4002 1653 4044 est
1682 3990 1747 4044 ab
1778 3991 1888 4044 ori-

290 4075 411 4145 gine
441 4076 653 4130 mutuli?
685 4076 900 4147 (Matth.
934 4096 1059 4148 xxv,
1086 4081 1202 4152 54.)
1242 4081 1394 4138 Tunc
1417 4097 1545 4138 vere
1568 4098 1671 4137 vox
1703 4084 1885 4139 exsul-

295 4165 514 4221 tationis
552 4176 606 4222 et
643 4168 830 4225 salutis
878 4172 1178 4226 morabitur
1223 4172 1279 4226 in
1322 4174 1671 4234 tabernaculo
1706 4175 1881 4245 justo-

292 4274 438 4314 rum.
493 4259 647 4317 Tune
696 4261 958 4319 Dominus
1004 4264 1287 4320 humilium
1325 4267 1496 4337 eriget
1538 4277 1738 4339 caput,
1789 4270 1884 4340 qui

290 4352 453 4407 modo
482 4367 578 4422 pro
610 4368 676 4408 eo
705 4354 839 4409 viles
867 4363 921 4411 et
968 4356 1165 4425 abiecti
1195 4372 1317 4413 esse
1358 4375 1463 4415 non
1496 4360 1879 4431 dedignantur.

288 4441 593 4499 Medcbitur
621 4447 874 4503 contritis
904 4448 1101 4513 corde,
1130 4458 1186 4503 et
1214 4451 1492 4519 perpetuis
1521 4452 1731 4522 gaudiis
1752 4469 1881 4510 con-

286 4532 555 4589 solabitur
598 4550 698 4605 pro
741 4537 823 4592 sui
871 4538 1141 4595 desiderio
1188 4540 1241 4594 in
1292 4540 1393 4595 hac
1436 4541 1873 4613 peregrinatione

285 4624 556 4693 Ingentes.
588 4627 887 4698 Apparebit
914 4629 1184 4686 ineffabile
1219 4631 1500 4702 praemium
1526 4647 1745 4701 eorum,
1778 4636 1872 4704 qui

285 4730 386 4785 pro
431 4718 513 4773 sui
560 4717 871 4776 Conditoris
915 4737 1101 4778 amore
1145 4724 1392 4794 pr0prias
1440 4740 1501 4780 se
1542 4724 1873 4789 laetabuntur

284 4808 552 4881 abjecissc
587 4812 915 4871 voluntates.
951 4815 1009 4870 ln
1043 4815 1130 4871 illa
1172 4816 1260 4874 die
1286 4817 1656 4873 obedientium
1690 4820 1870 4887 capita

2014 505 2366 561 inenarrabili
2406 505 2694 576 splendore
2733 506 2975 578 fulgebit.
3016 509 3090 563 Ibi
3131 510 3370 564 cbaritas
3402 511 3605 565 milites

2011 613 2138 653 suos
2166 597 2479 669 angelorum
2518 599 2779 656 societate
2812 601 3044 667 ditabit,
3084 610 3139 657 et
3167 601 3348 657 cordis
3388 604 3601 672 puritas

2011 699 2283 745 amatores
2314 704 2443 745 suos
2481 690 2792 748 Conditoris
2834 691 3144 749 felicissima
3182 694 3392 750 visione
3422 694 3594 750 beati-

2012 781 2213 837 ticabit.
2248 780 2400 837 Tunc
2427 784 2677 839 ostendet
2704 799 2763 839 se
2799 785 2942 841 Deus
2970 786 3220 841 omnibus
3248 786 3601 843 dilectoribus

2008 874 2152 939 suis,
2181 881 2237 928 et
2263 882 2465 929 acterna
2496 875 2795 932 securitate
2816 877 2870 931 in
2906 887 3223 948 perpetuum
3260 878 3597 934 sublimabil.

2009 964 2164 1020 Tunc
2193 981 2322 1021 vere
2348 967 2417 1020 ab
2448 966 2635 1022 electis
2666 969 2918 1023 omnibus
2947 971 3253 1025 cantabitur
3284 989 3298 1024 :
3331 969 3482 1025 Beati
3507 971 3598 1041 qui

2008 1055 2243 1109 habitant
2272 1056 2326 1109 in
2357 1058 2514 1110 domo
2540 1066 2651 1122 tua,
2691 1056 2935 1122 Domine,
2976 1059 3030 1112 in
3059 1059 3253 1114 saecula
3282 1059 3597 1114 surculorum

2008 1148 2299 1204 laudabunt
2337 1159 2386 1204 te
2415 1148 2589 1219 (Psal.
2629 1168 2866 1216 Lxxxnt,
2900 1152 2977 1223 3).
3017 1151 3184 1221 Cujus
3219 1151 3395 1208 laudis
3431 1155 3598 1225 parti-

2009 1241 2155 1311 cipes
2189 1256 2287 1297 nos
2316 1243 2497 1298 facere
2527 1243 2794 1315 dignetur.
2827 1245 2917 1314 qui
2947 1260 3071 1301 cum
3103 1245 3267 1301 Patre
3299 1255 3355 1301 et
3389 1245 3599 1317 Spiritu

2008 1342 2199 1389 sancto
2228 1332 2362 1387 vivit
2385 1342 2442 1387 et
2477 1343 2669 1404 regnat
2694 1334 2837 1390 Deus
2860 1351 2959 1406 per
2987 1337 3168 1391 omnia
3199 1336 3395 1393 saecula
3423 1352 3595 1394 saecu—

2007 1422 2203 1479 lorum.
2232 1423 2426 1478 Amen.
2916 1432 2925 1450 ‘

2502 1514 2880 1574 MEDITATIO
2916 1518 2959 1573 ll
3000 1520 3089 1574 δι’.

2078 1607 2157 1662 De
2182 1618 2381 1663 terrore
2397 1609 2614 1679 judicii,
2642 1612 2716 1664 ad
2742 1612 3077 1666 excitandum
3105 1612 3158 1665 in
3185 1628 3239 1666 se
3260 1612 3521 1666 timorem.

2079 1697 2272 1754 Terret
2316 1714 2401 1754 me
2440 1699 2510 1731 ³¹³
2545 1699 2654 1753 vita
2700 1715 2818 1756 mea
2852 1700 2942 1764 ³η,
2965 1702 3090 1771 quia
3139 1700 3428 1771 diligenter
3474 1701 3595 1757 dis—

1930 1771 1974 1826 B
2000 1803 2181 1853 cussa,
2223 1798 2446 1860 apparet
2478 1788 2614 1845 mihi
2649 1797 2758 1843 tota
2798 1799 2889 1844 ant
2922 1800 3199 1861 peccatum
3234 1790 3326 1856 3“,
3359 1800 3451 1845 aut
3489 1800 3599 1847 ste-

2001 1881 2171 1938 rilitas
2208 1880 2324 1939 fere
2359 1890 2469 1938 tota
2513 1882 2619 1937 vita
2652 1897 2804 1946 mea,
2839 1892 2895 1938 et
2928 1884 2974 1940 si
3016 1885 3145 1955 quid
3195 1883 3402 1939 fructus
3436 1884 3490 1939 in
3532 1899 3598 1939 ea

2000 1975 2233 2042 videtur,
2270 1978 2350 2031 sic
2385 1985 2472 2031 est
2507 1984 2601 2030 aut
2643 1974 2956 2033 simulatum
2982 2016 2998 2041 ,
3035 1984 3128 2029 aut
3172 1974 3548 2047 imperfectum
3577 2016 3596 2041 ,

1998 2075 2090 2120 aut
2120 2066 2301 2137 aliquo
2332 2068 2492 2124 modo
2523 2077 2867 2140 corruptum,
2908 2076 2967 2122 ut
3005 2068 3176 2138 possit
3203 2076 3294 2121 aut
3331 2083 3437 2122 non
3475 2068 3592 2138 pla-

1997 2173 2143 2225 cere,
2172 2169 2263 2215 aut
2296 2160 2587 2231 displicere
2617 2161 2750 2217 Deo.
2783 2161 2958 2232 Ergo,
2987 2176 3021 2215 o
3047 2170 3322 2230 peccator,
3353 2160 3465 2214 vita
3501 2168 3593 2214 tua

1992 2250 2108 2319 Iam
2135 2266 2241 2307 non
2276 2252 2392 2307 fere
2428 2260 2563 2315 tota,
2597 2252 2691 2307 sed
2721 2260 2871 2307 certe
2904 2260 3016 2306 tota
3054 2259 3147 2305 aut
3182 2250 3253 2283 ³¹⁶
3282 2251 3335 2306 in
3369 2260 3597 2321 peccato

1996 2350 2101 2406 est,
2133 2350 2189 2399 et
2219 2341 2545 2397 damnabilis
2573 2342 2677 2409 "7;
2723 2351 2817 2397 aut
2855 2341 3227 2409 infructuosa,
3260 2351 3316 2398 et
3346 2351 3594 2397 contem-

1997 2432 2221 2499 ptibilis.
2250 2430 2357 2487 Sed
2387 2431 2517 2501 quid
2547 2446 2743 2503 separo
2774 2430 3165 2488 infructuosam
3199 2448 3229 2487 a
3263 2432 3597 2487 damnabili?

2000 2522 2216 2595 Utique,
2242 2525 2286 2580 si
2315 2534 2401 2581 est
2424 2525 2756 2581 infructuosa
2775 2565 2790 2589 ,
2817 2533 2902 2580 est
2924 2534 2979 2580 et
2998 2525 3344 2580 damnabilis.
3369 2523 3595 2580 Constat

1997 2616 2144 2670 enim
2182 2625 2237 2671 et
2273 2630 2462 2671 verum
2496 2624 2579 2672 est
2624 2617 2769 2687 quod
2805 2617 3021 2672 Veritas
3050 2617 3190 2672 dixit
3228 2633 3242 2670 :
3286 2615 3471 2671 Omnis
3521 2617 3591 2648 ³¹³

1996 2708 2177 2774 arbor,
2203 2725 2321 2779 qua:
2348 2726 2453 2764 non
2478 2709 2607 2778 facit
2635 2710 2866 2779 fructum
2897 2711 3109 2775 bonum,
3143 2710 3435 2775 e’xcidetur,
3465 2720 3512 2764 et
3537 2711 3593 2763 in

1986 2801 2165 2870 ignem
2200 2801 2433 2856 mittetur
2456 2800 2775 2870 (Mattimn,
2808 2800 2920 2871 10).
2960 2800 3221 2869 Denique,
3254 2802 3299 2857 si
3331 2802 3459 2870 quid
3488 2817 3596 2871 ago

1998 2890 2160 2958 utile,
2200 2906 2421 2960 prorsus
2454 2872 2766 2947 nullatenus
2814 2890 2942 2947 illud
2981 2906 3273 2961 compcnso
3316 2892 3594 2948 alimentis

1996 2983 2264 3053 corporis,
2288 2983 2486 3053 quibus
2511 2983 2724 3038 abutor.
2756 2981 2861 3039 Sed
2883 2983 3006 3054 quis
3035 2983 3206 3053 pascit
3230 2999 3416 3053 pecus,
3444 2985 3593 3054 quod

2000 3089 2098 3129 nec
2140 3082 2346 3131 tantum
2384 3075 2641 3145 prodest,
2676 3084 2941 3145 quantum
2973 3075 3290 3131 consumit?
3318 3085 3375 3129 et
3408 3086 3595 3131 tamen

1998 3173 2052 3218 tu
2098 3163 2383 3235 benignius
2426 3164 2609 3231 Deus,
2650 3172 2703 3217 tu
2746 3163 2921 3218 nutris
2946 3203 2963 3229 ,
3012 3174 3069 3218 et
3108 3171 3391 3233 exspectas
3435 3172 3595 3218 tuum

1995 3256 2238 3312 inutilem
2276 3270 2551 3320 vermem,
2598 3265 2655 3312 et
2698 3255 2767 3287 ⁸¹⁹
2808 3254 3066 3312 fetentem
3110 3264 3453 3326 peccatorem
3493 3254 3585 3309 ”°.

1992 3348 2163 3415 Quam
2225 3347 2557 3403 tolerabilius
2610 3347 2765 3405 canis
2823 3348 3000 3416 putris
3052 3345 3188 3402 fetet
3234 3346 3583 3412 hominibus,

1992 3457 2154 3511 quam
2202 3442 2381 3497 anima
2441 3442 2715 3511 peccatrix
2771 3442 2912 3507 Deo;
2961 3457 3124 3512 quam
3163 3441 3431 3497 infelicius
3482 3442 3595 3497 ista

1992 3532 2133 3600 Deo,
2164 3548 2327 3603 quam
2366 3532 2458 3589 ille
2487 3533 2825 3589 hominibus!
2862 3531 2977 3588 lleu
3010 3548 3115 3588 non
3150 3525 3463 3600 hominem:
3489 3535 3591 3590 sed

1989 3626 2337 3697 opprobrium
2370 3626 2645 3680 hominum
2681 3625 2773 3691 ³⁸⁸,
2802 3625 2966 3681 vilius
2994 3640 3211 3696 pecore,
3244 3625 3398 3697 pejus
3422 3628 3586 3681 cada-

1994 3731 2135 3771 vere.
2176 3715 2361 3770 Taedet
2390 3715 2625 3768 animam
2660 3730 2832 3769 meam
2877 3717 3002 3770 vitae
3036 3731 3198 3783 mete;
3235 3717 3418 3772 vivere
3452 3732 3585 3772 eru-

1989 3809 2151 3864 besco
2175 3847 2190 3872 ,
2228 3809 2365 3863 mori
2416 3809 2763 3878 pertimesco.
2802 3808 2943 3875 Quid
2984 3824 3114 3880 ergo
3160 3818 3329 3865 restat
3374 3810 3509 3874 tibi,
3550 3828 3584 3865 ο

1990 3909 2262 3969 peccator,
2292 3900 2396 3955 nisi
2422 3908 2481 3954 ut
2512 3901 2564 3953 in
2601 3907 2709 3954 tota
2735 3899 2844 3953 vita
2876 3908 2964 3952 tua
2996 3899 3176 3968 plores
3215 3908 3381 3955 totam
3414 3900 3581 3955 vitam

1991 4002 2160 4060 tuam,
2188 4003 2247 4048 ut
2276 3995 2390 4064 ipsa
2432 4001 2543 4048 tota
2575 4008 2634 4049 se
2660 3991 2834 4061 ploret
2864 3992 3074 4046 totam?

2060 4084 2164 4141 Sed
2192 4094 2276 4141 est
2300 4085 2351 4140 in
2376 4084 2480 4140 hoc
2504 4098 2721 4154 quoque
2748 4082 2927 4138 anima
2953 4096 3072 4137 mea
3102 4081 3172 4115 ³η
3198 4081 3580 4138 miserabiliter

1989 4176 2251 4232 mirabilis
2291 4184 2346 4231 et
2389 4175 2714 4231 mirabiliter
2744 4174 3098 4241 miserabilis,
3137 4174 3266 4245 quia
3305 4189 3410 4229 non
3461 4184 3581 4228 tan-

1988 4276 2101 4321 tum
2128 4265 2275 4322 dolet
2300 4274 2562 4337 quantum
2591 4281 2651 4321 se
2679 4265 2887 4329 noscit;
2919 4266 3013 4320 sed
3052 4264 3130 4320 sic
3152 4278 3343 4322 secura
3376 4271 3572 4334 torpet.

1986 4356 2135 4411 velut
2170 4355 2297 4426 quid
2336 4356 2571 4425 patiatur
2604 4356 2833 4425 ignoret.
2868 4353 2914 4409 O
2950 4354 3129 4408 anima
3170 4354 3400 4419 sterilis,
3440 4354 3569 4424 quid

1986 4444 2147 4516 agis?
2194 4444 2324 4515 quid
2376 4451 2586 4512 terpcs,
2631 4443 2808 4497 anima
2859 4442 3166 4511 peccatrix?
3213 4442 3336 4497 Dies
3384 4442 3571 4512 iudicii

1984 4539 2151 4603 venit,
2176 4535 2333 4606 juxta
2360 4543 2445 4591 est
2480 4535 2596 4591 dies
2626 4534 2835 4589 Domini
2866 4548 3121 4601 magnus,
3145 4533 3299 4605 juxta
3332 4543 3386 4589 ct
3414 4534 3570 4589 velox

1981 4632 2177 4699 nimis,
2205 4632 2321 4687 dies
2350 4630 2445 4685 iraa
2472 4630 2589 4684 dies
2628 4629 2713 4683 illa
2732 4672 2746 4697 ,
2777 4630 2892 4686 dies
2920 4629 3283 4685 tribulationis
3314 4639 3369 4685 et
3403 4645 3570 4701 angu-

1981 4723 2131 4788 stiae,
2169 4722 2285 4777 dies
2321 4720 2645 4777 calamitatis
2677 4730 2731 4775 et
2772 4721 3031 4786 miseriae,
3065 4721 3181 4776 dies
3222 4722 3573 4776 tenebrarum

1980 4826 2037 4873 et
2073 4813 2353 4886 caliginis,
2395 4814 2508 4868 dies
2539 4813 2748 4868 nebulae
2787 4821 2842 4867 et
2883 4814 3143 4879 turbinis,
3185 4814 3303 4869 dies
3340 4814 3477 4868 tubze
3514 4824 3577 4867 ct

1591 4928 1827 4984 VARIA'}
1861 4926 2262 4987 LECTIONES.

359 5016 428 5047 ³¹⁹
483 5014 691 5071 Collata
754 5027 829 5072 est
873 5033 991 5074 cum
1034 5020 1338 5086 prwnotatis
1388 5037 1514 5076 mss.
1580 5019 1717 5076 Vict.
1782 5023 1989 5079 Thuan.
2056 5022 2179 5078 Bec.
2251 5020 2410 5076 Corb.
2486 5018 2747 5076 Val-lue.
2808 5033 2856 5076 et
2916 5020 3263 5077 Floriacensi.
3323 5020 3399 5075 De
3456 5028 3562 5077 ter-

286 5100 424 5162 rore
464 5086 766 5162 judicii_ad
814 5088 1177 5162 incutiendum
1244 5091 1531 5146 timorem:
1565 5109 1682 5162 quae
1730 5093 1867 5149 alias
1912 5094 2243 5159 inscribitur,
2302 5092 2465 5147 Liber
2514 5093 2743 5148 miseria:
2803 5093 3036 5148 hominis
3082 5089 3382 5162 ms.Cgrb.
3436 5093 3561 5152 160.

284 5156 564 5211 Meditatio
617 5157 683 5211 ad
736 5160 1079 5213 excitandum
1141 5160 1388 5216 timorem
1445 5156 1587 5217 Dei.‘
1625 5180 1750 5217 mss.
1803 5165 1933 5220 alia.
1992 5165 2180 5222 Oratio
2216 5156 2302 5217 "ad
2361 5162 2743 5217 concitandum
2794 5164 3041 5217 timorem
3142 5161 3212 5191 ³¹³
3260 5160 3449 5215 Terret
3475 5179 3561 5217 me

281 5243 409 5280 mss.
471 5226 608 5281 Vict.
650 5226 737 5282 16.
772 5239 819 5283 et
857 5228 1013 5283 Corb.
1069 5229 1191 5284 166.
1258 5231 1416 5286 taedet
1469 5246 1556 5287 me

1671 5234 1742 5266 ⁸¹¹⁵
1784 5234 1903 5291 Vita
1963 5252 2082 5291 mea
2122 5250 2247 5290 mss.
2291 5231 2423 5287 Vict.
2469 5231 2553 5287 16.
2612 5233 2733 5287 Bec.
2776 5232 2842 5287 0.
2893 5232 3048 5287 Corb.
3084 5232 3206 5286 160.
3249 5230 3483 5286 Val-Inc.
3513 5244 3561 5287 et

284 5294 439 5373 Flor.
464 5297 574 5373 vita
602 5313 721 5352 mea
747 5308 854 5353 tota
932 5300 1001 5373 ’f'
1034 5300 1158 5356 Mihi
1190 5311 1485 5373 peccatum,
1514 5320 1638 5357 mss.
1668 5304 1791 5359 Bec.
1825 5305 1963 5361 Vict.
2006 5306 2142 5359 Tha.
2184 5302 2420 5358 Val-lue.
2451 5314 2498 5358 et
2534 5302 2684 5358 Flor.
2714 5304 2843 5357 mihi
2877 5310 2969 5356 aut
2990 5310 3267 5373 peccatum
3344 5301 3560 5373 “[Vita

282 5366 511 5445 I_l'la‘jz_lltl
540 5367 653 5422 fere
653 5378 795 5445 lota
826 5378 920 5445 aut
950 5370 1001 5424 in
1029 5387 1151 5445 mss.
1192 5366 1317 5425 Bec.
1352 5382 1401 5445 et
1447 5372 1582 5426 Tha.
1612 5374 1721 5429 vita
1762 5391 1871 5445 non
1906 5385 1994 5431 tua
2021 5392 2125 5431 non
2147 5374 2258 5445 jam
2288 5373 2400 5429 fere
2432 5383 2562 5438 tota,
2605 5374 2696 5429 sed
2719 5366 3014 5445 certetota
3036 5381 3129 5426 aut
3160 5373 3210 5425 in
3239 5389 3365 5445 mss.
3396 5371 3555 5445 Corb.

293 5432 531 5510 Valiluc.
571 5449 618 5491 et
644 5437 797 5494 Flor.
830 5440 939 5493 vita
967 5450 1055 5494 tua
1088 5440 1199 5510 jam
1242 5457 1347 5496 non
1377 5441 1489 5497 fere
1519 5451 1650 5507 tota,
1680 5444 1772 5499 sed
1816 5456 1965 5501 certe
1997 5456 2107 5500 tota
2136 5432 2229 5499 aut
2254 5444 2306 5498 in
2406 5445 2470 5476 ⁸¹⁷
2501 5432 2607 5499 Aut
2637 5443 2961 5499 damnabilis
2996 5459 3119 5498 mss.
3155 5454 3208 5497 et
3232 5444 3567 5500 damnabilis.

281 5504 357 5536 ³⁸⁸
403 5505 603 5561 Verum
636 5523 758 5563 esse
807 5504 1182 5583 quoduveri'tas
1214 5511 1306 5566 Dei
1365 5512 1500 5583 dixit
1534 5531 1546 5565 :
1579 5504 1778 5568 omnes
1806 5532 1929 5569 mss.
1965 5531 2150 5570 verum
2182 5523 2283 5578 est,
2307 5515 2447 5583 quod
2476 5517 2676 5569 veritas
2713 5513 2886 5567 dixit:
2921 5512 3109 5569 Omnis
3182 5514 3250 5544 ³¹⁹
3280 5514 3474 5568 Verum
3499 5526 3555 5571 et

280 5591 412 5655 mss_.
443 5592 680 5655 vermem
708 5587 797 5655 et_
834 5581 903 5612 ⁸²⁰
934 5580 1236 5655 Fmtentem
1278 5582 1514 5655 peccatis
1541 5584 1846 5655 mssLVict.
1878 5586 1964 5641 16.
2001 5585 2157 5655 Corb.
2189 5580 2397 5641 lGOfet
2445 5585 2597 5643 Flor.
2626 5585 2899 5655 fmtcutem
2930 5594 3268 5655 peccatorcm
3316 5585 3409 5655 7‘“
3443 5584 3557 5655 0p~t

282 5645 564 5730 probrium
594 5648 830 5730 hominis
876 5668 1000 5730 mss.
1042 5652 1176 5707 Vict.
1208 5645 1451 5730 3.'Cor_b.
1475 5653 1616 5730 _160.
1664 5652 1891 5710 ValJuc.
1915 5666 1990 5730 Aet
2038 5654 2190 5711 Flor.
2229 5657 2581 5730 opprobrium
2623 5654 2903 5712 hominum
2931 5645 3044 5712 'ms.
3104 5653 3235 5710 Vict.
3270 5654 3354 5714 l6.
3378 5645 3554 5711 ωηὸὶι.

282 5715 522 5774 hominis
594 5719 661 5751 ³²²
684 5720 741 5776 ln
770 5719 869 5778 hac
892 5723 1069 5779 anima
1095 5740 1209 5781 mea
1244 5742 1366 5781 mss.
1394 5725 1446 5780 in
1475 5725 1575 5784 hoc
1604 5741 1816 5799 (pioque
1844 5727 2018 5783 anima
2045 5742 2165 5785 mea
