3884 6052
371 320 477 381 723

682 322 740 382 S.
785 323 1079 379 ANSELMI
1136 324 1488 381 CAN'I'UAR.
1526 326 1845 384 ARCHIEP.
1883 328 1941 385 01

2072 322 2252 386 PARS
2294 328 2355 383 Il.
2388 359 2457 369 —-
2485 326 2857 384 ΡΑΙὶᾸΞΝΕΤ.
2890 327 2980 384 ET
3019 324 3262 383 ASCET.

3532 320 3645 378 7%

356 434 645 511 clamoris.
671 434 718 493 0
745 452 846 493 vox
875 436 981 492 diei
1008 437 1223 493 Domini
1247 441 1467 494 amara!
1496 438 1634 507 Quid
1658 441 1936 504 dormitas.
1969 446 2015 503 Α
2042 440 2240 496 debent
2267 455 2390 496 esse
2415 440 2483 495 ad
2516 441 2943 498 continuandum
2976 439 3180 495 luctum
3210 456 3226 494 :
3264 435 3515 494 subicere
3545 436 3641 492 tibi

356 531 541 586 anima
587 528 765 597 tepida
807 536 862 584 et
897 528 1059 598 digna
1099 532 1315 586 evomi?
1352 532 1483 602 quid
1524 534 1830 590 domitas?
1854 536 1947 604 qui

350 639 467 680 non
505 621 921 696 expergiscitur,
950 622 1046 691 qui
1089 637 1196 678 non
1237 625 1422 681 tremit
1449 626 1521 682 ad
1560 634 1769 681 tantum
1806 627 1947 683 toni-

354 722 570 777 tritum,
596 725 704 767 non
744 712 976 775 dormit,
1013 712 1108 768 sed
1140 722 1390 770 mortuus
1429 724 1533 771 est.
1565 716 1744 772 Arbor
1772 717 1945 772 infru-

352 812 577 866 ctuosa,
616 800 707 857 ubi
738 812 867 858 sunt
896 803 1063 874 208
1091 802 1301 881 fructus
1333 805 1451 860 tui?
1480 806 1643 862 arbor
1666 806 1947 874 dignaee-

353 894 468 949 curi
506 902 562 950 et
609 894 769 965 igne,
806 894 973 966 digna
1005 897 1211 953 succidi
1256 907 1312 953 et
1338 899 1632 967 succendi,
1680 900 1772 969 qui
1821 911 1948 955 sunt

347 985 565 1043 fructus
596 988 710 1045 tui?
745 987 945 1058 Utique
975 992 1145 1060 spinas
1179 1001 1483 1062 pungentes
1513 1001 1569 1047 et
1600 1006 1785 1047 amara
1818 1008 1942 1061 pec-

347 1088 472 1137 cata
497 1096 513 1145 ;
547 1096 669 1151 quae
697 1081 904 1137 utinam
936 1081 1015 1138 sic
1043 1088 1097 1138 te
1121 1083 1436 1154 pmnitendo
1464 1094 1761 1155 punget-ent
1788 1085 1860 1118 ³¹³
1886 1095 1946 1142 ut

347 1173 828 1251 confringereutur
856 1177 927 1209 ³³⁸
960 1195 974 1232 :
1015 1178 1096 1234 sic
1122 1185 1529 1233 amarescerent
1555 1185 1613 1232 ut
1654 1192 1943 1234 evanesce-

348 1280 491 1327 rent.

418 1362 628 1419 Forsan
675 1376 906 1433 parvum
956 1364 1086 1435 quid
1133 1373 1299 1435 putas
1347 1362 1564 1434 aliquod
1612 1371 1940 1435 peceatum:

347 1452 556 1508 utinam
595 1453 877 1510 districtus
898 1452 1065 1525 iudex
1097 1469 1326 1526 parvqu
1358 1455 1698 1510 existimaret
1723 1454 1945 1524 aliquod

347 1553 650 1615 peccatum.
690 1545 796 1602 Sed
832 1548 932 1602 heu
976 1547 1091 1602 me!
1126 1560 1307 1602 nonne
1344 1560 1506 1601 omne
1534 1556 1815 1616 peccatqu
1847 1561 1943 1615 per

346 1637 850 1705 praevaricationem
885 1637 1055 1693 Deum
1084 1637 1430 1693 exlionorat?
1454 1638 1594 1705 Quid
1619 1637 1790 1708 ergo?
1818 1652 1943 1707 pec-

344 1735 528 1783 catum
570 1728 645 1761 ⁸²⁵
681 1738 941 1799 peccator
976 1728 1196 1785 audebit
1232 1729 1417 1785 dicere
1467 1728 1730 1799 parvum?
1770 1727 1939 1783 Deum

2051 542 2279 605 possunt
2302 534 2370 589 ad
2398 534 2697 590 sorbendas
2716 533 2874 606 juges
2897 533 3188 606 lacrymas.
3217 531 3325 588 Sed
3348 546 3450 587 cur
3473 532 3646 588 debeo

2052 625 2122 659 ⁸³⁸
2150 626 2219 682 de
2253 625 2575 697 gravedine,
2609 626 2678 683 de
2706 625 3077 696 magnitudine
3107 624 3442 681 imminentis
3480 625 3646 682 mise-

2044 716 2148 771 riae
2184 716 2482 787 quidquam
2514 717 2906 774 dissimulando
2932 726 3136 780 tacere,
3165 725 3223 773 et
3248 715 3422 774 oculis
3449 719 3646 772 animat

2049 822 2183 864 meae
2210 807 2380 863 furari
2417 807 2532 862 ’κε
2578 822 2653 864 an
2687 818 2746 863 ut
2774 809 3067 878 improvise
3108 809 3175 844 ³³⁷
3208 809 3422 863 irruant
3449 821 3644 878 repen-

2049 898 2146 953 tini
2185 898 2404 955 dolores
2428 939 2443 963 ,
2477 908 2548 955 ‘ut
2582 901 2764 957 subito
2804 900 2876 934 ³⁸⁸
2922 900 3142 972 ingruat
3177 898 3536 955 intolerabilis
3570 898 3645 931 ³³⁸

2042 991 2385 1061 tempestas?
2406 992 2566 1049 Certe
2586 1008 2693 1047 non
2716 993 2795 1048 sic
2819 993 3038 1063 expedit
3061 992 3352 1064 peccatori.
3380 990 3439 1046 Si
3461 1000 3643 1045 autem

2045 1080 2262 1140 dixero.
2304 1083 2570 1153 quidquid
2601 1092 2793 1154 potero
2828 1084 3162 1156 excogitare,
3204 1084 3444 1139 nondum
3484 1083 3554 1136 ad
3588 1081 3643 1136 id

2044 1172 2189 1240 quod
2218 1186 2307 1227 res
2335 1181 2452 1241 est,
2486 1174 2689 1244 poterit
2715 1174 3021 1245 comparari
3052 1173 3143 1246 “2.
3176 1173 3345 1243 Igitur
3370 1172 3645 1228 deducant

2044 1261 2186 1318 oculi
2213 1264 2319 1318 mei
2356 1264 2629 1337 lacrymas
2660 1277 2757 1336 per
2781 1267 2925 1322 diem
2958 1276 3018 1345 et
3042 1274 3292 1331 noctem,
3318 1272 3377 1321 et
3414 1278 3524 1321 non
3564 1273 3642 1320 ta-

2043 1364 2225 1410 ceant.
2247 1355 2399 1428 Auge
2424 1372 2576 1429 ergo,
2599 1368 2873 1428 peccator,
2895 1372 3034 1430 auge
3053 1356 3428 1428 superioribus
3446 1372 3643 1413 crum-

2047 1446 2132 1503 nis
2162 1448 2414 1516 pondus;
2446 1449 2590 1506 adde
2625 1457 2889 1506 terrorem
2934 1464 3102 1521 super
3136 1457 3438 1512 terrorem,
3470 1448 3641 1503 ulula-

2003 1546 2013 1553 '
2047 1547 2163 1594 tum
2204 1539 2272 1572 ⁸³⁸
2313 1555 2479 1611 super
2507 1539 2768 1597 ululatum
2799 1559 2814 1597 :
2848 1556 2976 1598 nam
3011 1541 3129 1612 ipse
3167 1550 3222 1596 te
3254 1537 3640 1608 “iudicabit,

2044 1631 2113 1685 ad
2160 1630 2315 1701 cujus
2341 1633 2728 1689 contumeliam
2769 1641 2982 1705 spectat
3018 1631 3282 1705 quidquid
3324 1631 3642 1688 inobediens

2044 1722 2178 1789 Deo,
2210 1734 2305 1779 aut
2332 1725 2721 1794 praevaricator
2774 1734 2967 1797 peccat
3012 1724 3103 1795 qui
3138 1723 3276 1778 milii
3315 1723 3515 1779 bonum
3544 1737 3646 1794 pro

304 1843 313 1853 -
347 1821 501 1875 enim
543 1822 918 1885 exlionorare,
960 1821 1179 1891 quando
1222 1835 1449 1890 parvum
1485 1833 1570 1877 est
1589 1820 1615 1874 2
1651 1822 1695 1876 0
1737 1819 1941 1890 lignum
1976 1808 2019 1862 Β
2048 1812 2189 1868 malo
2215 1814 2480 1883 reddidit,
2506 1815 2591 1870 cui
2618 1830 2720 1887 ego
2742 1814 2944 1870 malum
2968 1830 3069 1885 pro
3090 1814 3234 1870 bono
3260 1813 3354 1878 ³⁸³,
3381 1813 3474 1884 qui
3498 1824 3646 1869 nunc

343 1915 595 1979 aridum,
641 1924 696 1970 et
736 1915 962 1983 inutile,
1002 1915 1224 1971 aaternis
1266 1914 1483 1985 ignibus
1508 1914 1773 1986 dignum,
1813 1915 1944 1986 quid

345 2008 701 2079 respondebis
744 2010 798 2063 in
826 2008 915 2064 illa
942 2008 1049 2073 die,
1079 2023 1202 2063 eum
1249 2008 1498 2079 exigetur
1523 2023 1556 2063 a
1586 2017 1640 2064 to
1664 2016 1837 2079 usQue
1874 2008 1943 2064 ad

344 2100 514 2157 ictum
541 2099 716 2165 ocrtli,
751 2114 915 2156 omne
959 2110 1170 2171 tempus
1203 2101 1419 2156 vivendi
1452 2099 1547 2156 tibi
1593 2101 1896 2172 impensum
1921 2142 1937 2169 ,

342 2192 578 2263 qualiter
602 2192 765 2249 fuerit
786 2209 816 2248 a
841 2201 896 2250 te
921 2194 1257 2263 expensum?
1283 2191 1436 2249 Tunc
1463 2193 1662 2263 quippe
1685 2193 1944 2249 condam-

350 2283 572 2340 nabitur
598 2282 1071 2367 quidquid’l‘uerit
1112 2284 1390 2338 inventum
1427 2283 1481 2338 in
1534 2293 1587 2338 te
1630 2285 1813 2354 operis
1844 2280 1948 2341 vel

342 2377 558 2443 otii'”,
591 2376 862 2433 sermonis
890 2385 946 2432 et
970 2375 1203 2440 silentii,
1236 2390 1408 2445 usque
1445 2377 1513 2431 ad
1540 2376 1819 2433 minimam
1850 2394 1942 2435 co-

342 2467 684 2538 gitationem,
716 2467 880 2521 etiam
906 2466 1052 2535 quod
1081 2466 1295 2531 vixisti,
1327 2466 1373 2521 si
1405 2481 1510 2521 non
1542 2467 1707 2522 fuerit
1743 2468 1812 2523 ad
1844 2467 1939 2524 Dei

343 2557 677 2612 voluntatem
701 2558 993 2612 directum.
1023 2556 1303 2625 Variquot
1330 2566 1554 2626 peccata
1582 2558 1653 2613 ibi
1678 2567 1944 2628 proment

343 2668 411 2708 ex
442 2651 767 2721 improviso,
801 2649 955 2721 quasi
989 2664 1057 2705 ex
1094 2649 1340 2713 insidiis,
1369 2666 1492 2723 quae
1521 2653 1681 2706 modo
1720 2668 1829 2709 non
1854 2653 1940 2709 vi-

344 2742 476 2797 des?
514 2740 676 2797 Certe
711 2739 864 2807 plura
891 2778 908 2806 ,
947 2750 1004 2794 et
1042 2738 1293 2796 fortassis
1331 2740 1656 2797 terribiliora
1703 2742 1790 2798 his
1820 2757 1943 2814 quae

344 2849 490 2891 nunc
519 2834 691 2891 vides.
723 2833 887 2902 Quot,
928 2847 1051 2903 qua:
1074 2847 1181 2889 non
1220 2848 1343 2890 esse
1382 2832 1522 2888 mala
1552 2836 1755 2904 putas?
1778 2844 1937 2906 quot,

343 2940 466 2997 quat
494 2940 640 2981 naue
668 2924 738 2959 ³²⁷
761 2941 885 2983 esse
912 2927 1052 2982 bona
1082 2924 1283 2990 credis,
1313 2925 1513 2979 nudata
1547 2924 1687 2981 faeie
1711 2941 1942 2996 appare-

346 3017 486 3073 bunt
508 3015 585 3072 ibi
603 3016 892 3089 nigerrima
922 3015 1276 3087 pereata‘llbi
1308 3014 1498 3085 procul
1525 3014 1699 3071 dubio
1711 3016 1940 3087 recipies

345 3114 515 3178 prout
544 3106 759 3178 gessisti
794 3107 849 3163 in
880 3121 1142 3178 corpore;
1182 3115 1344 3170 tunc,
1387 3120 1511 3161 cum
1546 3105 1658 3174 jam
1695 3120 1803 3162 non
1832 3106 1941 3162 erit

2045 1904 2477 1976 patientissimus
2503 1905 2593 1971 ⁸⁸⁸,
2624 1916 2755 1963 tunc
2781 1899 3249 1973 districtissimus;
3276 1904 3645 1961 clementissi-

2044 2010 2170 2050 mus
2204 2011 2370 2062 nunc,
2400 1997 2742 2067 iustissimus
2771 2007 2921 2053 tunc.

2115 2084 2231 2141 Heu
2258 2101 2368 2153 me,
2399 2087 2504 2142 beu
2535 2088 2657 2142 me!
2683 2088 2770 2144 cui
2800 2086 3021 2158 peccavi
3041 2086 3067 2141 ἲ
3091 2087 3255 2142 Deum
3285 2083 3639 2147 inlteeoravi,

2044 2175 2485 2247 Omnipotentem
2519 2179 2836 2251 provocari.
2873 2177 3161 2242 Peccator,
3191 2177 3321 2247 quid
3363 2175 3517 2231 feci?
3552 2175 3641 2231 cui

2042 2270 2192 2326 feci?
2218 2284 2381 2341 quam
2409 2272 2551 2328 male
2575 2271 2720 2328 feci?
2745 2271 2859 2338 Vae,
2884 2272 2997 2327 vae!
3033 2272 3110 2325 ira
3134 2267 3557 2339 Omnipotentis,
3573 2282 3646 2324 ne

2043 2362 2223 2418 irruas
2254 2363 2328 2398 '“
2354 2380 2520 2436 super
2553 2379 2664 2421 me.
2698 2364 2784 2420 lra
2820 2362 3222 2435 Omnipoteutis
3243 2401 3261 2428 ,
3301 2350 3409 2417 ubi.
3437 2361 3645 2432 poteris

2042 2454 2163 2524 capi
2203 2453 2258 2511 in
2296 2456 2427 2510 me?
2461 2454 2579 2512 Non
2607 2464 2691 2512 est
2722 2455 2866 2525 quod
2905 2464 2958 2512 te
2999 2453 3171 2526 possit
3204 2453 3281 2488 M
3312 2452 3549 2510 tolerare
3584 2453 3642 2508 il

2042 2554 2158 2602 toto
2185 2563 2292 2604 me.
2320 2545 2368 2604 0
2397 2545 2662 2619 angustiae
2683 2546 2753 2582 ’δ’
2788 2564 2806 2603 :
2842 2547 2970 2603 hinc
2993 2555 3157 2603 erunt
3178 2545 3485 2601 accusantis
3513 2559 3642 2616 pec-

2041 2648 2196 2705 cata,
2226 2639 2354 2696 inde
2391 2648 2606 2697 terrens
2635 2638 2881 2710 justitia;
2918 2639 3112 2695 subtus
3140 2646 3334 2709 patens
3361 2636 3645 2693 horridum

2041 2730 2214 2786 chaos
2237 2730 2457 2798 inferni,
2479 2732 2715 2804 desuper
2735 2732 2907 2788 iratus
2923 2729 3125 2801 iudex;
3159 2730 3308 2786 intus
3331 2744 3494 2785 urens
3511 2744 3642 2786 eon-

2044 2821 2297 2887 scieutia,
2325 2821 2458 2880 foris
2478 2823 2677 2880 ardens
2700 2823 2953 2879 mundus.
2974 2821 3162 2879 Justus
3183 2821 3274 2877 vix
3299 2819 3638 2887 salvsbitur;

2043 2921 2300 2983 peccator
2327 2914 2407 2970 sic
2430 2915 2805 2986 deprehensus
2832 2917 2886 2972 in
2911 2928 3074 2986 quam
3104 2923 3314 2987 partem
3342 2929 3408 2970 se
3430 2922 3642 2985 premet

2042 3005 2150 3062 “'l
2183 3005 2528 3064 Constrictus
2564 3008 2656 3066 ubi
2695 3008 2920 3065 latebo?
2956 3009 3229 3080 quomodo
3265 3006 3512 3078 parebo?
3538 3006 3639 3062 Lac

2043 3106 2161 3154 tere
2204 3099 2312 3155 erit
2345 3099 2683 3171 impossibile
2709 3139 2725 3168 ,
2783 3115 3050 3173 apparere
3101 3097 3462 3157 intolerabile.
3513 3097 3643 3154 illud

344 3172 419 3233 δ’
441 3172 656 3270 tempus
678 3172 1099 3266 misericordiae;
1133 3207 1294 3264 tunc,
1320 3212 1444 3254 eum
1476 3172 1800 3269 poenitentia
1827 3213 1936 3255 non
1965 3172 2010 3234 ε
2042 3190 2364 3249 desiderabo
2395 3191 2488 3259 ⁸⁸⁸,
2530 3200 2587 3249 et
2614 3172 2881 3264 nusquam
2916 3192 3022 3248 erit
3058 3209 3072 3246 :
3116 3192 3260 3248 istud
3288 3190 3639 3258 exsecrabor,

343 3293 661 3363 recipiatur,
692 3308 816 3349 cum
848 3291 1155 3349 emendatio
1184 3305 1289 3346 non
1324 3291 1692 3361 promittetur.

416 3385 516 3440 Hic
539 3385 613 3425 ³²⁹
638 3386 816 3454 cogita
847 3384 975 3453 quid
1005 3383 1243 3453 gessisti,
1273 3383 1403 3452 quid
1441 3390 1690 3452 oporteat
1714 3390 1770 3437 te
1795 3381 1940 3438 reci-

343 3489 494 3546 pere.
524 3474 586 3531 Si
622 3474 789 3530 multa
822 3475 998 3538 bona.
1044 3489 1217 3544 pauca
1250 3474 1428 3540 mala;
1470 3474 1698 3529 multum
1728 3474 1937 3546 gaude:

345 3566 391 3621 si
424 3549 593 3620 multa
621 3565 789 3631 mala,
820 3579 994 3635 pauca
1017 3565 1157 3620 bona
1183 3581 1198 3630 ;
1225 3564 1452 3619 multum
1484 3565 1625 3636 iuge.
1655 3564 1702 3621 0
1734 3566 1941 3622 inutilis

346 3656 635 3726 peccatorl
666 3669 753 3711 an.
786 3670 897 3711 non
935 3654 1204 3715 suilieiurtt
1228 3654 1338 3711 tibi
1381 3655 1495 3712 haec
1539 3658 1607 3711 ad
1646 3657 1937 3712 immanem

345 3744 420 3778 ³³⁸
450 3743 730 3815 ηιςίωηῖ
755 3760 824 3800 an
852 3759 962 3800 non
986 3743 1255 3800 sufﬁciunt
1279 3745 1346 3800 ad
1377 3745 1447 3779 ⁸³¹
1469 3746 1792 3802 eliciendum
1819 3762 1942 3803 sau-

344 3834 563 3906 guinem
619 3842 676 3891 et
709 3835 974 3892 medullas
1013 3836 1066 3891 in
1100 3836 1370 3908 lacrymas
1416 3836 1507 3891 ³⁸⁸.
1539 3838 1631 3894 Vae
1674 3838 1940 3896 mirabilis

344 3927 569 3996 duritia,
592 3928 669 3984 ad
691 3942 855 3999 quam
877 3927 1324 4001 confringe-udam
1352 3928 1499 3986 leves
1522 3939 1650 3987 sunt
1680 3940 1786 3986 tam
1809 3947 1939 4002 gra-

344 4033 440 4075 ves
471 4017 678 4074 mallei!
709 4019 753 4075 0
791 4019 1122 4075 insensibilis
1149 4027 1338 4090 torpor
1366 4020 1457 4085 ³³⁸,
1488 4021 1556 4075 ad
1586 4035 1748 4091 quem
1782 4024 1938 4078 exci-

347 4110 575 4166 tandum
604 4120 732 4167 sunt
760 4112 938 4167 obtusi
975 4120 1085 4167 tam
1123 4111 1269 4167 acuti
1297 4111 1509 4167 aculei!
1551 4111 1695 4168 Proh
1719 4113 1937 4171 letbalis

2042 3291 2100 3339 et
2120 3282 2323 3354 ubique
2346 3282 2474 3339 erit.
2505 3282 2646 3352 Quid
2679 3283 2808 3354 quid
2840 3284 3015 3340 tunc?
3050 3283 3180 3353 quid
3210 3283 3319 3338 erit
3362 3291 3495 3337 tunc
3519 3281 3591 3314 ³⁸⁸
3612 3281 3641 3336 ν

2045 3376 2167 3446 quis
2191 3383 2345 3433 eruet
2372 3391 2457 3432 me
2482 3376 2549 3433 de
2575 3377 2825 3433 manibus
2845 3377 2977 3433 Dei?
3001 3377 3145 3433 unde
3168 3376 3301 3432 mibi
3323 3368 3643 3432 consilium?

2045 3469 2189 3524 unde
2215 3467 2406 3524 salus?
2434 3467 2567 3536 Quis
2590 3476 2695 3534 est,
2727 3468 2820 3540 qui
2846 3468 3048 3526 dicitur
3084 3468 3267 3539 magni
3296 3466 3509 3523 consilii
3536 3480 3637 3520 an-

2046 3559 2219 3631 gelus,
2242 3559 2334 3631 qui
2359 3560 2556 3616 dicitur
2578 3559 2848 3627 Salvator,
2881 3566 2942 3617 ut
2970 3574 3166 3616 nomen
3194 3558 3314 3629 ejus
3341 3556 3644 3614 vociferer?

2042 3650 2163 3706 iam
2185 3651 2300 3722 ipse
2321 3661 2425 3718 est,
2446 3650 2561 3721 jam
2586 3652 2701 3722 ipse
2727 3661 2810 3708 est
2832 3650 3015 3721 Jesus,
3042 3653 3159 3723 ipse
3186 3651 3329 3707 idem
3353 3649 3638 3720 estiudex,

2049 3744 2191 3800 inter
2216 3743 2370 3814 cujus
2406 3760 2600 3801 manus
2631 3752 2826 3801 tremo.

2113 3828 2343 3908 Respira
2368 3836 2516 3908 jam,
2554 3854 2589 3894 ο
2626 3848 2900 3909 peccator,
2938 3836 3186 3908 respira;
3234 3850 3304 3892 ne
3343 3835 3596 3906 desperes
3621 3875 3639 3900 ,

2039 3942 2198 3999 spera
2229 3928 2284 3984 in
2314 3942 2382 3984 eo
2423 3941 2586 3999 quem
2617 3929 2797 3985 times.
2828 3929 3021 4001 Aﬂ'uge
3050 3930 3118 3984 ad
3145 3943 3270 3983 eum
3295 3967 3311 3993 ,
3338 3943 3369 3981 a
3398 3942 3508 3997 quo
3540 3940 3643 3981 au-

2042 4018 2244 4090 fugisti.
2271 4019 2466 4076 invoca
2494 4020 2825 4090 importune,
2853 4034 3011 4091 quem
3045 4020 3280 4090 superbe
3303 4017 3637 4088 provocasti.

2039 4109 2192 4178 Jesu,
2218 4109 2378 4177 Jesu,
2408 4119 2631 4181 propter
2659 4111 2762 4166 hoc
2798 4127 2995 4167 nomen
3038 4120 3227 4176 tuum,
3260 4107 3346 4164 lac
3376 4108 3507 4163 mibi
3549 4120 3640 4163 se-

2041 4204 2276 4260 cundum
2308 4202 2414 4260 hoc
2438 4217 2634 4259 nomen
2665 4203 2732 4237 ³⁸⁸
2765 4211 2936 4260 tuum.
2962 4203 3113 4269 .lesu,
3139 4202 3290 4269 lesu,
3313 4201 3639 4257 obliviscere

2039 4295 2335 4367 superbum
2352 4302 2763 4367 provocantem,
2785 4295 2994 4368 respice
3013 4295 3273 4352 miserum
3295 4292 3639 4350 invocantem

344 4216 509 4272 sopor
536 4201 632 4268 ³⁸⁸,
663 4202 732 4257 ad
756 4218 917 4273 quem
943 4202 1293 4258 excitandum
1321 4213 1657 4259 raucumest
1687 4215 1794 4260 tam
1827 4215 1937 4260 ter-

343 4291 559 4353 riﬁcum
584 4293 919 4351 tonitruum!
956 4294 1221 4351 Peccator
1250 4295 1461 4350 inutilis
1479 4333 1495 4362 ,
1523 4296 1661 4352 satis
1694 4297 1811 4352 base
1836 4298 1934 4353 tibi

1635 4492 1872 4552 νΑιιιΑε
1911 4494 2315 4553 LEGTIONES.

398 4653 474 4689 ³³³
485 4654 1220 4728 Ραδηὶιεηιιοιιιιηκθτθηιηω.
1234 4655 1769 4728 Vict.lli.pungendo
1781 4666 2083 4782 [iungerent
2126 4658 2196 4691 “"
2215 4658 2282 4715 Ut
2295 4666 2687 4726 consurgerent
2700 4653 3375 4727 mss.uteoufringerentur
3404 4653 3475 4689 ³³⁵
3485 4652 3645 4722 Quod

398 4740 477 4782 tuo
514 4735 794 4782 peccatum
826 4728 1099 4782 mss.Vict.
1119 4728 1205 4782 16.
1224 4727 1377 4782 Corb.
1403 4729 1526 4782 160.
1539 4740 1588 4782 et
1606 4727 1758 4782 Flor.
1777 4728 1879 4782 Oui
1930 4729 2385 4782 erao?neccatum
2468 4728 2541 4761 ³⁸⁸
2555 4728 2650 4782 Vel
2662 4728 2829 4782 ociosi
2844 4744 2972 4782 mss.
2991 4725 3120 4781 Vict.
3134 4738 3180 4782 et
3192 4725 3427 4782 Val-lue.
3449 4728 3530 4781 vel
3546 4726 3645 4780 otii

343 4739 477 4795 ergo
512 4735 794 4795 peccatum
820 4727 952 4783 nus.
965 4728 1099 4783 Vict.
1119 4728 1205 4784 16.
1224 4727 1377 4787 Corb.
1403 4727 1526 4784 160.
1539 4740 1588 4784 et
1606 4727 1758 4782 Flor.
1777 4727 1915 4795 Quid
1930 4729 2093 4798 ergo?
2105 4737 2385 4799 peccatum
2468 4728 2541 4761 ³⁸⁸
2555 4728 2650 4785 Vel
2662 4728 2829 4784 ociosi
2844 4744 2972 4782 mss.
2991 4727 3120 4781 Vict.
3134 4738 3180 4782 et
3192 4727 3427 4782 Val-lue.
3449 4728 3530 4781 vel
3546 4727 3646 4780 otii

345 4795 414 4828 ⁸¹⁷
434 4796 565 4863 Qua:
583 4812 725 4852 nunc
741 4813 845 4852 nou
865 4798 1031 4854 vides.
1056 4798 1254 4870 Etgua:
1275 4816 1378 4855 non
1397 4814 1515 4855 esse
1554 4798 1692 4854 mala
1713 4809 1891 4869 putas,
1906 4810 1960 4855 et
1990 4814 2129 4867 quae,
2152 4812 2295 4853 nunc
2309 4815 2433 4870 mss.
2448 4815 2568 4870 qua:
2580 4813 2727 4855 nunc
2738 4799 2912 4864 vides;
2952 4806 3083 4867 quot
3099 4812 3349 4870 qua__non
3365 4810 3486 4852 esse
3501 4795 3647 4852 mala

345 4877 524 4940 putas,
553 4876 816 4937 quotquze
836 4884 977 4924 nunc
988 4884 1084 4924 ms.
1113 4864 1246 4923 Tim.
1266 4886 1386 4940 qua:
1414 4880 1469 4925 tu
1487 4870 1670 4925 videre
1690 4864 1852 4938 :‘quot
1870 4883 1988 4938 qua:
2003 4864 2263 4940 non’esse
2280 4868 2416 4923 mala
2435 4864 2615 4939 putas,
2639 4884 2759 4939 quae
2770 4878 2895 4939 quot
2914 4864 3057 4923 nunc
3073 4864 3198 4921 mss.
3217 4864 3478 4940 Vicuqua:
3494 4882 3566 4921 nu
3576 4881 3643 4940 uc

344 4937 499 5010 vides
518 4948 670 5008 :quot
692 4954 812 5008 qua:
837 4954 946 4994 non
973 4955 1095 4995 esse
1114 4940 1252 4995 mala
1278 4937 1458 5010 putas,
1480 4954 1600 5010 qua:
1634 4949 1767 5009 quot
1796 4937 1939 4998 nunc
2010 4939 2242 5010 “{Cum
2280 4948 2409 4995 tunc
2437 4937 2801 4996 nullum—erit
2820 4956 2946 4993 mss.
2980 4947 3108 4993 tunc
3129 4953 3251 4993 cum
3267 4937 3380 5010 jam
3404 4953 3510 4992 non
3538 4937 3647 4991 erit

349 5007 420 5039 ³²⁹
450 5006 584 5064 Cum
627 5006 785 5080 paena
819 5011 1095 5079 recipitur.
1145 5006 1362 5081 etcum
1411 5006 1600 5081 dilatio
1643 5006 1787 5081 nulla
1830 5012 2008 5066 datur.
2057 5008 2156 5066 Hic
2185 5027 2311 5066 mss.
2338 5020 2469 5081 tunc
2496 5026 2620 5066 cum
2647 5010 2969 5081 poenitentia
3010 5022 3118 5063 non
3167 5008 3484 5081 recipietur,
3514 5022 3642 5062 cum

344 5077 652 5153 emendatio
700 5077 1190 5153 uonprojnittetur.
1214 5078 1314 5135 ilic
1342 5097 1442 5134 ms.
1464 5080 1618 5153 σοι-ὁ.
1640 5079 1761 5153 160.
1795 5091 1924 5137 tunc
1938 5082 2398 5153 cumipqenit‘entia
2425 5080 2540 5152 jam
2565 5077 2670 5137 non
2702 5080 3016 5153 recipietur,
3039 5093 3170 5153 cum
3191 5077 3509 5153 emendatio
3537 5091 3647 5132 non

346 5150 719 5218 promittetur.
750 5147 849 5206 Hié
922 5150 992 5184 ⁸³⁸
1021 5152 1099 5205 Ad
1124 5150 1339 5204 inanem
1384 5166 1509 5205 mss.
1543 5151 1610 5204 ad
1640 5151 1936 5206 immanem
2040 5147 2109 5183 ³³¹
2136 5147 2512 5207 διιίίἰοιιιηιῖίιρι
2549 5169 2674 5206 mss.
2710 5147 2984 5207 suliiciunt
3017 5148 3110 5218 tibi
3140 5149 3207 5204 ad
3280 5149 3351 5181 ³³³
3375 5147 3433 5218 lu
3468 5147 3649 5217 lacry-

346 5217 499 5275 mas?
527 5219 819 5323 ms.'Vt;ct;.
839 5221 893 5277 5.
926 5221 980 5277 in
1010 5220 1326 5323 lacrygtiés?‘
1369 5220 1443 5304 3”.
1466 5220 1803 5323 'luisensibilis
1833 5232 2021 5323 torplor
2044 5237 2156 5323 ms;
2176 5220 2324 5323 Flor.
2358 5222 2738 5323 iggugerab‘ilis
2764 5231 2949 5290 torpor
3021 5217 3454 5323 '“rProphet’al’is
3475 5230 3645 5286 sopor

346 5304 451 5323 nn.
510 5306 607 5323 ηιυι
658 5302 703 5323 ιιι
732 5309 778 5323 ιη
808 5308 849 5323 ιο
891 5307 1054 5323 ι-ηηιι..
1262 5307 1307 5323 ιι,
1355 5307 1463 5323 nne-1
1506 5310 1516 5323 ι
1542 5306 1570 5323 ι.
1596 5307 1676 5323 mn
1705 5309 1808 5323 κ...
1867 5307 1940 5323 ρει.
1989 5307 2084 5323 ιη..-
2162 5308 2295 5323 ηιοη
2534 5307 2608 5323 τμη
2658 5294 2736 5323 ...ιέ
2771 5307 2874 5323 κη.
2931 5304 3064 5323 annm
3112 5290 3256 5323 III-nr:
3461 5302 3645 5323 nun-n—

346 5304 472 5362 τηις.
510 5291 851 5362 proilcthalis
890 5307 1054 5362 sopor
1124 5288 1326 5362 φῂς.ρά
1354 5291 1482 5361 quid
1505 5292 1676 5348 debeo
1705 5309 1829 5348 mss.
1867 5288 1960 5347 sed
1988 5291 2295 5362 cut-debeo
2369 5292 2440 5325 ³³⁸
2478 5288 2608 5347 Meae
2635 5291 2738 5347 frui
2771 5288 2898 5362 mss.
2929 5304 3064 5362 tueae
3090 5288 3258 5345 furari
3328 5288 3403 5321 ⁸³⁷
3435 5288 3648 5362 [φρ-το-

346 5359 449 5433 \‘isi
476 5357 572 5414 nis.
606 5361 758 5417 Flor.
788 5357 1083 5433 improvise
1155 5360 1225 5393 ³³⁸
1252 5361 1315 5416 Et
1338 5357 1674 5433 subitonus.
1703 5371 1761 5416 ut
1791 5363 1971 5423 subito
2044 5361 2497 5433 i"_lntolerabilis
2526 5378 2652 5416 mss.
2691 5359 3050 5417 intolerabilis
3078 5368 3369 5430 tempestas
3418 5358 3512 5433 ff“
3536 5357 3642 5413 Po-

347 5430 476 5504 terit
505 5433 715 5499 operari
749 5427 882 5488 mss:
923 5433 1121 5504 poterit
1148 5433 1448 5504 comparari
1487 5430 1593 5504 ‘3'”
1633 5431 1921 5504 Terrorem
1955 5472 1970 5497 ,
2014 5431 2277 5487 ululatum
2321 5448 2463 5504 mss.
2495 5441 2801 5504 μεντοι-(ξηι-
2834 5446 3000 5504 super
3037 5427 3323 5504 terrorem,
3381 5427 3650 5504 ululatum

347 5496 418 5574 “f
451 5496 643 5574 ipsete
668 5517 795 5574 mss.
820 5496 942 5574 nam
973 5504 1086 5573 ipse
1118 5511 1170 5558 te
1244 5496 1315 5536 ³⁸³
1343 5500 1455 5574 Pro
1486 5501 1627 5558 bono
1654 5521 1666 5557 :
1701 5521 1801 5559 ms.
1835 5502 1985 5574 Flor.
2016 5519 2113 5574 pro
2153 5504 2294 5558 bono
2318 5502 2528 5574 reddidi
2561 5519 2576 5557 :
2672 5501 2743 5535 m
2766 5496 3208 5574 Patiéptissimus
3235 5516 3334 5574 ius.
3371 5496 3524 5553 Flor.
3553 5512 3647 5554 sa-

347 5567 720 5645 pientissimus
774 5572 852 5645 ff}
875 5567 965 5645 fle
993 5567 1166 5628 irruat
1194 5590 1322 5629 mss.
1352 5586 1417 5626 ne
1447 5573 1625 5628 irruas
1720 5574 1790 5607 ³⁸⁸
1816 5573 1917 5642 Qui
1952 5583 2002 5627 te
2017 5567 2201 5645 possit
2231 5590 2358 5628 mss.
2384 5573 2527 5645 quod
2553 5581 2604 5629 te
2631 5573 2836 5643 possit.
2877 5571 2943 5603 “7
2970 5569 3052 5627 Me
3077 5570 3340 5645 angustia:
3368 5582 3635 5645 ’πίῃ-ψεῖ

349 5635 396 5713 0_
423 5635 698 5713 A_rtgusti:u
771 5639 842 5713 [5'
874 5642 1256 5713 Bepreln-nsus
1281 5645 1333 5699 iu
1364 5658 1533 5713 quam
1559 5657 1616 5697 sc
1646 5635 1862 5712 premet
1896 5635 2422 5713 mssfdepreltensus
2451 5643 2504 5697 in
2544 5635 2707 5713 quam
2736 5651 2945 5712 partem
2977 5657 3038 5697 se
3064 5635 3322 5713 premet?
3395 5638 3468 5713 ξδ’
3503 5635 3642 5713 Illud

352 5704 603 5790 desiliam
628 5723 732 5790 mss
777 5709 908 5763 Illud
940 5704 1257 5767 desiderabo
1331 5704 1402 5790 “f3
1439 5704 1708 5790 Quidquid
1741 5723 1888 5778 tunc,
1916 5704 2179 5785 quidquid
2200 5715 2305 5771 erit
2325 5721 2454 5771 tunc
2482 5704 2608 5770 mss.
2642 5704 2801 5782 Quid,
2835 5713 2964 5785 quid
2995 5704 3159 5769 unici
3182 5709 3312 5783 quid
3333 5709 3439 5769 erit
3466 5704 3645 5768 tunc?

355 5777 423 5812 ³⁸⁸
457 5777 765 5832 Secundum
800 5793 994 5835 nomen
1018 5797 1142 5837 mss.
1187 5777 1481 5842 secundum
1526 5777 1630 5840 hoc
1662 5777 1881 5839 nomen
1935 5777 1952 5784 ’
2067 5777 2086 5785 ’
2416 5796 2425 5805 ‘
