3910 6018
355 297 429 352 33
1670 301 2198 360 MEDITATIONES.

3492 327 3590 361 ιῡῑ

313 411 560 475 interim,
585 411 710 467 dum
731 413 782 468 iu
807 413 965 468 terris
985 421 1357 480 conversatur,
1385 424 1466 471 est
1485 415 1757 486 copulata.
1782 417 1900 472 Non
1931 425 1976 483 Α
2001 417 2128 472 Cor.
2155 432 2230 482 vi,
2265 417 2338 487 l),
2370 416 2460 485 qui
2481 416 2582 471 etsi
2617 415 2778 470 modo
2809 415 2975 470 multa
3005 416 3208 486 patitur
3241 415 3355 472 ﬁeri
3380 434 3409 470 a
3435 418 3588 474 vobis

310 504 458 560 satis
489 502 852 560 fuitCreatori
879 515 1069 561 nostro
1105 521 1203 561 nos
1227 521 1437 570 creare,
1467 518 1682 563 creatos
1703 511 1902 576 guber-

309 613 474 666 nare,
514 608 568 653 et
603 599 827 668 angelos
854 615 1002 664 suos,
1031 600 1243 669 quoties
1287 600 1444 656 nobis
1487 617 1624 670 opus
1667 611 1803 664 erat,
1832 601 1900 656 ad

311 689 684 746 defensionem
711 700 950 746 nostram
975 693 1218 759 mittere;
1259 693 1353 748 sed
1377 693 1493 762 ipse
1520 708 1618 758 per
1639 694 1899 762 semetip-

312 795 460 847 sum,
490 790 762 850 assumpta
799 780 970 836 forma
1013 793 1222 845 nostra.
1257 793 1535 852 assumpta
1575 792 1769 838 natura
1799 799 1900 839 no-

311 883 450 936 stra,
481 873 686 928 habens
715 873 971 942 pietatem
1009 875 1077 930 de
1121 883 1370 930 creatura
1409 889 1530 937 sua,
1567 874 1634 929 ad
1681 889 1780 930 nos
1805 875 1901 929 de-

309 962 548 1027 scendit,
575 961 794 1016 vulnera
831 971 1015 1017 nostra
1043 971 1098 1018 et
1128 972 1354 1016 mortem
1386 961 1677 1032 diligenter
1715 962 1899 1030 inspeo

310 1053 417 1117 xit,
446 1053 738 1121 inspiciens
768 1053 1029 1123 palpavit,
1062 1054 1268 1124 tetigit;
1295 1054 1498 1123 pietate
1535 1063 1712 1108 motus
1735 1068 1900 1122 super

312 1143 590 1198 miseriam
629 1160 790 1214 quam
823 1161 920 1200 nos
954 1146 1152 1200 habere
1182 1146 1337 1211 vidit,
1377 1147 1714 1202 condolendo
1753 1148 1902 1217 inge-

309 1235 471 1291 ntuit.
490 1235 560 1289 Et
577 1245 698 1306 post
723 1236 858 1301 haec,
890 1236 958 1292 de
980 1237 1093 1306 ipsa
1119 1252 1283 1292 carne
1307 1253 1404 1294 sua
1429 1253 1594 1309 quam
1621 1253 1720 1308 pro
1744 1240 1900 1295 nobis

309 1335 704 1394 assumpserat,
743 1327 898 1397 quasi
930 1328 1284 1398 emplastrum
1321 1329 1550 1396 faciens,
1587 1332 1899 1401 nostrisque

308 1415 587 1472 doloribus
639 1433 956 1488 apponens,
1009 1429 1176 1475 totam
1229 1435 1298 1477 ex
1351 1422 1563 1493 integro
1611 1424 1899 1480 inﬁrmita-

309 1518 422 1564 tem
453 1518 692 1564 nostram
719 1511 951 1566 sanavit.
985 1511 1052 1566 Et
1092 1522 1152 1566 ut
1177 1513 1230 1566 in
1261 1513 1362 1568 hoc
1387 1515 1697 1572 ostenderet
1724 1531 1900 1585 quan-

305 1604 425 1650 tum
469 1613 568 1653 nos
613 1599 877 1670 diligeret,
925 1601 1094 1670 ipsam
1122 1617 1362 1664 carnem,
1402 1618 1564 1672 quam
1605 1620 1705 1674 pro
1741 1606 1898 1662 nobis

303 1701 667 1760 susceperat,
727 1695 883 1748 nobis
943 1696 1010 1749 ad
1072 1697 1504 1753 manducandum
1567 1698 1766 1765 dedit;
1840 1709 1895 1756 et

2003 523 2124 578 quae
2171 508 2396 562 multum
2441 508 2767 578 displiceant
2807 509 2917 574 illi;
2973 524 3080 562 non
3109 524 3322 579 semper
3357 526 3481 566 eum
3515 512 3588 568 ita

2003 603 2108 671 pati
2134 602 2334 671 putetis
2357 601 2449 655 ⁸⁸⁵.
2477 602 2570 657 Est
2593 602 2736 656 enim
2763 601 2881 656 sine
2905 601 3066 656 dubio
3087 602 3297 670 patiens
3326 603 3586 669 redditor,

2001 701 2054 747 et
2079 691 2306 762 diligens
2344 694 2523 748 cordis
2549 703 2605 749 et
2636 708 2826 747 renum
2861 701 3150 748 scrutator.
3191 693 3402 748 Patitur
3429 698 3588 750 modo

2003 782 2192 845 multa,
2227 793 2554 850 exspectans
2597 797 2839 839 nostram
2881 785 3296 849 correctionem,
3343 786 3490 841 velut
3517 787 3587 820 ⁸⁸⁸

2001 876 2470 931 mansuetissimus
2505 894 2518 930 :
2555 877 2653 930 sed
2696 878 2742 931 si
2785 878 2942 932 modo
2981 893 3079 932 nos
3109 894 3214 932 non
3241 880 3584 948 corrigimus.

2001 965 2278 1021 damnabit
2306 982 2426 1030 nos,
2459 967 2599 1022 sicut
2622 965 2960 1035 iustissimus
3005 987 3021 1022 :
3068 977 3120 1021 et
3159 969 3249 1037 qni
3287 969 3448 1023 modo
3475 979 3586 1024 tam

2000 1055 2173 1110 dulcis
2200 1065 2282 1111 est
2312 1058 2488 1123 nobis,
2523 1065 2579 1111 ut
2603 1072 2701 1111 nos
2727 1072 2855 1116 suos
2884 1056 3078 1111 fratres
3097 1067 3256 1111 vocet
3281 1066 3330 1111 et
3357 1060 3585 1123 amicos,

1983 1131 2130 1202 'tunc
2179 1147 2232 1202 in
2273 1157 2515 1203 extrema
2556 1148 2892 1204 discussione
2940 1150 3218 1220 ignoratus
3255 1149 3347 1215 ⁸⁸⁷,
3387 1160 3441 1204 et
3479 1168 3585 1205 non

1999 1239 2100 1294 sibi
2132 1255 2228 1308 per
2267 1241 2407 1296 bona
2438 1256 2604 1313 opere
2635 1253 2813 1309 notos,
2862 1241 3027 1298 veluti
3061 1241 3312 1298 inimicos
3351 1258 3480 1298 suos
3509 1260 3586 1299 re-

1999 1329 2208 1402 putabit
2234 1347 2353 1387 nos.

2071 1419 2260 1476 Anima
2294 1435 2411 1474 mea
2439 1429 2495 1474 et
2536 1435 2666 1475 caro
2709 1436 2849 1486 mea,
2881 1421 2995 1492 jam
3035 1423 3249 1477 tandem
3287 1425 3582 1495 evigiletis,

1999 1525 2215 1580 semper
2261 1518 2317 1564 et
2353 1509 2551 1580 ubique
2579 1511 2883 1580 cogitantes
2926 1514 2991 1568 de
3019 1513 3333 1570 novissimis
3362 1519 3582 1574 vestris.

1989 1600 2247 1656 Forsitan
2297 1602 2340 1656 si
2390 1603 2490 1657 hoc
2548 1603 2748 1669 facitis,
2798 1620 2903 1658 non
2944 1605 3101 1659 facile
3152 1610 3468 1676 peccabitis.
3523 1610 3584 1667 Si

1998 1691 2178 1756 modo,
2222 1692 2364 1748 sicut
2408 1707 2622 1758 moueo,
2654 1692 2855 1761 facitis,
2883 1709 3090 1750 securae
3111 1697 3265 1761 sitis;
3303 1699 3428 1767 quia
3457 1716 3582 1758 cum

303 1781 486 1836 adhuc
542 1783 596 1837 in
650 1784 918 1840 sacriﬁcio
994 1786 1078 1841 sui
1142 1785 1331 1853 altaris
1403 1789 1715 1846 ministrare
1785 1805 1893 1848 non
1927 1775 1970 1835 Β
2001 1781 2151 1836 multi
2179 1781 2455 1848 dolebunt,
2483 1785 2573 1853 qui
2608 1787 2769 1839 modo
2798 1785 2995 1840 misere
3027 1787 3204 1841 rident
3231 1797 3286 1844 et
3311 1791 3584 1860 gaudent,

307 1869 532 1925 desinit.

378 1959 458 2014 Tu
497 1977 646 2028 vero,
696 1963 877 2019 anima
921 1980 1068 2032 mea,
1100 1965 1294 2022 horum
1324 1969 1565 2024 omnium
1609 1970 1751 2026 dulci
1808 1987 1908 2027 ree

303 2054 620 2110 conlatione
665 2057 901 2112 animata
967 2067 1022 2114 et
1074 2060 1390 2127 consolata,
1451 2077 1548 2118 ora
1601 2063 1890 2119 Dominum

309 2155 483 2210 tuum,
515 2161 610 2202 ora
652 2149 964 2206 Creatorem
1011 2161 1182 2218 tuum,
1216 2153 1406 2208 invoca
1443 2169 1632 2210 omnes
1671 2165 1894 2212 sanctos

302 2234 445 2304 ejus,
491 2247 551 2292 ut
579 2238 672 2292 tibi
702 2240 816 2295 sint
855 2240 906 2294 in
948 2241 1232 2306 auxilium,
1275 2250 1543 2312 quatenus
1579 2259 1675 2314 per
1699 2260 1892 2302 eorum

306 2329 759 2387 intercessionem
814 2333 996 2402 adjnta
1053 2343 1107 2388 et
1175 2335 1492 2401 consolata,
1543 2336 1625 2392 sic
1673 2336 1766 2392 tibi
1835 2339 1890 2394 in

303 2419 560 2486 praesenti
617 2422 1029 2476 conversatione
1066 2423 1156 2492 qui
1207 2433 1260 2477 te
1313 2423 1441 2480 fecit
1491 2427 1758 2482 concedat
1803 2428 1887 2482 vi-

303 2520 458 2570 vere,
513 2517 631 2563 tuas
669 2509 984 2590 iniquitates
1035 2526 1131 2581 per
1175 2526 1363 2567 veram
1407 2515 1779 2584 pmniteutiam
1831 2527 1888 2572 et

304 2597 701 2654 confessionem
753 2602 1033 2667 mundare,
1081 2612 1142 2657 ut
1185 2601 1340 2657 linito
1387 2606 1667 2675 temporali
1700 2623 1886 2677 cursu,

304 2690 372 2742 ad
423 2699 624 2745 aeterna
671 2693 863 2762 gaudia
919 2695 1179 2750 merearis
1225 2688 1542 2764 ascendere,
1595 2709 1889 2768 prtestante

303 2793 371 2834 eo
418 2781 509 2851 qui
557 2783 692 2838 vivit
729 2793 786 2839 et
837 2793 1026 2857 regnat
1075 2787 1219 2842 Deus
1266 2802 1364 2859 per
1408 2797 1614 2845 aeterna
1667 2789 1884 2847 smcula.

302 2871 496 2926 Amen.

797 2961 1173 3022 MEDITATIO
1217 2966 1263 3022 γ
1301 2965 1392 3023 ⁸⁸⁰.

305 3069 454 3151 Unde
494 3074 635 3151 vivat
668 3077 884 3151 anima,
906 3087 954 3151 et
979 3078 1276 3151 u‘ntlcgvivat
1312 3096 1435 3151 coro
1465 3095 1486 3134 :
1525 3091 1574 3134 et
1609 3079 1676 3134 de
1714 3081 1884 3151 gloria

377 3128 523 3199 is...
547 3128 1428 3222 ing-same.istaistam;
1443 3128 1884 3222 dniithZEIdtiZ
1913 3128 1954 3186 ο

371 3225 559 3268 exeunt
588 3215 653 3269 de
686 3232 922 3286 corpore.

369 3331 504 3387 Dum
545 3332 726 3388 anima
751 3344 933 3390 manet
966 3334 1036 3367 ⁸⁸⁸
1069 3335 1122 3390 in
1149 3350 1398 3406 corpore,
1429 3336 1564 3392 vivit
1601 3337 1765 3392 homo
1793 3354 1883 3394 se-

297 3423 534 3479 cundum
561 3440 782 3481 carnem
816 3445 829 3480 :
859 3441 964 3496 qua
993 3443 1212 3483 carnem
1239 3429 1539 3492 deserente,
1563 3430 1796 3486 moritur
1814 3431 1883 3464 ⁸⁸³

297 3517 592 3571 secundum
627 3517 871 3573 eamdem
896 3533 1138 3573 carnem.
1170 3519 1298 3584 Sed,
1328 3520 1467 3574 sicut
1497 3521 1679 3576 anima
1709 3523 1878 3577 vitam
1915 3588 1919 3592 I

297 3608 446 3662 carni
489 3607 699 3673 tribuit,
747 3610 873 3663 dum
915 3609 1029 3678 ipsa
1068 3617 1250 3664 manet
1287 3609 1342 3664 in
1386 3626 1592 3678 carne,
1639 3611 1718 3668 sic
1765 3614 1881 3682 ipsa

296 3713 427 3754 caro
457 3698 625 3753 vitam
651 3698 836 3754 tribuit
864 3699 1078 3762 animae,
1102 3699 1227 3753 dum
1256 3699 1372 3769 ipsa
1397 3715 1528 3756 caro
1554 3701 1686 3756 facit
1713 3717 1878 3771 opera

288 3788 529 3857 iustitiae.
564 3790 706 3862 Ergo
755 3793 858 3846 hoc
894 3791 1055 3846 modo
1095 3792 1196 3846 sibi
1243 3791 1470 3846 invicem
1505 3792 1758 3848 videntur
1784 3795 1881 3850 tri-

295 3881 480 3947 buere,
515 3892 567 3936 et
596 3883 777 3936 anima
807 3883 983 3948 carni,
1016 3891 1070 3936 et
1090 3897 1218 3937 caro
1244 3883 1473 3946 animae;
1505 3891 1560 3935 et
1588 3883 1668 3938 sic
1697 3884 1879 3941 anima

293 3986 414 4026 cum
448 3987 612 4033 carne
651 3983 935 4042 operante,
972 3973 1260 4043 acquirunt
1301 3973 1405 4028 sibi
1436 3973 1666 4028 invicem
1710 3974 1876 4030 vitam

290 4075 563 4136 perpetua:
592 4069 735 4124 vita}.
773 4069 877 4125 Sed
907 4069 1050 4124 illam
1077 4071 1244 4126 vitam
1282 4085 1406 4125 mox
1440 4070 1669 4140 percipit
1693 4071 1876 4127 anima

291 4167 450 4214 exuta
472 4175 656 4229 carne,
682 4177 844 4232 quam
869 4176 995 4217 caro
1018 4177 1139 4218 cum
1163 4161 1343 4216 anima
1366 4170 1686 4232 perceptura
1712 4171 1798 4219 est
1823 4163 1876 4218 in

291 4250 694 4307 resurrectione
724 4251 776 4306 in
808 4253 1100 4307 novissimo
1123 4253 1228 4306 die.
1262 4251 1426 4321 Ergo,
1452 4253 1631 4306 anima
1658 4267 1801 4314 mea.
1821 4260 1878 4308 et

291 4353 438 4402 caro,
471 4321 740 4396 exsultate
767 4342 820 4396 in
843 4343 916 4373 ⁸⁸³
947 4342 1114 4397 Deum
1139 4341 1318 4396 vivum
1345 4339 1518 4412 (Psal.
1543 4357 1774 4404 Lxxxm,
1793 4341 1872 4410 5),

290 4431 532 4487 accedite
564 4433 632 4487 ad
671 4433 838 4488 Deum
884 4433 1197 4489 Creatorem
1231 4441 1490 4496 vestrum,
1530 4434 1774 4490 accedite
1816 4442 1872 4489 et

291 4521 667 4578 illuminamini
711 4523 884 4596 (Psal.
916 4539 1111 4586 χχχιιι.
1150 4522 1229 4592 6),
1273 4531 1330 4578 et
1352 4520 1468 4588 jam
1496 4522 1731 4592 amplius
1761 4538 1868 4578 non

289 4611 505 4670 faciatis
533 4614 673 4669 unde
697 4613 1064 4680 erubescatis;
1091 4613 1184 4668 sed
1205 4626 1421 4676 semper
1445 4625 1607 4680 agere
1630 4611 1868 4674 studete,

288 4706 432 4762 unde
453 4707 506 4762 in
529 4716 846 4778 perpetuum
875 4706 945 4739 ⁸⁸⁸
971 4705 1272 4777 gaudeatis.
1306 4702 1505 4760 Hortor
1527 4719 1642 4768 vos,
1677 4717 1871 4759 moneo

288 4813 407 4865 vos,
441 4814 510 4856 ne
535 4799 592 4855 in
622 4815 848 4857 vacuum
881 4799 1112 4869 gratiam
1147 4797 1240 4854 Dei
1275 4796 1435 4854 modo
1473 4796 1747 4869 recipiatis
1781 4795 1865 4867 (Il

1995 1890 2092 1930 vos
2112 1875 2296 1934 laetitia
2335 1877 2686 1932 inenarrabili
2709 1879 3054 1935 exsultabitis
3079 1890 3135 1934 et
3161 1883 3487 1951 gaudebitis.
3519 1884 3578 1940 In

1996 1965 2130 2035 ipsis
2165 1967 2422 2036 operibus
2446 1967 2643 2022 vestris
2680 1967 2751 1998 ⁸⁸⁸
2781 1967 3069 2038 diligenter
3095 1970 3360 2026 intendite
3394 1972 3485 2032 ⁸⁸⁹,
3515 1972 3574 2028 Si

1994 2069 2141 2120 reeta
2168 2064 2294 2110 sunt
2318 2064 2371 2109 et
2403 2057 2512 2111 Deo
2543 2043 2761 2126 placita,
2805 2057 3068 2128 gaudete;
3103 2059 3146 2113 si
3178 2074 3341 2128 prava
3377 2070 3430 2116 et
3472 2062 3585 2119 Deo

1995 2161 2104 2202 non
2133 2157 2374 2216 accepta,
2417 2148 2578 2203 citius
2616 2148 2890 2218 corrigite.
2939 2147 3054 2202 Non
3101 2150 3394 2207 dormitent
3437 2154 3579 2208 oculi

1990 2240 2178 2303 vestri,
2223 2255 2328 2294 non
2378 2240 2651 2296 dormiant
2678 2240 2958 2310 palpebra:
2987 2249 3202 2296 vestrae.
3252 2243 3454 2314 Aperta
3498 2257 3584 2302 est

1993 2327 2146 2384 fovea
2192 2329 2517 2398 perditionis
2565 2345 2580 2384 :
2633 2329 2792 2386 facile
2847 2330 2974 2386 illuc
3013 2330 3236 2398 labitur,
3281 2334 3370 2402 qui
3413 2336 3576 2389 modo

1990 2429 2149 2476 caute
2182 2435 2241 2476 se
2271 2435 2377 2475 non
2420 2421 2674 2478 custodit.
2705 2420 2996 2476 Peccatum
3036 2431 3092 2478 et
3129 2422 3407 2492 iniquitas,
3444 2426 3580 2482 stul-

1991 2519 2103 2566 tum
2148 2519 2204 2565 et
2231 2526 2452 2575 vanum,
2484 2509 2642 2566 facile
2672 2511 2830 2566 modo
2871 2511 2993 2566 illuc
3025 2511 3338 2582 impellunt;
3385 2515 3436 2568 in
3466 2530 3576 2584 quo

1989 2600 2156 2656 semel
2202 2600 2441 2656 immersi
2487 2599 2602 2670 jam
2645 2614 2750 2654 non
2794 2609 3086 2672 resurgunt
3130 2602 3183 2656 in
3227 2612 3574 2672 perpetuum.

1992 2691 2144 2747 Sicut
2171 2692 2353 2762 pravis
2385 2700 2439 2747 et
2481 2692 2621 2746 mala
2650 2691 2720 2754 ⁸⁸⁰
2742 2707 2956 2761 semper
2978 2691 3324 2758 facientibus,
3356 2705 3578 2764 apertus

1989 2792 2075 2839 est
2101 2793 2338 2839 aeternus
2362 2784 2645 2848 interitus;
2672 2783 2752 2838 sic
2781 2783 2960 2848 bonis,
2986 2793 3043 2838 et
3067 2785 3118 2838 in
3143 2785 3298 2841 bonis
3322 2788 3577 2856 operibus

1989 2873 2483 2944 perseverantibus,
2524 2884 2744 2947 apertus
2785 2884 2870 2931 est
2913 2875 3146 2946 paradisi
3194 2877 3469 2944 introitus,
3516 2881 3569 2933 in

1988 2982 2094 3038 quo
2134 2968 2257 3038 quis
2286 2967 2451 3024 semel
2494 2978 2779 3038 susceptus
2819 2981 3034 3038 semper
3072 2976 3127 3023 et
3172 2968 3225 3022 in
3257 2978 3576 3038 perpetuum

1988 3059 2230 3113 manebit
2273 3058 2514 3128 gaudens
2550 3066 2609 3113 et
2651 3057 2826 3112 laetus.
2877 3055 2992 3111 Hoc
3036 3057 3192 3112 modo
3230 3057 3297 3087 ⁸⁸¹
3339 3067 3394 3112 et
3435 3061 3574 3114 bona

1987 3164 2151 3220 opera
2197 3149 2398 3204 bonum
2448 3147 2666 3203 elevant
2729 3163 2943 3204 sursum
2997 3148 3049 3202 in
3100 3148 3377 3206 excelsum
3432 3152 3500 3183 ⁸⁸⁸
3554 3167 3570 3207 :

1987 3249 2042 3295 et
2095 3240 2235 3294 mala
2287 3255 2452 3310 opera
2502 3239 2703 3295 malum
2749 3239 3071 3310 demergunt
3127 3241 3180 3294 in
3242 3240 3572 3311 profundum

1986 3330 2264 3386 deorsum.

2056 3420 2161 3475 Sed
2184 3418 2297 3488 jam
2329 3435 2472 3476 nunc
2518 3419 2810 3490 diligenter
2840 3421 3141 3488 videamus,
3182 3421 3226 3477 si
3256 3438 3571 3492 possumus,

1981 3525 2090 3582 quo
2108 3512 2296 3566 ordine
2318 3510 2457 3566 bona
2477 3526 2638 3581 opera
2663 3512 2897 3566 animam
2925 3512 3066 3568 illius
3114 3514 3206 3585 qui
3239 3515 3374 3572 bene
3433 3517 3568 3573 vixit

1981 3602 2180 3657 ducant
2209 3601 2261 3656 in
2290 3601 2508 3669 coelum,
2534 3611 2589 3658 et
2619 3601 2757 3656 mala
2782 3618 2945 3674 opera
2987 3605 3228 3659 animam
3257 3608 3569 3675 peccatoris

1982 3696 2200 3750 trahant
2231 3694 2285 3748 in
2317 3695 2608 3750 internum.
2641 3694 2836 3749 Anima
2867 3711 3022 3765 pttra,
3044 3711 3167 3752 mox
3190 3707 3249 3752 ut
3269 3699 3503 3754 discedit
3538 3714 3570 3752 a

1979 3801 2226 3853 corpore,
2253 3784 2400 3838 videt
2425 3784 2607 3838 omnia
2632 3799 2796 3853 opera
2817 3801 2950 3849 sua;
2983 3796 3036 3839 et
3065 3787 3191 3855 quia
3215 3790 3395 3842 omnia
3418 3791 3564 3845 bona

1977 3875 2144 3940 videt,
2173 3875 2369 3946 gaudet
2408 3874 2759 3928 inenarrabili
2804 3873 3008 3928 laetitia.
3048 3875 3171 3930 Mox
3202 3878 3400 3946 accipit
3438 3894 3562 3933 eam

1977 3965 2223 4034 angelus,
2254 3975 2308 4020 et
2337 3965 2426 4034 qui
2449 3963 2636 4019 oculos
2664 3962 2781 4032 ejus
2812 3965 2982 4019 tenuit
3007 3980 3074 4020 ne
3106 3966 3316 4020 videret
3355 3969 3568 4023 vanitao

1977 4066 2084 4113 tem
2109 4057 2201 4120 ⁸⁵³;
2231 4055 2572 4125 amplectitur
2611 4069 2755 4122 eam,
2795 4053 2887 4126 qui
2915 4054 3190 4109 obturavit
3232 4071 3394 4110 aures
3438 4057 3558 4126 ejus

1976 4165 2043 4203 ne
2073 4148 2286 4202 audiret
2309 4148 2379 4179 ⁸⁵⁸
2406 4147 2777 4216 iniquitatem;
2812 4147 3046 4217 protegit
3067 4162 3208 4211 eam,
3242 4147 3329 4216 qui
3362 4158 3549 4202 custo-

1975 4239 2108 4294 divit
2148 4254 2208 4295 os
2247 4239 2490 4310 ejus,‘ne
2537 4238 2851 4307 loqueretur
2883 4236 3261 4303 mendacium;
3292 4240 3561 4309 aggaudet

1972 4331 2046 4397 ei,
2071 4330 2163 4402 qui
2192 4346 2311 4386 eam
2341 4329 2578 4401 protexit
2609 4345 2675 4384 ne
2701 4339 2948 4400 peccaret
2985 4329 3039 4383 in
3068 4345 3229 4386 sensu
3273 4330 3564 4394 olfacicndi

1978 4425 2093 4480 sive
2122 4425 2410 4494 tangendi;
2458 4432 2513 4478 et
2557 4423 2638 4478 sic
2664 4438 2784 4478 eam
2824 4437 2890 4476 ex
2934 4423 3080 4477 omni
3127 4434 3281 4492 parte
3321 4425 3475 4480 laetus
3507 4434 3563 4480 et

1979 4516 2167 4571 hilaris
2187 4515 2509 4576 circumdat,
2528 4522 2582 4567 ct
2604 4522 2728 4566 ante
2757 4512 3009 4567 thronum
3035 4514 3298 4570 claritatis
3327 4501 3564 4586 divin-.12,

1977 4609 2065 4665 ubi
2091 4609 2208 4663 sine
2233 4609 2339 4662 fine
2361 4606 2614 4678 gaudeat,
2640 4604 2800 4660 locat.
2830 4603 3140 4661 Occurrunt
3162 4608 3209 4660 ei
3241 4607 3328 4662 alii
3356 4609 3560 4676 angeli,

1976 4707 2031 4753 et
2072 4698 2163 4752 alii
2213 4695 2406 4760 sancti,
2461 4695 2552 4764 qui
2597 4694 2669 4749 ibi
2716 4694 2977 4749 assistunt
3025 4705 3151 4750 ante
3204 4707 3562 4768 conspectum

1976 4790 2172 4846 divinae
2209 4786 2542 4859 majestatis;
2582 4794 2638 4840 et
2677 4800 2840 4856 quam
2887 4785 3094 4842 sociam
3138 4788 3240 4845 sibi
3281 4805 3378 4860 per
3414 4791 3560 4846 bona

1604 4947 1834 5002 VARle
1875 4941 2275 5002 LECTIONES.

356 5106 425 5140 ⁸⁸⁸
471 5104 680 5160 Collata
731 5113 806 5161 est
849 5120 966 5159 cum
1017 5102 1148 5157 Mss.
1179 5100 1314 5157 Vict.

1387 5099 1509 5156 KK.
1538 5101 1625 5156 l6.
1672 5099 1828 5156 Corb.
1879 5099 2004 5155 l60.
2039 5097 2278 5153 Val-luo.
2309 5106 2357 5152 et
2389 5095 2718 5150 Flariacens.
2785 5093 2849 5149 In
2901 5095 3023 5149 aliis
3067 5093 3196 5148 Mss.
3247 5109 3352 5162 non
3399 5109 3549 5162 repe-

287 5178 441 5230 ritur.
503 5177 656 5232 Unde
711 5160 898 5231 vivant
924 5173 1148 5248 anima”
1197 5181 1399 5248 exeunt
1445 5173 1512 5227 de
1558 5187 1960 5248 corpore_ms_s.
2000 5170 2141 5248 unde
2169 5169 2806 5248 vivat_aninta...e§eunt
2832 5181 2860 5248 a
2891 5179 3138 5248 corpore.
3169 5181 3273 5245 ius.
3311 5160 3542 5248 Val-lac.

288 5246 492 5302 Oratio.
525 5247 678 5304 Unde
703 5247 850 5300 vivat
876 5239 1078 5304 aniina,
1105 5253 1157 5297 et
1184 5243 1327 5319 unde
1351 5242 1498 5319 vivat
1525 5235 1674 5300 caro:
1704 5253 1758 5297 et
1787 5243 1851 5296 de
1879 5242 2046 5319 gloria
2071 5239 2226 5319 hortm
2256 5239 2550 5319 animale}
2580 5236 2893 5319 infelicitate
2920 5235 3075 5319 mala:
3094 5235 3308 5319 animae;
3332 5235 3551 5319 quando

291 5327 499 5370 exeunt
529 5319 595 5371 tle
617 5331 849 5385 corpore
921 5314 989 5386 ⁸⁸¹
1015 5314 1206 5366 Anima
1244 5313 1476 5386 hominis
1507 5320 1688 5386 manet
1729 5330 1853 5386 m_ss.
1880 5306 2138 5386 'omittunt
2169 5309 2404 5386 hominis
2477 5307 2545 5386 ‘_"'
2580 5306 3273 5386 0_ute_carncmdeserente
3309 5309 3548 5386 tnoritur-

291 5402 390 5441 ms.
429 5386 564 5440 Vict.
596 5375 910 5454 qum-carne
939 5385 1219 5439 deserente
1251 5383 1482 5456 moritur
1551 5381 1622 5456 "*_‘
1645 5381 1966 5456 Estiltantes
1995 5383 2046 5456 in
2075 5395 2200 5434 mss.
2228 5378 2462 5456 ex_ultate
2493 5379 2544 5432 in
2619 5377 2688 5409 ⁸⁸⁸
2715 5375 2781 5456 1η.
2804 5384 3120 5456 perpetuum
3147 5391 3272 5428 mss.
3385 5382 3548 5456 aeter-

285 5472 413 5510 num
488 5457 561 5489 ⁸⁸⁸
591 5444 662 5511 lia
716 5456 1051 5526 patipntctis
1080 5451 1615 5526 msﬁomitluntpati
1669 5450 2194 5526 ffﬂpurrectionem
2218 5449 2363 5504 velut
2388 5466 2514 5526 mss.
2554 5447 3224 5526 correctioncmﬂn-ostrarn
3290 5444 3358 5476 ⁸⁸⁷
3391 5444 3547 5526 Ιεςιοε

298 5536 444 5581 ratos
476 5544 612 5582 mss.
639 5515 773 5581 Vict.
809 5515 1049 5579 V'al-luc.
1080 5533 1126 5576 et
1152 5521 1304 5576 Flor.
1337 5515 1594 5588 ignorans
1667 5519 1736 5552 ⁸⁸⁸
1771 5521 1974 5575 Vestris
2023 5535 2167 5575 nunc
2210 5537 2336 5574 mss.
2379 5522 2647 5588 omittunt,
2680 5531 2853 5588 nunc_
2893 5515 2961 5588 ⁸⁸⁹
2985 5515 3264 5588 Attendite
3305 5515 3434 5588 mss.
3459 5515 3544 5568 in-

290 5596 498 5652 tendite
569 5597 639 5629 ⁸⁵⁰
664 5597 834 5651 Prava
871 5605 922 5648 et
955 5592 1092 5648 mala
1124 5610 1248 5648 mss.
1281 5591 1462 5660 pravis
1484 5601 1538 5643 et
1565 5591 1705 5644 mala

1817 5589 1883 5622 ⁸⁸¹
1923 5590 2035 5646 lloc
2065 5592 2222 5646 modo
2245 5608 2342 5645 ms.
2370 5589 2520 5644 Flor.
2548 5587 2736 5642 omittit
2809 5584 2878 5620 ⁸⁸³
2918 5587 3144 5641 Sursum
3187 5585 3238 5639 in
3268 5586 3547 5646 excelsum

284 5681 381 5720 ms.
414 5665 528 5721 Vict
554 5669 588 5722 5
615 5668 806 5722 omittit
853 5667 905 5720 in
938 5663 1210 5720 excelsum
1281 5655 1354 5694 ⁸⁵³
1389 5660 1463 5717 Nc
1485 5661 1730 5718 viderent
1756 5661 2046 5718 vanitatem
2075 5677 2200 5718 mss.
2231 5677 2302 5718 ne
2328 5661 2534 5718 videret
2559 5657 2850 5712 vanitatem
2924 5656 2994 5690 ⁸⁵⁸
3019 5657 3096 5714 Ne
3128 5655 3379 5712 audirent
3413 5673 3544 5720 mss.

287 5751 351 5794 ne
391 5738 604 5794 audiret
