3910 6018
328 303 430 357 735

668 299 727 354 S.
767 297 1067 354 ANSELMI
1099 294 1451 352 CANTUAR.
1492 288 1811 347 ARCHIEP.
1843 285 1907 344 Ol

2033 280 2210 339 PARS
2249 279 2312 336 ll.
2353 311 2425 322 —
2462 275 2832 333 ΡΑΒᾸΞΝΕΤ.
2874 273 2962 330 ΕΤ
3005 271 3253 330 ASCET.

3493 273 3606 329 756

326 433 496 488 opera
526 425 580 471 ct
608 415 838 470 amicam
875 417 1125 475 noscunt,
1161 411 1214 466 in
1251 409 1493 466 brachiis
1523 405 1907 488 sincerissima:
1935 404 1981 460 Α
2009 398 2188 468 piente
2242 394 2627 488 expetendum,
2675 405 2846 488 quam
2891 389 3287 488 illnd_bonum_,
3336 393 3406 488 ad
3453 397 3607 464 quod

327 482 608 564 «:haritatis
647 506 944 578 gaudenter
975 503 1285 572 excipiunt;
1328 501 1615 570 taliterque
1658 482 1909 563 alfantcs,

327 601 482 671 quasi
515 598 727 668 singula
769 595 964 663 gaudia
1006 595 1252 650 onmium
1289 594 1361 650 ibi
1389 591 1820 664 cohabitantium
1856 589 1908 644 ei

326 691 638 746 ostendunt.
669 687 832 752 Ecce,
867 688 1042 742 amica
1087 697 1293 753 noStra,
1337 700 1485 748 ecce.
1526 686 1676 741 socia
1698 691 1908 751 nostra,

326 785 452 852 quia
476 781 709 836 fideliter
722 781 831 836 Deo
851 780 1091 846 servisti,
1115 778 1341 850 ejusque
1364 789 1634 849 przccepta
1655 777 1907 833 faciendo

324 873 561 927 viriliter
587 871 866 938 laborasti,
905 871 1017 942 jam
1047 873 1264 927 tandem
1293 888 1322 926 a
1356 871 1543 926 labore
1573 869 1815 940 quiesce.
1855 877 1912 925 et

325 962 545 1018 aeternis
571 962 781 1032 gaudiis
810 962 1004 1018 amotlo
1032 971 1087 1017 et
1117 976 1288 1032 usque
1317 961 1370 1016 in
1399 961 1789 1030 sempiternum
1815 973 1912 1014 no-

328 1053 536 1108 hiscum
560 1053 760 1108 fruere.

395 1145 483 1209 At,
519 1145 922 1210 contra,anima
963 1143 1265 1215 peccatoris
1296 1158 1418 1200 cum
1455 1143 1666 1214 cogitur
1691 1143 1758 1197 de
1784 1157 1909 1196 cor-

326 1248 457 1303 pore
482 1235 654 1299 exire,
682 1252 806 1290 mox
827 1237 1110 1304 excipiunt
1128 1251 1248 1291 eam
1276 1236 1453 1306 angeli
1483 1235 1722 1301 Satanae,
1745 1249 1908 1305 quam

326 1327 502 1396 igneis
541 1328 751 1383 catenis
780 1327 997 1384 fortiter
1019 1330 1476 1400 constringentes,
1513 1326 1816 1393 fortiusque
1842 1341 1910 1381 ex

325 1419 468 1472 omni
494 1429 649 1488 parte
667 1420 1026 1490 propellentes
1049 1420 1116 1476 ad
1142 1429 1412 1477 tormenta
1435 1420 1633 1474 inferni
1668 1417 1907 1489 rapiunt,

325 1509 417 1564 ubi
456 1510 570 1580 ipse
600 1509 832 1568 Satanas
875 1527 1086 1568 mersus
1123 1511 1176 1566 in
1218 1510 1545 1582 profundum
1570 1511 1718 1582 jacet
1745 1510 1908 1564 deor-

326 1613 468 1654 sum.
506 1599 580 1654 ibi
606 1609 689 1654 est
717 1600 895 1667 fletus,
936 1613 992 1658 et
1029 1603 1233 1658 stridor
1261 1602 1504 1657 dentium
1532 1601 1753 1671 (Matth.
1783 1616 1909 1665 vm,

326 1688 446 1754 12);
499 1689 569 1744 ibi
605 1691 764 1761 ignis,
816 1691 1066 1763 laqueus,
1111 1692 1338 1764 spiritus
1380 1693 1736 1763 procellarum
1785 1708 1910 1764 pars

2014 504 2122 544 non
2173 496 2354 558 potest
2406 484 2670 540 accedere
2717 481 2884 536 ullum
2935 482 3160 537 malum.
3220 483 3336 538 Hoc
3394 486 3602 541 bonum

2011 595 2096 640 est
2124 583 2240 654 ipse
2285 580 2513 636 Creator
2559 587 2770 642 noster,
2816 575 2911 646 qui
2951 591 3226 647 nunquam
3271 578 3377 632 nisi
3423 579 3603 635 bonus

2011 683 2115 731 est.
2169 673 2325 742 Quod
2375 673 2576 728 bonum
2629 669 2699 734 si,
2749 667 2870 737 ejus
2917 667 3089 739 gratia
3145 667 3449 740 largiente,
3500 671 3603 725 ha-

2012 768 2142 822 bere
2170 764 2450 836 poteritis,
2482 761 2663 817 omnia
2707 759 2814 814 alia
2862 759 3004 814 bona
3053 759 3107 814 in
3155 759 3249 815 illo
3292 760 3590 818 habebitis.

2014 861 2082 916 Si-
2105 873 2234 915 vero
2263 859 2365 914 alia
2407 858 2545 911 bona
2594 853 2886 920 habentes,
2929 853 3080 908 illum
3122 853 3295 909 solum
3343 869 3452 909 non
3502 856 3604 910 ha-

2011 951 2181 1017 betis;
2227 952 2279 1006 in
2325 965 2524 1005 vanum
2573 947 2852 1013 laboratis,
2900 955 3228 1018 ventumque
3275 947 3601 1005 stultissime

2011 1052 2322 1114 sequentes,
2351 1042 2406 1097 in
2426 1038 2688 1097 extremis
2709 1053 2816 1095 non
2843 1040 3154 1106 veritatem,
3176 1040 3271 1096 sed
3298 1042 3599 1098 vanitatem

2013 1134 2320 1190 invenietis.

2081 1225 2178 1281 Est
2206 1225 2714 1292 antem,sicntvidet
2725 1226 2791 1291 is,
2815 1226 2860 1282 si
2885 1236 3033 1282 recte
3051 1228 3432 1297 consideratis,
3458 1247 3598 1303 prte-

2013 1330 2140 1372 sens
2163 1315 2357 1385 gloria,
2393 1316 2546 1385 quasi
2577 1316 2758 1378 vesica
2788 1325 2950 1372 vento
2980 1316 3167 1387 plena;
3209 1334 3332 1388 quae
3361 1323 3486 1376 dum
3515 1322 3600 1379 sic

2013 1407 2168 1478 plena
2216 1415 2430 1462 tenetur
2473 1407 2528 1462 in
2569 1408 2844 1472 manibus,
2883 1409 3221 1479 conspicitur
3259 1413 3502 1480 speciosa
3537 1425 3599 1470 et

2013 1499 2186 1566 clara;
2213 1500 2298 1555 cui
2323 1501 2368 1556 si
2407 1499 2633 1555 fortuito
2668 1509 2902 1570 punctns
2927 1501 3271 1571 permodicus
3316 1504 3599 1575 imprima-

2015 1601 2120 1656 tur,
2149 1607 2254 1648 non
2289 1593 2534 1657 claritas,
2568 1593 2662 1647 sed
2695 1592 2949 1657 inanitas,
2977 1602 3035 1649 et
3053 1603 3245 1652 ventus
3272 1609 3515 1654 remanet
3539 1600 3594 1654 in

2015 1684 2284 1740 manibus.
2314 1683 2746 1739 Animadvertite
2767 1697 2927 1754 ergo;
2965 1693 3042 1750 et,
3073 1685 3214 1742 sicut
3246 1687 3297 1742 in
3324 1689 3593 1759 principio

323 1753 514 1832 colicis
535 1753 708 1847 (Psval.
751 1753 808 1846 it,
846 1753 904 1852 ’ἡ
939 1753 1307 1852 peccatorum.
1341 1753 1496 1839 Tunc
1532 1784 1647 1854 ipse
1679 1753 1912 1839 Satanas
1945 1753 1986 1812 Β
2017 1775 2175 1844 hujus
2197 1774 2563 1831 meditationis
2593 1789 2691 1830 vos
2721 1753 2928 1842 monui,
2961 1777 3026 1831 de
3065 1753 3370 1834 novissimis
3401 1753 3598 1836 vestris

325 1869 544 1938 rapiens
578 1885 698 1925 eam
732 1873 799 1928 ad
835 1886 914 1938 se,
945 1889 1323 1945 exspuensqne
1351 1875 1405 1931 in
1443 1889 1564 1931 eam
1597 1875 1775 1947 ignem
1802 1873 1912 1946 ple-

326 1975 454 2014 num
497 1961 568 1994 ⁸⁸⁸
596 1972 811 2032 putore,
833 1962 990 2033 jubet
1015 1982 1046 2020 a
1071 1966 1186 2022 suis
1213 1966 1478 2023 ministris
1501 1981 1621 2023 eam
1664 1981 1730 2023 ex
1763 1967 1910 2024 omni

322 2063 476 2120 parte
504 2054 725 2117 arctari.
753 2064 809 2110 et
831 2057 910 2112 sic
937 2065 1200 2113 arctatam
1232 2059 1284 2114 in
1316 2060 1447 2130 ipsis
1470 2062 1756 2116 tormentis
1776 2074 1906 2130 pro-

314 2142 433 2212 jici,
477 2143 566 2198 ubi
589 2144 710 2200 sine
741 2145 845 2202 line
871 2163 994 2202 cum
1023 2145 1130 2205 illis
1160 2159 1541 2218 tormentet‘ur,
1573 2163 1628 2206 et
1657 2153 1776 2209 sine
1801 2153 1909 2208 line

321 2233 376 2288 in
404 2234 534 2304 ipsis
571 2235 848 2294 doloribus
874 2237 1190 2297 indeﬁcieus
1216 2243 1502 2300 moriatur.
1535 2245 1687 2300 Tunc
1719 2243 1902 2300 infelix

322 2327 502 2380 anima
527 2326 579 2382 in
605 2327 738 2398 ipsis
758 2331 935 2400 poenis
961 2341 1306 2401 tormentata,
1333 2335 1462 2406 ipsis
1487 2335 1642 2393 furiis
1668 2337 1905 2393 inferna-

323 2419 463 2475 libus
507 2421 747 2492 undique
785 2435 1161 2496 coangustata,
1204 2427 1418 2482 tandem
1458 2429 1524 2482 ad
1561 2444 1620 2484 se
1659 2429 1907 2496 reducta,

323 2522 554 2565 cernens
577 2514 757 2567 omnia
787 2514 928 2568 mala
949 2531 1072 2585 qua:
1096 2517 1246 2584 fecit,
1273 2517 1561 2574 infeliciter
1585 2519 1901 2589 proclamat:

323 2599 439 2654 Heu
479 2601 699 2667 misera,
747 2604 973 2660 misera!
1013 2621 1116 2663 cur
1157 2623 1395 2678 unquam
1443 2609 1496 2663 in
1545 2609 1715 2665 vitam
1759 2610 1904 2676 veni,

323 2694 521 2749 misera
555 2694 645 2761 ⁸³⁸,
672 2711 792 2766 quae
821 2698 985 2754 tantis
1011 2708 1402 2757 tormentorum
1435 2702 1722 2774 generibus
1751 2702 1908 2758 undi-

323 2800 430 2855 que
471 2789 758 2845 excrucior
805 2790 1038 2848 misera?
1090 2791 1336 2860 Vermes,
1383 2809 1618 2860 vermes,
1663 2797 1754 2865 qui
1798 2803 1906 2850 tam

251 2899 253 2901 ί
322 2875 620 2933 crudeliter
671 2894 757 2936 me
795 2883 1104 2949 corroditis,
1145 2884 1376 2954 parcite,
1427 2899 1645 2956 quccso;
1698 2885 1909 2954 parcite

326 2968 458 3024 mihi
487 2967 720 3037 miserm,
763 2979 841 3028 tot
869 2982 925 3029 et
955 2982 1063 3031 tam
1091 2975 1346 3032 immania
1374 2976 1477 3032 alia
1506 2985 1774 3032 tormenta
1810 2991 1908 3047 pa-

323 3058 497 3115 tienti.
529 3060 642 3116 Heu
673 3063 889 3129 misera,
915 3064 1140 3121 misera!
1173 3075 1230 3123 et
1271 3067 1433 3137 212
1468 3067 1605 3123 mori
1633 3067 1702 3100 ⁸⁸⁷
1726 3067 1907 3138 cupio,

320 3159 376 3204 ct
403 3159 582 3206 tamen
612 3155 854 3211 moriens
879 3157 1016 3212 mori
1046 3172 1276 3228 nequeo.
1304 3157 1459 3213 Nunc
1497 3158 1696 3214 misera
1759 3159 1908 3214 reci-

323 3240 412 3309 pio
434 3242 690 3314 quidquid
712 3249 930 3316 peccavi
958 3261 1056 3318 per
1079 3247 1276 3315 visum,
1301 3263 1400 3319 per
1424 3255 1660 3320 gustum,
1688 3263 1784 3320 per
1809 3265 1908 3304 an-

321 3335 516 3403 ditum,
559 3352 657 3407 per
680 3339 986 3405 odoratum,
1017 3355 1116 3409 per
1145 3351 1371 3396 tactum.
1403 3341 1516 3395 Non
1552 3349 1731 3396 tamen
1767 3342 1912 3397 valet

323 3426 522 3483 infelici
563 3429 758 3484 animae
797 3439 906 3484 tam
945 3431 1142 3487 misere
1169 3432 1392 3499 dolenti,
1427 3441 1535 3487 tam
1569 3449 1692 3489 scro
1731 3434 1909 3504 poeni-

323 3519 479 3584 tenti,
507 3528 618 3576 tam
654 3520 945 3578 infeliciter
968 3522 1329 3592 proclamanti
1361 3565 1377 3590 ,
1402 3526 1547 3595 quod
1582 3535 1710 3582 tunc
1751 3534 1908 3581 tanta

322 3607 546 3664 tristitia
564 3625 623 3665 se
639 3608 821 3665 aﬂicit.
847 3609 952 3668 Sed
980 3614 1144 3681 quod,
1167 3613 1294 3667 dum
1313 3613 1367 3668 in
1397 3613 1504 3669 vita
1532 3613 1662 3680 fuit,
1693 3628 1913 3684 prome-

321 3699 451 3764 ruit,
487 3713 632 3756 nunc
687 3699 742 3755 in
784 3700 916 3771 ipsis
945 3701 1219 3759 doloribus
1259 3703 1331 3736 ⁸³⁸
1371 3701 1588 3773 inferni,
1629 3705 1825 3761 misera
1855 3713 1912 3760 et

321 3790 596 3862 peccatrix
633 3791 844 3862 recipit.

393 3879 536 3937 Ecce
563 3881 741 3937 anima
760 3897 879 3938 mea
901 3891 956 3939 et
983 3895 1113 3940 caro
1135 3899 1277 3949 mea,
1305 3885 1592 3958 diligenter
1612 3885 1904 3950 intendite;

325 3973 671 4030 intendentes
693 3983 874 4029 autem
906 3988 1096 4030 verum
1114 3974 1378 4046 judicium
1398 3977 1666 4046 judicate;
1693 3985 1751 4032 ct
1780 3977 1907 4045 quid

321 4064 392 4119 sit
415 4065 628 4132 melius,
666 4067 796 4136 quid
823 4065 1008 4122 utilius
1057 4067 1389 4137 sequendum
1420 4069 1734 4125 discernite.
1765 4071 1908 4125 Bene

322 4158 501 4215 facere
521 4169 578 4214 et
603 4160 742 4214 bona
763 4158 1040 4229 recipere?
1067 4174 1135 4213 an
1157 4158 1296 4213 mala
1325 4174 1486 4230 agere
1503 4200 1518 4224 ,
1541 4170 1596 4216 et
1621 4161 1760 4217 mala
1792 4177 1908 4232 per-

320 4249 537 4318 cipere?
557 4247 666 4304 Nisi
689 4249 936 4304 insanum
960 4249 1209 4319 sapiatis,
1233 4249 1367 4303 nihil
1389 4248 1533 4303 aliud
1557 4250 1907 4320 respondebi-

323 4339 412 4402 tis,
442 4337 568 4403 nisi,
607 4339 742 4394 bene
779 4337 957 4393 facere
981 4346 1037 4392 et
1079 4339 1278 4394 bonum
1304 4339 1506 4394 habere
1534 4339 1623 4394 ⁸⁸⁹.
1660 4339 1800 4411 Ergo
1824 4339 1906 4394 fa-

2016 1883 2230 1939 semper
2258 1867 2542 1939 cogitetis;
2573 1868 2700 1938 quia
2721 1868 2802 1923 sic
2827 1868 3148 1939 cogitantes,
3183 1884 3502 1941 semperque
3529 1875 3598 1928 de

1997 1961 2157 2017 ‘exitu
2200 1968 2384 2017 vestro
2414 1968 2716 2017 metuentes
2756 1975 2863 2015 non
2892 1959 3049 2016 facile
3076 1963 3370 2032 peccabitis
3397 1963 3491 2031 ⁸⁸⁸,
3539 1974 3597 2022 et

2012 2053 2096 2108 sic
2123 2067 2295 2123 usque
2320 2052 2374 2107 in
2399 2060 2703 2108 extremum
2725 2052 2988 2118 viventes,
3020 2051 3167 2108 finita
3197 2056 3472 2125 temporali
3499 2057 3594 2112 lae-

2009 2143 2150 2208 titia,
2189 2157 2310 2214 qua:
2343 2143 2469 2198 dum
2512 2142 2592 2198 sic
2627 2141 2920 2208 timebatis,
2965 2143 3113 2198 circa
3155 2145 3342 2200 oculos
3383 2155 3595 2204 vestros

2011 2235 2166 2303 quasi
2197 2243 2393 2290 ventus
2421 2233 2658 2299 volabat,
2688 2249 2794 2290 non
2822 2233 3141 2299 vanitatem,
3165 2235 3258 2290 sed
3285 2235 3591 2306 veritatem,

2007 2340 2128 2395 qua:
2150 2325 2402 2382 Christus
2427 2333 2531 2392 est,
2561 2325 2870 2392 invenietis,
2917 2325 2985 2380 ad
3017 2339 3180 2395 quam
3209 2340 3308 2382 vos
3335 2328 3596 2398 perducat

2009 2417 2101 2488 qui
2135 2433 2231 2474 vos
2256 2418 2483 2474 creavit.
2511 2418 2705 2474 Amen.

2485 2529 2861 2588 MEDITATIO
2899 2527 2975 2607 vt
3001 2529 3094 2585 ιη.

2007 2648 2089 2706 Ad
2116 2647 2468 2702 roborandam
2503 2648 2744 2717 spiritum
2771 2663 2834 2702 ne
2861 2645 3223 2717 desperemus;
3263 2648 3387 2717 quia
3421 2650 3467 2703 si
3506 2666 3594 2706 ve-

2083 2735 2196 2771 ram
2250 2718 2602 2781 paenitentiam
2651 2717 2900 2787 agimus,
2954 2733 3126 2771 veram
3184 2722 3594 2777 misericordiam

2077 2788 2190 2869 sine
2240 2787 2398 2840 dubio
2461 2787 2526 2842 de
2591 2787 2829 2841 omnibus
2893 2788 3118 2858 peccatis
3193 2794 3386 2848 nosfris
3449 2791 3592 2846 iure-

2081 2874 2214 2912 mem
2221 2874 2300 2912 us.

2079 2969 2214 3025 Cum
2243 2971 2310 3024 ad
2344 2977 2570 3039 peccata
2605 2983 2725 3039 qua:
2747 2967 2846 3024 feci
2878 2969 2949 3002 “'
2980 2973 3230 3044 respicio,
3257 2984 3314 3032 et
3335 2989 3521 3046 poenas
3539 2983 3594 3030 et

2012 3066 2278 3114 tormenta
2308 3058 2564 3130 intelligo,
2595 3074 2715 3129 quae
2749 3073 2847 3129 pro
2872 3059 2937 3114 iis
2963 3062 3075 3131 pati
3105 3063 3296 3130 debeo,
3330 3078 3438 3118 non
3466 3078 3590 3133 par-

2011 3169 2137 3210 vum
2168 3154 2416 3209 timorem
2446 3153 2640 3208 habeo.
2672 3152 2858 3224 Itaque
2881 3155 3110 3210 multum
3152 3157 3346 3212 anxius
3371 3166 3427 3212 et
3454 3157 3591 3212 mulo

2012 3239 2126 3302 Idm
2153 3245 2372 3299 timidus
2404 3245 2472 3300 de
2508 3244 2815 3314 perditione
2844 3261 2985 3307 mea,
3015 3245 3058 3300 si
3093 3245 3232 3303 forte
3261 3248 3453 3304 alicubi
3495 3249 3594 3303 ali-

2012 3349 2173 3404 quam
2205 3333 2633 3390 consolationem
2661 3333 2930 3390 inveniam
2955 3335 3028 3368 ⁸⁸³
3066 3337 3301 3406 requiro.
3351 3338 3457 3394 Sed
3489 3338 3592 3392 heu

2010 3424 2080 3459 ⁸⁸⁸
2106 3426 2298 3481 miser!
2324 3424 2524 3480 nullam
2554 3425 2766 3482 invenio
2785 3443 2798 3492 ;
2817 3427 2942 3497 quia
2973 3441 3078 3482 non
3092 3429 3264 3484 solum
3280 3429 3591 3486 Creatorem

2013 3532 2211 3582 meum,
2244 3518 2339 3574 sed
2360 3525 2416 3572 et
2445 3517 2615 3584 illum,
2638 3527 2691 3576 et
2721 3533 2936 3576 omnem
2963 3530 3274 3576 creaturam
3306 3521 3423 3593 ejus
3444 3539 3475 3578 a
3505 3539 3591 3578 me

2013 3609 2274 3666 offensam
2303 3623 2425 3666 esse
2446 3618 2629 3666 certus
2651 3611 2722 3651 ⁸⁸³
2745 3613 2940 3670 existo.
2971 3613 3199 3670 Creator
3231 3615 3413 3685 itaque
3435 3632 3584 3671 incus

2011 3716 2132 3758 cum
2164 3699 2310 3755 omni
2331 3707 2581 3756 creatura
2607 3717 2726 3769 sua,
2756 3706 2994 3774 peccatis
3013 3705 3150 3762 meis
3169 3706 3407 3779 graviter
3425 3706 3594 3763 offen-

2010 3807 2121 3857 sus,
2146 3807 2234 3848 me
2264 3793 2514 3860 damnat;
2550 3808 2669 3849 mea
2693 3796 3027 3853 conscientia
3059 3807 3208 3852 certa
3245 3798 3311 3854 de
3335 3797 3448 3854 suis
3473 3815 3590 3854 ma-

2010 3887 2076 3944 lis
2103 3887 2376 3957 operibus,
2404 3903 2471 3943 ex
2500 3887 2646 3944 onmi
2671 3897 2823 3960 parte
2849 3902 2937 3943 me
2977 3897 3217 3944 accusat.
3259 3888 3324 3964 Et
3350 3890 3422 3945 ita
3465 3892 3584 3946 nul-

2012 3979 2114 4034 lam
2141 3979 2564 4035 consolationem
2595 3978 2832 4044 invenio,
2864 3995 2964 4036 nec
2994 3981 3063 4035 ab
3091 3979 3199 4034 ullo
3221 3980 3291 4012 ⁸⁸⁸
3322 3980 3480 4037 facile
3503 3997 3588 4037 me

2008 4079 2135 4142 puto
2161 4071 2379 4127 habere.
2415 4071 2550 4137 Quid
2589 4084 2720 4143 ergo
2758 4071 2985 4126 faciam?
3009 4087 3116 4142 quo
3161 4087 3246 4126 me
3277 4084 3586 4128 convertam

2007 4162 2085 4218 sic
2115 4161 2407 4227 desolatus,
2429 4163 2510 4218 sic
2536 4174 2884 4233 peccatorum
2917 4178 3156 4219 meorum
3187 4163 3409 4221 malitiis
3437 4167 3590 4220 invo-

2007 4253 2185 4309 lutus?
2213 4252 2271 4309 Si
2306 4253 2374 4308 ad
2417 4253 2566 4309 illum
2602 4255 2693 4321 ⁸⁸⁷,
2733 4257 2824 4326 qui
2862 4271 2949 4310 me
2985 4265 3188 4312 rectum
3221 4255 3370 4322 fecit,
3415 4257 3592 4314 redire

2007 4341 2152 4406 volo,
2172 4340 2396 4412 ejusque
2426 4341 2751 4398 ineffabilem
2781 4343 3065 4413 pietatem,
3096 4351 3158 4396 ut
3183 4343 3249 4398 de
3275 4359 3360 4398 me
3386 4343 3591 4398 miseri-

319 4433 427 4487 cite
456 4431 679 4496 bonum,
701 4440 762 4487 ut
782 4429 912 4486 illud
937 4431 1158 4502 possitis
1175 4431 1376 4486 habere
1393 4433 1617 4498 bonum,
1639 4447 1669 4486 a
1691 4447 1799 4502 quo
1819 4441 1902 4488 est
1933 4463 1982 4524 ι)
2007 4432 2242 4488 eordiam
2269 4433 2487 4499 habear,
2519 4433 2807 4504 deprecor;
2833 4446 2938 4488 non
2967 4447 3154 4501 parum
3187 4433 3352 4487 timeo
3394 4448 3461 4486 ne
3489 4448 3587 4501 pro

321 4539 480 4578 omne
506 4523 726 4586 bonum,
758 4522 965 4578 scilicet
993 4524 1171 4578 omnis
1198 4521 1325 4577 boni
1356 4523 1577 4590 bonum,
1607 4523 1752 4594 quod
1794 4538 1902 4579 non

321 4621 501 4683 potest
525 4627 645 4669 esse
673 4614 778 4669 nisi
809 4615 1028 4670 bonum.
1071 4614 1235 4670 Multa
1280 4615 1422 4670 bona
1456 4615 1686 4672 Creator
1725 4625 1912 4672 noster

323 4705 470 4760 dedit
496 4705 671 4769 nobis,
703 4705 871 4760 multa
903 4705 955 4760 in
989 4714 1258 4775 potestate
1293 4715 1477 4762 nostra
1517 4708 1770 4773 tradidit;
1806 4708 1903 4764 sed

327 4794 530 4852 nullum
563 4797 761 4852 bonum
788 4804 875 4852 est
902 4804 1011 4852 tam
1034 4796 1356 4868 pretiosum,
1405 4806 1515 4853 tam
1540 4800 1609 4856 ab
1637 4799 1783 4854 omni
1815 4813 1903 4852 sa-

2009 4533 2155 4579 tanta
2185 4523 2488 4580 temeritate
2510 4525 2682 4594 magis
2713 4537 2836 4578 eum
2872 4537 3114 4576 moveam
3154 4523 3221 4576 ad
3250 4523 3585 4578 iracundiam

2011 4619 2298 4675 adversum
2327 4630 2432 4680 me,
2457 4621 2511 4669 et
2538 4629 2634 4686 pro
2662 4616 2764 4672 hoc
2787 4617 3004 4686 gravius
3030 4634 3088 4673 se
3108 4617 3348 4672 vindicet
3372 4616 3440 4672 de
3469 4631 3588 4671 scc-

2014 4711 2216 4766 leribns
2249 4711 2407 4771 meis.
2441 4709 2636 4777 quibus
2657 4723 2762 4762 non
2793 4709 2947 4763 timui
2974 4708 3090 4777 ejus
3119 4709 3588 4765 mansuetudinem

2006 4813 2352 4871 exasperare.
2377 4797 2518 4870 Quid
2538 4797 2701 4870 ergo?
2735 4797 3046 4855 Remancbo
3074 4799 3230 4870 quasi
3271 4799 3591 4869 desperatus

1628 4936 1718 4993 VA
1727 4936 1865 4994 RLE
1902 4934 2309 4993 LECTIONES.

401 5084 476 5124 “’
501 5087 562 5146 in
594 5105 714 5146 eam
749 5088 964 5164 plenam
996 5108 1124 5147 mss.
1156 5091 1210 5164 in
1234 5106 1354 5147 eam
1379 5091 1579 5164 ignem.
1603 5091 1830 5149 Plenum
1904 5091 1976 5125 ⁸³⁸
2003 5091 2137 5147 Veni
2167 5091 2393 5164 misera,
2420 5091 2606 5164 venies
2640 5105 2769 5145 mss.
2799 5089 2936 5164 _veni
2982 5092 3206 5164 misera,
3261 5105 3382 5160 qua
3425 5089 3590 5164 tantis

323 5167 722 5234 tormentorum
751 5159 1038 5234 generibus
1063 5163 1302 5234 undique
1330 5159 1618 5219 excrucior
1641 5165 1862 5226 misera,
1890 5175 2106 5234 vermes
2152 5163 2251 5234 _"l
2287 5160 2482 5234 Misera
2514 5161 2723 5234 misera
2743 5159 2938 5234 misera
2971 5169 3024 5215 et
3051 5161 3184 5234 mori
3216 5159 3337 5215 mss.
3368 5162 3589 5234 misera,

322 5231 543 5301 misera.
572 5242 626 5288 et
657 5229 790 5287 mori
866 5232 936 5264 ⁸⁸⁸
961 5229 1247 5301 Nunc‘ipsa
1274 5234 1325 5287 in
1359 5233 1635 5290 doloribus
1661 5251 1784 5288 mss.
1817 5247 1956 5286 nunc
1982 5232 2035 5286 in
2067 5231 2196 5300 ipsis
2222 5231 2498 5287 doloribus
2572 5231 2652 5263 "9
2693 5231 2833 5287 Bene
2860 5229 3039 5301 facere
3067 5241 3122 5284 et
3155 5231 3353 5286 bonum
3384 5230 3590 5301 habere

324 5318 450 5355 mss.
490 5300 625 5356 Vict.
655 5302 856 5363 bonum
894 5302 1074 5357 facere
1096 5299 1381 5358 et‘bonum
1416 5303 1618 5360 habere
1645 5321 1745 5358 ms.
1773 5301 1926 5357 Corb.
1958 5299 2097 5356 bona
2130 5301 2308 5357 facere
2336 5311 2391 5355 et
2421 5303 2558 5356 bona
2589 5301 2790 5356 habere
2863 5299 2933 5332 ⁸⁶⁰
2963 5301 3144 5355 Facile
3189 5317 3293 5355 non

3343 5300 3589 5371 peccabi-

326 5371 399 5442 tis
420 5388 519 5442 ms.
553 5388 657 5427 non
694 5372 850 5428 facile
871 5373 1183 5442 peccabitis
1232 5371 1308 5442 5“
1343 5371 1551 5428 Collata
1581 5390 1698 5428 cum
1735 5372 1866 5427 Mss.
1898 5371 2034 5426 Vict.
2072 5371 2196 5426 KK.
2224 5373 2290 5426 16
2322 5369 2479 5426 Corb.
2539 5371 2660 5427 l60.
2711 5381 2758 5425 et
2813 5368 3046 5424 Val-lue.
3109 5370 3188 5442 Ad
3226 5368 3588 5426 roborandum

322 5441 570 5521 spiritum
600 5453 700 5498 etc.
731 5439 1025 5521 mssfifict.
1051 5453 1098 5496 et
1143 5439 1374 5521 Val_-luc.
1405 5443 1678 5521 Oratione
1705 5443 2232 5521 desperemus,__quia
2256 5443 2299 5496 si
2329 5456 2508 5497 veram
2528 5453 2669 5521 _etc.,
2699 5442 2755 5521 in
2775 5442 2945 5521 editis
2958 5458 3053 5521 mf.
3078 5441 3588 5521 Cogb._Cousidera-

324 5509 412 5582 tio‘
438 5521 784 5582 peccatorum
819 5513 959 5567 unde
984 5515 1146 5582 timor
1171 5514 1372 5576 oritur;
1405 5522 1460 5567 et
1485 5514 1551 5569 de
1577 5513 1725 5568 fonte
1761 5509 2471 5582 misericordiaenunquam
2508 5511 2792 5567 deficiente
2837 5509 2946 5582 _“'
2992 5511 3109 5578 Quo
3158 5512 3260 5582 feci
3301 5529 3399 5565 ms.
3451 5509 3584 5582 Vict.

323 5579 414 5653 qui
435 5576 700 5653 recinus.
730 5581 886 5636 Corb.
917 5592 966 5637 et
993 5581 1245 5653 γαί-1ης.
1276 5598 1396 5653 qua:
1428 5583 1529 5638 feci
1603 5584 1673 5616 ⁸³³
1698 5585 1972 5640 Inveniam
1998 5600 2123 5636 mss.
2161 5581 2294 5637 Vict.
2327 5576 2375 5637 et
2412 5581 2640 5637 Val-Inc.
2669 5580 2973 5653 invenirem
3007 5576 3106 5653 im.
3138 5580 3296 5634 Corb.
3344 5581 3589 5653 invenire

318 5646 394 5718 ⁸⁸⁸
430 5647 538 5718 Sed
565 5649 666 5718 heu
714 5666 840 5703 mss.
891 5660 944 5705 ct
989 5652 1090 5706 heu
1167 5653 1235 5684 ⁸⁸⁸
1264 5646 1537 5710 Olfensam
1575 5665 1757 5714 certus
1779 5673 1903 5712 mss.
1933 5653 2191 5712 ollensam
2223 5669 2343 5711 esse
2371 5663 2550 5711 certus
2623 5653 2691 5685 ⁸⁸⁸
2728 5651 2836 5709 Nec
2857 5651 2927 5707 ab
2956 5652 3061 5707 alio
3094 5667 3188 5707 ms.
3225 5665 3328 5708 nec
3359 5652 3426 5708 ab
3476 5649 3590 5709 ullo
3690 5706 3708 5718 ,

323 5716 390 5750 ⁸⁸⁷
419 5717 477 5775 Si
509 5718 576 5774 ad
611 5717 760 5774 illum
782 5735 881 5774 ms.
929 5719 1058 5776 Vict.
1103 5724 1197 5780 sed
1238 5729 1303 5781 ad
1327 5725 1475 5781 illum
