3910 6018
335 160 403 216 57
719 161 721 164 ⁴
1691 163 2224 221 MEDITATIONES.

3461 185 3563 241 758

297 272 422 328 sine
459 267 706 336 consilio,
735 269 852 326 sine
879 267 1179 339 adiutorio?
1224 272 1414 330 Adhuc
1450 275 1678 332 Creator
1727 292 1878 332 meus
1908 287 1957 344 Α
1986 278 2116 333 toris
2144 277 2251 343 sui,
2281 249 2561 348 cn‘perunt
2599 289 2655 336 et
2681 281 2783 352 ipsi
2812 285 3060 341 certatim
3088 287 3156 344 ad
3187 287 3394 347 fontem
3426 309 3560 349 cur-

301 378 391 417 me
419 363 622 432 patitur
646 362 824 417 vivere
849 379 864 417 :
893 362 1070 420 adhuc
1093 379 1199 420 non
1225 366 1451 424 dimittit
1479 368 1611 424 mihi
1651 383 1882 439 ea,-quse

299 461 428 509 sunt
455 453 758 508 necessaria
803 453 870 508 ad
894 457 1340 514 sustentationem
1368 459 1528 530 hujus
1555 460 1700 526 vitae,
1723 461 1884 516 mini-

298 538 500 598 strare.
540 542 624 607 Et,
657 542 800 599 sicut
827 546 990 601 rebus
1019 546 1151 616 ipsis
1187 548 1464 618 experior,
1505 559 1724 620 peccata
1765 565 1881 608 mea

297 650 405 690 non
449 645 678 704 possunt
714 633 784 666 ⁸⁸⁸
810 635 927 705 ejus
967 635 1264 694 bonitatem
1307 639 1548 702 vincere.
1587 649 1646 695 ut
1705 641 1883 698 adhuc

297 723 457 789 velit,
488 723 762 794 sicutjam
784 728 1076 800 promerui,
1107 729 1459 795 confundere,
1489 739 1545 785 et
1563 745 1629 785 ex
1654 741 1766 788 toto
1789 733 1880 787 deo

295 825 530 894 struere.
568 816 943 875 Certissimum
973 827 1056 874 est
1087 834 1215 890 ergo
1245 821 1394 876 illum
1432 836 1552 878 esse
1579 824 1723 892 pium
1753 838 1881 895 erga

295 919 409 973 me,
459 890 550 974 qui
591 916 743 961 tanta
785 906 926 963 bona
975 908 1105 964 mihi
1153 909 1406 982 largitur,
1455 926 1556 968 nec
1580 890 1772 968 adhuc
1813 890 1882 969 de

296 997 434 1051 meis
461 996 835 1066 iniquitatibus
855 1013 913 1054 se
937 999 1132 1069 quaerit
1163 1000 1461 1060 vindicare.

366 1089 582 1152 Audivi,
609 1098 664 1144 et
692 1090 833 1145 sicut
878 1091 979 1161 ipsi
1009 1099 1340 1148 attestantur
1363 1096 1456 1164 qui
1483 1094 1693 1167 experti
1731 1104 1878 1163 sunt,

294 1197 484 1239 verum
517 1185 761 1254 estquod
789 1185 994 1261 audivi,
1021 1186 1147 1256 quia
1178 1187 1291 1258 ipse
1311 1187 1433 1246 fons
1459 1190 1844 1246 misericordia:
1863 1229 1879 1255 ,

294 1276 387 1345 qui
439 1277 506 1332 ab
553 1276 706 1332 initio
760 1277 944 1332 mundi
992 1294 1218 1334 currere
1260 1281 1447 1351 carpit,
1479 1281 1658 1337 adhuc
1687 1283 1880 1337 currit.

295 1370 420 1425 Fuit
448 1381 628 1426 autem
685 1372 910 1428 multum
952 1373 1033 1439 (ut
1082 1375 1254 1447 aiunt)
1295 1375 1607 1432 misericors
1657 1386 1714 1433 et
1757 1378 1881 1448 pius

293 1476 424 1532 erga
483 1463 714 1532 primum
778 1476 1058 1535 parentem
1119 1476 1366 1524 nostrum
1395 1468 1606 1538 Adam,
1664 1471 1882 1540 quando

299 1553 428 1608 illud
456 1565 738 1624 peccatum
769 1558 836 1612 de
863 1557 1038 1614 fructu
1081 1560 1248 1617 vetito
1278 1562 1574 1627 commisit,
1601 1564 1745 1633 quod
1771 1577 1878 1617 non

1985 385 2108 427 rere
2137 370 2540 438 miscricordim,
2565 373 2633 427 ad
2655 372 2858 430 fontem
2883 379 3120 446 pietatis,
3142 394 3192 437 et
3217 395 3436 452 peccata
3469 400 3566 441 sua

1986 461 2041 517 in
2067 476 2133 518 eo
2162 461 2362 519 lavare.
2399 464 2576 536 Coepit
2604 476 2783 522 autem
2809 479 2865 524 et
2907 472 3021 541 ipse
3047 471 3168 529 fons
3197 477 3414 546 pietatis
3441 495 3565 534 cum

1985 552 2362 621 peccatoribus
2390 557 2662 623 convesei,
2687 560 2856 629 caapit
2884 562 2964 618 eis
2989 566 3200 634 aperire
3223 581 3568 626 sacramenta

1986 641 2346 700 confessionis
2365 655 2589 714 sanctae,
2617 663 2714 718 per
2738 665 2900 721 quam
2931 654 3213 711 alleviatur
3241 674 3404 715 omne
3425 677 3565 718 onus

1985 736 2221 804 peccati;
2269 736 2395 806 quia
2438 737 2490 791 in
2523 753 2652 794 vera
2679 741 3026 802 confessione
3069 749 3358 805 tuuttdatur
3389 754 3568 810 omnis

1986 825 2196 880 macula
2226 826 2429 882 delicti.

2058 916 2185 972 Post
2213 919 2327 974 haec
2354 921 2820 991 appropinquante
2845 933 3104 996 tempore,
3135 945 3242 999 quo
3270 932 3379 1001 pati
3407 933 3567 991 debe«

1986 1016 2070 1062 ret
2097 1023 2195 1077 pro
2224 1011 2594 1082 redemptione
2623 1024 2990 1082 peccatorum,
3019 1017 3213 1085 Judaei,
3239 1039 3307 1078 ex
3335 1041 3564 1094 quorum

1987 1099 2153 1168 stirpe
2182 1103 2475 1156 secundum
2506 1118 2728 1160 carnem
2754 1116 2910 1163 ortus
2943 1121 3048 1174 est,
3080 1112 3226 1168 ducti
3259 1116 3477 1181 invidia,
3503 1119 3567 1172 il-

1987 1189 2122 1258 lum,
2139 1207 2236 1262 pro
2256 1207 2320 1248 eo
2337 1195 2461 1263 qttia
2478 1206 2593 1251 erat
2610 1197 2731 1265 pius
2749 1200 3566 1272 etmisericors,crucilixerunt.

1987 1281 2088 1350 Qui
2146 1292 2325 1338 tamen
2364 1293 2418 1340 et
2448 1286 2498 1339 in
2533 1288 2648 1356 ipsa
2685 1298 2860 1344 morte
2875 1307 2987 1345 non
3033 1293 3317 1350 immemor
3350 1298 3568 1366 pietatis

1986 1386 2118 1439 sum,
2149 1388 2246 1442 pro
2272 1374 2712 1433 interfectoribus
2742 1380 2862 1435 suis
2887 1381 3104 1439 Patrem
3133 1400 3290 1440 suum
3320 1391 3564 1458 rogabat,

1987 1466 2348 1521 utdimittcret
2369 1467 2474 1522 illis
2494 1468 2596 1523 hoc
2615 1483 2894 1540 peccatum
2919 1491 2932 1528 :
2964 1474 3087 1530 Non
3107 1479 3246 1532 enim
3266 1482 3459 1551 sciunt,
3485 1485 3566 1540 in-

1988 1557 2149 1628 21-3
2173 1558 2312 1627 quit,
2339 1559 2463 1629 quid
2483 1560 2685 1628 faciunt
2710 1563 2862 1634 (Luc.
2879 1582 3032 1633 mn,
3051 1570 3164 1635 34).-
3189 1573 3414 1630 Excusat
3444 1563 3568 1634 illos

295 1647 484 1702 statim
520 1662 666 1712 eum,
713 1648 856 1704 sicut
884 1661 1279 1720 promeruerat,
1324 1661 1528 1709 eterna
1573 1654 1879 1724 perditione
1911 1643 1954 1704 Β
1983 1651 2292 1706 dulcissima
2321 1651 2532 1707 Domini
2572 1653 2767 1722 pietas,
2796 1659 2888 1727 qui
2924 1676 3027 1715 non
3056 1663 3162 1716 vult
3196 1677 3413 1734 mortem
3443 1686 3566 1739 pec-

294 1737 602 1806 dainnavit;
646 1741 740 1797 sed
773 1743 1208 1800 emendationem
1237 1745 1356 1816 ejus
1387 1746 1658 1814 patienter
1685 1761 1880 1816 exspev

295 1829 484 1896 ctavit,
513 1839 568 1884 et
593 1839 651 1886 ut
673 1831 740 1886 ad
767 1834 995 1904 gratiam
1025 1832 1142 1902 ejus
1169 1849 1331 1906 quem
1357 1834 1664 1891 offenderat
1694 1837 1875 1892 redire

295 1929 497 1990 posset,
551 1921 974 1981 misericorditer
1022 1926 1248 1997 adjuvit.
1299 1927 1448 1982 Misit
1488 1943 1618 1983 vero
1663 1927 1730 1982 ad
1776 1929 1927 1985 hoc.

294 2026 433 2080 opus
469 2012 570 2082 illi,
615 2023 672 2070 et
713 2016 966 2073 onmibus
1006 2018 1113 2075 illis
1149 2020 1242 2090 qui
1288 2035 1354 2076 ex
1395 2021 1490 2076 illo
1520 2021 1698 2077 exorti
1733 2031 1880 2088 sunt,

293 2102 493 2172 saepius
520 2117 650 2161 suos
676 2106 918 2177 angelos,
959 2123 1186 2166 monens
1221 2114 1281 2167 ut
1318 2112 1582 2178 redirent,
1615 2121 1673 2170 et
1693 2113 1878 2185 pumi-

296 2194 520 2249 tentiam
543 2210 643 2265 pro
669 2197 782 2253 suis
806 2198 1182 2270 iniquitatibus
1205 2214 1462 2274 agerent;
1492 2205 1620 2275 quia
1649 2205 1768 2276 ipse
1784 2221 1881 2263 eos

293 2282 735 2352 adhuelibeuter
757 2288 1046 2359 reciperet,
1081 2291 1125 2346 si
1159 2292 1226 2348 de
1255 2295 1496 2363 peccatis
1520 2296 1634 2352 suis
1666 2311 1733 2351 ex
1765 2305 1879 2354 toto

293 2374 461 2430 corde
507 2376 853 2446 poeniterent.
895 2379 1001 2438 Sed
1051 2381 1151 2452 ipsi
1195 2385 1374 2441 adhuc
1415 2385 1470 2440 in
1498 2387 1738 2458 peccatis
1764 2389 1879 2446 suis

292 2466 680 2535 perdurantes,
706 2471 932 2542 ejusque
954 2474 1159 2530 monita
1185 2488 1523 2545 spernentes,
1550 2480 1877 2536 addiderunt

292 2568 516 2626 peccata
541 2564 802 2630 peccatis,
823 2574 877 2620 et
901 2565 1056 2634 quasi
1094 2566 1266 2622 insani
1296 2581 1352 2624 et
1385 2570 1776 2628 abominabiles
1822 2572 1877 2627 in

291 2651 407 2705 suis
431 2651 804 2722 iniquitatibus
847 2656 1001 2723 facti,
1023 2673 1147 2714 cum
1190 2661 1243 2715 iu
1287 2661 1493 2718 honore
1537 2663 1666 2718 facti
1693 2675 1905 2721 essent-

291 2750 514 2812 propter
539 2744 945 2802 similitudinem
990 2747 1109 2816 Dei,
1141 2760 1421 2822 ceperunt
1457 2767 1638 2809 mores
1666 2753 1875 2811 bestia-

291 2847 414 2888 rum
441 2842 627 2890 contra
655 2843 908 2892 naturam
941 2837 1168 2895 imitari.

359 2921 508 2978 Misit
533 2935 796 2995 prmterea
831 2929 1192 2998 patriarchas,
1222 2931 1373 2987 misit
1415 2934 1743 3003 prophetas;
1779 2935 1874 2993 sed

288 3028 391 3069 nec
417 3013 498 3070 sic
533 3015 606 3070 illi
630 3017 918 3074 voluerunt
945 3018 1259 3090 relinquere
1296 3023 1412 3079 vias
1450 3038 1581 3080 suas
1617 3035 1790 3082 tortas
1817 3035 1874 3083 et

287 3121 611 3176 perversas:
640 3109 735 3164 sed
767 3109 1029 3180 quosdam
1059 3111 1290 3177 illorum,
1319 3115 1412 3185 qui
1445 3115 1526 3172 eis
1551 3117 1756 3172 monita
1786 3133 1877 3174 sa-

289 3196 422 3254 lutis
458 3197 679 3264 dabant,
715 3199 1142 3268 interfieiebant;
1182 3203 1319 3261 alios
1343 3206 1510 3263 variis
1535 3216 1591 3263 et
1620 3208 1876 3277 inauditis

289 3289 579 3344 tormentis
627 3291 968 3347 cruciabant.
1029 3291 1342 3367 Castigabat
1388 3305 1568 3352 tamen
1623 3311 1720 3355 eos
1779 3297 1878 3354 ali-

289 3380 530 3450 quando,
565 3390 624 3436 ut
648 3383 955 3442 misericors
985 3395 1160 3456 pater,
1196 3403 1302 3444 non
1344 3398 1405 3446 ιιι
1438 3391 1684 3447 irritatus
1715 3391 1876 3449 malis

289 3472 544 3541 operibus
590 3473 801 3529 illorum
828 3490 890 3531 se
918 3477 988 3532 de
1035 3479 1399 3546 contumeliis,
1431 3495 1570 3550 quas
1611 3485 1663 3540 ei
1710 3485 1878 3542 facie-

288 3565 444 3631 bant,
475 3566 802 3636 vindicaret;
830 3571 926 3626 sed
949 3580 1006 3626 ut
1028 3575 1260 3629 correcti
1290 3576 1359 3630 ad
1388 3576 1530 3634 illius
1567 3579 1877 3638 misericor-

290 3655 434 3712 diam
470 3658 732 3726 redirent,
756 3660 848 3730 qui
865 3660 1016 3716 nullo
1039 3664 1199 3719 modo
1221 3664 1333 3719 vult
1357 3664 1592 3733 illorum,
1619 3683 1758 3739 quos
1779 3671 1877 3725 bo-

291 3751 463 3805 nitate
489 3765 587 3806 sua
612 3754 839 3820 creavit,
866 3755 1244 3824 perditionem.
1275 3755 1382 3812 Sed
1412 3774 1534 3813 cum
1561 3775 1662 3816 nec
1689 3762 1879 3817 admo-

289 3842 496 3897 nitione
527 3882 546 3907 ,
607 3859 710 3900 nec
752 3847 1090 3903 correctione
1156 3835 1354 3919 sapius
1408 3851 1478 3906 ab
1531 3866 1598 3908 eo
1663 3853 1878 3910 visitati

289 3944 714 4002 reverterentur,
748 3953 855 3993 non
884 3953 944 3994 se
969 3940 1143 4010 potuit
1170 3940 1288 3996 fons
1315 3941 1534 4012 pietatis
1567 3943 1707 3999 ultra
1739 3944 1872 4001 reti-

290 4041 447 4092 nere;
488 4027 583 4081 sed
610 4028 677 4084 de
705 4028 824 4084 sinu
849 4030 1026 4086 Patris
1065 4031 1425 4098 descendens,
1448 4042 1724 4105 assumpta
1746 4049 1876 4091 vera

287 4117 650 4184 humanitate,
680 4131 956 4188 assumpta
988 4133 1338 4192 peccatorum
1359 4125 1737 4197 similitudine,
1763 4143 1876 4185 cte-

289 4209 368 4279 pit
389 4211 726 4268 eosdulciter
749 4225 1064 4280 monere,ut
1079 4215 1374 4272 salutarem
1394 4227 1522 4273 tunc
1546 4219 1614 4275 de
1637 4221 1877 4289 peccatis

1982 1743 2194 1808 caloris,
2215 1744 2307 1798 sed
2347 1754 2404 1798 ut
2448 1757 2795 1816 convertatur,
2839 1760 2889 1804 et
2921 1752 3057 1807 vivat
3101 1752 3319 1826 (Eurlt.
3369 1777 3566 1830 natu,

1984 1831 2100 1901 ll).
2119 1831 2284 1901 Cujus
2328 1849 2457 1903 ergo
2496 1850 2592 1892 cor
2638 1846 2746 1893 tam
2782 1842 2996 1904 durum,
3030 1852 3248 1916 tamque
3296 1850 3566 1922 lapideum

1984 1940 2090 1978 non
2120 1926 2366 1982 emollire
2394 1929 2566 1998 possit
2590 1938 2736 1984 tanta
2767 1937 3123 1992 mansuetudo
3153 1938 3569 1998 Creatoris-no-

1983 2015 2123 2071 stri?
2152 2017 2320 2084 Quem
2363 2034 2485 2074 cum
2531 2020 2585 2074 in
2628 2021 2812 2077 multis
2831 2034 3079 2082 creatura
3127 2043 3248 2096 sua,
3285 2048 3448 2102 quam
3495 2037 3568 2091 ad

1983 2107 2272 2178 imaginem
2302 2119 2358 2164 et
2381 2111 2790 2170 similitudinem
2817 2130 2974 2172 suam
2999 2117 3070 2150 "°
3100 2119 3169 2175 de
3209 2123 3380 2179 nihilo
3408 2140 3563 2180 erea-

1981 2199 2078 2263 vit,
2115 2199 2520 2263 debonestaret.
2551 2217 2654 2257 non
2704 2218 2766 2260 se
2808 2205 3136 2276 vindicavit,
3167 2213 3265 2268 sed
3323 2213 3565 2273 dehone-

1982 2300 2178 2356 status,
2196 2301 2250 2346 et
2269 2291 2453 2348 multis
2479 2293 2636 2350 malis
2662 2296 2918 2367 operibus
2945 2299 3160 2358 illorum
3188 2306 3451 2377 irritatus,
3470 2325 3568 2382 pa-

1983 2383 2178 2438 tienter
2199 2383 2341 2448 tulit,
2363 2393 2417 2439 et
2435 2392 2496 2439 ut
2519 2386 2586 2440 ad
2612 2385 2762 2442 illum
2787 2390 2906 2444 sine
2928 2391 3267 2452 haesitatione
3293 2400 3559 2469 redirent,

1981 2471 2212 2528 dulciter
2250 2474 2550 2531 admonuit.
2612 2475 2742 2532 Pius
2789 2493 2922 2550 ergo
2972 2491 3028 2538 et
3074 2484 3248 2542 dulcis
3302 2489 3563 2551 Dominus

1980 2571 2166 2618 noster
2200 2561 2358 2619 Jesus
2385 2563 2668 2632 Christus,
2709 2567 2850 2623 sicut
2869 2585 2968 2641 per
2993 2577 3311 2644 prophetam
3339 2582 3558 2651 dicitur,

1980 2667 2087 2706 non
2112 2651 2216 2706 vult
2246 2662 2464 2709 mortem
2485 2657 2796 2724 peccatoris,
2819 2669 2912 2714 sed
2931 2671 2986 2715 ut
3015 2663 3270 2737 relinquat
3297 2670 3406 2726 nias
3434 2690 3562 2730 suas

1981 2742 2150 2798 malas
2183 2741 2401 2813 (Each.
2429 2760 2584 2812 xvut,
2622 2746 2747 2819 25),
2777 2757 2834 2805 et
2874 2752 2954 2808 sic
2994 2756 3366 2824 ptenitentiam
3396 2778 3570 2833 agens

1979 2833 2048 2888 de
2097 2833 2472 2904 iniquitatibus
2521 2838 2659 2903 suis,
2712 2852 3018 2898 revertatur
3066 2847 3132 2902 ad
3186 2852 3416 2920 gratiam
3475 2856 3562 2912 sui

1979 2923 2274 2982 Creatoris.
2297 2926 2470 2994 Quam
2513 2929 2828 2988 misericors
2854 2934 3020 2989 etiam
3051 2938 3125 2993 sit
3143 2955 3270 3012 erga
3296 2947 3562 3014 peccatri-

1979 3030 2100 3070 cem
2127 3017 2388 3083 animam,
2422 3018 2555 3074 dicit
2582 3036 2678 3090 per
2703 3022 2868 3078 alium
2895 3027 3236 3098 prophetam,
3265 3035 3564 3094 exhortans

1977 3123 2096 3163 eam
2127 3120 2188 3163 ut
2229 3111 2394 3166 etiam
2428 3121 2552 3183 post
2596 3127 2875 3184 peccatum
2904 3133 3210 3180 revertatur
3243 3127 3310 3181 ad
3333 3142 3478 3197 eum,
3503 3143 3563 3188 et

1979 3199 2254 3257 invenient
2300 3203 2369 3236 ⁵⁷³
2427 3205 2882 3266 miscricordiam.
2917 3211 2993 3267 Tu
3035 3226 3230 3283 autem,
3285 3219 3556 3292 inquiens,

1976 3292 2238 3363 fornicata
2275 3312 2330 3352 es
2375 3313 2495 3352 cum
2534 3303 2858 3358 amatoribus
2904 3305 3084 3360 multis
3122 3308 3260 3380 (lar.
3291 3327 3438 3380 xxxi,
3474 3317 3551 3385 l),

1979 3385 2031 3442 id
2059 3395 2168 3453 est,
2193 3397 2248 3441 tu
2273 3403 2393 3457 quae
2420 3388 2476 3445 in
2499 3390 2824 3462 baptismate
2855 3396 2990 3452 mihi
3012 3397 3172 3454 ﬁdem
3202 3405 3552 3473 promiseras,

1977 3487 2124 3534 tuam
2168 3482 2474 3538 castitatem
2503 3499 2627 3540 cum
2656 3489 2990 3546 amatoribus
3019 3491 3202 3549 multis
3241 3509 3554 3554 commacu-

1976 3570 2096 3628 Ians
2118 3571 2189 3605 ⁸⁷⁵⁸
2215 3573 2447 3642 violasti,
2481 3584 2663 3634 tamen
2703 3581 3076 3650 pmnitentiam
3126 3599 3246 3655 age,
3271 3597 3327 3644 et
3366 3604 3553 3645 rever-

1977 3670 2091 3720 tere
2119 3665 2187 3720 ad
2215 3681 2322 3732 me,
2351 3675 2408 3722 et
2454 3669 2746 3740 suscipiam
2777 3681 2849 3727 te.
2885 3671 3078 3731 Nullus
3117 3691 3248 3747 ergo
3299 3693 3560 3749 peccator

1976 3755 2242 3827 desperet,
2270 3760 2488 3827 quando
2527 3761 2790 3818 fornicata
2813 3764 2885 3796 ⁸⁷³
2905 3780 3026 3819 cum
3066 3768 3252 3823 multis
3290 3773 3552 3828 amatori-

1974 3846 2076 3904 bus
2125 3848 2399 3919 recipitur,
2458 3851 2588 3920 quia
2631 3851 2755 3924 fons
2817 3854 3040 3923 pietatis.
3063 3865 3121 3912 et
3168 3859 3554 3918 misericordiae

1972 3938 2132 3998 Iesus
2151 3941 2402 3998 Christus
2441 3943 2640 4000 nullius
2675 3945 3050 4015 iniquitatibus
3071 3949 3409 4016 exhauritur,
3435 3954 3557 4009 nul-

1975 4027 2081 4088 lius
2126 4029 2429 4088 sceleribus
2457 4031 2530 4065 ‘7‘
2559 4032 2840 4104 polluitur,
2888 4024 2982 4091 sed
3021 4051 3237 4110 semper
3281 4056 3470 4110 purus,
3500 4053 3558 4098 et

1973 4123 2255 4178 abundans
2286 4125 2460 4196 gratia
2485 4125 2817 4192 dulcedinis,
2847 4109 3041 4184 omnes
3078 4131 3147 4184 ad
3178 4146 3238 4186 se
3269 4109 3552 4189 reverten-

1975 4219 2057 4267 tes
2105 4210 2348 4268 infirmos
2388 4221 2446 4270 et
2485 4225 2800 4286 peccatores
2821 4218 3034 4288 recipit,
3059 4230 3115 4276 et
3141 4221 3555 4294 quibuscuuque

287 4302 404 4356 suis
437 4304 811 4372 paenitentiam
839 4315 1082 4376 agerent,
1105 4316 1161 4362 et
1189 4307 1363 4376 ipsum
1395 4323 1516 4365 esse
1542 4308 1740 4366 Filium
1770 4312 1864 4367 Dei
1897 4329 1948 4390 ι)
1975 4309 2210 4380 peccatis
2233 4311 2344 4365 sint
2364 4308 2640 4374 maculati,
2663 4310 2851 4366 abluit.
2873 4309 2942 4365 Et
2968 4320 3028 4366 ut
3058 4314 3189 4368 certi
3227 4315 3336 4369 sint
3361 4331 3558 4371 omnes

287 4405 696 4462 cognoscerent.
733 4396 840 4452 Pro
878 4397 1090 4454 illorum
1135 4399 1283 4454 enim
1325 4400 1498 4456 salute
1537 4413 1786 4469 venerat,
1817 4415 1874 4461 et

288 4491 512 4552 propter
531 4484 653 4552 hoc,
677 4501 786 4541 non
815 4486 1206 4556 desperarent:
1233 4489 1328 4543 sed
1359 4490 1665 4548 certissime
1692 4495 1873 4550 adhuc

289 4573 360 4627 de
384 4575 635 4630 omnibus
661 4577 898 4647 peccatis
939 4578 1052 4634 suis
1084 4581 1297 4635 veniam
1336 4571 1536 4638 habere
1580 4599 1640 4640 se
1685 4585 1868 4640 crede-

290 4674 434 4729 rent,
463 4666 508 4720 si
545 4677 752 4724 tantum
791 4669 860 4702 ⁵⁸⁸
913 4670 1004 4724 illa
1037 4672 1390 4738 dimitterent,
1413 4683 1466 4728 et
1496 4671 1870 4746 paenitentiam

291 4771 534 4828 agerent.
567 4761 781 4816 Nullum
801 4771 884 4818 est
909 4763 1051 4818 enim
1078 4773 1184 4819 tam
1207 4781 1370 4836 grave
1397 4777 1699 4838 peccatum,
1727 4769 1872 4840 quod

279 4863 400 4903 non
430 4852 597 4918 possit
637 4866 735 4920 per
761 4853 1137 4922 paenitentiam
1166 4855 1400 4924 aboleri;
1435 4858 1511 4912 ita
1546 4866 1608 4914 ut
1636 4874 1736 4915 nec
1759 4859 1872 4928 jam

292 4940 524 5010 amplius
569 4942 654 4997 vel
701 4945 815 5014 ipse
862 4944 1109 5001 diabolus
1137 4946 1203 5001 de
1242 4961 1308 5003 eo
1348 4948 1528 5004 valeat
1564 4950 1862 5006 reminisci.

290 5032 588 5091 Cernentes
612 5052 744 5109 ergo
767 5046 1078 5110 peccatores
1106 5047 1312 5100 tantam
1347 5040 1685 5100 dulcedinem
1707 5040 1874 5098 Crea-

1974 4394 2287 4472 peccatores
2329 4411 2386 4457 et
2413 4401 2582 4472 iniqui
2626 4403 2918 4456 seveniam
2959 4413 3304 4473 peccatorum
3331 4420 3553 4463 suorum

1974 4495 2244 4565 accipere,
2293 4495 2340 4550 si
2380 4495 2495 4566 ipsa
2543 4503 2763 4565 peccata
2790 4508 2889 4566 sua
2936 4505 3130 4550 curant
3177 4498 3472 4568 dimittere,
3499 4512 3556 4556 et

1976 4583 2350 4655 paenitentiam
2393 4599 2579 4656 agere,
2620 4583 2736 4654 ipse
2773 4581 2896 4640 fons
2926 4584 3181 4653 pietatis,
3219 4601 3320 4659 pro
3369 4602 3557 4645 amore
3609 4625 3613 4629 -

1973 4692 2135 4748 quem
2186 4693 2314 4749 erga
2337 4691 2434 4732 eos
2453 4676 2524 4709 "'
2555 4676 2806 4742 habebat,
2833 4675 3079 4732 eamdem
3129 4693 3352 4734 carnem
3386 4695 3552 4750 quam

1974 4783 2073 4838 pro
2091 4768 2170 4823 eis
2195 4767 2600 4837 sumpsit,sicut
2625 4768 2875 4837 superius
2895 4770 3140 4839 exposui,
3177 4771 3398 4841 pertulit
3425 4785 3551 4826 cru-

1973 4857 2140 4928 cifigi,
2166 4858 2343 4928 utqui
2385 4866 2540 4912 erant
2570 4859 2812 4928 peccatis
2859 4861 3078 4927 mortui,
3122 4876 3224 4918 nec
3271 4861 3430 4915 aliter
3477 4861 3547 4914 sd

1973 4950 2138 5005 vitam
2194 4949 2376 5006 redire
2413 4959 2686 5019 poterant,
2723 4951 2824 5007 nisi
2869 4952 3044 5021 pretio
3092 4953 3376 5024 sanguinis
3430 4949 3551 5019 ejus

1980 5042 2284 5113 redempti,
2344 5041 2492 5098 nullo
2557 5042 2718 5099 modo
2780 5043 3067 5115 desperent
3117 5042 3224 5109 "",
3269 5051 3558 5098 cernentes

1594 5149 1828 5208 VARUE
1861 5150 2268 5209 LECTIONES.

361 5255 437 5291 “‘
481 5257 898 5350 Peccatispmeis
921 5277 1028 5316 non
1059 5277 1285 5346 possum
1310 5280 1436 5319 mss.
1464 5276 1825 5350 peccatamea
1857 5282 1962 5321 non
1997 5275 2270 5350 possunt“
2302 5263 2527 5350 Sed
2560 5272 2767 5350 tantum
2819 5282 2955 5350 mss.
2997 5264 3042 5320 si
3090 5273 3340 5350 tantum“
3374 5265 3550 5350 _ll_d

292 5342 452 5384 suam
479 5331 1073 5420 sinnilituilinen'ipmssi
1125 5333 1411 5415 imaginem
1438 5331 1494 5389 εἰ
1545 5337 1956 5420 similitudinem
1981 5331 2134 5420 suam
2205 5336 2274 5420 "f
2302 5335 2368 5391 Et
2395 5335 2636 5420 invetrtialt
2677 5353 2802 5420 mss.
2828 5347 2899 5420 ,ει
2942 5335 3202 5420 inveniet_
3269 5335 3340 5420 δῖ’
3369 5334 3553 5420 Multis

292 5402 697 5456 cummaeulans
720 5418 818 5456 ms.
861 5401 996 5456 Vict.
1023 5401 1058 5456 5
1095 5401 1284 5456 omittit
1306 5407 1708 5462 cummaculans
1738 5406 1808 5438 ⁸⁷³
1833 5406 2060 5472 Quando
2101 5406 2323 5461 formica
2344 5423 2469 5460 mss.
2499 5403 2653 5487 Corb.
2680 5417 2724 5460 et
2742 5405 2974 5488 anrluc.
3025 5407 3240 5508 quando
3280 5406 3551 5462 fornicata

295 5469 365 5501 δτι
400 5467 570 5508 Νηιιῖα
601 5473 968 5508 ιηιηηςιαιῑιιιια
1063 5472 1217 5508 ,ιηιιία
1242 5474 1535 5508 οηηιοιιιι...ο
1576 5493 1679 5508 κ...
1735 5475 1930 5508 manus
1983 5476 2350 5508 :..:....:....:i....
2443 5476 2640 5508 mm“...
2672 5477 2960 5508 ιηηιοωι...
3067 5478 3114 5508 τι
3142 5475 3281 5508 0......
3304 5493 3397 5508 ..ηρ
3428 5494 3536 5508 η..-

295 5469 365 5501 ⁸⁷⁸
399 5467 571 5526 Nullis
601 5473 1035 5548 iniquitatibus...
1063 5472 1220 5527 nullis
1242 5474 1537 5548 sceleribus
1576 5493 1699 5533 mss.
1735 5467 1932 5533 nullius
1983 5476 2402 5548 iniquitatibus,
2442 5476 2642 5534 nullius
2672 5477 2963 5535 sceleribus

293 5553 424 5610 erga
455 5556 549 5596 eos
647 5544 718 5578 "7‘
750 5543 1111 5613 Desperarent
1158 5561 1279 5600 mss.
1310 5545 1596 5616 desperent

3067 5478 3114 5511 "
3140 5475 3281 5548 Ergo
3302 5493 3400 5534 nos
3428 5494 3554 5533 mu.
