3884 6052
3140 122 3175 142 κ

374 227 480 286 7'59
716 227 775 282 S.
814 222 1112 280 ANSELMI
1141 217 1490 277 CANTUAR.
1529 208 1851 268 ARClllEP.
1889 205 1968 264 Ol‘

2080 203 2259 259 PARS
2297 203 2364 258 ιι.
2395 231 2465 242 --
2495 196 2872 256 ΡΑΒᾸΞΝΕΤ.
2912 193 3000 250 ΕΤ
3029 190 3271 250 ASCET.
3549 188 3659 244 740

374 344 613 414 pretium
672 340 816 410 quod
873 347 958 392 est
1003 335 1072 366 δ”
1133 331 1320 386 datum
1381 341 1478 397 pro
1539 323 1776 394 peccatis
1834 320 1966 376 suis.
1998 323 2045 378 Α
2073 317 2308 380 intrasti,
2335 325 2556 370 carnem
2579 327 2646 368 ex
2673 325 2738 366 ea
2762 324 2948 366 veram
2975 304 3339 376 assumpsisti,
3369 305 3425 360 in
3455 307 3660 363 mundo

447 437 580 490 Cum
614 399 796 500 itaque
829 430 1036 482 videam
1073 433 1276 477 tantam
1315 422 1573 490 pietatem
1604 413 1817 470 Domini
1848 413 1956 468 mei
2061 424 2392 472 conversaris
2445 421 2636 464 omnes
2690 411 3004 474 peccatores
3049 401 3118 455 ad
3153 399 3528 470 penitentiam
3558 415 3658 455 vo-

372 525 507 582 Jesn
536 491 758 582 Christi,
801 528 987 588 totque
1029 520 1347 584 peccatores
1384 519 1440 564 et
1477 507 1694 576 iniquos
1733 516 1961 559 currere
2061 506 2221 570 casti,
2261 503 2328 557 ad
2367 501 2640 561 ultimum,
2665 496 2846 552 crucis
2865 492 3168 565 patibulum
3201 500 3301 562 pro
3332 491 3437 546 illis
3466 502 3658 562 pertu-

377 620 447 671 ad
479 616 680 670 fontem
709 583 946 680 pietatis,
967 583 1168 660 nullum
1191 601 1412 657 excludi
1438 613 1740 668 omnesque
1767 595 1958 664 recipi,
2061 598 2193 664 listi,
2221 604 2279 650 et
2306 595 2384 649 sic
2412 599 2657 648 mortuus
2679 586 2978 644 secundum
3005 599 3251 644 carnem,
3283 583 3451 638 vitam
3483 592 3656 654 quam

377 709 550 761 debeo
585 718 687 771 ego
709 675 879 756 solus
917 699 1209 767 desperare
1240 697 1382 762 quod
1427 691 1544 762 ipse
1579 689 1700 744 fons
1725 689 1958 758 pictam.
2055 690 2200 760 jnste
2245 703 2344 759 pro
2379 687 2495 741 suis
2531 682 2770 753 peccatis
2805 679 3174 754 perdiderant,
3207 675 3314 731 illis
3345 676 3653 730 reddidisti.

374 799 466 866 qui
501 796 637 849 alios
662 791 854 855 abluit,
887 806 1004 844 mea
1050 796 1272 858 peccata
1322 797 1428 838 non
1487 781 1662 852 possit
1706 777 1961 832 abluere?

373 888 523 948 Scio,
550 893 700 938 certo
733 882 870 944 scio,
897 889 952 933 ct
975 893 1100 931 vere
1120 877 1285 931 credo
1308 874 1434 942 quia
1465 871 1558 939 qui
1585 869 1722 923 alios
1767 866 1960 931 abluit,

374 993 461 1031 me
488 990 706 1045 quoque
732 980 908 1041 potest
941 969 1184 1035 abluere,
1213 976 1268 1021 et
1298 963 1456 1029 mihi,
1475 962 1522 1018 si
1551 961 1684 1024 vult,
1711 960 1836 1029 quia
1864 974 1961 1027 po-

373 1067 714 1121 tentissimus
736 1073 838 1127 est,
869 1060 1051 1115 omnia
1089 1066 1311 1128 peccata
1351 1069 1472 1109 mea
1517 1052 1815 1107 dimittere.
1855 1048 1962 1102 Sed

372 1156 514 1209 inter
543 1159 886 1223 peccatorum
917 1160 972 1204 et
996 1159 1337 1217 peccatorem
1366 1152 1451 1198 est
1479 1156 1674 1212 magna
1708 1137 1960 1195 differen-

377 1248 474 1311 tia,
504 1247 560 1300 id
606 1254 691 1300 est
719 1244 862 1298 inter
904 1242 1056 1296 illum
1087 1239 1179 1310 qui
1212 1239 1332 1308 plus
1374 1243 1584 1308 peccat,
1615 1243 1670 1288 et
1698 1249 1822 1289 eum
1869 1229 1961 1301 qui

373 1339 556 1393 minus
587 1343 799 1406 peccat.
842 1332 995 1388 Unde
1015 1346 1118 1402 ego
1145 1330 1496 1384 considerans
1531 1332 1796 1396 quantum
1836 1336 1964 1391 pec-

372 1428 515 1493 cavi,
568 1425 894 1495 quantisque
942 1420 1322 1489 iniquitatibus
1374 1415 1560 1471 infelix
1610 1412 1793 1467 anima
1839 1424 1960 1465 mea

374 1520 573 1591 polluta
617 1520 712 1583 sit,
754 1515 994 1584 intelligo
1021 1527 1109 1566 me
1154 1527 1262 1566 non
1309 1508 1486 1564 solum
1525 1504 1788 1576 aequalem
1838 1517 1962 1558 cum

373 1613 496 1668 aliis
519 1609 928 1681 peccatoribus,
954 1606 1051 1662 sed
1079 1605 1200 1674 plus
1225 1617 1389 1672 quam
1417 1600 1585 1654 ullum
1610 1598 1680 1630 ⁸⁷⁸
1707 1603 1963 1667 peccato-

2061 781 2248 849 ltaque
2283 791 2408 833 cum
2435 775 2506 806 ⁸⁸³
2535 771 2770 844 respicio
2815 770 2885 823 ad
2930 767 3072 822 ma'a
3109 779 3274 836 opera
3311 780 3432 837 quae
3459 779 3657 836 cpera-

2065 879 2151 925 tus
2178 885 2319 932 sum,
2367 867 2414 920 si
2457 879 2542 919 me
2582 863 2830 934 judicare
2876 859 2958 913 vis
3002 858 3299 912 secundum
3337 857 3482 926 quod
3542 871 3661 911 me-

2064 960 2168 1023 rui,
2207 966 2392 1012 certus
2425 971 2546 1010 sum
2575 953 2645 1008 de
2681 949 2982 1022 perditione
3030 961 3174 1013 mea,
3233 958 3356 1001 cum
3399 961 3530 1002 vero
3568 961 3659 1001 re-

2061 1051 2231 1120 spicio
2257 1049 2324 1102 ad
2358 1055 2582 1101 mortem
2613 1052 2779 1108 tuam,
2799 1053 2961 1110 quam
2987 1053 3086 1108 pro
3119 1035 3488 1106 redemptione
3532 1051 3662 1107 pec-

2063 1151 2308 1197 catorum
2367 1151 2564 1208 passus
2599 1149 2681 1202 es,
2721 1147 2831 1188 non
2889 1133 3116 1199 despero
3169 1129 3236 1182 de
3283 1129 3659 1184 misericordia

2064 1242 2178 1288 tua.
2215 1233 2378 1285 Latro
2405 1241 2536 1284 vero
2573 1225 2685 1293 ille,
2716 1224 2808 1294 qui
2850 1237 2948 1293 pro
2991 1220 3104 1276 suis
3141 1218 3442 1274 sceleribus
3479 1227 3658 1274 tecum

2063 1323 2358 1380 cruciﬁxus
2408 1329 2516 1384 est,
2553 1331 2730 1386 usque
2770 1314 2838 1369 ad
2891 1313 3062 1384 ipsius
3097 1312 3293 1366 animm
3347 1311 3556 1365 exitum
3584 1310 3658 1344 ⁵³⁸

2063 1428 2280 1483 semper
2308 1412 2360 1466 in
2389 1409 2628 1480 peccatis
2649 1407 2771 1472 fuit,
2798 1405 2893 1460 sed
2925 1415 3104 1458 tamen
3134 1402 3189 1456 in
3218 1401 3339 1472 ipsa
3372 1401 3504 1456 liora
3541 1415 3657 1456 sua

2062 1504 2433 1578 expirationis,
2457 1502 2588 1572 quia
2603 1516 2698 1557 sua
2719 1498 2861 1554 mala
2891 1497 3173 1552 confessus
3200 1504 3306 1558 est,
3362 1504 3420 1548 et
3439 1493 3658 1563 culpam

2065 1598 2341 1664 clamavit,
2373 1592 2803 1650 misericordiam
2825 1589 3054 1654 invenit,
3083 1597 3138 1644 et
3166 1597 3343 1643 tecum
3394 1587 3514 1656 ipso
3571 1587 3662 1642 die

376 1720 510 1770 rem,
555 1712 612 1758 et
649 1702 789 1757 ultra
825 1713 1015 1754 omnes
1071 1703 1410 1766 peccatores,
1439 1707 1561 1748 esse
1587 1698 1952 1760 peccatorem.
1989 1689 2032 1748 Β
2059 1691 2121 1748 in.
2145 1691 2394 1761 paradiso
2423 1687 2525 1742 fuit
2545 1685 2699 1757 (Luc.
2728 1699 2888 1747 unt,
2919 1682 3033 1749 45).
3060 1681 3301 1737 Ceroens
3329 1695 3460 1750 ergo
3487 1688 3538 1732 te
3557 1694 3659 1750 pro

375 1795 566 1852 Plures
587 1794 734 1850 enim
760 1797 1143 1864 peccaverunt,
1185 1797 1239 1841 et
1261 1797 1390 1841 tunc
1415 1790 1802 1846 cessaverunt;
1839 1781 1963 1851 qui-
2065 1782 2432 1853 redemptione
2459 1786 2805 1848 peccatorum
2831 1788 2955 1830 esse
2999 1780 3296 1835 mortuum,
3320 1785 3515 1825 manus
3539 1778 3661 1824 tuas

374 1886 531 1951 dam.
586 1885 688 1940 etsi
755 1861 952 1952 saepius
1003 1877 1378 1950 peccaverint.
1435 1885 1615 1930 tamen
1669 1872 1962 1942 aliquando
2063 1886 2119 1932 et
2140 1875 2304 1945 pedes
2328 1873 2499 1928 clavis
2541 1871 2810 1934 conﬁxus,
2859 1866 3002 1920 latus
3032 1875 3182 1920 tuum
3236 1863 3426 1917 lancea
3471 1861 3661 1916 militis

373 1977 490 2034 suis
541 1975 764 2034 ntalitiis
791 1974 952 2028 linem
1001 1972 1398 2040 imposuerunt.
1430 1967 1564 2022 item
1605 1965 1700 2020 alii
1741 1964 1867 2020 etsi
1891 1963 1962 1996 ⁵⁷³
2023 1976 2333 2038 ιιροτιιιιιι,
2361 1964 2561 2018 undam
2591 1959 2872 2030 sanguinis
2899 1967 2956 2013 et
3007 1971 3164 2025 aqua:
3219 1954 3288 2009 de
3319 1955 3516 2009 eodem
3565 1960 3660 2008 tuo

376 2071 548 2130 multa
578 2069 717 2125 mala
764 2067 1036 2129 fecerunt,
1067 2063 1238 2118 multa
1263 2061 1429 2117 etiam
1464 2061 1605 2115 bona
1637 2057 1822 2113 facere
1856 2072 1962 2112 non
2065 2059 2234 2116 latere
2253 2065 2582 2121 currentem,
2609 2053 2908 2122 desperare
2953 2047 3160 2104 debeo?
3196 2045 3373 2102 Unum
3426 2054 3660 2100 tantum-

373 2160 692 2221 omiserunt,
726 2157 922 2227 quibus
943 2153 1028 2210 vel
1084 2163 1142 2208 ut
1167 2168 1236 2208 ex
1267 2161 1381 2206 toto
1406 2150 1521 2220 ipsa
1564 2148 1702 2204 mala
1729 2147 1965 2203 dimitte-

373 2260 567 2307 rentur
598 2247 694 2314 “°,
724 2252 1169 2318 promeruerunt,
1199 2242 1281 2298 vel
1329 2251 1390 2296 ut
1418 2240 1836 2296 tolerabiliorem
1887 2241 1967 2307 ip-
1998 2272 2006 2278 -

2068 2151 2230 2207 modo
2254 2148 2502 2219 estquod
2531 2147 2634 2212 vis,
2663 2146 2784 2202 sine
2803 2158 2914 2214 quo
2961 2141 3141 2196 nullus
3179 2149 3437 2210 peccator
3481 2148 3663 2208 potest

2066 2245 2285 2311 salvari,
2315 2243 2540 2310 scilicet,
2568 2251 2629 2296 ut
2657 2241 2724 2295 de
2749 2237 2904 2293 malis
2941 2237 3143 2291 nostris
3176 2235 3558 2306 poeniteamns,
3583 2243 3658 2296 et,

375 2355 488 2395 sam
539 2352 756 2408 pinnam
803 2336 1069 2408 gehennae
1104 2331 1370 2388 haberent
1419 2329 1526 2384 sibi
1574 2326 1966 2398 acquisiean

380 2433 493 2503 Ego
519 2441 696 2488 autem
727 2429 916 2495 miser,
945 2437 1002 2482 et
1040 2439 1204 2496 super
1228 2436 1418 2479 omnes
1443 2421 1672 2476 miseros
1702 2428 1758 2474 et
1780 2433 1968 2488 peccao

373 2533 520 2578 tores
562 2529 816 2591 peccator
861 2529 917 2572 et
970 2517 1159 2580 miser,
1189 2514 1494 2584 intelligens
1544 2521 1602 2566 et
1665 2510 1846 2566 sciens
1896 2508 1968 2565 ad

374 2624 632 2684 quantam
659 2610 1022 2680 perditionem
1052 2621 1140 2662 me
1167 2607 1414 2661 traheret
1439 2611 1745 2674 peceatum,
1763 2611 1816 2656 et
1843 2616 1969 2671 pee-

375 2706 484 2764 cati
509 2703 814 2765 delectatio,
863 2717 894 2755 a
946 2700 1186 2771 peccatis
1238 2707 1296 2753 et
1342 2695 1641 2752 malefactis
1691 2708 1968 2764 nunquam

378 2811 599 2857 cessare
622 2794 829 2861 curavi,
863 2793 959 2849 sed
987 2807 1202 2862 semper
1225 2791 1349 2844 auxi
1375 2799 1598 2860 peccata
1620 2787 1882 2856 peccatis,
1909 2795 1969 2841 et

377 2888 451 2952 ita
493 2897 664 2944 totum
715 2887 888 2942 libens
922 2895 979 2942 et
1026 2885 1214 2940 volens
1256 2885 1308 2940 in
1345 2884 1705 2954 perditionem
1751 2880 1965 2950 peccati

380 2999 467 3040 me
511 2983 698 3038 infelix
723 2981 996 3046 immersi,
1025 2991 1082 3036 et
1128 2980 1231 3034 nisi
1268 2980 1532 3034 immensa
1564 2975 1776 3032 Domini
1814 2975 1968 3032 boni-

2069 2338 2123 2392 in
2157 2345 2423 2406 quantum
2469 2345 2774 2405 possumus,
2821 2327 3113 2384 emendare
3159 2339 3434 2381 curemus.
3476 2323 3588 2378 lloc
3614 2323 3660 2378 si

2070 2429 2380 2492 fecerimus,
2412 2425 2588 2482 securi
2615 2435 2808 2479 sumus
2830 2418 2902 2451 “'
2929 2420 3078 2488 quia,
3102 2417 3149 2472 si
3170 2430 3270 2471 nos
3296 2415 3376 2470 sic
3399 2413 3661 2471 facientes

2069 2518 2337 2575 invenerit
2361 2517 2480 2572 dies
2504 2515 2725 2569 ultimus
2751 2507 3211 2582 (quandoquidem
3253 2516 3310 2562 et
3353 2504 3658 2574 exemplum

2069 2609 2322 2674 latronis,
2357 2607 2450 2677 qui
2480 2606 2562 2661 sic
2585 2605 2638 2659 in
2663 2603 2854 2658 ultima
2884 2602 3016 2656 hora
3055 2598 3256 2654 meruit.
3298 2596 3521 2658 salvari,
3557 2597 3658 2650 lia-

2049 2701 2300 2771 -bemus),
2331 2699 2667 2756 confidentes
2689 2697 2756 2752 de
2781 2692 3038 2750 ineﬁ‘abili
3064 2692 3266 2762 pietate
3308 2687 3522 2744 Domini
3564 2701 3662 2742 no-

2068 2794 2168 2850 stri
2192 2791 2321 2848 Jesu
2346 2791 2575 2856 Christi,
2597 2787 3005 2845 accusationem
3055 2783 3264 2839 inimici
3317 2791 3412 2836 aut
3446 2795 3658 2850 parum.

2069 2883 2315 2940 autnibil
2337 2882 2559 2937 omnino
2608 2879 2801 2934 timere
2853 2888 3163 2948 possumus.
3221 2871 3494 2926 Habentes
3535 2883 3661 2941 ergo

2071 2985 2198 3032 ante
2220 2975 2412 3032 oculos
2459 2981 2676 3029 nostros
2723 2970 2958 3041 pretium
3007 2976 3207 3022 nostra
3251 2965 3658 3034 redemptionis,

377 3085 462 3132 Las
507 3089 597 3130 me
654 3074 829 3129 adhuc
869 3081 1165 3143 pateretur.
1189 3069 1304 3140 iam
1330 3069 1422 3124 diu
1469 3069 1726 3138 estquod
1748 3067 1818 3120 ab
1851 3066 1967 3136 ipsa
1996 3065 2043 3128 C
2072 3078 2306 3124 mortem
2355 3065 2608 3119 videlicet
2624 3071 2680 3117 et
2703 3059 3020 3128 sanguinem
3058 3053 3436 3124 Redemptoris
3470 3055 3658 3118 nostri,

382 3169 630 3238 gebenna
659 3165 964 3223 debuissem
995 3178 1121 3220 esse
1144 3163 1457 3218 devoratus.
1490 3160 1592 3229 Qui
1640 3174 1772 3230 ergo
1793 3160 1865 3192 ⁸⁸¹
1894 3171 1971 3215 ta-

377 3261 501 3316 liter
523 3259 655 3324 vixi,
686 3258 777 3326 qui
811 3265 958 3313 tanta
985 3256 1130 3314 mala
1156 3253 1427 3318 commisi,
1454 3254 1549 3324 qui
1587 3253 1751 3308 tantis
1773 3251 1971 3322 iniqui-

381 3351 584 3408 tatibus
613 3366 699 3404 me
728 3349 951 3414 involvi,
986 3347 1256 3418 quomodo
1286 3346 1497 3400 audebo
1531 3359 1658 3400 cum
1691 3344 1815 3400 aliis
1843 3359 1972 3413 pec—

379 3445 654 3499 catoribus
681 3444 772 3512 qui
805 3452 953 3496 tanta
1004 3443 1145 3496 mala
1174 3456 1280 3496 non
1328 3439 1596 3504 fecerunt,
1627 3451 1848 3493 currere
1902 3436 1971 3491 ad

379 3534 584 3589 fontem
612 3531 1121 3596 misericordiatyne
1147 3537 1368 3600 propter
1406 3527 1658 3593 fetorem,
1703 3527 1970 3582 scelerum

383 3636 629 3677 meorum
661 3636 749 3676 me
775 3620 912 3675 nolit
930 3620 1024 3686 ⁸⁸³,
1052 3620 1196 3674 sicut
1217 3619 1354 3673 alios
1378 3625 1711 3690 peccatores,
1735 3631 1970 3688 quorum

2071 3161 2162 3233 qui
2188 3161 2241 3214 in
2271 3157 2645 3214 remissionem
2685 3152 2890 3208 effusus
2927 3159 3012 3204 est
3037 3149 3107 3180 ⁸⁸⁸
3132 3162 3232 3218 pro
3278 3145 3524 3215 peccatis
3568 3160 3662 3200 no-

2069 3251 2220 3314 stris,
2258 3250 2521 3304 habentes
2545 3245 2710 3300 etiam
2733 3240 3040 3310 exemplum
3070 3237 3318 3304 latronis,
3363 3248 3422 3292 et
3472 3235 3662 3310 multo-

2073 3361 2190 3402 rum
2215 3343 2308 3414 qui
2331 3343 2385 3396 in
2411 3339 2600 3394 multis
2621 3346 2675 3393 et
2703 3335 2916 3406 magnis
2941 3331 3181 3403 peccatis
3225 3338 3386 3386 erant
3417 3329 3659 3392 involuti,

2071 3431 2346 3508 quosipse
2369 3433 2491 3488 fons
2525 3430 2742 3502 pietatis
2765 3427 2927 3483 Jesus
2955 3425 3204 3481 Christus
3233 3421 3661 3477 misericorditer

2073 3527 2331 3592 absolvit,
2366 3539 2474 3579 non
2506 3523 2876 3591 desperemus,
2929 3515 3024 3572 sed
3056 3527 3344 3571 curramus
3391 3512 3566 3568 securi
3598 3509 3663 3564 de

2073 3615 2391 3672 remissione
2412 3621 2760 3683 peccatorum
2788 3609 2858 3663 ad
2887 3609 3062 3678 ipsum
3093 3606 3296 3660 fontem
3342 3602 3580 3673 pietatis,
3611 3603 3662 3654 in

383 3714 530 3773 fetor
557 3712 896 3768 tolerabilior
916 3721 1023 3780 est,
1051 3712 1304 3766 abluere?
1328 3709 1536 3780 Adjuva
1561 3724 1716 3781 ergo,
1748 3709 1976 3766 Domina
2073 3708 2316 3779 quoiam
2339 3713 2439 3772 tot,
2472 3713 2526 3758 et
2549 3712 2660 3757 tam
2686 3713 2911 3771 magnos
2931 3707 3248 3769 peccatores
3278 3695 3494 3750 ablutos
3519 3694 3587 3726 δη
3608 3701 3662 3746 et

289 3831 294 3837 ·
386 3806 518 3865 Iesu
543 3804 780 3870 Christe,
807 3803 1000 3873 adiuva
1029 3814 1342 3860 creaturam
1381 3811 1549 3868 tuam,
1579 3812 1636 3858 et
1678 3804 1725 3858 si
1761 3805 1974 3872 magni-

2074 3802 2340 3866 videmus,
2367 3808 2424 3854 et
2448 3795 2814 3869 agnoscimus,
2841 3801 2898 3848 et
2931 3791 3066 3848 certi
3089 3791 3261 3846 simus
3291 3801 3390 3842 nos
3414 3785 3664 3846 similiter

389 3900 576 3958 tudine
593 3907 942 3970 peccatorum
971 3899 1254 3966 obrutam;
1277 3912 1308 3952 a
1335 3906 1388 3954 te
1407 3908 1590 3956 tamen
1611 3897 1802 3954 videns
1820 3911 1975 3952 crea-
2074 3893 2372 3950 abluendos
2393 3891 2462 3945 ab
2487 3889 2679 3945 eodem
2704 3886 2855 3942 fonte
2885 3880 3288 3942 misericordiae,
3319 3878 3365 3931 si
3393 3876 3665 3932 abstinea-

390 4002 524 4059 tam,
556 3990 752 4059 adiuva
801 4005 870 4047 ne
921 3989 1201 4059 desperet,
1267 3989 1414 4058 quia,
1478 3989 1622 4043 sicut
1669 3988 1971 4053 credimus,

393 4083 535 4138 nulla
563 4082 867 4137 enormitas
889 4080 1158 4136 scelerum
1192 4087 1246 4133 te
1271 4079 1492 4134 vincere
1515 4086 1695 4148 potest
1726 4117 1742 4142 ,
1769 4079 1815 4133 si
1851 4088 1974 4132 tan-

394 4185 508 4230 tum
531 4182 782 4243 peccator
803 4173 868 4226 de
895 4180 985 4225 tua
1021 4169 1394 4224 misericordia
1426 4183 1532 4224 non
1563 4169 1831 4240 desperet.

2075 4000 2196 4041 mus
2230 4000 2260 4038 a
2297 3981 2526 4037 malitiis
2553 3988 2609 4034 et
2639 3994 2668 4032 a
2693 3975 2935 4046 peccatis
2961 3972 3181 4033 nostris,
3209 3979 3286 4034 et,
3318 3967 3374 4022 in
3401 3975 3663 4035 quantum

2074 4089 2383 4147 possumus,
2425 4083 2677 4128 curemus
2701 4068 2958 4134 deinceps
2986 4066 3129 4120 bona
3153 4061 3394 4133 operari.
3441 4057 3512 4113 Ut
3539 4071 3665 4110 vero

2077 4185 2106 4223 ιι
2129 4167 2286 4223 malis
2319 4165 2711 4228 abstineamus,
2740 4169 2796 4215 et
2823 4161 2963 4214 bona
2992 4156 3277 4219 faciamus,
3317 4152 3426 4206 hoc
3480 4157 3662 4202 nostra

462 4237 656 4317 Patere
699 4273 831 4329 ergo
885 4273 993 4325 me,
1045 4258 1272 4313 Domine
1315 4256 1445 4313 Jesu
1496 4237 1736 4325 Christe,
1791 4271 1980 4330 patere
2079 4260 2276 4312 virtute
2301 4257 2418 4312 sine
2447 4253 2591 4308 illius
2615 4248 2888 4319 adiutorio
2913 4247 3226 4303 facerenon
3257 4253 3564 4311 possumus.
3600 4237 3666 4290 ll-

393 4362 542 4408 tuam
566 4349 889 4407 inellabilem
926 4349 1186 4418 pietatem
1209 4348 1500 4418 inspicere,
1528 4357 1586 4403 et
1608 4364 1772 4418 quam
1801 4349 1975 4404 dulcis

2079 4352 2183 4407 lius
2210 4366 2339 4421 ergo
2368 4347 2690 4405 iacti-altilem
2713 4341 3149 4401 misericordiam
3179 4339 3558 4408 deprecemur,
3579 4331 3666 4387 cui

387 4453 448 4498 et
481 4445 654 4498 bonus
683 4442 770 4498 sis.
804 4455 934 4511 erga
975 4445 1294 4511 peccatores
1318 4447 1375 4493 et
1413 4438 1662 4505 miseros,
1689 4453 1972 4494 enarrare.
2001 4415 2051 4474 Ῐ)
2081 4458 2215 4500 cum
2243 4415 2347 4496 ειῖίι
2375 4455 2474 4494 nos
2503 4437 2708 4500 facere,
2731 4450 2855 4492 cum
2881 4447 2988 4488 ηοιι
3012 4443 3278 4492 essemus,
3309 4432 3370 4480 ut
3412 4423 3566 4478 nobis
3588 4421 3669 4475 sic

393 4532 507 4590 Hoc
530 4534 673 4590 idem
721 4533 974 4602 superius
1015 4531 1154 4596 disi,
1188 4531 1281 4586 sed
1325 4530 1564 4587 multum
1591 4545 1678 4586 me
1718 4531 1972 4596 delectat,

2081 4534 2346 4592 concedat
2373 4532 2428 4586 in
2457 4532 2559 4586 hac
2583 4529 2718 4592 vita,
2745 4536 3040 4595 antequam
3081 4521 3209 4579 hinc
3235 4530 3518 4580 exeamus,
3569 4528 3668 4567 no--

395 4625 606 4693 quoties
635 4625 851 4680 occasio
894 4632 1020 4693 apta
1045 4637 1106 4678 se
1156 4622 1340 4688 oll'ert,
1370 4623 1647 4678 reminisci
1674 4632 1875 4694 quanta
1902 4625 2002 4682 sit.
2081 4635 2194 4682 stra
2220 4633 2446 4696 peccata
2473 4620 2788 4684 emendare,
2817 4627 2872 4673 et
2895 4618 2975 4671 sic
3023 4611 3256 4668 assiduis
3297 4604 3673 4676 compendio-

391 4731 526 4784 erga
557 4727 868 4783 peccatores
899 4715 1074 4784 gratia
1125 4723 1233 4770 tuze
1270 4715 1594 4772 dulcedinis.
1641 4715 1746 4771 Pro
1789 4731 1975 4774 amore

393 4805 540 4860 enim
583 4814 640 4861 et
683 4805 1056 4874 redemptione
1093 4815 1462 4874 peccatorum,
1499 4822 1607 4862 non
1648 4807 1820 4862 solum
1859 4807 1978 4863 illo-

397 4913 516 4955 rum
547 4898 638 4968 qui
666 4898 842 4953 tuinus
868 4898 951 4953 vel
971 4898 1092 4968 plus
1146 4909 1394 4968 peccant,
1420 4899 1518 4954 sed
1565 4901 1729 4954 etiam
1757 4901 1973 4956 illorum

392 4990 487 5060 qui
525 4990 666 5044 ultra
700 4993 918 5045 modum
963 4999 1214 5060 peccant,
1241 4991 1286 5046 si
1322 4999 1532 5045 tantum
1589 4991 1747 5046 modo
1795 4992 1977 5061 poeni-

397 5091 568 5153 teant,
597 5084 665 5140 de
718 5084 839 5139 sinu
893 5083 1070 5139 Patris
1112 5083 1460 5150 descendisti,
1487 5083 1726 5155 Virginis
1755 5095 1972 5140 uterum

2083 4719 2244 4774 nibus
2277 4716 2562 4782 mundare,
2586 4723 2856 4785 quatenus
2880 4710 2986 4764 ista
3043 4705 3220 4769 finita,
3279 4711 3428 4757 recto
3482 4713 3669 4760 cursu,

2086 4811 2232 4866 nullo
2263 4809 2607 4880 impediente,
2651 4786 2877 4860 ad’eum
2936 4799 3212 4854 valeamus
3260 4792 3574 4865 pervenire,
3616 4800 3673 4844 ut

2082 4917 2207 4959 cum
2236 4902 2325 4957 illo
2352 4902 2522 4956 simus
2559 4902 2610 4954 in
2635 4905 2894 4969 perpetua
2911 4891 3162 4948 claritate
3204 4888 3378 4958 juncti
3411 4882 3675 4955 angelicis

2083 4994 2282 5052 choris.
2324 5002 2380 5046 et
2403 4989 2654 5046 omnibus
2693 4986 2919 5051 sanctis,
2973 4981 3067 5053 qui
3110 4980 3223 5050 jam
3275 4976 3366 5032 illa
3421 4974 3674 5034 fruuntur

2081 5086 2377 5156 gaudentes
2400 5085 2518 5143 sine
2548 5083 2672 5139 fine.

1687 5238 1922 5296 VARl/E
1961 5241 2362 5299 LECTIUNES.

739 5344 1332 5452 fisse'i'iltiss:ni:ict;3.ne't
1373 5346 1616 5452 Val-'94:.
1641 5349 1782 5452 quod
1806 5367 1928 5452 esse
1955 5354 2254 5452 mnvCorb;
2279 5354 2420 5452 (ιιιοιι
2453 5363 2536 5410 est
2609 5354 2679 5387 ⁸⁷⁸
2705 5353 2998 5452 Ριιιξιμιιξιηι
3033 5351 3198 5404 ullum
3223 5365 3351 5452 ms‘s.
3388 5344 3674 5452 plusquam

1227 5435 1236 5452 .
1345 5435 1388 5452 ε.
1608 5437 1695 5452 .m.
1751 5435 1874 5452 nnnn
1929 5441 2004 5452 η.-
2109 5427 2171 5452 ε-.
2305 5426 2707 5452 .:...:...............
2930 5425 2978 5452 ..:
3005 5437 3135 5452 ιηηη
3157 5437 3233 5452 ..η
3320 5417 3410 5452 περ,
3464 5451 3473 5452 ,
3545 5413 3654 5452 nni.

401 5419 564 5472 alium
593 5413 707 5498 "‘1’
731 5419 832 5498 ᾼ-Ιὶι
861 5422 949 5488 qui
996 5417 1238 5498 mss._alii
1265 5428 1320 5472 et
1344 5418 1389 5473 si
1463 5417 1533 5451 ⁸⁸⁸
1561 5413 2192 5498 Diniitterentnts._Yict.
2224 5427 2278 5480 '5.
2297 5413 2707 5480 dimitterentur
2779 5413 2978 5488 “Qui
3005 5437 3135 5492 ergo
3157 5437 3256 5474 ms.
3299 5413 3435 5472 νὶεὶ·
3461 5416 3519 5470 3-
3545 5413 3674 5498 quid

400 5501 530 5580 erg-tl)
581 5485 693 5580 *ξ’-ξ’
718 5483 1183 5580 ἐξςριῖξιιιιτμτιιίιρι
1202 5503 1350 5580 ΔιιιεξιςΓ
1369 5503 1648 5580 meminit,
1683 5507 1768 5573 me
1787 5494 1946 5580 ριιοΙίι
2009 5495 2079 5527 ⁸⁸³
2102 5494 2298 5578 Ιιιιιιιιεξ⁸
2322 5511 2445 5549 cum
2483 5513 2606 5550 mss.
2640 5496 2821 5580 itaque
2847 5483 3052 5549 ett—cum
3071 5483 3099 5492 ⁷
3125 5492 3194 5523 ⁸⁸⁵
3219 5491 3430 5545 Animae
3458 5483 3669 5566 singul:

406 5555 1158 5656 itit-I1;msgsnﬁkglanimus
1197 5558 1401 5656 CXllll‘l‘ll
1477 5558 1544 5590 ⁸⁸³
1573 5561 1756 5656 Ιιοοιξξ
1787 5560 2096 5656 fecerimus,
2121 5551 2300 5620 sec-tiri
2339 5583 2527 5620 sumus
2561 5584 2662 5620 ms.
2712 5551 2942 5620 Val-(uc.
2985 5567 3087 5618 hoc
3143 5563 3188 5618 si
3211 5563 3459 5627 facimus,
3493 5551 3670 5614 sei-uri

1148 5645 1249 5656 mn
1310 5645 1336 5656 η
1383 5645 1506 5656 Mn,
1540 5641 1614 5656 Μ,
1839 5645 2108 5656 ---η-,μ
2547 5653 2638 5656 μη
2816 5653 2859 5656 _,

405 5626 576 5678 silnus
659 5626 728 5656 ⁸⁸⁸
754 5626 989 5684 Etl‘ectus
1040 5639 1119 5684 est
1148 5645 1271 5684 mss.
1308 5629 1510 5688 cll‘usus
1536 5641 1620 5687 est
1691 5632 1756 5664 ⁸³⁷
1790 5626 2112 5694 Peccatores
2147 5638 2360 5694 ablutos
2389 5653 2515 5693 mss.
2544 5648 2864 5709 peccatores
2894 5637 3170 5693 absolutos
