3884 6052
380 241 485 299 743

679 238 737 293 s.
786 230 1084 291 ANSELMI
1121 223 1468 283 caurum.
1505 216 1822 274 ARCHIEP.
1872 200 1965 268 ορ]

2071 209 2243 265 PARS
2285 209 2349 265 ll.
2406 239 2477 253 --
2514 207 2879 265 ΡΑΒᾹΞΝΕΤ.
2913 210 2999 264 ET
3039 212 3282 268 ASCET.

3536 214 3651 270 7H

452 355 542 408 IV.
590 349 886 419 Recognitio
914 338 1337 413 peccati.—Ego
1360 348 1478 388 sum
1522 332 1612 386 ille
1653 331 1817 385 homo
1862 327 1958 382 de-
1990 332 2034 389 Α
2064 324 2375 378 ctoritatem
2406 325 2565 379 donis
2611 325 2740 380 luis.
2768 326 2909 382 Ecce
2942 335 3021 381 tot
3068 326 3157 381 hic
3184 326 3500 383 vulneribus
3528 327 3651 399 pla-

382 443 770 503 mentissimus,
801 449 961 505 quem
983 433 1049 487 de
1090 428 1259 484 nihilo
1302 424 1520 486 creasti,
1570 432 1626 475 et
1675 421 1742 476 de
1784 431 1961 472 massa

383 534 588 606 peccati
624 540 677 585 et
704 523 1022 596 perditionis
1049 522 1101 574 in
1126 520 1292 573 lilium
1321 515 1510 606 gratia:
1727 508 1960 606 elegisti,

382 598 437 681 et
469 626 521 678 in
550 616 889 676 cohaeredem
911 611 1235 668 charissimo
1263 605 1543 675 unigenito
1572 602 1715 657 Filio
1734 610 1825 656 tuo
1852 598 1963 654 Deo

380 729 435 774 et
479 714 701 769 Domino
722 718 910 765 nostro
945 706 1073 761 Jesu
1118 703 1336 760 Christo
1383 701 1765 769 adoptaveras,
1807 704 1861 750 et
1896 694 1964 749 ad

380 809 638 861 honorem
669 809 722 854 et
750 798 973 870 gloriam
997 796 1145 866 regni
1172 792 1268 856 tui,
1301 799 1360 845 et
1400 798 1550 845 tanta
1575 798 1681 843 tam
1713 784 1965 839 indebita:

380 897 569 967 gratiae
607 903 709 946 tua:
735 891 985 960 largitate
1009 903 1095 941 me
1118 883 1428 957 implevisti,
1452 882 1541 951 qui
1569 890 1625 935 et
1679 877 1963 934 abundan-

381 990 510 1041 tiam
540 985 694 1054 hujus
726 992 889 1037 tanta:
911 978 1192 1035 suavitatis
1220 985 1324 1030 tuac
1346 973 1544 1030 oblitus
1572 985 1713 1035 sum,
1738 978 1795 1024 et
1817 976 1964 1035 tanta

379 1080 517 1133 bona
546 1079 674 1131 mihi
713 1074 910 1128 tradita
958 1087 989 1126 a
1038 1080 1091 1125 te
1130 1067 1486 1139 prospiciens,
1535 1074 1718 1133 spreto
1760 1062 1967 1115 honore

381 1170 530 1239 regni
559 1166 825 1232 caelestis,
859 1174 915 1218 et
938 1162 1107 1234 gloria
1138 1170 1254 1224 tua,
1284 1172 1370 1212 me
1406 1158 1459 1210 in
1497 1154 1741 1225 spurium
1796 1151 1965 1205 lilium

379 1272 434 1316 et
462 1264 781 1331 degenerem
813 1255 1082 1319 converti,
1108 1262 1164 1307 et
1202 1248 1420 1305 diabolo
1468 1243 1822 1301 distrahendo
1870 1256 1968 1312 per

380 1352 716 1421 sterquilinia
747 1348 980 1402 luxnria:
1008 1355 1062 1399 et
1099 1344 1308 1412 spineta
1343 1338 1606 1401 avaritiae,
1665 1346 1719 1390 et
1747 1334 1814 1389 ad
1861 1334 1968 1389 illi-

380 1446 612 1499 dendum
645 1442 696 1494 in
721 1438 992 1494 scandulis
1019 1436 1281 1489 ﬂuctibus
1328 1441 1386 1487 et
1422 1428 1673 1500 procellis
1703 1425 1969 1496 superbiae

382 1550 467 1588 Ille
495 1533 710 1587 tradidi.
747 1531 856 1601 Ego
886 1544 1005 1583 sum
1031 1539 1205 1581 caecus
1243 1530 1518 1577 mercator
1545 1519 1635 1586 qui
1687 1516 1970 1588 pretiosis-

381 1626 532 1681 simis
562 1623 877 1677 talentorum
905 1630 1119 1672 tuorum
1142 1615 1342 1669 divitiis
1368 1622 1593 1678 tantam,
1618 1606 1966 1673 miserabilis,

2062 429 2219 489 gatus
2244 433 2389 486 sum,
2420 434 2523 475 nec
2552 420 2663 474 ullo
2694 435 2858 475 sensu
2889 420 3092 476 doloris
3132 431 3412 489 torqueor.
3447 420 3554 479 Tot
3598 436 3655 479 et

2063 512 2228 566 tantis
2275 511 2590 568 vulneribus
2628 512 2917 570 confossus
2965 530 3072 569 non
3120 515 3295 570 doleo.
3352 514 3523 572 Video
3562 533 3658 574 me

2020 602 2023 605 λ
2061 616 2288 667 ctecum,
2319 604 2411 672 qui
2459 613 2537 657 tot
2564 612 2618 658 et
2649 613 2829 660 tantas
2858 605 3222 675 turpitudines
3252 621 3402 663 meas
3443 617 3501 663 et
3544 626 3650 665 nuo

2063 693 2284 747 ditatem
2319 707 2427 747 non
2454 693 2739 750 erubesco.

2138 782 2274 838 Vere
2302 784 2634 841 insensibilis
2665 802 2785 841 sum
2836 796 2892 842 et
2934 787 3183 857 stupidus
3232 792 3417 859 corde,
3448 793 3539 861 qui
3574 802 3655 849 tot

2063 884 2119 930 et
2145 884 2293 932 tanta
2314 876 2510 934 damna
2537 894 2650 933 mea
2680 894 2788 933 non
2815 878 2993 943 doleo,
3018 891 3073 935 et
3097 881 3190 950 qui
3216 891 3445 938 mortem
3468 901 3649 941 meam

2065 965 2249 1036 lugere
2298 981 2406 1022 non
2461 966 2638 1022 Valeo.
2694 967 2835 1023 Vere
2884 970 3049 1024 corde
3104 970 3321 1039 lapideo
3368 974 3656 1031 induratus

2065 1073 2208 1123 sum,
2260 1059 2353 1128 qui
2407 1074 2507 1114 nec
2558 1060 2894 1116 imminentia
2952 1062 3081 1115 mihi
3133 1072 3341 1118 arterna
3390 1066 3655 1136 supplicia

2066 1149 2258 1228 saltem
2286 1166 2391 1205 non
2422 1151 2607 1206 timeo.
2651 1151 2783 1207 Vere
2804 1155 2970 1209 corde
2996 1155 3457 1225 congelatissimo,
3487 1174 3653 1228 quem

2066 1220 2452 1296 belleficiorum
2498 1243 2747 1299 incendia
2795 1246 3013 1299 admota
3063 1220 3251 1302 amore
3307 1220 3649 1307 Patris-cle-

2068 1330 2392 1385 mentissimi
2425 1331 2729 1388 calefacere
2764 1348 2871 1388 non
2906 1334 3199 1389 sufﬁciunt.
3245 1336 3381 1393 Vere
3428 1338 3655 1410 largiter

2069 1432 2158 1471 me
2204 1418 2563 1487 reprehendo,
2607 1435 2771 1490 quem
2805 1435 2905 1477 nec
2939 1423 3064 1476 tuba
3093 1426 3518 1492 praedicationis,
3548 1445 3655 1485 nec

2068 1509 2552 1566 comminatiouum
2608 1520 2823 1579 tuarum
2880 1515 3116 1568 tonitrua
3169 1514 3441 1573 sufﬁciunt
3496 1521 3654 1575 exci-

2071 1608 2209 1657 tare.
2890 1646 2893 1649 -
3144 1640 3170 1661 ο

383 1716 618 1785 inopiam
641 1722 695 1767 et
724 1712 1024 1766 nuditatent
1045 1718 1101 1763 et
1152 1716 1357 1762 aeterna
1403 1704 1641 1773 suspiria
1691 1709 1968 1755 mercatus
2004 1711 2048 1767 Β
2142 1690 2243 1745 Ubi
2272 1700 2358 1745 est
2400 1691 2553 1785 dolor
2596 1693 2965 1777 penetrabilis,
2994 1694 3150 1750 dolor
3190 1699 3649 1768 compunctionis,

383 1823 535 1871 sum;
567 1803 909 1874 sterquilinio
953 1799 1179 1855 luxuriae
1233 1808 1290 1853 et
1340 1798 1651 1852 divitiarum
1699 1794 1966 1859 sentibus,

376 1896 823 1969 jncundissimam
876 1908 942 1948 ac
990 1891 1367 1947 suavissimam
1422 1902 1642 1959 pacem;
1686 1884 1972 1940 securissi-

384 2006 532 2045 mum
558 1998 794 2059 portum,
822 1984 1058 2057 procella
1114 1982 1414 2054 superbiae;
1470 1988 1730 2035 aeternam
1769 1978 1968 2046 lucem,

381 2081 699 2138 teternitatis
722 2078 983 2144 tenebris;
999 2087 1196 2131 aeterna
1217 2074 1661 2145 gaudia,aeternis
1674 2070 1966 2137 doloribus;

381 2182 439 2229 et
460 2184 719 2228 aeternam
749 2170 1002 2241 gloriam,
1028 2178 1234 2223 aeterno
1278 2165 1596 2236 opprobrio;
1643 2172 1701 2218 et
1747 2178 1968 2234 regnum

386 2276 555 2329 tuum,
584 2262 847 2317 diabolica
875 2260 1139 2316 servitute
1164 2256 1513 2314 commutavi.

457 2356 568 2425 Ego
597 2369 718 2409 sum
745 2350 1144 2407 infirmissimus
1173 2348 1287 2413 ille,
1346 2347 1439 2416 qui
1486 2344 1632 2400 velut
1659 2344 1870 2416 signum
1902 2344 1971 2399 ad

383 2444 634 2515 sagittam
657 2441 854 2510 iaculis
876 2447 1220 2510 peccatorum
1244 2434 1682 2499 confodiendum,
1711 2444 1764 2488 et
1787 2434 1971 2489 vulne-

385 2537 535 2592 ribus
567 2533 913 2589 laeerandum
938 2544 1026 2584 me
1052 2527 1297 2597 exposui.
1357 2526 1469 2595 Ego
1508 2541 1627 2581 sum
1671 2525 1761 2580 ille
1808 2526 1970 2580 homo

384 2632 496 2700 qui,
523 2630 671 2685 velut
695 2628 924 2682 cadaver
944 2624 1176 2679 canibus
1202 2620 1564 2676 infernalibus
1617 2628 1676 2676 et
1717 2620 1969 2676 omnibus

385 2722 698 2775 volucribus
758 2716 1054 2773 immundis
1097 2712 1477 2769 dissecandum
1527 2720 1583 2769 et
1633 2712 1967 2778 laniandum,

388 2811 662 2881 projectus
688 2824 717 2862 a
739 2807 957 2863 civitate
1000 2814 1089 2859 tua
1119 2813 1327 2869 sancta,
1380 2817 1500 2873 quas
1520 2811 1602 2859 est
1655 2812 1968 2859 sanctorum

387 2901 684 2957 anneorum
715 2907 951 2963 tuorum,
980 2902 1275 2964 sanctaque
1291 2892 1685 2963 iucundissima
1707 2894 1969 2950 societate

384 3001 698 3050 sanctorum
729 2989 1016 3060 spirituum
1039 2999 1420 3057 supernorum,
1464 2986 1719 3040 vitiorum
1769 2987 1968 3041 vermi-

2072 1798 2180 1853 quo
2212 1793 2379 1839 totam
2425 1784 2571 1840 illam
2604 1776 2861 1841 duritiam
2902 1787 3228 1845 diabolicam
3270 1801 3560 1848 conterere
3599 1803 3655 1848 et

2072 1876 2292 1932 diruere
2334 1879 2610 1943 deberem,
2640 1889 2696 1935 et
2722 1890 2895 1936 totum
2940 1882 3171 1952 lapidem
3212 1884 3428 1940 duritia:
3471 1894 3527 1941 et
3548 1886 3652 1941 ob-

2072 1966 2381 2023 stinationis
2412 1968 2556 2025 illius
2592 1971 3006 2027 comminuere?
3037 1972 3139 2029 Ubi
3167 1984 3274 2043 est,
3306 1976 3447 2031 Deus
3476 1992 3649 2045 meus,

2072 2054 2161 2109 ille
2189 2056 2381 2126 pudor,
2427 2073 2537 2128 quo
2580 2070 2709 2115 ante
2752 2063 2972 2119 oceulos
3018 2072 3139 2120 tuos
3167 2076 3222 2121 et
3271 2068 3439 2123 totius
3485 2071 3651 2124 curia:

2070 2148 2310 2205 caelestis
2336 2150 2594 2206 confundi
2626 2152 2920 2209 deberem?
2965 2155 3066 2211 Ubi
3112 2166 3195 2212 est
3225 2159 3390 2213 timor
3431 2160 3520 2214 ille
3547 2170 3653 2216 tuae

2072 2240 2343 2309 vindicue,
2382 2258 2489 2313 quo
2519 2252 2665 2300 totus
2699 2258 2827 2303 ante
2857 2258 3205 2319 conspectum
3248 2261 3399 2306 tuum
3435 2264 3652 2309 contre-

2072 2330 2302 2387 miscere
2332 2333 2631 2390 deberem?
2670 2336 2767 2392 Ubi
2797 2348 2882 2393 est
2913 2355 3070 2396 amor
3096 2341 3205 2407 ille,
3238 2353 3294 2398 et
3318 2344 3648 2402 desiderium

2070 2421 2242 2488 pacis,
2265 2424 2488 2491 amoris,
2517 2434 2572 2482 et
2598 2428 2787 2499 gratia:
2815 2438 2919 2485 tua:
2949 2435 3333 2502 recuperandae
3363 2452 3475 2507 quo
3506 2440 3649 2493 inar-

2072 2511 2295 2568 descere
2324 2515 2612 2573 deberem?
2646 2518 2744 2575 Ubi
2771 2530 2853 2576 est
2885 2529 3101 2578 torrens
3129 2525 3217 2580 ille
3252 2525 3643 2599 lacrymarum,

2070 2617 2178 2672 quo
2206 2607 2496 2675 spurcitias
2539 2626 2690 2667 meas
2733 2622 2861 2669 ante
2905 2623 2955 2670 te
2987 2616 3169 2673 delere
3214 2620 3513 2675 deberem?
3548 2622 3647 2677 Ubi

2069 2705 2155 2751 est
2184 2697 2398 2754 devotio
2428 2703 2712 2771 oratiénis,
2742 2721 2849 2776 qua
2886 2716 2938 2762 te
2968 2708 3099 2764 mihi
3134 2711 3405 2780 placatum
3443 2724 3499 2768 et
3529 2730 3653 2784 pru-

2070 2787 2262 2857 pitium
2308 2793 2532 2849 reddere
2561 2796 2855 2853 deberem?
2900 2799 3020 2867 Quo
3052 2817 3139 2858 me
3176 2813 3408 2871 vertam,
3436 2808 3649 2862 miseri-

2068 2893 2194 2936 cors
2214 2891 2270 2936 et
2300 2885 2589 2942 miserator
2621 2886 2806 2956 Pater,
2841 2894 2933 2961 qui
2973 2893 3107 2948 nihil
3147 2895 3371 2966 dignum
3402 2912 3647 2969 respectu

2070 2972 2188 3026 mist
2208 2973 2455 3029 ricordiae
2476 2985 2580 3032 tuae
2600 2977 2769 3035 offero
2799 2983 3067 3053 majestati
3099 2986 3245 3041 luat?
3273 2987 3392 3054 Quo
3421 2989 3643 3060 fugiam,

387 3086 491 3139 bus
538 3052 932 3137 comedendum
964 3093 1053 3134 me
1103 3052 1323 3131 tradidi.
1381 3074 1555 3142 Quam
1591 3075 1969 3131 abominabilis
1996 3052 2042 3114 ο
2072 3064 2314 3133 piissime
2332 3064 2514 3130 Pater.
2538 3069 2631 3139 qui
2658 3076 2775 3127 sum
2804 3052 3010 3131 vacuus
3029 3077 3174 3131 omni
3209 3052 3374 3144 bono,
3403 3089 3459 3135 et
3482 3052 3645 3139 etiam

384 3189 619 3246 appareo
641 3187 825 3229 coram
847 3171 1022 3227 oculis
1048 3169 1257 3225 sanctis
1288 3169 1415 3233 tuis,
1455 3181 1614 3223 coeno
1651 3168 1970 3225 fetidissimo

386 3266 772 3335 teterrimoque
798 3262 1023 3317 luxuriae
1048 3260 1359 3317 immundus
1385 3274 1449 3314 ac
1469 3258 1797 3325 sordidatus,
1848 3259 1972 3330 igne

386 3356 681 3411 iracundia:
723 3362 779 3409 et
818 3353 1065 3407 avaritiae
1115 3351 1451 3415 semiustus,
1480 3358 1644 3420 atque
1694 3351 1971 3405 vermibus

384 3446 518 3512 odii,
559 3453 615 3500 et
636 3443 849 3498 invidiae
868 3442 1106 3497 obsessis
1129 3441 1392 3498 membris
1421 3440 1746 3508 meis,vento
1781 3455 1970 3510 super-

386 3537 488 3592 biae
504 3534 759 3598 tumidus,
777 3540 1153 3585 monstruosus
1165 3539 1330 3593 totus,
1345 3528 1646 3595 ulcerosus,
1665 3537 1827 3599 atque
1838 3543 1969 3584 con-

385 3629 585 3690 fossus,
620 3634 700 3680 tot
721 3630 1100 3689 tantorumque
1128 3628 1471 3690 peccaton
1509 3634 1749 3674 meorum
1782 3619 1970 3675 diabo-

384 3714 863 3786 lieteturpitudinis
884 3711 1150 3783 sigillatus
1170 3710 1596 3767 eharaeteribus.
1629 3712 1772 3775 Seio,
1805 3713 1969 3768 mise-

384 3826 443 3866 ra
454 3820 535 3864 tor
549 3807 799 3872 Domine,
815 3805 958 3877 Quod
973 3805 1167 3861 merito
1177 3803 1534 3875 etjustissime
1548 3818 1682 3875 nega
1692 3820 1747 3860 re
1758 3820 1844 3861 me
1872 3820 1968 3876 po-

386 3915 488 3969 tes,
516 3913 571 3960 et
590 3919 696 3960 non
712 3917 798 3971 me
810 3914 1192 3973 recognoscere
1205 3915 1309 3955 non
1321 3898 1493 3955 solum
1510 3898 1677 3955 filium
1693 3901 1967 3963 tuum,sed

381 3992 1213 4064 etcreaturamtuamineoquod
1240 3991 1363 4047 talis
1375 4006 1517 4047 sum.
1544 3990 1653 4046 Nec
1674 3994 1817 4047 enim
1848 3994 1968 4048 hor-

384 4089 548 4143 renda
563 4087 647 4141 illa
658 4087 1001 4156 omnigenum
1018 4083 1402 4152 turpitudinum
1416 4092 1757 4140 monstruosa
1776 4082 1963 4151 facies,

382 4191 464 4235 est
486 4180 779 4234 'creationis
799 4174 1387 4240 autreereationislum,
1412 4185 1611 4230 nonest
1634 4175 1967 4231 abominatio

384 4266 831 4336 istaimagotuiet
854 4260 1148 4318 similitudo
1173 4277 1345 4332 aequa.
1370 4262 1609 4317 Alteram
1635 4279 1719 4318 me
1743 4265 1961 4319 creasti.

2071 3152 2259 3223 plenus
2287 3157 2434 3212 omni
2466 3160 2607 3215 malo
2650 3175 2886 3232 appareo
2934 3175 3062 3222 ante
3107 3178 3463 3239 conspectum
3518 3188 3645 3228 san-

2071 3254 2279 3303 ctorum
2310 3258 2557 3318 tuorum,
2607 3264 2664 3309 et
2708 3268 3021 3315 sanctarum
3072 3262 3389 3318 militiarum
3437 3268 3647 3324 exerci-

2074 3347 2219 3394 tuum
2242 3343 2542 3399 cmlestium
2564 3346 2589 3400 ἲ

2141 3430 2290 3497 Scio,
2335 3434 2561 3491 Domine
2603 3437 2763 3505 Deus,
2812 3440 3123 3502 dominator
3149 3448 3273 3506 vita;
3320 3466 3475 3520 mem,
3506 3457 3645 3524 quod

2069 3536 2221 3577 omne
2248 3524 2430 3581 datum
2464 3531 2735 3599 optimum,
2768 3543 2817 3587 et
2849 3550 3001 3591 omne
3028 3539 3223 3594 donum
3248 3543 3534 3614 perfectum
3559 3552 3648 3602 de-

2068 3630 2277 3670 sursum
2309 3628 2406 3682 est,
2452 3622 2765 3680 descendens
2816 3644 2849 3681 α
2894 3627 3058 3684 Patre
3098 3642 3154 3687 et
3196 3634 3346 3690 fonte
3392 3639 3645 3693 luminum

2069 3704 2212 3775 (Jac.
2258 3724 2295 3774 t,
2328 3711 2417 3782 l7)
2450 3715 2606 3769 :scio
2654 3734 2741 3774 me
2786 3720 2917 3775 nihil
2950 3736 3108 3792 posse
3148 3738 3432 3799 acceptum
3457 3731 3647 3788 offerre
3708 3742 3717 3747 ’

2068 3812 2249 3854 coram
2280 3808 2333 3857 te
2359 3811 2415 3858 et
2441 3815 2653 3875 gratum
2683 3810 2787 3867 nisi
2826 3812 2893 3867 de
2920 3811 3070 3872 fonte
3102 3816 3358 3877 bonitatis
3388 3831 3493 3879 tute
3518 3824 3643 3879 illud

2068 3889 2488 3961 przehauserim;
2536 3904 2591 3951 et
2639 3898 2742 3955 hoc
2791 3902 2978 3973 utique
3028 3913 3081 3962 te
3132 3906 3495 3978 llluminante,
3544 3915 3645 3969 do-

2068 3990 2245 4035 cente.
2296 3982 2422 4040 Scio
2474 3986 2614 4043 hanc
2671 3991 2893 4048 arrham
2954 3995 3342 4056 misericordia:
3402 4013 3505 4058 tum
3555 4019 3640 4059 me

2066 4070 2385 4136 praevenire.
2432 4071 2581 4140 Scio,
2630 4077 2940 4139 dulcissime
2983 4084 3165 4154 Pater,
3194 4091 3337 4158 quod
3383 4092 3522 4147 bona
3555 4102 3643 4147 tua

2066 4159 2203 4214 sicut
2234 4161 2420 4218 fraude
2461 4166 2605 4221 nulla
2635 4169 2731 4224 tibi
2762 4173 3005 4243 arripere
3022 4188 3116 4232 aut
3154 4179 3372 4237 auferre
3396 4198 3632 4252 possum,

2065 4250 2144 4345 sic
2171 4264 2270 4307 nec
2300 4254 2424 4311 ullis
2455 4259 2664 4316 meritis
2698 4261 2946 4321 obtinere
2981 4283 3068 4324 me
3095 4273 3276 4326 omnia
3322 4250 3481 4344 posse
3522 4250 3643 4345 qui-

385 4357 521 4412 Vere
532 4354 942 4411 similitudoista
959 4350 1237 4407 diabolica:
1254 4351 1603 4420 turpitudinis
1623 4368 1709 4407 me
1725 4354 1963 4408 ostendit

2071 4339 2165 4397 bus
2193 4343 2260 4398 ad
2292 4353 2343 4401 te
2372 4360 2636 4418 revertar,
2659 4362 2714 4408 et
2736 4358 3125 4427 complaceam.
3172 4339 3487 4431 Quid-enim
3534 4339 3643 4422 ine-

382 4448 544 4518 215
574 4446 769 4502 diaboli
800 4447 1059 4500 hactenus
1090 4443 1255 4500 fuisse
1280 4445 1469 4510 filium,
1499 4457 1552 4501 et
1571 4454 1961 4503 tormentorum

382 4538 674 4593 infidelium
703 4538 996 4592 haeredcm.
1029 4537 1151 4592 Hae
1177 4547 1259 4591 est
1282 4538 1543 4593 mercatio
1582 4546 1637 4593 et
1660 4551 1965 4595 commuta-

383 4629 480 4690 tio,
508 4627 636 4697 quia
664 4642 838 4682 csecus
867 4635 921 4681 et
941 4628 1375 4684 dementissimus
1429 4644 1529 4700 ego
1561 4637 1663 4684 tuae
1712 4630 1963 4687 similitu-

380 4716 523 4769 dinis
548 4715 773 4785 gloriam
800 4724 855 4770 et
878 4716 1136 4771 honorem
1188 4718 1711 4776 abominabilissima
1762 4736 1827 4777 ac
1878 4723 1962 4777 vi-

379 4803 583 4856 lissima
609 4801 826 4857 feditate
858 4804 1080 4859 mutavi.

451 4893 567 4947 Non
606 4892 747 4961 ideo,
775 4902 961 4950 sancte
1003 4894 1187 4962 Pater,
1219 4897 1454 4967 pretiosa
1500 4898 1589 4954 illa
1629 4900 1831 4957 talenta
1871 4911 1961 4959 tua

380 4987 684 5043 tradideras
729 4987 861 5042 mihi
890 5027 905 5053 ,
952 4995 1012 5043 ut
1055 5005 1156 5059 pro
1199 4992 1379 5046 usuris
1422 4993 1748 5048 horrendam
1798 4994 1958 5050 istam

381 5078 837 5135 abominationem
874 5077 1081 5135 faceres
1107 5096 1193 5136 me
1221 5082 1317 5136 tibi
1338 5122 1339 5129 η
1362 5091 1661 5151 reportare.
1689 5082 1804 5138 Non
1836 5083 1959 5141 ideo

380 5170 509 5224 mihi
538 5178 617 5224 tot
659 5183 725 5224 ac
766 5169 930 5223 tantis
972 5168 1252 5225 beneficiis
1282 5171 1387 5226 tuis
1430 5172 1623 5228 debitis
1652 5173 1959 5242 seminasti,

380 5269 440 5314 ut
466 5258 695 5315 fetorem
723 5268 779 5314 et
820 5261 1004 5331 spinas
1035 5269 1091 5316 et
1126 5261 1352 5318 tribulos
1392 5273 1742 5332 peccatorum
1776 5266 1844 5321 de
1872 5280 1959 5321 me

379 5352 677 5423 colligeres.
711 5351 825 5407 Non
854 5353 974 5408 ideo
1005 5362 1087 5408 tot
1130 5363 1186 5408 et
1226 5356 1393 5409 tantis
1423 5356 1702 5411 beneflciis
1742 5371 1828 5411 me
1857 5357 1960 5410 im-

381 5444 588 5511 plevisti
633 5453 688 5498 et
737 5444 938 5507 ditasti,
974 5455 1032 5500 ut
1083 5446 1136 5501 in
1192 5449 1643 5519 oppugnationem
1707 5460 1851 5504 tuam
1892 5465 1953 5504 ea

381 5544 770 5589 cmwerterem.
826 5536 940 5591 Non
990 5549 1107 5593 erat
1161 5539 1387 5595 intentio
1444 5541 1792 5611 benignitatis
1851 5553 1974 5598 ture'

381 5634 594 5676 armare
624 5638 709 5679 me
754 5635 942 5680 contra
976 5637 1047 5695 te,
1098 5643 1196 5684 nec
1235 5645 1450 5685 armare
1500 5631 1824 5688 diabolicam
1861 5650 1955 5688 au-

2068 4434 2186 4530 ritis
2216 4438 2351 4495 meis
2375 4441 2558 4497 deberi
2582 4453 2778 4515 potest,
2812 4450 2917 4504 nisi
2959 4453 3150 4509 mortis
3189 4465 3406 4514 aeterna}
3436 4460 3642 4530 suppli-

2065 4525 2253 4580 cium?
2287 4529 2414 4586 Scio
2448 4535 2589 4601 qudd
2622 4535 2672 4589 in
2706 4536 3042 4608 beneplacito
3085 4551 3175 4599 tuo
3208 4557 3401 4602 saneto
3438 4525 3522 4604 est
3543 4525 3645 4605 ‘me

2066 4615 2382 4709 disperdere
2451 4625 2746 4680 secundum
2824 4631 3225 4690 multitudinem
3285 4636 3640 4709 ﬂagitiorum,

2064 4705 2389 4776 facinorum,
2420 4720 2475 4766 et
2516 4713 2963 4785 negligentiarum
2992 4730 3048 4776 et
3086 4705 3447 4782 omissionum
3497 4705 3645 4784 mea;

2063 4816 2212 4867 rum;
2241 4802 2323 4857 vel
2353 4804 2650 4862 reformare
2677 4823 2784 4877 me,
2812 4811 2896 4864 vel
2921 4811 3098 4870 facere
3136 4832 3221 4871 me
3250 4819 3344 4873 tibi
3382 4832 3641 4891 accepta.

2063 4891 2223 4948 bilem
2248 4899 2542 4951 secundum
2570 4898 2785 4955 divitias
2817 4904 3216 4965 imestimabiles
3239 4912 3631 4969 misericordia:

2064 4993 2190 5053 tuae,
2227 4988 2321 5056 qui
2356 4989 2503 5047 solus
2538 5007 2599 5047 es
2636 4994 2965 5052 reformator
2998 5013 3267 5058 creaturae
3294 5019 3458 5074 quam
3493 5006 3642 5062 solus

2062 5075 2326 5133 formasti.

2132 5166 2305 5235 Nunc,
2336 5170 2645 5229 misericors
2690 5175 2869 5244 Pater,
2918 5181 2984 5234 ad
3038 5189 3093 5236 te
3141 5185 3413 5257 confugio,
3462 5187 3641 5245 sciens

2058 5258 2200 5326 quod
2230 5273 2334 5313 non
2360 5270 2445 5314 est
2468 5263 2599 5317 mihi
2627 5264 2748 5334 fuga
2777 5282 2804 5320 a
2838 5275 2890 5322 te
2915 5268 3018 5324 nisi
3048 5272 3112 5325 ad
3144 5280 3215 5327 te.
3249 5273 3383 5340 Quis
3406 5291 3495 5330 me
3530 5293 3636 5346 po-

2061 5356 2165 5403 test
2195 5349 2428 5406 liberare
2462 5354 2528 5410 de
2565 5359 2816 5414 manibus
2861 5361 2992 5429 tuis,
3028 5365 3130 5418 nisi
3166 5374 3220 5419 tu
3253 5367 3446 5422 solus?
3474 5368 3640 5424 Libe-

2060 5457 2181 5495 rare
2208 5458 2294 5497 me
2328 5453 2501 5513 potest
2535 5449 2900 5506 misericordia
2939 5464 3046 5519 tua,
3079 5472 3240 5526 quam
3278 5468 3353 5513 tot
3378 5470 3432 5514 et
3474 5463 3639 5515 tantis

2058 5535 2433 5605 iniquitatibus
2478 5541 2611 5595 meis
2661 5557 2762 5596 nou
2804 5544 2974 5601 solum
3022 5550 3284 5614 demerui,
3334 5555 3429 5607 sed
3470 5554 3635 5608 etiam

2057 5630 2385 5700 impugnari,
2432 5632 2500 5689 ab
2532 5634 2607 5689 ira
2630 5633 2928 5706 justissima
2963 5650 3073 5710 tua,
3123 5659 3283 5713 quam
3330 5645 3636 5703 infelicissi-
