3910 6018
281 323 391 386 ’145

1652 273 2198 354 aerumnosas.

3441 271 3547 330 748

285 457 410 498 mus
453 447 510 496 et
556 433 898 510 gratissimus
947 427 1178 486 irritavi.
1234 423 1402 496 Igitur
1457 416 1738 487 suscipere
1776 427 1864 467 me
1889 413 1942 471 Δ
1968 401 2454 510 ηιὶεετίξενάίανιιηδ
2490 408 2724 504 Marum.
2762 413 2882 468 qua?
2913 413 2943 450 α
2985 395 3185 510 *διεσπας
3220 402 3340 449 sum
3367 391 3544 501 (Ρδξιίο

283 537 530 604 dignare,
561 509 810 590 Domine,
849 528 1209 579 revertentem
1239 517 1306 571 ad
1348 523 1424 568 te.
1457 511 1679 574 Averte,
1707 509 1870 565 obse-

283 602 378 680 cro
433 632 518 688 te,
565 618 755 676 oculos
809 622 1028 672 sanctos
1075 613 1144 666 ab
1191 604 1673 679 ingratitudinibus
1732 602 1869 656 meis

283 726 447 784 atque
480 709 780 783 spurcitiis.
820 706 901 760 Ad
952 706 1202 774 teipsum,
1231 699 1479 761 obsecro,
1513 694 1745 764 respice,
1781 691 1868 748 cui
1900 737 1904 742 .

284 816 561 872 nunquam
596 802 714 855 sine
747 798 920 853 veniae
953 809 1049 864 spe
1096 790 1450 863 supplicatur.
1485 789 1541 842 ln
1580 786 1869 856 temetipso

284 892 532 948 invenies
561 890 702 945 unde
723 894 785 943 et
802 895 1022 958 prepter
1060 884 1202 954 quod
1235 882 1546 937 miserearis
1571 878 1867 954 secundum

285 983 671 1039 abundantiam
701 978 987 1035 suavitatis
1010 985 1135 1040 tuae,
1168 981 1225 1029 et
1253 971 1676 1027 immensitatem
1708 969 1870 1023 mise-

285 1073 535 1130 ricordiaa
567 1081 686 1126 tute.
728 1069 870 1133 Noli,
899 1069 1146 1132 obsecro,
1181 1048 1367 1119 ad'me
1403 1061 1704 1131 respicere,
1740 1060 1868 1129 quia

286 1165 422 1221 nihil
455 1165 508 1218 in
555 1178 644 1218 me
681 1161 944 1224 invenies,
993 1158 1096 1213 nisi
1139 1157 1281 1211 unde
1323 1153 1486 1208 irasci
1518 1153 1740 1218 debeas,
1785 1153 1871 1208 vel

288 1258 390 1312 nisi
421 1264 594 1310 morte
622 1268 822 1310 :eterna
853 1250 1252 1320 dignissimum.
1284 1247 1505 1310 Averte,
1537 1244 1766 1301 obsecro
1795 1256 1868 1310 te,

289 1351 537 1412 Domine,-
580 1347 765 1401 oculos
807 1354 927 1399 tuos
964 1336 1189 1397 sanctos
1228 1355 1259 1392 a
1303 1335 1596 1409 Conspectu
1641 1339 1875 1408 turpitu-

290 1441 475 1493 dimnn
522 1450 580 1495 et
632 1436 1095 1493 abominationum
1141 1445 1408 1498 mearum,
1474 1445 1612 1500 quas
1665 1431 1710 1485 si
1771 1445 1873 1502 ego

295 1531 575 1600 perlucide
603 1540 658 1585 et
687 1529 842 1599 plene
880 1525 1249 1595 conspicerem
1275 1531 1331 1576 et
1356 1522 1619 1589 viderem,
1646 1521 1876 1576 horrere

292 1628 460 1681 nimio
504 1641 609 1680 non
652 1623 1001 1686 sustinerem,
1049 1619 1144 1674 sed
1175 1632 1261 1672 me
1305 1618 1482 1687 ipsum
1512 1616 1792 1670 horrerem
1820 1623 1876 1669 et

291 1716 554 1785 fugerem.
605 1714 821 1776 Averte,
875 1710 1124 1776 obsecro,
1175 1721 1338 1761 nares
1386 1713 1506 1758 tuas
1550 1720 1580 1759 a
1611 1704 1874 1759 fetoribus

1969 511 2120 560 χειν,
2157 495 2244 564 6);
2280 503 2336 549 et
2383 493 2604 548 conanti
2654 501 2920 547 creatura:
2969 499 3072 545 tute
3119 490 3186 544 ad
3235 499 3288 545 te
3328 489 3548 561 porrige

1969 587 2268 642 dexteram.
2341 584 2544 652 Adjnva
2602 583 2980 637 infirmitatem
3033 581 3284 636 conantis
3343 580 3410 634 ad
3468 589 3545 634 te.

1972 678 2148 734 Trahe
2183 679 2378 747 ipsum,
2407 676 2498 746 qui
2544 675 2654 731 scis
2699 675 2872 744 ipsum
2904 688 3010 728 non
3058 688 3217 742 posse
3252 673 3318 727 ad
3352 681 3404 728 te
3449 686 3547 725 ve-

1970 769 2110 832 nire,
2137 768 2239 822 nisi
2272 777 2326 822 tu
2355 767 2518 821 Pater
2542 767 2775 821 traxeris
2809 780 2931 820 eum
2981 773 3072 818 tuo
3124 779 3308 818 amore
3332 773 3386 818 et
3410 759 3552 818 desi-

1971 860 2122 915 derio
2151 858 2332 930 (Joan.
2365 875 2443 924 γι,
2472 857 2586 925 44).
2615 855 2724 911 Fac
2750 871 2835 911 me
2869 869 3084 911 servum
3113 851 3207 908 tibi
3242 853 3549 922 acceptabi-

1970 951 2076 1006 lem
2104 960 2160 1005 et
2187 950 2465 1020 placitum,
2506 948 2597 1017 qui
2649 948 2758 1003 scis
2805 959 2890 1002 me
2917 963 3022 1002 non
3054 963 3214 1018 posse
3263 947 3423 1000 aliter
3453 945 3549 1002 tibi

1971 1042 2207 1112 placere.
2271 1043 2370 1106 Da,
2435 1042 2694 1106 ebsecro,
2751 1041 2893 1096 dona
2950 1040 3037 1094 illa
3093 1050 3304 1106 sancta,
3360 1041 3556 1108 quibus

1974 1134 2102 1189 solis
2133 1134 2224 1188 tibi
2261 1133 2544 1202 placeam;
2579 1132 2669 1203 qui
2719 1133 2816 1187 das
2856 1133 2995 1187 bona
3043 1141 3196 1200 grata
3244 1131 3555 1201 petentibus

1975 1233 2058 1287 te;
2088 1222 2194 1288 fac,
2223 1239 2427 1292 quaeso,
2467 1232 2523 1277 ut
2555 1233 2608 1276 tu
2653 1223 2800 1278 solus
2835 1223 2911 1278 sis
2951 1238 3104 1277 amor
3149 1239 3299 1278 meus
3328 1233 3381 1277 et
3416 1225 3558 1280 desi-

1975 1315 2184 1370 derium
2239 1330 2440 1379 meum,
2477 1325 2531 1368 tu
2581 1316 2730 1370 solus
2780 1315 2854 1370 sis
2901 1331 3055 1370 amor
3097 1315 3262 1387 216
3306 1333 3456 1372 meus
3503 1328 3558 1371 et

1977 1407 2140 1462 timor
2167 1422 2338 1462 meus.
2383 1407 2608 1462 Vindica
2651 1423 2736 1462 me
2786 1417 2958 1464 totum
2992 1408 3086 1462 tibi
3129 1410 3218 1477 qui
3255 1424 3340 1463 me
3387 1419 3558 1464 totum

1975 1498 2117 1568 quod
2143 1515 2287 1565 sum,
2331 1509 2386 1554 et
2425 1507 2596 1554 totum
2640 1499 2783 1569 quod
2822 1501 2874 1553 in
2923 1514 3029 1565 me,
3063 1500 3172 1554 imo
3220 1509 3388 1554 totum
3417 1501 3561 1570 quod

1977 1591 2150 1661 sapio,
2184 1599 2352 1645 totum
2399 1591 2544 1661 quod
2593 1606 2833 1652 moveor.
2885 1591 3080 1645 debere
3131 1589 3226 1644 tibi
3272 1590 3369 1645 soli
3424 1589 3561 1647 scio.

1980 1681 2173 1736 Totum
2202 1697 2289 1738 me
2321 1693 2576 1739 converte
2601 1683 2654 1738 in
2683 1678 2893 1738 laudem
2925 1692 2979 1738 et
3004 1680 3231 1754 gloriam
3265 1690 3434 1748 tuam,
3467 1682 3562 1754 qui

293 1772 462 1870 meis;
512 1813 567 1858 et
614 1804 681 1858 ad
730 1772 1076 1872 temetipsum
1111 1772 1402 1852 converte.
1458 1793 1604 1862 Scio,
1651 1794 1875 1850 Domine
1908 1773 1950 1828 Β
1980 1783 2147 1872 [mum
2193 1789 2279 1830 me
2308 1775 2479 1830 debeo
2515 1775 2658 1829 13m“
2706 1785 2829 1830 ιυαῖο
2877 1774 2954 1830 Ne
2982 1781 3186 1840 πελάθει
3217 1772 3444 1831 Obsecro
3487 1785 3560 1838 ιον

291 1899 698 1962 misericordiae,
737 1897 878 1967 quod
925 1892 1111 1950 mundi
1141 1900 1268 1947 sunt
1305 1888 1446 1945 oculi
1477 1889 1552 1943 tui
1581 1889 1778 1956 sancti,
1823 1898 1879 1944 et

293 1992 574 2046 horrorem
618 1987 978 2045 deformitatis
1023 1999 1178 2050 mete,
1233 1980 1337 2035 nisi
1385 1987 1443 2034 tu
1478 1979 1695 2034 dederis
1740 1979 1876 2034 mihi

293 2081 458 2148 bona,
489 2080 686 2152 quibus
725 2078 966 2150 placeam
1012 2074 1135 2141 tibi,
1180 2088 1290 2129 non
1341 2079 1568 2142 possunt
1609 2070 1875 2140 aspicere.

295 2171 422 2228 Scio
466 2171 611 2242 quod
639 2180 750 2225 tota
801 2178 891 2224 tua
942 2167 1094 2223 curia
1145 2164 1384 2220 caelestis
1438 2161 1640 2217 avertit
1691 2160 1881 2216 oculos

294 2281 442 2333 suos,
485 2276 538 2321 et
582 2279 742 2320 aures
787 2265 1030 2330 obturat,
1081 2257 1512 2314 abominationes
1557 2268 1709 2310 meas
1738 2253 1882 2310 ferre

295 2375 404 2412 non
431 2360 726 2414 sustinens.
759 2355 869 2412 Sed
907 2363 984 2419 tu,
1026 2351 1338 2407 misericors
1362 2348 1545 2414 Pater,
1574 2348 1641 2402 ad
1675 2347 1878 2403 fontem

298 2449 449 2503 illum
483 2447 868 2504 misericordiae
897 2451 1237 2503 convertere,
1290 2440 1446 2508 cujus
1493 2438 1882 2493 misericordiae

281 2552 406 2592 «non
444 2547 526 2592 est
556 2551 812 2592 numerus
846 2549 946 2590 nec
994 2532 1140 2596 finis,
1175 2540 1231 2585 et
1279 2530 1367 2600 pio
1398 2544 1464 2584 ac
1506 2543 1702 2584 sereno
1733 2527 1883 2582 vultu

299 2630 508 2700 respice
538 2645 624 2685 me
653 2637 956 2684 creaturam
987 2635 1154 2680 tuam.
1187 2623 1450 2678 Creatura
1484 2633 1575 2677 tua
1605 2636 1706 2692 ego
1735 2635 1879 2690 sum,

298 2723 548 2790 Domine,
579 2732 633 2778 et
659 2736 794 2792 Opus
829 2733 1086 2774 manuum
1119 2726 1358 2771 tuarum.

373 2813 630 2870 Reforma
676 2815 860 2882 igitur,
905 2813 1152 2876 obsecro,
1186 2808 1330 2879 quod
1378 2807 1432 2861 in
1481 2821 1569 2862 me
1609 2805 1887 2876 fecisti,et

300 2903 522 2959 destrue
552 2903 696 2973 quod
740 2916 840 2972 ego
884 2909 1072 2956 contra
1125 2898 1379 2953 mandata
1417 2905 1506 2950 tua
1543 2896 1597 2950 in
1631 2911 1717 2951 me
1757 2896 1883 2952 feci.

299 2996 416 3050 Hoc
453 2996 616 3067 igitur
647 2996 867 3050 destrue
915 2991 1058 3061 quod
1100 2989 1264 3046 odisti
1298 2990 1352 3043 in
1387 3003 1496 3053 me,
1529 2995 1586 3042 et
1637 2987 1781 3058 quod
1829 2996 1887 3042 tu

301 3089 491 3158 utique
520 3103 627 3143 non
673 3087 874 3147 fecisti.
905 3086 1000 3141 sed
1043 3099 1143 3155 ego
1181 3084 1366 3138 miser.
1414 3081 1528 3136 Hoc
1568 3080 1804 3135 reforma
1835 3088 1890 3135 et

301 3180 466 3235 retice
499 3179 643 3250 quod
690 3189 744 3234 tu
792 3178 907 3247 ipse
943 3174 1120 3231 fecisti
1165 3182 1222 3228 et
1267 3170 1538 3227 formasti.
1577 3168 1691 3225 Hoc
1739 3168 1885 3224 enim

301 3283 386 3327 cst
417 3282 590 3336 tuum,
622 3272 846 3326 Domine
880 3269 1023 3323 Deus
1050 3281 1223 3331 meus,
1254 3266 1356 3321 hoc
1385 3274 1470 3319 est
1508 3263 1712 3328 odisse,
1743 3262 1890 3332 quod

303 3377 410 3416 non
469 3377 649 3430 posse.
700 3359 852 3413 Nihil
907 3359 1065 3412 odisti
1127 3373 1308 3411 eorum
1350 3371 1468 3426 quae
1511 3353 1682 3424 fecisti
1735 3352 1888 3424 (Sap.

305 3466 384 3515 ιι,
443 3450 557 3522 25).
605 3449 718 3505 Hoc
747 3451 967 3504 destrue
1013 3447 1068 3501 in
1100 3463 1188 3501 me
1213 3447 1356 3516 quod
1387 3460 1565 3499 meum
1611 3454 1720 3510 est,
1747 3443 1891 3514 quod

307 3541 493 3610 utique
525 3550 577 3595 tu
623 3556 728 3595 non
758 3539 958 3603 fecisti,
998 3540 1101 3593 hoc
1129 3548 1234 3603 est,
1263 3536 1652 3607 turpitudinem
1679 3535 1890 3590 abomi-

307 3634 587 3688 nationum
621 3649 886 3688 mearum.
920 3631 997 3686 Ne
1029 3645 1114 3685 me
1153 3631 1422 3684 destruas.
1466 3627 1616 3682 Hanc
1648 3627 1890 3694 destrue,

307 3723 621 3778 misericors
662 3732 719 3779 et
755 3724 1043 3778 miserator
1074 3720 1334 3783 Domine;
1365 3719 1506 3772 hanc
1529 3717 1675 3772 enim
1704 3716 1892 3782 odisti,

306 3823 362 3866 et
389 3814 530 3868 hanc
557 3821 615 3868 ut
636 3814 816 3870 odisse
849 3811 1108 3880 incipiam
1139 3809 1271 3863 mihi
1299 3807 1530 3877 largitus
1557 3819 1641 3860 es.

829 3899 1203 3958 MEDITATIO
1244 3898 1373 3954 Vlll.

631 3995 868 4051 Eleratio
907 3993 1200 4065 pcenitentis
1230 3991 1298 4045 ad
1332 3986 1575 4043 Patrem.

383 4089 636 4160 Respice,
659 4089 907 4150 obsecro,
933 4091 1119 4138 sancte
1141 4080 1301 4136 Pater
1322 4078 1669 4148 omnipotens
1693 4084 1897 4134 aeterne

310 4181 478 4246 Deus,
510 4181 577 4235 ad
620 4179 766 4233 illam
801 4173 1185 4230 misericordia:
1223 4181 1326 4226 tuae
1371 4169 1893 4224 exundantissimam

309 4275 588 4346 abyssum,
619 4287 725 4342 qua
766 4269 913 4325 velut
961 4267 1220 4322 diluvium
1265 4263 1559 4319 ablutionis
1586 4263 1897 4318 charissimi

311 4367 435 4422 Filii
471 4367 547 4420 tui
596 4361 860 4433 unigeniti
893 4357 1349 4431 pretiosissimum
1398 4353 1802 4424 vivificumque,
1842 4354 1896 4408 in

1980 1868 2226 1935 Domine,
2264 1868 2510 1923 hostibus
2541 1869 2646 1922 tuis
2689 1876 2991 1923 creaturam
3022 1878 3190 1934 tuam,
3240 1870 3410 1924 retine
3444 1883 3564 1923 eam

1981 1957 2098 2023 tibi,
2129 1956 2282 2026 cujus
2325 1966 2411 2013 est
2437 1957 2602 2013 solius
2632 1958 2962 2027 plenissime,
3007 1969 3061 2013 et
3090 1956 3401 2028 singillatim
3429 1974 3564 2013 con-

1980 2065 2192 2106 summa
2219 2050 2272 2106 in
2289 2065 2376 2108 me
2399 2051 2540 2122 quod
2566 2050 2800 2120 coepisti,
2829 2061 2885 2106 et
2913 2050 3175 2105 confirma
3202 2052 3343 2122 quod
3371 2064 3566 2122 Opera-

1984 2148 2072 2194 tus
2105 2155 2186 2196 es.

2053 2232 2284 2298 Exaudi,
2349 2231 2606 2297 obsecro,
2660 2233 2963 2289 orationem
3023 2249 3240 2299 meam,
3295 2232 3448 2305 cujus
3508 2243 3566 2290 tu

1982 2322 2212 2394 largitor
2243 2332 2298 2380 et
2343 2323 2638 2393 inSpirator
2677 2340 2759 2391 es,
2807 2331 3097 2394 antequam
3147 2326 3458 2381 invocarem
3493 2335 3565 2381 te.

1987 2416 2214 2486 Respice
2260 2416 2652 2488 supplicantem
2701 2415 2817 2484 tibi,
2863 2418 2954 2487 qui
3002 2433 3109 2483 me,
3150 2419 3278 2474 dum
3323 2435 3565 2486 orarem,

1986 2510 2257 2579 respicere
2299 2510 2376 2565 sic
2401 2509 2654 2578 dignatus
2687 2525 2766 2565 es.
2811 2510 2926 2565 Non
2964 2511 3016 2564 in
3057 2523 3312 2576 vacuum,
3344 2512 3572 2568 misera.

1986 2608 2072 2654 tor
2104 2601 2346 2664 Domine,
2377 2602 2680 2656 orationem
2710 2599 2867 2656 istam
2901 2601 3170 2672 inspirare
3207 2601 3459 2673 dignatus
3484 2619 3566 2670 es,

1986 2705 2095 2744 non
2136 2689 2333 2746 frustra
2380 2706 2502 2746 eam
2552 2689 2779 2762 largitus
2819 2707 2879 2748 es
2915 2691 3067 2747 mihi.
3121 2693 3202 2747 Ad
3236 2695 3338 2749 hoc
3383 2695 3569 2765 utiqeu

1989 2781 2121 2836 mihi
2171 2797 2290 2836 eam
2323 2781 2512 2853 largiri
2549 2781 2804 2853 dignatus
2832 2799 2910 2848 es,
2959 2793 3019 2838 ut
3061 2781 3319 2840 exaudias
3356 2801 3460 2840 me.
3490 2784 3572 2842 Ad

1987 2871 2093 2927 hoc
2120 2871 2313 2926 dedisti
2346 2869 2500 2937 mihi,
2549 2881 2605 2926 ut
2633 2870 2994 2942 supplicarem
3033 2873 3127 2928 tibi
3175 2884 3233 2927 ut
3261 2872 3572 2932 miserearis

1990 2963 2120 3018 mihi
2145 2964 2414 3033 peccaturi
2445 2973 2499 3020 et
2539 2963 2626 3020 cui
2651 2964 2764 3035 jam
2789 2965 3007 3018 arrham
3054 2966 3440 3022 misericordiae
3469 2979 3574 3024 tute

1993 3053 2250 3121 tribuisti,
2303 3053 2499 3124 largire
2547 3055 2842 3108 residuum.
2875 3051 3154 3124 Rccupera
3203 3071 3310 3121 me,
3347 3054 3576 3112 Domine

1992 3145 2135 3201 Deus
2183 3161 2351 3209 meus,
2402 3155 2458 3202 et
2485 3161 2615 3202 erue
2649 3145 2716 3201 de
2746 3147 2996 3201 manibus
3038 3148 3382 3203 inimicorum
3427 3164 3576 3205 meo-

1992 3254 2134 3304 rum,
2165 3239 2290 3308 quia
2321 3225 2376 3293 et
2428 3238 2526 3308 ipsi
2581 3236 2655 3292 tui
2698 3247 2846 3301 sunt,
2900 3249 2954 3293 et
3006 3239 3413 3309 omnipotentim
3466 3249 3576 3296 tua;

1991 3330 2384 3402 subjiciuntur;
2427 3332 2518 3401 qui
2549 3331 2712 3386 etiam
2759 3329 2894 3384 nihil
2935 3330 3165 3387 oderunt
3213 3331 3267 3387 in
3309 3348 3418 3402 me,
3468 3332 3574 3390 nisi

1993 3423 2132 3494 quod
2181 3424 2376 3479 dedisti
2411 3424 2544 3478 mihi
2577 3423 2630 3478 in
2680 3422 2932 3478 onmibus
2961 3423 3117 3480 bonis
3169 3425 3402 3480 actibus.
3431 3424 3580 3481 Nihil

1993 3519 2224 3573 oderunt
2253 3519 2306 3573 in
2343 3533 2452 3583 me,
2503 3519 2604 3573 nisi
2649 3523 2792 3586 quod
2835 3517 3000 3587 diligo
3049 3527 3119 3572 te.
3173 3514 3288 3574 lloc
3329 3519 3580 3576 omnibus

1994 3609 2186 3662 studiis
2218 3616 2274 3675 et
2315 3608 2521 3663 viribus
2561 3609 2673 3664 suis
2715 3618 2770 3665 et
2815 3618 2926 3665 tota
2966 3609 3155 3664 fraude
3189 3608 3484 3664 moliuntur
3513 3623 3581 3665 ne

1994 3697 2214 3771 diligam
2268 3709 2339 3768 te,
2391 3715 2462 3755 ne
2504 3699 2802 3771 glorilicem
2853 3711 2941 3767 te,
3003 3717 3104 3756 nec
3157 3700 3380 3758 omnino
3434 3717 3581 3772 quae.

1995 3802 2111 3841 ram
2147 3798 2215 3842 te.
2785 3811 2792 3818 ’

2067 3876 2146 3934 Ne
2189 3893 2318 3951 ergo
2354 3880 2684 3950 praevaleant
2729 3882 3014 3936 adversum
3055 3899 3141 3939 me
3180 3881 3363 3938 hostes
3396 3883 3582 3954 gloria:

1999 3969 2232 4037 tute,sed
2258 3969 2431 4044 magis
2457 3972 2861 4029 confundantur
2888 3976 3232 4031 multitudine
3261 3977 3579 4032 misericor-

1999 4062 2100 4121 dite
2136 4074 2258 4130 tute,
2293 4066 2536 4121 videntes
2566 4081 2652 4122 me
2683 4082 3003 4123 conversum
3038 4068 3090 4123 in
3121 4066 3335 4124 laudem
3365 4078 3420 4123 et
3466 4067 3580 4139 glo-

1999 4156 2136 4211 riam
2178 4166 2322 4211 tuam
2367 4167 2534 4213 totum
2569 4175 2813 4230 quaerere
2853 4175 3042 4231 pacem
3078 4169 3134 4215 et
3171 4160 3398 4232 gloriam
3429 4169 3573 4215 tuam

1999 4259 2189 4303 contra
2241 4249 2580 4316 insidiantes,
2627 4261 2682 4306 et
2717 4252 2869 4323 cujus
2918 4253 3349 4308 immutationem
3401 4255 3583 4308 inten-

2000 4341 2153 4397 dunt.
2184 4341 2261 4397 Ne
2303 4343 2507 4414 expleri
2535 4343 2784 4413 patiaris,
2817 4343 3043 4399 obsecro
3077 4354 3148 4408 te,
3194 4345 3441 4409 Domine,
3475 4354 3583 4400 tam

313 4460 501 4514 mundi
546 4432 931 4512 emundatione
959 4449 1280 4511 exundavit,
1315 4445 1470 4514 cujus
1499 4455 1555 4500 et
1582 4454 1756 4501 morte
1778 4446 1896 4516 pla-
1931 4463 1976 4518 ι)
2001 4434 2260 4504 iniquam.
2310 4445 2417 4490 lam
2470 4432 2859 4491 exsecrabilem
2907 4434 3242 4491 voluntatem
3287 4451 3474 4491 eorum
3516 4437 3584 4493 de

313 4553 428 4608 cuit
471 4550 695 4605 bonitati
729 4558 831 4602 luas
877 4545 1042 4599 etiam
1069 4557 1168 4596 nos
1203 4538 1508 4604 viviﬁcare,
1537 4547 1591 4592 et
1620 4536 1739 4606 ejus
1767 4552 1896 4592 san-

315 4644 478 4714 gnine
520 4642 720 4695 lavare.
751 4638 852 4706 Qui
889 4638 1054 4692 etiam
1084 4634 1281 4688 Filium
1330 4640 1480 4684 tuum
1511 4628 1898 4684 charissimum

316 4734 519 4789 mundo
543 4740 697 4786 scuto
724 4731 876 4784 bona:
903 4723 1196 4781 voluntatis
1224 4731 1327 4777 tuae
1353 4719 1527 4792 (Psal.
1574 4735 1628 4785 ν,
1663 4719 1751 4790 15)
1795 4718 1903 4774 lar-

317 4828 463 4897 gitus
487 4841 566 4890 es,
599 4840 707 4894 quo
748 4837 806 4878 se
833 4822 900 4876 ab
938 4821 1018 4875 ira
1055 4827 1143 4872 tua
1175 4823 1546 4887 protegerent,
1573 4823 1626 4869 et
1671 4823 1902 4868 mortem

319 4936 482 4989 quam
508 4925 777 4981 metuunt,
819 4915 934 4984 ipse
961 4913 1105 4968 illam
1131 4920 1286 4967 scuto
1324 4910 1550 4980 justitiae
1581 4918 1686 4964 tua:
1717 4918 1772 4964 et
1809 4909 1902 4978 ju-

320 5012 572 5068 stissima:
619 5010 712 5062 ira:
742 5016 846 5061 tute
887 5003 1097 5072 objecto
1137 5003 1434 5072 exciperet.
1485 4999 1608 5064 Ubi,
1640 5008 1901 5068 quantum

319 5120 419 5176 per
472 5113 523 5157 te
569 5103 726 5155 nobis
771 5097 895 5152 boni
943 5096 1130 5160 velles,
1181 5093 1470 5148 ostendere
1511 5093 1767 5162 dignatus
1820 5105 1900 5156 es,

322 5201 448 5250 dum
481 5194 859 5249 charissimqu
909 5187 1104 5242 Filium
1139 5195 1312 5248 tuum,
1344 5183 1492 5238 velut
1540 5192 1777 5247 scutum,
1812 5181 1905 5236 irae

325 5301 430 5342 tute
477 5298 751 5355 opponere
789 5283 1040 5351 dignatus
1071 5292 1150 5331 es.
1207 5277 1274 5329 Et
1303 5275 1476 5344 ipsum
1511 5273 1715 5342 placuit
1744 5273 1904 5327 mise-

323 5379 569 5434 ricordiae
602 5387 706 5430 tua:
747 5383 802 5428 et
829 5374 963 5426 iram
995 5379 1144 5438 tuam
1187 5376 1241 5420 et
1274 5375 1503 5419 mortem
1539 5373 1776 5419 nostram
1811 5380 1905 5418 cx-

321 5472 521 5539 cipere,
555 5469 690 5522 iram
738 5479 899 5534 quam
948 5471 1342 5519 merueramus,
1391 5464 1446 5506 et
1495 5462 1746 5506 mortem.
1787 5452 1906 5522 Ipse

313 5577 451 5615 vero
483 5558 802 5628 Unigenitus
853 5564 977 5608 tuus
1019 5558 1251 5606 mortem
1297 5554 1540 5601 nostram
1588 5543 1736 5598 solus
1771 5558 1905 5614 por-

323 5649 477 5705 tavit.

395 5749 744 5806 Reminiscerc
793 5743 1188 5799 miserationum
1243 5749 1482 5806 tuarum,
1540 5736 1802 5805 Domine,
1861 5744 1904 5792 et

649 5842 925 5904 Panos.
945 5919 966 5923 _
981 5831 1250 5899 CLVIII.

2003 4542 2109 4591 me,
2136 4535 2193 4582 et
2221 4536 2410 4583 contra
2436 4541 2540 4581 me.
2585 4527 2867 4597 Magnifica
2893 4543 3042 4599 ergo,
3078 4529 3220 4583 Deus
3257 4544 3429 4593 meus,
3463 4532 3587 4584 ani-

2003 4633 2149 4672 mam
2200 4633 2373 4672 meam
2424 4617 2489 4670 ad
2545 4615 2970 4671 annuntiandum
3023 4616 3236 4672 laudem
3293 4626 3477 4686 tuam,
3530 4630 3587 4674 et

2003 4707 2187 4779 gloria:
2219 4717 2321 4763 tua:
2350 4706 2639 4778 praeconia,
2684 4718 2741 4762 ut
2770 4717 2914 4764 totus
2944 4708 3010 4764 d‘e
3057 4719 3255 4764 caetero
3285 4712 3582 4765 secundum

2004 4801 2424 4870 magnitudinem
2453 4801 2638 4870 gloriae
2672 4810 2775 4856 tuae
2818 4799 3022 4868 vivam,
3072 4811 3291 4872 totaque
3326 4805 3437 4858 vita
3467 4817 3587 4858 mea

2007 4901 2057 4949 te
2108 4891 2394 4963 glorificet.
2448 4891 2708 4963 Exemplo
2764 4910 2884 4949 meo
2936 4893 3002 4952 ad
3051 4895 3456 4966 glorificandum
3513 4901 3587 4959 te,

2007 4983 2174 5038 invita
2202 4994 2254 5038 et
2283 5000 2512 5054 provoca
2545 4987 2742 5042 multos
2779 4986 3208 5058 praedestinatos.
3262 4985 3586 5051 Abstrahat,

2005 5091 2212 5148 quaeso,
2229 5078 2518 5134 vilissimus
2531 5090 2586 5135 et
2607 5080 3069 5136 immundissimos
3088 5078 3586 5148 abominabilesque

2005 5171 2226 5241 spiritus
2267 5173 2610 5227 tenebrarum
2644 5189 2671 5226 a
2720 5189 2828 5236 me,
2860 5171 3160 5243 pra-sentite
3203 5167 3588 5226 luminositatis

2005 5273 2061 5319 et
2088 5265 2376 5319 suavitatis
2404 5262 2586 5336 gloriae
2617 5276 2740 5331 tune,
2786 5280 2947 5335 quam
2993 5264 3262 5319 su3tincre
3290 5278 3396 5316 non
3447 5278 3575 5332 pos-

2007 5364 2154 5410 sunt.
2185 5356 2440 5424 Dirumpe
2465 5356 2677 5410 vincula
2711 5371 2853 5419 mea,
2893 5363 2948 5408 et
2976 5355 3112 5408 educ
3158 5367 3244 5406 me
3269 5352 3338 5407 de
3365 5352 3592 5408 conclu-

2009 5449 2180 5512 sione,
2227 5449 2375 5502 etde
2419 5463 2638 5504 carcere
2669 5447 2888 5501 horrido
2926 5455 2982 5500 et
3029 5447 3316 5500 tenebroso
3365 5445 3583 5500 teterri-

2007 5556 2224 5611 meque,
2259 5550 2313 5596 et
2357 5541 2423 5596 de
2454 5542 2574 5596 lacu
2609 5541 2864 5605 miserias,
2910 5547 2963 5594 et
3010 5539 3075 5594 de
3104 5539 3217 5594 luto
3245 5539 3411 5605 ficcis,
3441 5547 3496 5594 et
3522 5539 3591 5594 de

2007 5635 2273 5708 profundo
2319 5635 2512 5690 mortis
2565 5643 2619 5688 et
2671 5633 3018 5688 tenebrarum
3070 5632 3123 5687 in
3173 5631 3480 5688 libertatem
3528 5637 3590 5688 et

2008 5729 2181 5785 lucem
2212 5736 2357 5784 tuam
2384 5723 2776 5784 admirabilem.

3194 5817 3273 5877 εδ
