3910 6018
324 270 427 327 747

681 269 740 326 S.
778 266 1073 324 ANSELMI
1109 265 1459 326 CANTUAR.
1498 262 1818 323 ARCHIEP.
1845 258 1996 318 OPP.
2034 258 2215 317 PARS
2252 257 2316 314 Il.
2347 288 2418 299 —
2456 257 2823 315 PARIBNET.
2862 259 2951 316 ET
2987 258 3230 315 ASCET.

3511 262 3616 317 748

396 382 646 439 lllumina
675 397 762 439 me
808 382 911 438 ﬁde
940 380 1295 438 saluberrima
1330 392 1443 448 tua,
1472 377 1689 435 laetiﬁca
1732 392 1820 433 me
1861 384 1916 432 et
1945 378 1993 437 Δ
2022 374 2191 428 tantis
2239 370 2555 428 vulneribus
2609 381 2666 427 et
2720 372 3134 444 mgritudinibus
3179 381 3236 429 et
3285 382 3460 429 morte
3491 375 3625 443 ipsa,

329 477 590 535 conﬁrma
625 492 721 548 spe
747 476 1141 551 iucundissima
1173 483 1228 530 et
1267 473 1579 530 certissima
1617 481 1730 527 tua.
1763 471 1917 526 Vivi-

334 570 435 624 ﬁca
466 582 549 622 me
583 566 874 623 dilectione
898 565 1193 620 fortissima
1231 570 1288 619 et
1319 561 1627 634 justissima
1656 569 1768 617 tua.
1816 559 1919 614 De-

330 662 503 731 prime
530 675 616 715 me
652 670 708 714 et
739 659 962 714 humilia
991 669 1153 729 atque
1176 655 1389 712 custodi
1434 668 1522 709 me
1566 652 1764 708 timore
1807 650 1921 706 for-

332 751 563 816 tissimo,
595 751 948 806 securissimo
989 760 1045 805 et
1100 746 1462 803 invictissimo
1489 754 1603 801 tuo.
1634 742 1921 800 Confunde

329 845 621 899 salubriter
664 858 750 898 me
780 845 986 914 pudore
1040 840 1413 914 pulcherrimo
1444 850 1499 896 et
1525 836 1921 911 gloriosissimo

331 949 442 993 tuo.
494 937 723 1004 Quoties
771 945 895 991 ante
956 936 1143 991 oculos
1198 933 1321 991 tuos
1368 934 1575 1004 aliquid
1628 931 1772 1002 quod
1826 943 1920 985 eos

328 1028 567 1085 offendat
600 1028 788 1096 aﬁ‘ero,
837 1037 1028 1099 torque
1072 1042 1180 1095 me,
1231 1026 1407 1098 aﬁlige
1452 1040 1541 1081 me
1578 1024 1765 1079 dolore
1795 1037 1919 1077 mu-

330 1122 505 1191 liebri,
541 1130 598 1175 et
621 1121 947 1177 suavissimo
975 1121 1133 1176 modo
1165 1118 1606 1190 compunctionis
1637 1115 1920 1170 medicina:

329 1214 722 1270 efﬁcacissima:
748 1223 874 1279 tua),
906 1228 975 1268 ne
1003 1213 1252 1269 recedam
1282 1227 1311 1266 a
1338 1212 1482 1267 facie
1529 1206 1920 1265 misericordiae

332 1318 436 1362 tute
461 1322 665 1361 vacuus
709 1317 765 1361 et
794 1304 1069 1370 confusus,
1101 1305 1196 1360 sed
1235 1302 1507 1359 obtineam
1546 1298 1832 1371 quidquid,
1866 1305 1919 1351 te

323 1399 572 1471 jubente,
615 1407 666 1453 te
696 1398 959 1469 largiente
988 1407 1043 1452 et
1069 1396 1401 1467 inspirante,
1431 1401 1634 1464 petam,
1677 1402 1732 1446 et
1765 1390 1920 1460 quid-

330 1494 461 1565 quid
499 1504 552 1549 tc
578 1494 889 1563 petentibus
916 1491 1236 1562 promisisti.
1284 1488 1550 1551 Scntiam,
1604 1485 1919 1540 misericors

330 1593 385 1641 et
410 1585 699 1639 miserator
729 1582 978 1647 Domine,
1010 1583 1154 1654 quod
1182 1596 1288 1638 non
1319 1580 1372 1635 in
1403 1592 1599 1633 vanum
1643 1575 1709 1630 ad
1757 1574 1920 1630 mise-

331 1677 618 1747 ricordiam
669 1686 817 1731 tuam
864 1674 1195 1746 confugitur,
1248 1682 1305 1729 et
1350 1680 1551 1743 praesto
1600 1683 1661 1724 es
1695 1675 1748 1723 te
1773 1682 1919 1737 quae-

2022 465 2333 535 depressus,
2380 471 2434 519 et
2460 464 2728 534 impotens
2746 462 2998 520 effectus.
3030 464 3138 520 Sed
3172 473 3250 534 tu,
3280 465 3609 522 misericors

2020 555 2206 623 Pater,
2237 562 2496 611 converte
2538 571 2647 623 me,
2695 563 2753 611 et
2781 566 3072 613 convertar
3110 557 3179 611 ad
3216 565 3291 612 te.
3335 556 3610 613 Converte

2022 662 2131 716 me,
2178 647 2425 713 Domine,
2475 648 2545 704 ad
2582 656 2657 714 te,
2702 656 2758 702 et
2793 655 3015 703 contere
3059 656 3115 704 et
3158 646 3462 704 contribula
3511 662 3613 703 cor

2021 751 2225 804 meum,
2247 746 2303 793 et
2326 748 2521 795 sensus
2542 736 2744 793 viviﬁci
2777 738 2981 795 doloris
3011 738 3268 796 immitte.
3309 738 3433 809 Non
3458 741 3607 796 enim

2020 837 2106 885 est
2130 826 2252 885 fons
2272 828 2539 885 bonorum
2564 838 2764 900 praster
2788 837 2861 886 te.
2881 829 2998 886 Non
3027 839 3111 887 est
3139 846 3170 886 a
3199 846 3308 902 quo
3335 831 3606 904 accipiam

2022 935 2264 978 amorem
2293 931 2350 977 et
2374 920 2623 978 timorem
2647 929 2705 978 et
2732 920 2979 978 dolorem
3008 931 3064 979 et
3089 924 3377 993 pudorem,
3407 924 3612 995 quibus

2021 1023 2205 1066 coram
2260 1019 2313 1066 te
2364 1010 2738 1067 misericordia
2798 1011 2996 1081 dignus
3048 1010 3331 1078 inveniar,
3383 1013 3486 1068 nisi
3538 1015 3611 1071 de

2022 1103 2284 1173 praelarga
2324 1105 2701 1161 misericordia
2729 1113 2816 1161 tua
2851 1120 3017 1177 super
3040 1120 3128 1162 me
3160 1106 3605 1178 indignissimum

2021 1196 2251 1266 gratiam
2290 1195 2567 1252 effuderis.
2603 1197 2850 1262 Domine,
2901 1198 2947 1253 si
3001 1199 3161 1253 istam
3198 1199 3333 1254 mihi
3380 1214 3611 1258 conces-

2021 1287 2179 1353 seris,
2224 1288 2417 1343 bcatus
2442 1301 2559 1343 ero.
2590 1287 2647 1344 Si
2692 1288 2748 1343 in
2779 1303 2865 1344 me
2887 1288 3093 1361 ﬁagitia
3115 1301 3173 1346 et
3205 1289 3450 1348 facinora
3486 1308 3609 1350 mea

2020 1377 2298 1436 vindicare
2323 1378 2620 1434 secundum
2641 1377 2906 1445 judicium
2940 1388 2998 1436 et
3030 1379 3299 1448 justitiam
3330 1389 3476 1437 tuam
3518 1383 3608 1438 di-

2020 1476 2216 1541 gnatus
2259 1468 2448 1537 fueris,
2497 1469 2627 1526 felix
2654 1485 2808 1537 sum;
2842 1486 2949 1527 non
2979 1481 3163 1528 autem
3209 1472 3255 1529 si
3303 1475 3609 1533 secundum

2022 1564 2160 1619 iram
2192 1571 2359 1628 tuam,
2389 1578 2510 1633 quae
2552 1563 2785 1621 rebelles
2815 1572 2873 1620 et
2915 1572 3265 1624 contumaces
3289 1568 3607 1626 misericor-

2023 1656 2125 1713 dia:
2153 1665 2258 1713 tuae
2284 1657 2701 1727 comprehendit
2723 1659 2779 1713 in
2805 1657 2936 1715 ﬁne.

330 1771 577 1826 rentibus
619 1769 686 1824 ad
738 1766 1120 1823 inveniendum
1146 1773 1221 1830 te,
1265 1762 1488 1834 etquod
1535 1776 1640 1816 non
1671 1758 1921 1815 deﬁciam
1955 1747 2055 1820 ”..
2092 1749 2162 1804 Et
2186 1749 2301 1804 hinc
2341 1759 2426 1805 est
2445 1747 2660 1818 jttstitia
2693 1759 2808 1818 tua,
2850 1761 2907 1806 et
2925 1748 3190 1820 judicium
3224 1762 3400 1824 tuum,
3442 1756 3607 1813 miseo

329 1863 472 1933 apud
502 1871 552 1918 te
583 1862 788 1917 fontetn
836 1858 1228 1916 misericordiae
1259 1867 1384 1923 tuae,
1432 1855 1523 1925 qui
1556 1855 1621 1910 de
1650 1851 1920 1925 profundo

332 1969 418 2008 me
456 1954 742 2025 eripuisti,
783 1960 838 2007 et
865 1967 1005 2023 qua},
1037 1959 1093 2006 et
1117 1958 1343 2021 quanta,
1387 1957 1452 2005 eL
1470 1956 1604 2018 quot
1645 1943 1918 2016 intelligis,

331 2046 628 2101 contui-isti.
682 2045 883 2102 Eadem
936 2046 1139 2115 quippe
1182 2040 1440 2098 facultate
1488 2037 1917 2109 omnipotentiae,

335 2142 614 2214 sapientiae
640 2149 695 2196 et
715 2140 978 2195 bonitatis
1006 2149 1133 2205 tuae,
1165 2151 1274 2208 qua
1310 2135 1498 2192 dixisti
1526 2143 1583 2189 et
1618 2133 1761 2188 facta
1790 2138 1919 2187 sunt

330 2233 539 2299 omnia,
571 2248 635 2288 ea
673 2231 937 2287 facilitate
983 2229 1374 2286 misericordia:
1401 2235 1506 2282 ture
1531 2226 1716 2282 dicere
1736 2233 1918 2295 potes,

335 2335 392 2382 et
428 2325 868 2381 informabuntur
896 2324 949 2379 in
984 2340 1071 2379 me
1095 2322 1280 2379 omnia
1308 2319 1631 2377 deformata.

403 2418 571 2485 Ecce,
623 2417 965 2488 omnipotens
1011 2424 1066 2469 et
1122 2414 1434 2470 misericors
1486 2411 1665 2474 Pater,
1731 2417 1809 2465 tot
1867 2415 1924 2464 et

333 2521 481 2568 tanta
517 2511 782 2567 beneﬁcia
833 2518 923 2563 tua
972 2523 1093 2578 quae
1138 2507 1341 2579 recepi,
1371 2504 1707 2569 enumeravi,
1756 2512 1832 2560 tot
1868 2510 1923 2558 et

332 2611 484 2657 tanta
516 2600 679 2666 mala,
719 2615 840 2670 qua:
867 2598 1098 2654 bonitati
1133 2606 1240 2652 tua:
1278 2596 1509 2662 reddidi,
1540 2593 1800 2660 recitavi;
1838 2592 1924 2647 in-

333 2692 461 2749 felix
514 2707 615 2764 ego
658 2706 777 2746 sum
823 2698 877 2745 et
929 2691 1194 2761 ingratus,
1246 2687 1338 2759 qui
1388 2696 1511 2758 post
1549 2695 1625 2742 tot
1669 2695 1724 2741 et
1771 2692 1921 2740 tanta

333 2785 497 2850 mala,
541 2799 663 2854 quae
708 2790 929 2838 manent
974 2798 1082 2849 me,
1123 2789 1176 2837 et
1224 2779 1510 2836 imminent
1551 2778 1708 2844 mihi,
1744 2778 1922 2835 adhuc

331 2875 528 2945 gelido,
555 2874 691 2930 duro
715 2883 771 2929 et
790 2872 1087 2944 impudenti
1108 2882 1167 2928 et
1193 2881 1408 2927 mortuo
1434 2881 1489 2927 et
1516 2871 1736 2944 stupido
1758 2872 1921 2928 corde

332 2983 450 3023 sum
483 2980 669 3022 coram
717 2973 789 3027 te,
842 2969 894 3019 ct
948 2979 1054 3018 non
1107 2964 1390 3019 erubesco.
1437 2960 1495 3016 In
1531 2971 1606 3016 tot
1652 2970 1707 3017 et
1755 2961 1921 3018 tantis

332 3058 632 3114 latrociniis
660 3056 1047 3129 deprehensus,
1079 3065 1134 3111 et
1177 3054 1352 3113 solum
1397 3063 1722 3126 exspectans
1754 3051 1922 3109 infer-

332 3150 453 3207 nale
480 3150 798 3222 patibulum,
847 3164 946 3204 nec
995 3149 1188 3204 timore
1231 3149 1534 3214 concutior,
1587 3162 1687 3203 nec
1735 3145 1920 3202 dolore

333 3248 609 3313 torqueor,
654 3254 755 3297 nec
798 3239 1004 3310 pudore
1049 3238 1374 3302 confundor,
1412 3252 1515 3293 nec
1563 3252 1751 3293 amore
1810 3247 1918 3294 tam

332 3332 577 3403 placidae,
606 3342 714 3387 tam
759 3331 1026 3386 durabilis
1071 3330 1333 3387 bonitatis
1361 3337 1465 3385 tuae
1493 3329 1784 3386 accendor.
1831 3328 1919 3385 An

331 3433 637 3494 exspectas,
668 3422 987 3479 dulcissime
1031 3420 1213 3487 Pater,
1255 3430 1310 3476 et
1347 3420 1533 3477 differs
1559 3420 1831 3492 respicere
1860 3420 1918 3476 in

332 3531 441 3583 me,
473 3524 529 3570 et
575 3514 823 3570 misereri
853 3514 981 3578 mei,
1031 3526 1313 3584 quousque
1360 3511 1660 3567 secundum
1706 3511 1920 3567 miseri-

330 3607 573 3665 cordiam
604 3615 751 3662 tuam
779 3606 974 3677 dignus
1016 3614 1144 3659 ante
1176 3612 1229 3659 te
1260 3618 1583 3674 appaream,
1610 3611 1671 3657 et
1692 3602 1917 3674 dignum

330 3701 537 3773 aliquid
566 3708 758 3771 rogatu
801 3708 857 3754 et
890 3696 1242 3753 exauditione
1275 3706 1364 3751 tua
1390 3705 1519 3752 ante
1569 3704 1623 3751 te
1648 3693 1920 3750 oﬁ‘eram?

331 3797 474 3879 Ecce
525 3793 761 3850 cadaver
801 3799 1097 3854 mortuum,
1140 3799 1196 3846 et
1246 3789 1526 3846 vermibus
1569 3796 1813 3852 scatens,
1863 3795 1919 3843 et

333 3878 643 3944 triduanum
686 3882 861 3939 fetens
892 3883 959 3938 ad
1000 3890 1052 3937 te
1077 3881 1302 3937 veniens
1346 3883 1399 3936 in
1430 3890 1483 3935 te
1512 3880 1634 3935 vitae
1668 3878 1919 3949 Largito-

332 3993 468 4043 rem,
518 3973 698 4030 attuli.
742 3973 886 4029 Ecce
931 3987 1134 4028 caecum
1187 3972 1253 4026 ad
1297 3969 1709 4025 illtuninandum
1750 3967 1918 4024 offero

330 4068 684 4142 omnipotenti
720 4064 1107 4123 misericordia:
1144 4072 1266 4123 tum,
1301 4071 1357 4118 et
1390 4061 1701 4133 languidum
1734 4062 1801 4115 ad
1830 4075 1919 4115 sa-

334 4166 591 4231 nandum,
619 4171 676 4218 et
700 4170 781 4216 tot
824 4170 878 4215 et
919 4157 1087 4213 tantis
1120 4155 1315 4211 debitis
1344 4154 1666 4225 obligatum,
1697 4154 1765 4207 ad
1812 4151 1920 4207 sol-

331 4258 594 4321 vendum,
643 4252 1002 4311 nudissimum
1051 4258 1106 4304 et
1139 4248 1562 4317 pauperrimum,
1615 4245 1684 4300 ad
1731 4246 1916 4299 ditan-

2020 1841 2200 1896 ricors
2227 1839 2410 1908 Pater,
2441 1842 2587 1913 quod
2617 1842 2833 1906 timore,
2863 1852 2921 1900 et
2949 1859 3154 1913 amore,
3184 1855 3241 1902 et
3284 1846 3511 1916 pudore,
3551 1859 3612 1906 et

2021 1935 2208 1992 dolore
2239 1936 2425 2002 agitur
2453 1936 2509 1990 in
2546 1936 2806 1999 cordibus
2832 1938 3102 1995 veraciter
3126 1939 3504 2009 pmnitcntium
3547 1950 3615 1996 et.

2024 2028 2365 2084 redeuntium
2397 2029 2465 2084 ad
2494 2028 2799 2091 bonitatem
2844 2037 3019 2096 tuam,
3066 2040 3128 2087 ut
3170 2031 3601 2091 misericordiam

2022 2122 2446 2183 consequantur.
2492 2113 2714 2186 Conﬁge
2742 2129 2874 2187 ergo
2902 2116 3174 2175 latronem
3199 2119 3365 2175 istum
3408 2120 3607 2177 timore

2024 2212 2116 2283 tuo
2139 2214 2348 2272 sancto,
2379 2214 2436 2262 et
2475 2206 2643 2261 adure
2684 2216 2992 2277 apostatam
3032 2209 3200 2266 istum
3243 2210 3368 2282 igne
3401 2214 3610 2269 amoris

2010 2307 2076 2355 et
2116 2300 2402 2357 charitatis
2446 2309 2573 2354 tuae.
2602 2298 2844 2371 Conlige,
2895 2302 3147 2368 Domine,
3199 2303 3606 2361 malefactorem

2021 2391 2184 2447 istum
2209 2391 2396 2447 dolore
2428 2391 2641 2447 viviﬁco
2671 2406 2737 2447 ac
2778 2391 3139 2449 saluberrimo
3166 2402 3296 2461 tuo;
3339 2395 3611 2453 eonfunde

2020 2484 2388 2554 impudentem
2450 2483 2927 2555 praevaricatorem
2981 2485 3147 2542 istum
3208 2486 3450 2557 glorioso
3511 2496 3640 2551 tuo.

2020 2575 2248 2646 pudore.
2275 2572 2445 2645 Allige
2490 2573 2817 2630 sceleratum
2864 2574 3030 2629 istum
3066 2576 3218 2631 cruci
3248 2575 3481 2646 pteualis
3525 2576 3606 2631 la-

2019 2667 2188 2733 boris,
2218 2674 2274 2721 et
2295 2667 2644 2737 aceeptabilis
2675 2667 3066 2725 misericordiae
3093 2676 3221 2734 ture,
3253 2667 3342 2725 fac
3382 2684 3471 2726 me
3494 2680 3611 2725 toto

2020 2760 2185 2816 corde
2228 2758 2438 2814 esurire
2466 2766 2521 2813 et
2569 2758 2724 2816 sitire
2769 2768 2820 2814 te
2851 2759 2977 2814 totis
3004 2760 3333 2825 visceribus.
3386 2769 3606 2833 totoque

2019 2850 2292 2907 desiderio
2321 2849 2571 2920 amplecti
2617 2857 2692 2905 te.
2727 2849 2834 2905 Fac
2864 2864 2950 2904 me
2977 2850 3109 2906 totis
3150 2850 3453 2907 visceribus
3478 2866 3598 2906 ser-

2020 2941 2138 2996 vire
2169 2940 2265 2996 tibi
2297 2938 2420 3007 soli,
2457 2948 2569 2995 toto
2597 2940 3065 3009 studioquterere
3094 2954 3218 3011 qum
3258 2939 3603 3011 beneplacita

1947 3013 1992 3076 (ἶ
2023 3043 2146 3091 sunt
2176 3048 2363 3089 coram
2407 3035 2495 3097 te;
2537 3032 2624 3089 cui
2673 3047 2799 3089 cum
2846 3031 3136 3100 Unigenito
3166 3040 3259 3089 tuo
3284 3041 3341 3090 et
3375 3031 3609 3088 Domino

2021 3139 2209 3187 nostro
2252 3129 2379 3185 Jesu
2416 3128 2668 3195 Christo,
2719 3136 2775 3183 et
2817 3125 3027 3196 Spiritu
3078 3135 3273 3184 saneto
3320 3126 3607 3196 paracleto

2021 3224 2166 3281 dono
2214 3222 2562 3279 sanctissimo
2614 3230 2707 3276 tuo
2750 3220 2932 3277 omnis
2986 3219 3166 3277 honor
3209 3227 3272 3277 et
3309 3219 3487 3291 gloria
3545 3218 3606 3274 in

2019 3313 2215 3372 secula
2241 3311 2584 3370 mulorum.
2619 3310 2814 3366 Amen.

2407 3402 2571 3473 ειν
2610 3397 2983 3456 MEDITATIO
3018 3398 3093 3454 ιχ
3118 3400 3211 3453 σιτ.

2474 3493 2555 3549 De
2590 3492 2915 3547 humanitate
2938 3488 3156 3545 Christi.

2088 3588 2274 3646 Iesum
2295 3587 2639 3642 Nazarenam
2666 3599 2697 3639 a
2716 3582 2914 3639 Judaeis
2940 3584 3264 3643 innocenter
3285 3581 3605 3639 condemna-

2019 3692 2155 3749 tum,
2188 3695 2218 3735 a
2249 3677 2498 3751 gentibus
2525 3676 2673 3732 cruci
2701 3673 2943 3740 affixam,
2968 3691 3068 3731 nos
3095 3673 3388 3732 Christiani
3416 3673 3488 3706 ⁵¹⁸
3516 3674 3598 3728 di-

2015 3774 2159 3830 vinis
2204 3773 2534 3829 honoremus
2585 3768 2883 3838 obsequiis.
2941 3766 3239 3823 Salvatoris
3271 3767 3341 3802 ⁵⁸⁸
3387 3764 3604 3821 inﬁrma

2019 3882 2140 3932 nos,
2172 3866 2263 3936 qui
2289 3862 2490 3920 Christi
2529 3877 2738 3927 sumus,
2786 3869 3100 3916 reverenter
3126 3858 3393 3923 venerari,
3420 3871 3605 3911 aman-

2017 3968 2101 4013 ter
2128 3955 2410 4026 amplecti,
2453 3953 2665 4008 fortiter
2698 3953 2896 4009 imitari
2933 3952 3150 4024 dignum
3179 3960 3265 4007 est
3300 3958 3355 4005 et
3387 3948 3603 4008 salubre

2017 4057 2072 4106 et
2093 4047 2471 4104 honoriﬁcum.
2505 4044 2632 4099 Haec
2656 4045 2801 4098 enim
2831 4053 2959 4099 sunt
3006 4045 3362 4100 instrumenta
3412 4038 3598 4093 fortis-

2019 4142 2184 4207 sima;
2240 4140 2436 4210 quibus
2476 4137 2824 4205 omnipotens
2870 4137 3059 4199 virtus,
3099 4144 3156 4190 et
3210 4129 3600 4203 investigabilis

2018 4231 2285 4302 sapientia
2338 4229 2432 4283 Dei
2492 4227 2941 4282 restaurationem
3000 4226 3185 4280 mundi
3240 4232 3492 4294 potenter
3535 4235 3601 4278 ac

332 4348 481 4413 dum,
516 4314 593 4400 inv
622 4346 775 4418 cujus
831 4341 1003 4399 oculis
1052 4314 1210 4394 facile
1245 4314 1341 4395 est
1387 4335 1566 4392 subito
1623 4335 1916 4392 honestare

2021 4322 2250 4379 miriﬁce
2275 4329 2498 4393 operata
2526 4331 2631 4387 est,
2653 4329 2709 4375 et
2730 4331 2903 4389 usque
2927 4316 3088 4373 modo
3122 4325 3396 4386 operatur.
3441 4314 3600 4367 Curi-

331 4452 646 4508 pauperem.

404 4527 520 4584 Non
570 4525 773 4595 aliquid
806 4523 953 4579 aliud
983 4535 1229 4594 possum,
1273 4517 1703 4576 clementissime
1746 4515 1914 4583 Deus,

332 4618 527 4674 nﬁ‘erre
560 4618 677 4682 tibi,
715 4615 819 4671 nisi
857 4613 1236 4682 memetipsum
1270 4611 1451 4681 qualis
1482 4625 1622 4675 sum,
1653 4618 1710 4664 et
1730 4617 1917 4665 osten-

333 4711 461 4764 dere
490 4714 718 4763 mortem
749 4712 805 4759 et
843 4702 1067 4757 vulnera
1104 4716 1246 4769 mea,
1275 4701 1575 4755 nuditatem
1603 4709 1658 4756 et
1678 4714 1918 4771 pauper-

334 4810 499 4855 tatem
526 4811 726 4862 meam,
760 4804 816 4852 et
840 4793 1018 4850 debita
1047 4808 1188 4861 mea,
1240 4792 1538 4850 secundum
1566 4807 1687 4863 quae
1720 4807 1910 4849 carce-

2019 4428 2139 4474 stus
2168 4416 2430 4472 Dominus
2472 4413 2775 4468 minoratus
2811 4417 2895 4465 est
2923 4406 3263 4479 paulomiuus
3302 4403 3372 4459 ab
3398 4403 3469 4435 ³⁸⁸
3498 4417 3599 4456 :n-

2020 4510 2173 4583 gelis,
2203 4520 2261 4564 ut
2291 4521 2392 4564 nos
2419 4511 2659 4577 aequaret
2687 4500 2912 4572 angelis,
2943 4509 2999 4554 et
3024 4498 3147 4568 quis
3177 4501 3398 4566 propter
3432 4494 3596 4549 Chri-

2018 4611 2166 4658 stum
2195 4615 2257 4655 se
2285 4615 2389 4656 non
2414 4594 2698 4652 humiliet?
2726 4592 2974 4648 Christus
2994 4589 3252 4645 Dominus
3280 4602 3380 4657 pro
3403 4599 3598 4656 pecca—

2018 4694 2088 4748 tis
2118 4691 2321 4747 nostris
2346 4685 2638 4743 cruciﬁxus
2667 4693 2772 4748 est,
2800 4691 2856 4737 et
2878 4681 3062 4737 crucis
3088 4693 3279 4733 amara
3306 4677 3420 4743 suis
3444 4690 3597 4731 ama-

2019 4785 2227 4840 toribus
2256 4780 2586 4845 dulcoravit;
2629 4787 2872 4832 mortuus
2900 4782 3004 4843 est,
3044 4781 3101 4831 et
3130 4782 3363 4828 mortem
3399 4785 3598 4828 eneca-

332 4908 448 4947 rem
494 4888 686 4946 mortis
728 4899 947 4944 aeternae
997 4886 1177 4941 timeo.
1211 4882 1448 4941 Ostende
1497 4884 1681 4954 itaque
1726 4883 1914 4941 oculos
2014 4880 2109 4944 vit,
2142 4886 2204 4933 ut
2232 4876 2540 4931 viveremus
2566 4887 2663 4941 per
2690 4871 2875 4937 illum;
2906 4880 2963 4925 et
2988 4869 3110 4941 quis
3141 4882 3248 4923 non
3271 4860 3571 4925 ametGhri
3600 4859 3615 4889 ί

328 4994 436 5043 tua:
463 4981 869 5049 misericordiae,
918 4979 963 5036 si
993 4976 1264 5051 quomodo
1294 4985 1553 5034 converta
1565 4977 1640 5032 ris
1666 4985 1722 5032 et
1754 4972 1934 5048 igno-’
2014 4983 2158 5029 stum
2186 4966 2510 5025 Dominum?
2558 4966 2683 5037 quis
2731 4980 2837 5021 non
2866 4964 3104 5036 patiatur
3130 4977 3231 5034 pro
3251 4959 3472 5019 Christo
3493 4958 3596 5012 δ”ίῖ

328 5097 473 5149 scas,
528 5084 584 5136 et
627 5075 879 5133 infundas
922 5072 1150 5145 gratiam
1188 5070 1547 5127 beatitudinis
1597 5079 1703 5126 ture
1749 5085 1911 5142 super
2012 5064 2261 5121 Christus
2289 5075 2387 5131 per
2412 5058 2594 5115 crucis
2622 5056 2971 5149 ignominiam
3003 5054 3072 5111 ad
3097 5070 3346 5126 supernae
3374 5050 3597 5109 clarita-

329 5190 435 5229 me.
462 5148 594 5227 Nec
642 5170 787 5227 enim
817 5175 1144 5224 convertere
1177 5177 1262 5218 me
1307 5178 1527 5235 possum
1557 5162 1625 5217 ad
1654 5172 1705 5219 te
1751 5170 1829 5217 tot
1856 5170 1912 5217 et
2013 5160 2086 5215 tis
2122 5155 2349 5229 gloriam
2397 5150 2670 5217 transivit,
2718 5158 2776 5205 et
2807 5148 2934 5205 data
2969 5158 3054 5205 est
3089 5149 3141 5203 ei
3180 5163 3279 5218 pro
3313 5161 3410 5203 sua
3445 5159 3600 5200 reve-

1640 5295 1876 5353 VARLE
1914 5293 2319 5355 LECTIONES.

395 5421 467 5454 ἰτ
512 5418 721 5475 Collum
770 5428 1024 5474 estvcum
1076 5414 1179 5470 Ms.
1238 5413 1478 5469 Orator-ii
1527 5412 1848 5471 Parisiensis
1878 5429 1899 5468 :
1948 5424 1998 5470 et
2047 5428 2167 5469 cum
2215 5409 2461 5465 Editione
2507 5404 2749 5462 Gothica.
2778 5404 2912 5460 Item
2938 5403 3008 5475 de
3033 5402 3375 5475 humanitate
3402 5399 3597 5475 ggAl‘ias

328 5468 1217 5557 inscribitur:'Stiinulu'snamoris,
1236 5468 1321 5541 vel
1359 5468 1651 5557 Speculum
1690 5468 2001 5557 Evangelici
2042 5468 2338 5557 sermonis.
2354 5477 2692 5557 _ms;l_’_assio
2727 5474 2950 5557 Domini
3000 5473 3178 5557 nostri
3221 5468 3599 5557 .l‘cs‘u‘Christi

328 5542 1170 5631 mundisalvatorissecundum
1197 5542 1426 5631 beatum
1453 5555 1771 5631 Anseltnum
1795 5542 2417 5631 Archiepiscopu_m._ln
2445 5547 2692 5631 Editione
2722 5543 2947 5600 Gothica
2977 5542 3145 5631 .Liber
3172 5543 3600 5631 est

327 5613 417 5694 per
444 5622 554 5680 lﬁ.’
581 5613 768 5694 (.‘upitu
876 5613 957 5663 '7“,
973 5626 1079 5682 Nos
1114 5624 1408 5682 Christiani
1438 5640 1536 5679 ms.
1569 5626 1784 5687 omittit,
1831 5642 1929 5682 nos
2005 5613 2113 5658 ’⁸η
2150 5613 2451 5694 Salvatoris
2502 5617 2674 5676 nostri
2724 5615 3138 5687 manuscn‘mum
3192 5613 3388 5672 omittit
3422 5613 3602 5670 nostri

328 5691 398 5729 διο
438 5697 535 5750 Est
565 5698 632 5750 ab
658 5691 752 5749 im.
783 5705 866 5752 est
895 5699 1053 5764 paulo
1079 5700 1257 5753 minus
1282 5696 1348 5751 ab
1462 5695 1529 5728 "'
1568 5695 1672 5749 Pro
1702 5696 1820 5765 ipso
1863 5714 1963 5753 ms.
1999 5712 2096 5767 pro
2119 5691 2380 5751 Christo?
