3910 6018
334 271 444 336 749

1703 279 2227 346 MEDITATIONES.

3495 286 3610 346 750
3639 361 3644 374 ι

336 401 514 454 rentia
562 400 722 455 aDeo
751 393 915 458 Patre
958 404 1134 460 omnis
1181 412 1423 474 potestas
1472 405 1522 460 in
1575 405 1736 472 coelo,
1768 414 1824 461 et
1870 407 1924 460 in
1954 414 1999 468 Α
2030 404 2352 461 enarrabilis
2388 405 2559 460 virtus
2614 415 2669 460 et
2717 413 2770 461 te
2807 407 3016 476 concipi
3056 405 3214 468 fecit,
3265 414 3320 459 et
3347 403 3497 459 nasci
3555 406 3609 459 in

338 498 480 544 terra
529 489 742 560 (Matth.
776 496 1130 566 xxvrlt,18):
1181 504 1243 549 ut
1284 496 1512 550 adorent
1555 510 1678 550 eum
1734 511 1924 552 omnes

334 581 513 650 angeli
546 581 660 645 Dei,
697 594 752 638 et
781 584 832 638 in
865 585 1083 640 nomine
1108 585 1226 655 ejus
1268 587 1338 618 ⁸¹²
1367 601 1528 642 omne
1572 601 1710 658 genu
1742 588 1920 644 ﬂectao

335 680 444 738 tur,
477 673 803 741 cmlcstium,
835 679 1194 746 terrestrium,
1223 687 1277 734 et
1304 679 1637 735 infernorum
1663 679 1828 753 (Phil.
1859 697 1920 750 tt,

336 765 448 834 ιο).

407 853 508 909 Ubi
535 864 619 911 est
647 871 778 926 ergo
801 858 1048 927 gloriatio
1077 869 1191 924 tua,
1227 874 1260 915 ο
1289 860 1596 916 Christiane
1617 862 1707 926 "3,
1733 864 1835 917 nisi
1866 864 1921 918 ln

331 944 553 999 nomine
583 947 825 1001 cruciﬁxi
859 947 1068 1004 Domini
1104 952 1180 1004 tui
1211 946 1281 982 ⁵⁸³
1307 950 1435 1005 Jesu
1465 936 1696 1016 Christi;
1742 953 1792 1005 in
1825 969 1922 1007 no-

331 1033 478 1087 mine
523 1037 664 1104 quod
708 1047 792 1092 est
829 1053 992 1108 super
1029 1055 1192 1094 omne
1230 1056 1448 1105 nomen,
1491 1041 1544 1094 in
1575 1057 1684 1110 quo
1709 1042 1798 1110 qui
1830 1043 1922 1096 be-

329 1126 580 1180 nedictus
623 1138 704 1182 est
748 1146 912 1200 super
959 1140 1190 1198 terram,
1239 1134 1588 1188 benedicetur
1634 1135 1686 1187 iu
1730 1134 1921 1189 coelis?

327 1215 644 1273 Gloriamini
689 1221 740 1274 in
776 1224 993 1278 nomine
1030 1233 1219 1278 sancto
1259 1225 1410 1293 ejus,
1456 1223 1548 1277 lilii
1596 1225 1919 1293 redemptio-

327 1305 444 1370 nis;
484 1307 608 1362 date
649 1309 910 1368 honorem
943 1312 1216 1367 Salvatori
1246 1322 1450 1380 vestro,
1483 1313 1574 1381 qui
1606 1328 1798 1384 magna
1841 1315 1918 1369 fe-

325 1395 403 1448 cit
438 1397 490 1451 in
522 1399 694 1465 vobis,
738 1413 792 1455 et
821 1404 1162 1473 magnilicate
1208 1418 1401 1458 nomen
1435 1404 1552 1474 ejus
1581 1420 1813 1470 mecum,
1839 1407 1921 1461 di-

322 1499 516 1544 centes
545 1507 560 1543 :
586 1491 886 1549 Adoramus
919 1503 988 1560 te,
1016 1495 1230 1550 Christe
1254 1496 1346 1562 επ,
1395 1496 1508 1551 Rex
1555 1497 1740 1562 Israel,
1771 1497 1916 1566 prin-

322 1593 453 1646 ceps
501 1595 686 1652 regum
731 1593 907 1649 terrm,
955 1585 1045 1640 lux
1087 1587 1350 1654 gentium,
1390 1587 1617 1642 Domine
1658 1589 1908 1653 sabaoth,

323 1670 499 1724 virtus
531 1671 625 1727 Dei
661 1675 1049 1745 omnipotentis
1110 1676 1430 1732 fortissima.
1480 1679 1787 1735 Adoramus
1839 1689 1911 1747 te,

2030 511 2158 550 vera
2188 497 2543 552 humanitatis
2569 507 2782 562 natura,
2809 499 2881 552 ita
2908 508 2963 553 ut
2990 515 3092 553 nec
3117 497 3456 568 majestatem
3475 496 3610 550 divi-

2029 585 2212 641 nitatis
2244 587 2296 640 in
2335 596 2404 651 te,
2438 602 2538 642 nec
2589 589 2951 658 integritatem
2985 588 3310 659 virginitatis
3339 588 3394 642 in
3419 587 3609 652 Matre,

2025 675 2252 731 violaret
2277 677 2576 732 nativitatis
2604 679 2840 732 occasio.

2095 767 2140 822 0
2171 768 2422 831 amanda,
2451 784 2484 823 ο
2508 768 2821 822 admiranda
2854 768 3124 838 dignatio!
3161 766 3304 822 Deus
3331 767 3611 822 immensae

2023 857 2229 925 glorias,
2258 860 2461 914 vermis
2502 861 2925 930 contemptibilis
2969 861 3083 916 fieri
3128 875 3234 914 non
3283 859 3606 929 despexisti;

2025 948 2285 1002 Dominus
2331 949 2599 1015 omnium,
2648 966 2946 1006 conservus
3003 965 3284 1005 servorum
3346 964 3611 1020 apparere

2021 1038 2265 1092 voluisti.
2307 1039 2503 1093 Parum
2539 1041 2636 1094 tibi
2668 1042 2845 1096 visum
2894 1052 2978 1096 est
3006 1040 3224 1096 Patrem
3287 1049 3339 1094 te
3366 1050 3611 1094 nostrum

2023 1123 2092 1157 ⁸³³
2114 1142 2262 1192 esse;
2303 1128 2492 1195 etiam,
2525 1128 2772 1196 Domine,
2803 1131 2972 1185 frater
2999 1138 3183 1186 noster
3211 1144 3333 1186 esse
3358 1129 3610 1202 dignatus

2020 1231 2098 1271 es.
2139 1219 2201 1272 Et
2235 1229 2312 1282 tu,
2345 1220 2570 1296 Damine
2619 1221 3014 1285 universorum,
3048 1222 3139 1290 qui
3189 1222 3390 1276 nullam
3442 1222 3610 1276 habes

2020 1308 2089 1340 ⁸²⁰
2117 1308 2490 1380 indigentiam,
2522 1311 2664 1365 inter
2699 1312 2815 1382 ipsa
2847 1313 3147 1367 nativitatis
3182 1320 3286 1367 tute
3314 1311 3467 1366 initia
3496 1327 3605 1368 non

2018 1402 2277 1457 borruisti
2308 1402 2689 1470 ahjectissimaa
2717 1405 3051 1475 paupertatis
3075 1405 3362 1474 degustare
3401 1405 3609 1459 incom-

2020 1492 2196 1546 moda.
2225 1491 2297 1546 Ut
2323 1497 2469 1548 enim
2513 1494 2912 1564 aitSeriptura,
2943 1495 3060 1560 tibi,
3107 1511 3229 1549 cum
3275 1496 3604 1559 nascereris,

2018 1598 2121 1635 non
2151 1593 2260 1635 erat
2294 1582 2440 1637 locus
2470 1585 2524 1637 in
2550 1584 2835 1638 diversorio
2861 1584 3012 1655 (Luc.
3039 1601 3101 1650 II,
3131 1585 3206 1655 7),
3237 1601 3414 1656 neque
3442 1602 3608 1641 cunaa

2017 1671 2159 1736 bula,
2191 1687 2312 1742 qua:
2340 1673 2758 1728 teneritudinem
2808 1683 2955 1729 tuam
2995 1675 3308 1745 exciperent
3333 1677 3602 1743 habuisti;

321 1762 626 1829 pretiosum
671 1765 1060 1837 redemptionis
1099 1769 1269 1822 nostri
1309 1769 1562 1837 pretium,
1597 1772 1770 1826 hostia
1815 1788 1910 1842 pa-
1941 1778 1986 1838 Β
2017 1765 2109 1818 58d
2137 1774 2191 1818 ιιι
2228 1765 2279 1819 in
2313 1766 2402 1819 Vili
2431 1767 2696 1836 ρνωερρίο
2727 1768 2998 1822 sordenlis
3028 1768 3252 1832 stabuli.
3288 1777 3342 1822 lu
3367 1771 3460 1838 qui
3492 1779 3605 1825 ler-

338 1853 511 1916 eilica,
541 1871 659 1924 quae
688 1857 799 1912 sola
839 1859 1021 1914 odoris
1053 1861 1128 1914 tui
1158 1860 1390 1914 mirabili
1416 1861 1486 1892 ⁸²⁸
1517 1864 1782 1918 suavitate
1807 1865 1913 1918 Pa-

325 1951 490 2010 trem,
526 1947 615 2014 qui
648 1947 698 2000 in
732 1948 887 2004 caelis
918 1950 987 1982 "7
1017 1951 1245 2015 habitat,
1283 1953 1349 2005 ad
1384 1953 1781 2022 respiciendum
1814 1955 1915 2010 lin-

323 2037 472 2090 milia
523 2039 822 2104 inclinasti,
864 2051 915 2096 et
947 2042 1095 2096 solus
1134 2043 1248 2112 ipse
1290 2043 1464 2112 ipsum
1496 2043 1566 2081 ⁸³⁸
1591 2044 1911 2114 placabilem

319 2129 603 2183 reddidisti
632 2130 720 2182 “9.
755 2130 920 2197 Tuas,
959 2132 1199 2198 Christe,
1235 2133 1617 2189 miserationes
1648 2137 1909 2207 praedica-

322 2232 474 2283 mus;
519 2229 620 2274 tua:
646 2222 930 2277 suavitatis
977 2224 1292 2278 memoriam
1330 2238 1451 2278 cum
1483 2220 1554 2256 “°
1581 2227 1910 2283 abundantia

319 2320 668 2379 eructamus;
706 2315 823 2380 tibi,
855 2315 1092 2384 Christe,
1135 2318 1465 2373 sacrificium
1505 2319 1680 2376 laudis
1715 2322 1908 2375 inuno-

323 2402 500 2457 Iamus
531 2419 627 2473 pro
655 2407 1002 2462 multitudine
1030 2409 1292 2464 bonitatis
1323 2419 1445 2476 tute,
1478 2427 1638 2481 quam
1667 2415 1910 2469 ostendi~

317 2493 386 2547 sti
420 2495 594 2562 nobis,
625 2499 820 2552 semini
853 2515 1104 2570 nequam,
1138 2501 1263 2556 filiis
1293 2502 1573 2559 sceleratis
1596 2504 1690 2557 '3‘.

389 2582 523 2638 Cum
551 2588 693 2642 enim
725 2589 901 2645 adhuc
927 2605 1170 2648 essemus
1208 2593 1412 2649 inimici
1447 2595 1541 2661 tui,
1574 2595 1819 2662 Domine,
1852 2606 1909 2653 et

315 2688 467 2729 mors
498 2678 716 2746 antiqua
750 2680 802 2733 in
831 2697 1046 2736 omnem
1075 2698 1294 2738 carnem
1322 2689 1600 2741 ex’erceret
1631 2685 1702 2719 "'
1733 2688 1908 2744 domis

315 2765 490 2837 nium,
512 2771 596 2824 cui
618 2786 776 2827 omne
803 2787 984 2828 semen
1008 2775 1177 2830 Adam
1207 2777 1323 2847 lege
1353 2779 1714 2846 primordialis
1737 2780 1907 2850 culpas

316 2858 614 2915 obnoxium
646 2873 784 2929 erat,
826 2868 1138 2955 recordatus
1172 2885 1232 2923 es
1263 2871 1552 2925 uberrima:
1592 2873 1904 2928 misericor-

315 2948 419 3004 diae
458 2959 583 3017 tuze,
626 2961 680 3006 et
715 2948 1043 3026 prospe'xisti
1081 2960 1144 3013 de
1181 2959 1401 3014 sublimi
1445 2961 1780 3018 habitatione
1815 2973 1902 3019 tua

314 3038 369 3093 in
402 3041 543 3097 hanc
574 3043 765 3100 vallem
811 3047 1134 3116 plorationis
1187 3057 1242 3104 et
1280 3050 1513 3106 miseriae
1545 3049 1638 3106 ⁵⁸³.
1688 3054 1900 3120 Vidisti,

2023 1870 2138 1909 ram
2171 1857 2351 1926 palmo
2383 1858 2683 1923 concludis,
2716 1857 2989 1913 involutus
3020 1860 3325 1930 panniculis
3374 1861 3610 1917 reclina»

2019 1955 2105 2000 tus
2131 1961 2188 2000 es
2226 1947 2434 2017 (ibid.);
2469 1956 2524 2003 et
2554 1948 2866 2016 hospitium,
2895 1949 3104 2003 scilicet
3127 1949 3448 2018 praesepium
3474 1964 3503 2002 a
3532 1945 3602 1982 ἐί

2018 2035 2188 2089 brutis
2237 2037 2561 2092 animalibus
2614 2047 2786 2092 mater
2837 2047 2923 2092 tua
2974 2049 3160 2092 mutuo
3190 2040 3418 2108 accepit.
3458 2039 3603 2096 Cou-

2014 2127 2287 2189 solamini,
2329 2127 2711 2191 consolamini,
2744 2128 2834 2195 qui
2869 2127 2919 2181 in
2963 2127 3215 2182 sordibus
3264 2131 3602 2198 paupertatis

2011 2219 2350 2286 enturimini,
2395 2222 2520 2290 quia
2553 2223 2834 2277 vobiscum
2877 2231 2960 2278 est
2991 2222 3060 2256 5"
3091 2223 3232 2278 Deus
3274 2223 3326 2278 in
3372 2239 3600 2295 pauper-

2015 2318 2148 2372 tate,
2201 2325 2306 2364 non
2353 2311 2516 2366 cubat
2570 2313 2621 2366 in
2677 2313 2885 2368 deliciis
2939 2313 3202 2384 Splendidi
3257 2314 3467 2384 cubilis,
3501 2333 3602 2373 nec

2012 2401 2154 2452 enim
2198 2400 2470 2456 invenitur
2523 2403 2578 2456 in
2637 2414 2777 2458 terra
2821 2405 3060 2459 suaviter
3101 2405 3421 2460 viventium.
3461 2407 3600 2473 Quid

2014 2489 2153 2544 ultra
2188 2491 2459 2560 gloriaris,
2503 2508 2535 2547 ο
2562 2493 2733 2560 dives,
2782 2494 2928 2548 Intea
2974 2510 3060 2550 res
3089 2495 3180 2560 ⁸³⁸,
3234 2497 3284 2550 in
3317 2497 3600 2552 volutabro

2011 2579 2137 2637 lecti
2171 2583 2300 2652 picti
2332 2593 2386 2638 et
2409 2584 2645 2650 delicati,
2677 2601 2797 2640 cum
2828 2587 2940 2640 Rex
2980 2603 3166 2657 regum
3211 2603 3310 2643 suo
3353 2587 3594 2645 recubitu

2010 2683 2307 2732 stramenta
2336 2692 2630 2748 pauperum
2665 2678 2957 2734 honestare
2978 2679 3266 2735 maluerit?
3293 2679 3431 2746 Quid
3463 2682 3595 2735 dura

2009 2775 2180 2822 strata
2235 2770 2548 2833 detestaris,
2600 2783 2723 2823 cum
2775 2778 2929 2824 tener
2980 2769 3300 2837 infantulus,
3348 2771 3400 2824 in
3443 2769 3599 2839 cujus

2008 2873 2172 2911 manu
2221 2868 2346 2912 sunt
2389 2859 2594 2925 omnia,
2648 2860 2753 2914 tuis
2793 2857 3006 2924 sericis,
3046 2861 3153 2914 luis
3189 2860 3387 2929 plumis
3427 2859 3596 2916 duras

2001 2947 2372 3018 jumentorum
2427 2949 2653 3020 stipulas
2705 2950 3083 3020 praeelegerit?
3141 2951 3246 3006 Sed
3299 2963 3353 3006 et
3398 2952 3593 3007 tenella

2008 3040 2126 3094 haec
2173 3049 2286 3108 tua,
2315 3043 2547 3104 Christe,
2599 3041 2829 3096 infantia
2886 3058 2915 3095 a
2947 3051 3352 3110 persecutorum
3404 3044 3596 3114 gladiis

315 3137 563 3203 nomine,
595 3139 939 3197 amicﬁonem
992 3145 1172 3214 populi
1217 3145 1314 3210 lui,
1368 3155 1421 3200 ει
1458 3154 1634 3202 tactus
1681 3147 1901 3204 ἀυιοοτθ
1929 3138 1970 3195 C
2007 3141 2117 3186 tuta
2147 3147 2253 3186 non
2285 3132 2405 3186 fuit.
2439 3133 2629 3188 Adhuc
2653 3135 2798 3188 enim
2833 3133 2972 3188 inter
3000 3135 3175 3188 dulcia
3206 3137 3394 3189 matris
3427 3137 3592 3190 ubera

315 3229 605 3285 charitatis
630 3231 980 3300 intrinsecus,
1013 3236 1311 3306 apposuisti
1344 3238 1587 3308 cogitare
1617 3255 1903 3309 supernos

314 3320 673 3390 cogitationes
721 3323 868 3393 pacis
895 3335 950 3380 et
975 3329 1384 3398 redemptionis.
1432 3329 1498 3383 Et
1527 3331 1742 3399 quidem
1778 3347 1900 3388 cum

313 3425 462 3466 esses
485 3411 656 3468 Filius
687 3417 800 3480 Del,
844 3431 1005 3472 verus
1044 3419 1206 3482 Deus,
1258 3419 1368 3474 Deo
1411 3420 1557 3475 Patri
1604 3431 1903 3494 sanctoque

317 3502 543 3573 Spiritui
584 3516 891 3562 coaaternns
920 3518 976 3563 et
1010 3511 1511 3577 consubstantialis,
1543 3513 1719 3568 lucem
1750 3515 1904 3570 habi-

315 3603 435 3650 tans
467 3597 895 3654 inaccessibilem
915 3599 965 3671 (I
984 3599 1120 3654 Tim.
1137 3616 1210 3664 VI,
1230 3601 1342 3671 16),
1368 3612 1696 3673 portansque
1721 3607 1901 3660 omnia

313 3688 479 3742 verbo
510 3688 728 3744 virtutis
772 3698 878 3745 tum
923 3689 1109 3761 (Hebr.
1138 3707 1174 3755 1,
1206 3691 1284 3760 5),
1347 3707 1452 3746 non
1500 3694 1791 3762 despexisti
1844 3696 1899 3749 in

313 3779 420 3834 hoc
478 3789 680 3836 nostra:
744 3781 1094 3837 mortalitatis
1163 3783 1498 3854 ergastulum
1557 3785 1900 3840 altitudinem

317 3879 461 3924 tuam
479 3870 756 3936 inclinare,
781 3872 870 3927 ubi
893 3880 1136 3927 nostram
1159 3881 1213 3927 et
1235 3883 1482 3943 gnstares
1505 3882 1558 3929 et
1581 3875 1902 3931 absorberes

315 3961 613 4025 miseriam,
643 3977 848 4032 nosque
879 3976 1161 4031 reparares
1190 3963 1256 4016 ad
1287 3962 1536 4033 gloriam.
1591 3961 1789 4018 Parum
1816 3962 1888 3995 ⁵³⁵

317 4052 419 4108 fuit
450 4055 703 4108 charit‘ati
741 4063 864 4120 tuae,
899 4056 966 4109 ad
1005 4057 1490 4111 consummandmn
1527 4071 1664 4126 opus
1703 4067 1902 4112 nostrm

317 4144 527 4210 salutis,
561 4146 868 4212 cherubim,
910 4156 1002 4201 aut
1042 4148 1339 4218 seraphim,
1372 4157 1466 4203 aut
1497 4166 1662 4205 unum
1705 4166 1770 4206 ex
1803 4167 1900 4205 an-

317 4236 453 4306 gelis
499 4237 774 4291 destinare
810 4255 822 4290 :
852 4237 966 4306 ipse
998 4238 1064 4292 ad
1095 4253 1194 4292 nos
1223 4238 1409 4293 venire
1458 4239 1708 4308 dignatus
1740 4256 1798 4295 es
1832 4240 1903 4272 ⁸³⁸

317 4342 415 4397 per
460 4327 772 4381 mandatum
819 4328 1038 4391 Patris,
1093 4329 1247 4397 cujus
1292 4329 1514 4382 nimiam
1579 4331 1900 4386 charitatem

319 4419 526 4488 experti
555 4435 741 4476 sumus
788 4421 840 4476 in
893 4430 960 4477 te.
1012 4421 1244 4485 Venisti,
1278 4423 1521 4490 inquam,
1569 4438 1674 4476 non
1722 4423 1899 4479 locum

320 4514 602 4574 mutando,
633 4512 725 4566 sed
756 4513 1100 4582 praesentiam
1143 4522 1289 4566 tuam
1335 4512 1492 4567 nobis
1542 4527 1636 4582 per
1682 4528 1900 4568 carnem

320 4599 393 4632 ⁸³⁸
420 4601 742 4657 exhibendo.
801 4604 1137 4659 Descendisti
1187 4619 1216 4658 a
1267 4603 1432 4674 regali
1479 4603 1612 4658 solio
1655 4604 1902 4660 sublimis

322 4693 503 4764 gloriae
551 4704 654 4750 tuae
695 4696 750 4750 in
781 4696 1037 4750 humilem
1086 4706 1143 4752 et
1189 4697 1456 4767 abjectam
1493 4695 1544 4749 in
1573 4697 1746 4751 oculis
1790 4697 1902 4752 suis

321 4783 576 4853 puellam,
618 4785 792 4852 primo
832 4787 1110 4856 virginalis
1159 4787 1508 4842 continentiae
1541 4797 1664 4842 voto
1702 4788 1903 4858 sigilla-

323 4886 452 4930 tam.
503 4875 557 4930 In
591 4873 743 4944 cujus
770 4893 926 4932 sacro
960 4887 1113 4933 utero
1145 4878 1212 4909 ⁸³⁷
1249 4877 1485 4948 Spiritus
1514 4877 1582 4910 ⁸³⁸
1608 4879 1782 4934 sancti
1821 4879 1903 4932 in-

2007 3237 2204 3294 sugens
2257 3225 2635 3294 dependebas,
2705 3226 2922 3293 quando
2979 3226 3220 3294 apparuit
3265 3227 3478 3295 angelus
3538 3229 3595 3284 in

2006 3316 2202 3369 somnis
2234 3315 2452 3384 Ioseph,
2493 3317 2670 3370 dicens
2709 3334 2727 3372 :
2765 3314 2953 3385 Surge,
2988 3327 3036 3369 et
3069 3315 3244 3386 accipe
3278 3333 3519 3386 puerum,
3544 3327 3593 3373 et

2005 3416 2224 3460 matrem
2259 3407 2395 3477 ejus,
2422 3417 2468 3460 et
2503 3407 2625 3477 fuge
2656 3408 2707 3460 in
2732 3405 3052 3478 Egyptum;
3091 3419 3138 3462 et
3176 3419 3281 3462 esto
3312 3409 3383 3461 ibi
3404 3426 3594 3480 usque-

2006 3497 2130 3548 dum
2153 3496 2325 3549 dicant
2352 3497 2475 3562 tibi;
2504 3497 2738 3565 futurum
2766 3507 2838 3550 est
2890 3498 3026 3550 enim
3058 3508 3113 3550 ut
3137 3496 3372 3553 Herodes
3394 3510 3593 3565 quierat

2004 3606 2222 3659 puerum
2255 3589 2324 3642 ad
2349 3589 2669 3657 perdendum
2701 3604 2818 3641 eum
2857 3587 3074 3657 (Matth.
3111 3605 3168 3651 ιι.
3198 3591 3307 3658 15).
3357 3589 3482 3646 Jam
3523 3607 3590 3647 ex

2007 3688 2156 3745 tunc,
2187 3681 2325 3734 hone
2349 3677 2622 3748 Jesu,pati
2642 3677 3003 3748 crepisti.i\'on
3035 3680 3209 3734 solum
3238 3690 3416 3735 autem
3447 3682 3591 3737 illam

2004 3770 2250 3824 infantiae
2293 3779 2396 3823 tua:
2435 3771 2777 3824 vexationem
2821 3770 2876 3822 in
2925 3780 2977 3824 te
3026 3770 3141 3840 ipso
3172 3773 3466 3840 pertulisti,
3497 3775 3592 3830 sed

2005 3869 2062 3913 et
2092 3868 2319 3912 mortem
2352 3859 2403 3912 in
2433 3859 2643 3928 pusillis
2673 3859 2801 3924 tuis,
2829 3873 3059 3928 quorum
3091 3862 3260 3915 multa
3293 3863 3458 3918 millia
3510 3864 3593 3917 in-

2006 3961 2090 4007 ter
2123 3950 2386 4005 mamillas
2417 3962 2648 4004 matrum
2683 3965 2781 4020 pro
2817 3959 2867 4006 te
2895 3950 3123 4007 Herodis
3155 3954 3444 4010 trucidavit
3485 3955 3588 4012 im-

2003 4043 2259 4098 manitas.
3639 4037 3654 4046 ’

2076 4136 2306 4191 Infantia
2342 4150 2470 4191 vero
2501 4136 2756 4191 teneriori
2790 4136 3037 4203 decursa,
3075 4136 3342 4190 discendae
3371 4133 3588 4191 humilis

2007 4240 2088 4285 ter
2132 4229 2203 4261 ⁸⁸⁸
2248 4230 2496 4284 veritatis
2546 4230 2703 4285 nobis
2755 4229 3060 4298 exemplum
3109 4230 3405 4300 prmbuisti.
3470 4230 3588 4285 Non

2005 4323 2148 4375 enim
2190 4321 2375 4376 sedisti
2416 4335 2538 4375 cum
2585 4319 2810 4375 consilio
2840 4320 3100 4374 vanitatis
3147 4318 3320 4391 (Psal.
3355 4337 3483 4387 xxv,
3510 4322 3586 4390 4),

2007 4414 2102 4469 sed
2130 4413 2182 4467 in
2214 4413 2392 4468 medio
2419 4414 2722 4475 doctorum,
2751 4411 3086 4482 interrogans
3113 4421 3168 4465 et
3191 4413 3414 4466 audiens
3447 4412 3586 4472 illos.

1936 4501 1981 4555 D
2009 4522 2132 4562 cum
2165 4516 2342 4560 tamen
2377 4505 2634 4559 Dominus
2683 4503 3033 4558 scientiarum
3084 4513 3137 4557 tu
3189 4518 3337 4559 esses
3383 4504 3435 4576 (ι
3459 4505 3591 4575 Reg.

2011 4613 2072 4661 tt,
2112 4598 2192 4666 5),
2225 4607 2389 4667 atque
2421 4597 2533 4665 ipsa
2565 4595 2655 4649 Dei
2686 4594 2865 4649 Patris
2895 4595 3180 4664 sapientia.
3231 4596 3337 4651 Sed
3376 4606 3430 4652 et
3457 4599 3591 4652 ohe.

2012 4688 2228 4744 dientite
2263 4687 2420 4741 nobis
2464 4687 2694 4740 formam
2741 4686 3073 4756 praestitisti,
3125 4687 3253 4741 dum
3303 4699 3591 4756 parentum

2012 4780 2240 4850 imperio
2289 4789 2367 4842 tu,
2419 4779 2714 4848 imperator
2759 4780 2966 4844 mundi,
3018 4779 3296 4836 humiliter
3345 4783 3593 4836 subditus

2013 4871 2286 4927 exstitisti.
2327 4869 2396 4924 At
2431 4871 2520 4925 ubi
2551 4870 2873 4926 robustioris
2901 4873 3078 4927 aetatis
3123 4872 3398 4942 plenitudo
3425 4874 3593 4928 adve-

1641 5061 1730 5118 VA
1739 5058 1874 5116 ΒΙᾸΞ
1914 5053 2311 5113 LECTIONES.

393 5205 462 5239 '”
484 5205 711 5261 Nomine
734 5203 860 5260 Iesu
888 5219 986 5259 ms.
1009 5204 1225 5258 nomine
1250 5205 1366 5276 ejus
1422 5205 1493 5238 ⁸³³
1518 5204 1825 5280 Christiane
1855 5215 2028 5280 πιείρ-
2044 5196 2363 5280 Christiane
2404 5191 2474 5226 ⁸³³
2497 5193 2707 5280 Domini
2721 5194 3178 5280 Animosabomini
3199 5195 3374 5280 nostri.
3419 5195 3490 5280 3’?
3512 5198 3588 5255 Te

321 5276 446 5332 Jesu
471 5293 568 5330 ms.
595 5279 781 5330 omittit
812 5276 938 5330 Jesu
1017 5276 1086 5310 ⁸¹⁶
1115 5264 1481 5330 Ιητεεῑῖιηαὺίιὶ
1501 5292 1601 5347 m_s.
1625 5274 1858 5347 mirabili
1923 5273 1990 5304 ⁵³⁷
2010 5270 2067 5324 1η
2091 5268 2211 5347 aliis
2230 5283 2327 5347 ms:
2350 5266 2404 5320 in
2419 5264 2572 5347 egelis
2635 5264 2782 5319 ⁸²⁸Εῑ
2805 5265 3049 5347 [iliisiraa
3080 5279 3182 5347 ius:
3213 5275 3264 5319 et
3297 5265 3442 5321 solus
3472 5269 3587 5347 ipse

323 5349 496 5414 ipsum
567 5347 637 5378 "9
673 5346 968 5402 Reddidisti
1012 5361 1110 5398 ms.
1147 5345 1345 5399 dedisti
1421 5347 1490 5378 ⁸³⁰
1509 5345 1822 5399 Memoriam
1855 5358 1978 5397 eum
2006 5357 2109 5414 gmsz
2142 5336 2573 5414 misericordiam
2606 5351 2733 5414 cum
2803 5335 2872 5414 “7‘
2903 5335 2969 5414 Iit
2992 5337 3216 5414 perditis
3252 5352 3351 5414 ms.
3386 5335 3587 5414 gntittit

322 5404 391 5450 ⁸⁵³
413 5418 659 5487 Iniquum
704 5426 986 5471 exerceret
1034 5433 1160 5487 ms,
1190 5416 1379 5467 omittit
1405 5416 1649 5484 iniquum
1679 5415 1794 5487 η⁵³⁸
1817 5407 2399 5487 Plorationismiscrim
2421 5424 2518 5460 ms.
2553 5406 2786 5461 miseriae
2806 5404 3196 5487 etplora‘tionis

321 5488 466 5543 enim
498 5485 594 5542 nis.
620 5489 807 5540 omittit
833 5488 974 5542 enim
1047 5487 1116 5517 ³³⁵
1142 5486 1400 5554 Dignatus
1425 5495 1508 5540 est
1534 5502 1633 5538 ms.
1659 5485 1910 5552 dignatus
1937 5497 1996 5535 es

3291 5406 3362 5438 ⁸³⁸
3385 5399 3584 5463 Parum

2071 5479 2140 5512 ⁵³⁸
2155 5479 2255 5532 Per
2275 5491 2491 5531 carnem
2520 5493 2618 5529 ms.
2645 5491 2740 5544 per
2763 5477 3046 5530 caritatem
3123 5476 3190 5509 ⁸³⁷
3223 5476 3582 5532 Sacrosancto

321 5576 418 5613 ms.
445 5573 602 5614 sacro
656 5556 724 5590 ⁸⁸³
747 5558 868 5613 Sola
889 5558 1109 5626 spiritus
1133 5547 1233 5610 ms:
1260 5557 1450 5609 omittit
1477 5555 1588 5610 sola
1653 5547 1963 5606 m"Patrem
1994 5560 2044 5626 te
2069 5551 2222 5626 nobis
2244 5548 2654 5626 manuscriptum
2673 5555 2880 5626 patrem
2907 5556 2958 5600 te
2982 5556 3222 5626 nostrum
3260 5547 3353 5626 ἐ’-⁸ο
3367 5549 3579 5624 Nullam

322 5629 526 5684 habens
561 5646 659 5684 ms.
687 5629 888 5683 nullam
920 5629 1088 5683 habes

1190 5627 1256 5658 ⁵⁵⁸
1290 5626 1354 5680 Et
1386 5628 1487 5680 hoc
1524 5627 1698 5694 ipsum
1727 5642 1756 5678 a
1781 5631 1964 5694 ms,_e1
1994 5619 2308 5694 hospitium,
2341 5618 2549 5694 scilicet
2586 5617 2904 5694 praesepium
2940 5633 2970 5672 a

3083 5618 3151 5651 ⁵⁵³
3181 5617 3467 5677 Vobiscum
3498 5621 3582 5676 est

322 5716 420 5753 ms.
455 5701 667 5766 omittit,
696 5709 779 5756 est
855 5699 920 5731 "‘3
950 5700 1005 5754 ln
1036 5715 1092 5754 re
1123 5697 1265 5752 lutea
1296 5714 1392 5752 ms.
1428 5687 1572 5754 lutea
1604 5711 1691 5752 res
1770 5687 2204 5749 1m'IIumilit‘atis
2233 5705 2330 5744 ms.
2356 5687 2634 5745 humiliter
2663 5688 2910 5744 veritatis
