3910 6018
303 248 413 304 753

1694 259 2222 318 MEDlTATIONES.

3476 267 3576 322 734

305 363 370 416 Ει
391 361 670 430 angustias
700 362 878 418 cordis
909 363 983 419 tui
1019 364 1309 422 tristissimi
1335 369 1405 400 ⁸⁸⁸
1427 367 1702 426 indicabat
1723 373 1888 427 sudor
1915 377 1964 435 Α
1994 388 2141 428 mum
2183 374 2314 430 nihil
2342 374 2719 448 obloquentem
2743 376 2838 443 ⁸⁸⁸,
2867 379 2932 432 ad
2968 375 3138 433 instar
3167 377 3412 446 latronis,
3445 397 3572 437 con-

303 454 395 508 ille
434 454 791 523 sanguineus,
837 457 927 526 qui
964 459 1228 516 orationis
1275 470 1516 531 tempore
1548 463 1616 519 de
1654 465 1887 520 sanctis-

298 543 440 597 sima
490 557 659 598 carne
709 552 798 599 tua
855 532 1107 616 guttatim
1162 533 1488 608 decurrebat
1549 553 1604 608 in
1663 564 1885 610 terram.

301 634 623 689 Dominator
660 635 888 692 Domine
926 637 1053 696 Jesu
1085 639 1319 708 Christe,
1366 647 1510 700 unde
1551 645 1745 700 animae
1788 655 1891 701 tu:e

301 725 422 780 hazc
458 734 569 778 tam
599 727 893 782 vehemens
941 729 1196 784 tristitia?
1229 734 1372 787 unde
1403 734 1538 788 tanti
1578 735 1792 790 sudoris
1819 735 1888 767 ⁵⁸⁸

301 816 570 882 anxietas,
603 826 657 872 et
685 825 798 873 tam
828 821 990 875 anxia
1019 824 1374 894 supplicatio?
1416 825 1608 883 Nonne
1638 828 1888 883 volunta-

302 908 444 962 rium
472 910 697 965 omnino
726 910 876 966 Patri
905 915 1233 970 sacriﬁcium
1262 918 1529 984 obtulisti,
1558 928 1612 974 et
1641 919 1777 974 nihil
1807 921 1890 975 in-

300 999 447 1056 vitus
489 1003 802 1073 pertulisti?
841 1004 1056 1074 Utique,
1086 1008 1337 1066 Domine.
1393 1011 1744 1067 Arbitramnr
1789 1029 1885 1068 au-

301 1101 410 1147 tem
438 1095 583 1164 quod
619 1105 674 1150 et
698 1096 798 1152 hoc
829 1113 1046 1168 quoque
1077 1102 1144 1157 ad
1174 1101 1602 1159 consolationem
1646 1106 1892 1160 intlrn‘to-

301 1199 420 1236 rum
477 1186 844 1242 membrorum
915 1199 1127 1246 tuorum
1193 1197 1566 1264 assumpsisti,
1621 1213 1689 1252 ne
1751 1197 1889 1254 forte

300 1276 550 1344 desperet
605 1279 754 1348 quis,
796 1281 839 1334 si
887 1295 1016 1338 caro
1061 1283 1278 1340 inﬁrma
1328 1299 1715 1355 remurmuret,
1765 1306 1888 1345 cum

302 1377 482 1422 tamen
549 1371 618 1424 ad
669 1369 742 1402 ⁵⁷⁰
795 1374 1103 1442 passionem
1174 1387 1457 1449 promptus
1507 1389 1592 1435 est
1645 1381 1887 1452 spiritus.

301 1459 570 1514 Nimirum
597 1469 653 1516 et
679 1471 733 1517 ut
769 1464 1006 1532 majores
1033 1467 1102 1499 ⁸⁷⁸
1131 1484 1260 1538 erga
1302 1479 1353 1526 te
1381 1473 1586 1528 amoris
1632 1482 1688 1528 et
1720 1475 1890 1545 grati-

302 1553 508 1606 tudinis
548 1554 798 1610 stimulos
841 1556 1191 1624 haberemus,
1231 1562 1537 1620 naturalem
1583 1566 1766 1622 carnis
1809 1570 1885 1622 in-

300 1641 654 1713 ﬁrmitatem,
702 1645 1009 1717 huiusmodi
1055 1651 1270 1708 indiciis
1332 1654 1386 1710 in
1437 1664 1490 1711 te
1534 1659 1886 1728 expressisti,

297 1733 496 1802 quibus
543 1735 864 1794 doceremur
907 1741 1035 1810 quia
1080 1757 1208 1799 vere
1241 1744 1312 1776 ⁸⁷³
1339 1745 1629 1818 languores
1674 1759 1890 1807 nostros

298 1825 414 1894 ipse
441 1830 703 1895 portasti;
744 1839 799 1886 et
837 1848 942 1887 non
974 1833 1180 1904 absque
1213 1851 1378 1894 sensu
1409 1837 1635 1905 doloris,
1677 1845 1889 1913 passio-

296 1933 427 1972 num
463 1929 644 1976 sentes
676 1925 1019 1993 percurristi.
1069 1926 1184 1982 Vox
1224 1931 1369 1985 enim
1415 1931 1524 1996 illa,
1565 1949 1671 1989 vox
1703 1938 1889 1993 carnis

296 2010 466 2064 fuisse
497 2012 733 2081 videtur,
768 2030 872 2070 non
901 2017 1146 2086 spiritus,
1185 2035 1252 2074 ex
1285 2035 1350 2076 eo
1388 2037 1495 2092 quo
1532 2024 1882 2094 subjunxisti,

297 2100 528 2168 Spiritus
575 2105 784 2174 quidem
833 2120 1104 2177 promptus
1143 2120 1242 2177 est,
1277 2129 1405 2167 caro
1452 2125 1625 2170 autent
1675 2119 1888 2188 inﬁrma

295 2191 512 2259 (Matth.
543 2211 689 2260 xxvr,
713 2197 824 2269 41).
857 2199 1026 2266 Quam
1058 2213 1340 2274 promptus
1367 2207 1512 2261 enim
1563 2208 1732 2265 fuerit
1771 2212 1884 2281 spi-

292 2284 432 2339 ritus
493 2295 640 2350 tuus,
689 2289 827 2343 bone
873 2290 1021 2355 Jesu,
1078 2294 1148 2346 ad
1200 2296 1543 2366 passionem,
1610 2302 1889 2357 evidenter

292 2377 605 2443 ostendisti,
647 2379 862 2447 quando
898 2383 1243 2440 venientibus
1283 2404 1387 2442 una
1427 2405 1550 2444 cum
1609 2395 1888 2461 proditore

295 2472 390 2516 tuo
434 2465 565 2519 viris
611 2469 969 2536 sanguinum,
1028 2477 1398 2542 quaerentibus
1448 2481 1684 2536 animam
1739 2493 1885 2539 tuam

292 2554 419 2608 cum
460 2555 718 2624 laternis,
755 2559 987 2627 facibus,
1027 2574 1084 2618 et
1121 2567 1290 2622 armis
1327 2584 1428 2638 per
1461 2582 1706 2640 noctem,
1745 2576 1888 2632 ultro

291 2649 608 2715 occurristi,
645 2660 699 2705 et
741 2653 897 2723 signo
936 2656 1080 2724 quod
1110 2656 1183 2689 ⁵⁷³
1213 2674 1243 2713 a
1279 2659 1416 2717 duce
1443 2661 1630 2735 ﬂagitii
1661 2681 1888 2736 accepe-

293 2749 419 2794 rant
446 2742 697 2830 7teipsum
744 2745 1105 2804 manifestasti
1147 2749 1332 2820 (Joan.
1366 2770 1522 2822 xvnt,
1555 2757 1613 2822 5,
1640 2757 1718 2830 4).
1753 2759 1886 2815 Nam
1917 2790 1922 2795 ι

293 2829 639 2887 accedentem
664 2834 732 2888 ad
756 2837 998 2892 osculum
1027 2841 1225 2896 orism
1242 2843 1316 2898 tui
1348 2856 1626 2901 cruentam
1657 2829 1884 2904 bestiam

293 2932 582 2979 aversatus
635 2941 742 2982 non
791 2943 882 2994 es,
925 2930 1018 2985 sed
1063 2945 1155 2994 os,
1207 2933 1259 2986 in
1301 2949 1407 3003 quo
1443 2935 1598 2991 dolus
1635 2938 1884 2995 inventus

291 3028 401 3067 non
438 3024 522 3070 est
558 3016 714 3087 (lsai.
744 3035 863 3087 LIII,
891 3021 969 3093 9),
1012 3023 1095 3077 ori
1135 3023 1279 3093 quod
1322 3027 1616 3083 abundavit
1655 3031 1878 3095 malitia,

293 3106 528 3162 dulciter
554 3111 860 3180 applicuisti
902 3113 1120 3184 (Matth.
1157 3132 1306 3180 xxvr,
1337 3117 1450 3188 49).

361 3196 409 3253 0
455 3199 714 3256 innocens
749 3203 900 3273 Agne
959 3205 1076 3270 Dei,
1133 3207 1260 3277 quid
1315 3209 1409 3263 tibi
1492 3221 1547 3265 et
1593 3211 1717 3282 lupo
1765 3213 1886 3268 illi?

291 3286 427 3355 ρωω
470 3295 736 3348 conventio
780 3293 973 3350 Christi
1022 3297 1090 3351 ad
1130 3298 1338 3355 Belial?
1393 3300 1478 3371 (II
1521 3300 1644 3358 Cor.
1671 3305 1882 3379 v1,15.)

294 3382 403 3438 Sed
450 3393 506 3438 et
551 3385 657 3442 hoc
708 3389 1057 3460 benignitatis
1107 3399 1211 3447 tua:
1258 3403 1395 3460 erat,
1451 3395 1678 3452 Domine
1730 3397 1880 3464 Jesu,

289 3485 350 3528 ut
405 3475 476 3508 ⁸⁷³
523 3478 712 3534 omnia
781 3479 858 3535 illi
927 3482 1252 3550 exhiberes,
1308 3500 1428 3555 qua:
1478 3489 1631 3557 pravi
1705 3491 1883 3548 cordis

291 3564 652 3631 pertinaciam
704 3568 950 3625 emollire
1006 3572 1323 3641 potuissent.
1390 3574 1523 3630 Nam
1575 3587 1630 3633 et
1679 3581 1883 3638 veteris

288 3657 721 3715 auticitiaaillum
750 3665 1155 3731 commonuisti,
1185 3667 1370 3738 dicens
1395 3686 1408 3721 :
1432 3668 1631 3737 Amice,
1661 3673 1730 3725 ad
1755 3675 1881 3743 quid

287 3752 516 3805 venisti?
565 3752 782 3823 (Matth.
813 3773 960 3820 xxvt,
995 3757 1114 3828 50.)
1143 3759 1210 3813 Et
1255 3760 1483 3814 horrore
1529 3764 1752 3819 sceleris
1797 3766 1881 3820 sui

287 3854 386 3893 cor
418 3839 568 3911 impii
609 3842 774 3901 ferire
802 3847 1049 3912 voluisti,
1081 3863 1204 3902 cum
1232 3849 1281 3903 ei
1319 3850 1540 3906 dicebas
1571 3851 1641 3883 ⁵⁷⁸
1721 3854 1879 3923 (Luc.

288 3947 435 3994 xxvr,
452 3933 565 4003 48):
583 3933 616 3987 J
624 3937 751 4002 uda,
775 3938 952 3992 osculo
967 3936 1164 3993 Filium
1189 3940 1413 3994 hominis
1443 3941 1632 3997 tradis.
1675 3943 1742 3998 Et
1766 3961 1881 4000 ecce

289 4021 582 4080 Philistiim
613 4044 770 4097 super
807 4039 876 4093 te,
910 4028 1139 4085 Samson
1169 4030 1322 4088 (Iud.
1359 4047 1469 4096 xvt,
1497 4033 1583 4097 M,
1610 4034 1714 4100 l6).
1761 4035 1878 4092 Non

288 4113 412 4170 illos
431 4132 460 4169 a
483 4125 532 4170 te
557 4117 960 4184 absterruit'",
978 4122 1122 4190 quod
1145 4121 1196 4176 in
1219 4123 1352 4178 hora
1377 4126 1880 4194 comprehensionis

288 4214 394 4260 tua:
425 4208 781 4278 omnipotenti
816 4211 1041 4266 brachio
1085 4221 1176 4268 tuo
1219 4223 1380 4270 terra:
1411 4215 1482 4250 ι⁷⁸
1505 4230 1599 4271 eos
1642 4217 1875 4284 allisisti,

287 4313 393 4352 non
421 4299 640 4368 quidem
683 4300 1013 4358 defensionis
1053 4319 1255 4372 causa,
1296 4306 1390 4360 sed
1426 4316 1487 4360 ιιι
1519 4320 1876 4379 cognosceret

1994 464 2278 521 tumeliose
2315 476 2705 536 pertraxerunt
2734 469 2801 523 ad
2831 469 3139 524 victimam?
3177 469 3284 526 Sed
3322 487 3422 527 nec
3453 480 3578 526 tunc

1993 554 2433 612 misericordiam
2477 566 2624 612 tuam
2665 573 2829 628 super
2871 558 3123 613 inimicos
3170 567 3291 614 tuos
3315 560 3577 615 distillare

1991 643 2147 702 favus
2195 647 2493 703 dulcedinis
2533 657 2676 714 tute,
2721 648 2970 715 Christe,
3021 649 3280 705 cessavit.
3330 648 3466 704 Nam
3525 662 3580 706 et

1993 738 2237 794 mutilam
2285 743 2352 794 ab
2393 740 2656 812 discipulo
2689 740 2758 772 ⁵⁸⁸
2791 750 2882 795 tuo
2931 756 3116 796 aurem
3166 742 3370 796 inimici
3417 759 3579 796 sana-

1991 829 2060 884 sti
2083 829 2181 896 m;
2210 839 2265 886 et
2294 830 2594 888 defensoris
2627 831 2702 886 tui
2732 831 2904 886 zelum
2935 848 2965 887 a
2998 832 3216 888 laesione
3248 833 3576 888 trahentium

1993 932 2046 978 te
2074 925 2476 992 compescuisti.
2515 923 2836 979 Maledictus
2874 923 3025 978 furor
3053 940 3264 988 eorum,
3293 926 3416 994 quia
3459 942 3577 993 pcr-

1992 1015 2163 1080 tinax,
2196 1031 2355 1086 quem
2397 1030 2497 1072 nec
2533 1017 2789 1088 majestas
2826 1017 3107 1085 miraculi,
3144 1032 3244 1072 nec
3279 1018 3454 1088 pietas
3484 1017 3575 1073 beo

1993 1105 2170 1161 nelicii
2209 1105 2552 1178 confringere
2591 1109 2783 1177 potuit.

2061 1194 2304 1251 Concilio
2357 1195 2769 1268 malignantium
2835 1198 3095 1254 adversus
3158 1207 3210 1253 te
3256 1198 3575 1267 pontificum

1990 1298 2348 1358 prmsentatus
2381 1304 2460 1354 es,
2497 1299 2552 1344 et
2573 1291 2644 1322 ⁵⁸³
2670 1291 2974 1357 veritatem,
3008 1301 3166 1360 prout
3211 1293 3452 1361 oportuit
3475 1291 3572 1358 ⁵⁸⁵,

1991 1378 2294 1446 confessus,
2357 1380 2511 1449 quasi
2580 1383 2648 1435 de
2713 1380 3050 1451 blasphemia
3119 1380 3455 1449 adiudicatus
3513 1393 3578 1436 es

1991 1470 2175 1524 morti.
2218 1470 2610 1526 Amantissime
2647 1470 2872 1526 Domine
2904 1471 3052 1538 Jesu,
3096 1483 3298 1542 quanta
3338 1473 3447 1529 illic
3489 1474 3576 1528 in-

1991 1564 2151 1630 digna
2196 1579 2226 1617 a
2264 1565 2483 1634 propria
2510 1563 2580 1596 ⁸⁸⁸
2607 1576 2768 1636 gente
2814 1566 3122 1635 pertulisti?
3167 1566 3383 1621 Vultum
3426 1575 3574 1621 tuum

1992 1653 2386 1716 honorabilem.
2421 1655 2473 1710 in
2501 1669 2663 1726 quem
2692 1655 3004 1711 desiderant
3041 1657 3216 1728 angeli
3242 1658 3574 1727 prospicere,

1993 1745 2085 1812 qui
2119 1751 2308 1802 Omnes
2344 1743 2518 1802 caelos
2538 1747 2798 1817 adimplet
2833 1747 3042 1812 laetitia,
3075 1763 3235 1817 quem
3279 1748 3578 1818 deprecan-

1995 1845 2084 1890 tur
2109 1851 2297 1891 omnes
2327 1837 2525 1892 divites
2555 1837 2727 1907 plebis
2753 1835 2927 1907 (Psat.
2958 1853 3101 1904 thv,
3131 1837 3243 1906 l3),
3272 1837 3460 1906 polluti
3500 1837 3574 1892 la-

1992 1929 2064 1984 bii
2109 1929 2193 1984 sui
2242 1929 2416 2000 sputis
2472 1929 2932 1997 inquiuaverunt,
2983 1928 3267 1999 sacrilegis
3325 1926 3575 1982 manibus

1988 2021 2338 2087 ceciderunt,
2382 2019 2502 2075 velo
2543 2027 2879 2090 operuerunt
2942 2021 2994 2073 in
3044 2019 3396 2083 derisionem,
3437 2027 3492 2072 et
3525 2027 3576 2071 te

1990 2113 2276 2168 Dominum
2347 2113 2616 2168 universae
2673 2121 2975 2178 creaturae,
3038 2122 3294 2180 tanquam
3357 2124 3573 2164 servum

1990 2205 2482 2275 contemptibilem,
2533 2205 3032 2274 colaphizaverunt.
3084 2203 3275 2256 Adhuc
3311 2210 3490 2255 autem
3522 2209 3578 2253 ct

1990 2295 2224 2350 auitnam
2263 2303 2408 2348 tuam
2458 2294 2842 2349 incircumciso
2869 2294 2992 2349 caui
3029 2292 3431 2370 deglutiendam
3467 2298 3573 2344 tra-

1989 2383 2260 2443 diderunt.
2283 2383 2531 2439 Vinctum
2560 2382 2825 2452 siquidem
2861 2391 2985 2436 ante
3008 2380 3196 2436 faciem
3212 2379 3368 2435 Pilati
3392 2379 3573 2449 praesi-

1992 2475 2078 2530 dis
2115 2484 2166 2530 te
2193 2475 2264 2508 ⁵⁸⁸
2290 2476 2681 2546 perduxerunt,
2727 2475 3064 2544 postulantes
3096 2471 3360 2543 supplicio
3396 2469 3575 2525 crucis

1988 2567 2181 2638 perimi
2215 2576 2267 2623 te
2303 2567 2392 2638 qui
2427 2575 2708 2638 peccatum
2745 2582 2849 2622 non
2881 2580 3146 2632 noveras;
3190 2573 3244 2618 et
3272 2564 3447 2618 virum
3477 2562 3572 2616 ho-

1989 2659 2244 2715 micidam
2273 2659 2462 2714 donari
2493 2659 2597 2714 sibi
2632 2657 2771 2729 (Act.
2804 2674 2889 2723 ιιι,
2916 2657 3141 2728 15,14),
3178 2655 3364 2725 lupum
3395 2654 3574 2726 Agno,

1990 2765 2124 2806 auro
2161 2751 2332 2806 lutunt
2369 2759 2746 2821 prmponentes
2775 2751 2865 2801 ⁵⁸⁷.
2894 2749 2939 2805 Ο
2972 2750 3249 2818 indignum
3290 2756 3345 2802 et
3384 2745 3572 2801 infelix

1988 2841 2362 2896 concambium
2390 2841 2402 2894 !
2447 2841 2514 2894 Et
2540 2842 2759 2911 quidem
2793 2857 2899 2896 non
2928 2840 3212 2911 ignorabat
3243 2838 3444 2909 impius
3485 2839 3574 2893 ille

1987 2947 2083 3004 per
2123 2932 2379 2986 invidiam
2416 2932 2520 2988 hoc
2559 2932 2675 2988 fieri
2717 2933 2770 2988 in
2817 2944 2903 2997 te,
2948 2948 3047 2986 nec
3085 2941 3264 2986 tamen
3312 2930 3604 2985 abstinuTt.

1989 3041 2018 3079 a
2063 3036 2112 3080 te
2153 3025 2471 3081 temerarias
2515 3040 2738 3092 manus,
2793 3026 2886 3080 sed
2937 3023 3165 3094 replevit
3213 3022 3573 3077 amaritudine

1989 3120 2222 3173 animam
2269 3129 2416 3173 tuam
2464 3118 2579 3172 sine
2629 3132 2812 3172 causa.
2889 3115 3223 3171 Illudeudum
3279 3113 3476 3168 Herodi
3522 3122 3572 3165 te

1987 3210 2155 3275 misit,
2175 3208 2388 3264 illusum
2415 3207 2642 3278 recepit,
2669 3209 2870 3263 nudum
2894 3207 2947 3261 in
2971 3213 3263 3275 conspectu
3287 3205 3569 3258 irrisorqu

1986 3309 2166 3354 astare
2196 3307 2248 3354 te
2279 3299 2406 3355 fecit
2433 3299 2504 3333 ⁸⁸³
2530 3316 2543 3353 :
2589 3314 2687 3354 nec
2715 3300 2961 3369 pepercit
2996 3296 3356 3352 amarissimis
3381 3295 3572 3350 verbe-

1985 3392 2136 3447 ribus
2167 3391 2468 3462 virgineam
2511 3406 2733 3446 carnem
2779 3400 2923 3446 tuam
2957 3389 3234 3452 divellere,
3265 3386 3462 3458 plagis,
3503 3386 3566 3440 liv

1985 3497 2142 3538 vores
2169 3482 2431 3538 livoribus
2455 3482 2754 3538 crudeliter
2783 3479 3052 3552 iuﬂigens.

2054 3575 2237 3632 Electe
2277 3591 2411 3646 puer
2441 3575 2652 3632 Domini
2701 3575 2805 3630 mei
2842 3575 2937 3637 ⁸⁸⁵,
2969 3573 3097 3643 quid
3134 3581 3283 3628 tanta
3307 3571 3568 3626 amaritu-

1983 3666 2142 3732 dine,
2188 3666 2318 3736 quid
2369 3674 2516 3720 tanta
2557 3664 2876 3720 confusione
2906 3664 2978 3696 ⁸⁹⁰
3008 3664 3226 3734 dignum
3283 3661 3568 3717 commise-

1983 3759 2106 3814 ras?
2141 3774 2364 3828 prorsus
2397 3757 2530 3812 nihil
2573 3775 2585 3810 :
2631 3772 2731 3827 ego
2757 3758 2919 3810 homo
2957 3756 3026 3788 ⁸⁹¹
3074 3756 3320 3824 perditus
3345 3797 3360 3823 ,
3403 3755 3570 3809 totius
3607 3761 3610 3764 ’

1983 3850 2364 3912 contritionis,
2426 3849 2590 3904 totius
2631 3846 2972 3903 confusionis
3025 3846 3118 3900 tibi
3167 3845 3238 3878 m
3265 3861 3428 3900 causa
3475 3861 3568 3900 ex-

1981 3942 2114 3997 stiti.
2166 3943 2277 4013 Ego
2315 3956 2473 3996 uvam
2510 3942 2762 3996 acerbam
2799 3939 3038 4005 comedi,
3077 3939 3242 4009 219
3287 3948 3341 3993 et
3381 3940 3568 3993 dentes

1983 4035 2058 4088 tui
2111 4033 2535 4104 obstupuerunt,
2595 4033 2721 4101 quia
2783 4046 2902 4100 quae
2960 4047 3064 4086 non
3134 4030 3360 4101 rapuisti
3435 4036 3568 4086 tunc

1981 4121 2299 4178 exsolvebas
2347 4119 2518 4193 (l’sat.
2568 4137 2764 4186 vaut,
2804 4120 2881 4191 5).
2933 4119 2990 4174 ln
3029 4120 3280 4175 omnibus
3331 4119 3415 4174 his
3457 4134 3563 4174 non

1979 4225 2062 4271 est
2108 4215 2439 4285 perﬁdorum
2491 4215 2562 4247 ⁸⁸³
2615 4213 2922 4270 Iudaeorum
2972 4215 3165 4271 satiata
3197 4213 3268 4246 ⁵³⁸
3295 4214 3561 4286 impietas.

1981 4305 2282 4361 Novissime
2323 4316 2505 4361 autem
2551 4305 2604 4359 in
2636 4320 2829 4360 manus
2876 4305 3380 4360 iucircumcisorum
3425 4303 3564 4357 mili-

287 4386 523 4442 humana
581 4393 932 4462 pratsumptio
991 4393 1126 4448 nihil
1168 4410 1227 4450 se
1269 4410 1430 4466 posse
1471 4398 1760 4455 adversum
1803 4413 1875 4466 te,
1911 4406 2099 4472 Dtum
2147 4396 2429 4451 devolutus
2483 4411 2576 4461 es,
2631 4403 2804 4449 morte
2857 4394 3164 4464 turpissima
3241 4407 3563 4448 consumen-

286 4479 389 4533 nisi
421 4490 678 4549 quantum
703 4486 1114 4554 permitteretur
1143 4501 1171 4541 a
1205 4496 1277 4542 te.
1310 4487 1377 4542 Et
1401 4489 1524 4557 quis
1553 4491 1736 4546 audiat
1762 4493 1879 4548 sine

285 4568 491 4636 gemitu
521 4571 758 4641 qualiter
794 4575 849 4628 in
891 4575 980 4641 illa
1021 4576 1154 4631 hora
1205 4577 1508 4636 homicidas
1548 4597 1742 4639 manus
1781 4584 1901 4639 tibi

285 4659 616 4732 iniecerunt.
665 4678 720 4723 et
762 4670 1077 4726 innocentes
1119 4689 1313 4728 manus
1355 4683 1497 4741 tuas,
1543 4675 1683 4729 bone
1721 4673 1870 4739 Jesu,

286 4754 518 4813 vinculis
558 4762 1015 4833 constringentes,
1059 4772 1108 4818 te
1135 4765 1346 4835 Agnum
1386 4767 1456 4799 ³⁷⁸
1498 4767 1870 4822 mansuetissi-

1985 4489 2104 4543 dus.
2170 4488 2368 4542 Parum
2422 4497 2542 4542 erat
2602 4485 2882 4556 sacrilegis
2939 4487 3057 4540 istis
3106 4485 3422 4556 cruciﬁgere
3477 4493 3560 4550 te,

1982 4581 2083 4635 nisi
2133 4579 2280 4649 prius
2323 4587 2376 4634 et
2406 4579 2506 4648 ipsi
2547 4578 2902 4648 replevisseut
2945 4577 3282 4633 illusionibus
3325 4579 3561 4632 animam

1982 4682 2128 4726 tuam
2187 4669 2360 4742 (Psal.
2416 4685 2637 4733 xxxv",
2685 4668 2761 4738 8).
2828 4668 2967 4735 Quid
3021 4669 3166 4723 enim
3215 4668 3282 4723 de
3332 4669 3436 4724 illis
3486 4668 3562 4722 ait

1982 4762 2306 4832 Scriptura?
2359 4759 2425 4814 Et
2478 4769 2916 4830 congregaverant
2981 4760 3050 4813 ad
3099 4775 3218 4814 eum
3266 4761 3558 4813 universam

1575 4921 1807 4978 VARIIE
1845 4919 2248 4977 LECTIONES.

357 5057 429 5090 ’⁸⁸
464 5059 780 5114 Certissime
827 5077 925 5114 ms.
961 5060 1251 5116 tristissimi
1363 5063 1432 5094 ⁵⁸⁸
1463 5063 1634 5118 Tanta
1681 5063 1893 5118 sudoris
1937 5079 2035 5116 ms.
2069 5062 2205 5116 tanti
2257 5062 2468 5117 sudoris
2577 5062 2648 5093 ⁸⁷⁰
2679 5060 2777 5115 Ubi
2828 5062 2892 5115 ad
2933 5077 3030 5113 ms.
3085 5077 3205 5115 cum
3259 5069 3436 5114 tamen
3490 5063 3555 5114 ad

286 5127 353 5203 ξξῗ
391 5126 777 5203 [Jtctmaioris
806 5132 1334 5203 ms.gctutrmajores
1439 5134 1509 5164 ⁸⁷²
1533 5133 1667 5200 Quia
1696 5149 1824 5188 vero
1849 5150 1947 5188 ms.
1987 5133 2113 5202 quia
2138 5148 2263 5188 vere
2367 5133 2438 5164 ⁵⁷³
2478 5132 2643 5203 Signo
2685 5131 2811 5185 dato
2854 5132 3005 5203 quod
3036 5148 3132 5203 ins.
3199 5131 3374 5203 signo.
3415 5131 3556 5198 quod

284 5197 358 5282 ξι
385 5197 649 5282 Osculum
663 5201 999 5282 sanctissimi
1021 5202 1133 5256 oris
1160 5197 1260 5258 ms.
1299 5197 1678 5282 oscuhtmoris
1705 5276 1716 5282 _
1753 5205 1824 5236 ⁸⁷⁵
1859 5197 2108 5282 Domine2
2136 5213 2193 5282 ut
2222 5220 2319 5282 ms.
2337 5197 2576 5282 Domine
2605 5202 2756 5282 Iesu,
2808 5197 2889 5282 ut:
2917 5201 3015 5282 .57“
3041 5200 3176 5255 Cum
3205 5197 3552 5282 dicebasms.

289 5267 424 5322 Dum
460 5269 510 5323 ei
540 5269 904 5350 dicebasm'?
930 5273 1041 5326 Abs
1073 5285 1134 5350 re
1166 5273 1358 5326 terruit
1385 5290 1483 5350 ms.
1511 5289 1541 5328 a
1569 5282 1620 5328 te
1669 5276 1984 5350 absterruit
2034 5273 2110 5350 _'"°
2155 5273 2385 5328 Braehio
2405 5285 2565 5350 terrm
2593 5289 2690 5326 ms.
2737 5271 2968 5350 brachio
3004 5279 3162 5350 terra;
3199 5270 3305 5350 _'_"
3335 5270 3549 5350 {\guuut

283 5354 385 5392 ’πει
422 5347 475 5394 ιθ
497 5355 692 5420 εκηιιεη
767 5341 837 5373 ⁸⁸⁸
861 5341 1205 5420 Ιλοαυεῃιεθιη.
1232 5359 1331 5420 ms.
1365 5343 1747 5420 obloquetttem
1817 5345 1887 5377 ⁸³⁸
1924 5346 2006 5400 Ab
2034 5345 2153 5415 ipso
2181 5361 2279 5397 ms.
2311 5345 2518 5406 omittit,
2550 5343 2664 5412 ipso
2734 5341 2804 5372 ⁵⁸³
2839 5340 3154 5420 Auriculam
3197 5340 3552 5420 i_uimici_tan-

284 5423 420 5477 gens
447 5410 651 5465 sanasti
674 5427 774 5466 ms.
829 5428 1015 5468 aurem
1057 5411 1262 5467 inimici
1295 5410 1525 5468 sanasti
1566 5414 1638 5447 ⁵⁸³
1663 5410 2132 5477 Ρνωεθηῑειιιείει
2159 5430 2257 5468 ms.
2291 5410 2648 5477 praesentatus
2667 5428 2746 5474 es.
2781 5421 2835 5466 et
2908 5411 2980 5444 ⁸⁸⁸
3005 5411 3172 5465 Prout
3193 5410 3420 5465 docuisti
3453 5427 3551 5465 ms.

284 5488 451 5548 prout
472 5481 715 5550 oportuit
784 5482 856 5563 "f’
888 5481 1189 5553 Opprobria
1217 5498 1315 5563 ms.
1347 5484 1547 5563 omittit
1613 5484 1685 5522 ⁵³⁸
1712 5484 1869 5540 Pilati
1899 5495 1950 5540 te
1973 5484 2262 5563 ms._nP_i_lat.i
2294 5481 2548 5563 Prmsidis
2570 5493 2623 5539 te
2657 5483 2764 5563 _”_7
2787 5481 3171 5563 Agrutr‘nnlupo,
3201 5497 3392 5563 aurnru
3442 5481 3553 5563 luto

287 5559 671 5625 postponentes
705 5569 802 5625 ms.
832 5552 1204 5625 lupumagno,
1223 5552 1404 5625 lutum
1433 5557 1566 5625 auro
1593 5565 1969 5625 prmponentes
2038 5555 2109 5588 ⁸⁸⁸
2138 5553 2215 5609 Te
2237 5553 2403 5624 jussit
2435 5571 2535 5609 ms.
2571 5563 2622 5608 te
2653 5553 2780 5625 fecit
2824 5553 2920 5625 4"”
2948 5552 3156 5608 Dilecte
3176 5567 3308 5622 puer
3337 5552 3550 5625 Domini

287 5620 523 5705 Beumei
545 5637 646 5705 ms.
669 5623 842 5678 electe
863 5620 996 5705 puer
1024 5620 1366 5705 Dominihnte‘i
1437 5625 1507 5662 ⁸⁸⁸
1531 5620 1669 5705 Quid
1695 5620 1840 5680 tanta
1871 5620 2315 5705 confusionem.
2348 5625 2537 5705 omittit
2595 5624 2662 5656 ⁸⁹¹
2690 5624 2800 5705 Ego
2823 5623 2986 5705 hnomo
3009 5640 3108 5678 ms.
3135 5620 3235 5695 ego
3265 5623 3551 5705 egohomo

287 5689 360 5722 ⁸⁹²
391 5689 521 5750 Tuae
548 5692 642 5750 tibi
670 5710 768 5749 ms.
806 5689 1017 5762 omittit,
1044 5701 1148 5750 tuac
1219 5693 1290 5728 ⁸⁹³
1319 5694 1418 5752 Est
1467 5689 1796 5767 perfidorum
1848 5712 1946 5752 ms.
1991 5708 2072 5753 est
2103 5697 2296 5754 satiata
2329 5695 2654 5770 perfidorum
2730 5689 2800 5732 ενδ
2840 5694 3043 5751 Sanata
3086 5689 3196 5750 ms.‘
3220 5689 3410 5750 omittit
