3910 6018
350 188 454 247 755

708 186 767 244 S.
807 186 1106 243 ANSELMI
1141 186 1490 244 CANTUAR.
1530 184 1850 242 ARCHIEP.
1877 185 2028 242 OPP.
2071 187 2250 243 PARS
2284 187 2346 242 ll'.
2387 219 2457 229 —-
2483 187 2845 244 PARA‘INET.
2882 188 2970 243 ET
2998 189 3238 246 ASCET.

3523 189 3631 244 758

354 304 616 362 cohortem
651 303 708 359 in
734 304 1077 373 praztorium;
1105 312 1152 356 et
1197 312 1443 358 cxuentes
1480 319 1597 357 eum
1625 304 1942 358 vestimentis
1974 310 2018 368 Α
2050 305 2180 361 istos
2225 304 2493 375 proferret
2518 313 2573 361 et
2609 303 2902 360 novissime
2929 303 3152 359 verbum
3196 303 3626 369 benedictionis,

353 397 494 462 suis,
533 395 814 450 induerunt
842 411 960 448 eum
994 395 1168 448 tunica
1209 413 1504 465 purpurea,
1533 406 1580 449 et
1613 396 1941 467 chlamydem

355 489 646 544 coccineam
674 486 1126 541 circumdederunt
1165 489 1211 541 ei
1224 505 1241 548 ;
1289 499 1335 542 et
1378 488 1656 558 plectentes
1693 504 1942 543 coronam

354 581 418 633 de
453 578 616 647 spin'is
638 617 653 642 ,
699 577 1057 646 imposuerunt
1103 581 1263 648 capiti
1304 580 1445 649 ejus,
1474 589 1521 635 et
1546 581 1860 635 arundinem
1887 581 1942 635 in

353 671 566 724 dextera
613 669 726 738 ejus
749 709 764 734 ,
799 680 844 723 et
874 686 1009 740 genu
1048 670 1185 741 ﬂexo
1217 672 1508 728 illm/ebant
1543 675 1629 737 ei,
1672 674 1941 728 dicentes:

350 767 473 826 Ave,
498 760 948 828 rexJuda'orum;
972 774 1017 816 et
1039 765 1234 819 dabant
1264 766 1312 820 ei
1340 766 1546 836 alapas,
1568 777 1613 821 et
1637 779 1943 837 exspuentes

352 859 406 908 in
447 873 565 910 eum
595 857 915 927 accipiebant
956 858 1302 922 arundinem,
1331 867 1378 911 et
1407 858 1764 926 percutiebant
1787 867 1943 926 caput

352 947 484 1016 ejus.
519 947 587 1002 Et
618 958 892 1019 postquam
924 948 1201 1004 illuserunt
1230 949 1298 1013 ei,
1330 949 1612 1004 induerunt
1638 966 1755 1003 eum
1788 951 1944 1003 vesti-

351 1041 542 1094 mentis
561 1042 704 1105 suis;
729 1050 777 1095 et
811 1041 1109 1107 duxerunt,
1142 1052 1196 1095 ut
1234 1043 1662 1113 cruciﬁgeretur,
1692 1043 1944 1114 bajulan-

352 1139 453 1186 tem
485 1132 582 1186 sibi
623 1149 848 1188 crucem.
889 1131 957 1186 Et
1000 1135 1358 1203 perduxerunt
1404 1151 1520 1187 eum
1553 1136 1609 1188 in
1648 1134 1944 1204 Golgotha,

352 1230 402 1274 et
429 1221 625 1274 dabant
655 1224 702 1276 ei
733 1224 910 1278 vinum
945 1224 1273 1292 myrrhatum
1307 1241 1425 1278 cum
1463 1225 1584 1294 felle
1615 1228 1826 1281 mistum
1863 1227 1945 1280 bi-

353 1311 502 1372 bere:
545 1321 593 1365 et
623 1329 741 1366 cunt
783 1323 1084 1384 gustasset,
1132 1313 1298 1368 noluit
1329 1315 1499 1370 bibere
1529 1315 1749 1386 (Matth.
1785 1333 1945 1381 χχιιι,

351 1401 565 1474 2754).
596 1403 744 1458 Tunc
761 1405 1135 1474 cruciﬁxerunt
1163 1423 1302 1473 eum,
1335 1417 1382 1462 et
1412 1408 1544 1463 duos
1568 1407 1798 1470 latrones
1828 1427 1947 1464 cum

353 1511 449 1560 eo,
475 1495 596 1549 hinc
620 1506 666 1549 et
703 1497 857 1564 hinc,
891 1498 1116 1552 medium
1148 1511 1322 1553 autem
1352 1497 1556 1554 Iesum.
1584 1500 1740 1554 Jesus
1771 1511 1948 1556 autem

354 1587 558 1642 dicebat
586 1603 604 1640 :
644 1587 837 1653 Pater,
875 1589 1075 1644 dimitte
1110 1590 1246 1653 illis,
1291 1592 1414 1660 quia
1445 1594 1677 1646 nesciunt
1711 1594 1838 1664 quid
1865 1594 1950 1663 fa-

2044 397 2201 467 qualc
2233 413 2260 452 a
2295 397 2493 453 smculo
2517 412 2620 451 non
2646 405 2727 452 est
2751 397 3016 462 auditum,
3041 413 3203 466 super
3232 397 3480 453 inimicos
3503 413 3630 455 suos

2043 489 2263 546 cll‘udit?
2289 487 2429 556 Quid
2460 489 2564 544 hoc
2586 488 2705 543 viro
2751 488 3118 544 mansuetius?
3145 487 3270 557 quid
3303 488 3627 557 benignius,

2046 581 2224 636 anima
2262 595 2400 646 mea,
2436 579 2651 634 vidisti?
2679 580 2873 635 Adhuc
2895 589 3076 634 autem
3103 579 3365 634 attentius
3388 578 3456 610 ⁶⁰⁷
3481 579 3627 633 illum

2046 674 2286 740 intuere,
2320 674 2446 744 quia
2504 681 2560 728 et
2607 673 2797 744 grandi
2846 672 3208 727 admiratione
3248 680 3304 727 et
3338 671 3631 726 tenerrima

2046 765 2420 834 compassione
2451 765 2643 834 dignus
2688 774 2930 834 apparet.
2963 764 3096 819 Vide
3127 764 3326 818 nudum
3356 773 3410 818 et
3437 763 3630 818 verbe-

2045 857 2196 912 ribus
2224 856 2540 915 laceratum.
2580 855 2632 909 in
2664 856 2842 910 medio
2888 855 3159 910 latronum
3206 853 3354 909 cruci
3401 853 3632 925 ignomi-

2049 949 2198 1004 niose
2234 947 2426 1004 ferreis
2465 948 2635 1003 clavis
2680 946 2927 1012 alIixum,
2971 955 3126 1002 aceto
3176 946 3230 999 in
3280 960 3444 1000 cruce
3479 952 3633 1013 pota-

2049 1052 2188 1106 tum,
2221 1049 2276 1096 et
2307 1049 2431 1111 post
2459 1048 2691 1096 mortem
2743 1039 2932 1094 lancea
2979 1039 3032 1093 in
3067 1038 3236 1093 latere
3260 1037 3631 1100 vulneratum,

2047 1143 2101 1188 et
2130 1132 2378 1202 copiosos
2409 1132 2692 1202 sanguinis
2731 1132 2878 1186 rivos
2916 1147 2984 1185 ex
3032 1131 3273 1198 quinque
3317 1129 3635 1183 vulneribus

2050 1240 2337 1290 manuum,
2397 1223 2594 1293 pedum
2643 1231 2696 1278 et
2746 1222 2936 1277 lateris
2975 1221 3365 1276 eli‘undentem.
3423 1219 3634 1274 Fletum

2049 1317 2326 1380 deducite,
2350 1315 2490 1370 oculi
2525 1315 2628 1369 mei
2660 1315 2760 1380 6°“;
2787 1299 3080 1384 liquicsce,
3109 1314 3288 1367 anima
3338 1327 3478 1374 mea,
3511 1311 3638 1381 igne

2049 1405 2442 1478 compassionis
2485 1421 2648 1476 super
2691 1406 3016 1460 contritione
3049 1403 3297 1459 amabilis
3325 1403 3425 1457 viri
3458 1403 3634 1467 illius,

2051 1515 2209 1570 quem
2242 1501 2297 1556 in
2337 1509 2485 1557 tanta
2525 1499 2939 1555 mansuetudine
2985 1497 3152 1552 tantis
3199 1495 3351 1551 vides
3379 1494 3636 1551 amictum

2052 1592 2347 1648 doloribus.

355 1681 498 1734 ciunt
541 1679 693 1750 (Luc.
736 1697 871 1735 χχιιι
897 1723 910 1744 ,
939 1681 1008 1735 53
1031 1723 1046 1745 ,
1071 1682 1182 1753 54).
1215 1681 1406 1736 Postea
1446 1684 1614 1738 sciens
1637 1685 1793 1740 Jesus
1823 1687 1946 1756 quia
1980 1667 2024 1722 Β
2120 1686 2186 1740 Ει
2213 1686 2322 1756 jam
2349 1684 2562 1756 quidem
2607 1685 2820 1740 infirma
2851 1684 2998 1754 ejus,
3031 1682 3211 1737 anima
3240 1695 3356 1736 mea
3376 1722 3391 1746 ,
3421 1680 3634 1745 vidisti,

358 1772 465 1830 iam
495 1774 672 1827 omnia
705 1774 773 1817 ωδ
797 1784 1157 1828 consummata
1179 1785 1349 1840 erant,
1374 1785 1431 1828 ut
1459 1774 1735 1846 Scriptura
1762 1776 1948 1844 imple-

356 1873 519 1927 retur,
545 1865 678 1918 dixit
704 1878 724 1916 :
756 1864 911 1920 Sitio.
939 1864 1006 1918 Et
1037 1881 1250 1919 currens
1278 1882 1412 1920 unus
1461 1882 1525 1919 ea:
1574 1867 1648 1922 eis
1682 1878 1947 1936 acceptam

356 1956 631 2025 spongiam
678 1955 905 2026 implet-it
959 1966 1134 2022 aceto,
1182 1969 1231 2011 et
1272 1957 1517 2022 imposuit
1565 1959 1850 2024 arundini,
1900 1969 1948 2011 et

357 2045 516 2100 dabat
543 2048 588 2101 ei
614 2047 804 2102 bibere.
836 2047 968 2103 Cum
999 2060 1170 2103 autent
1202 2050 1398 2120 accepit
1422 2049 1492 2080 ⁵⁸³
1515 2060 1743 2116 acetunt,
1766 2051 1898 2104 dixit
1927 2065 1946 2110 ;

357 2137 790 2196 Consummatum
827 2150 901 2196 est
934 2140 1116 2211 (Joan.
1151 2157 1276 2206 nx,
1303 2142 1517 2212 28-30).
1556 2141 1624 2196 Et
1648 2142 1948 2199 exclamans

357 2247 481 2286 voce
507 2249 698 2303 magna
723 2234 900 2288 dixit:
932 2232 1124 2298 Pater,
1157 2235 1212 2289 in
1239 2251 1434 2288 manus
1482 2245 1601 2288 tuas
1643 2237 1948 2290 commendo

357 2325 601 2390 spiritum
645 2341 814 2379 meum
849 2324 1002 2393 (Luc.
1049 2342 1221 2392 xxttt,
1267 2326 1398 2396 46);
1429 2338 1476 2380 et
1506 2325 1760 2380 inclinato
1783 2328 1952 2395 capite

359 2416 578 2470 tradidit
601 2418 848 2487 spiritum
872 2418 1054 2485 (Joan.
1096 2434 1210 2482 XIX,
1243 2418 1354 2487 '50).
1389 2418 1532 2472 Tunc
1565 2434 1700 2473 unus
1723 2418 1949 2471 militum

359 2505 542 2560 lancea
573 2506 711 2560 latus
750 2508 866 2577 ejus
893 2509 1132 2576 aperuit,
1161 2518 1210 2562 et
1254 2509 1502 2563 continuo
1533 2509 1688 2564 exivit
1733 2510 1949 2580 sanguis

359 2609 408 2658 et
434 2617 574 2670 aqua
601 2600 903 2670 (ibid.,54).

433 2691 818 2761 Expergiscere
853 2707 1030 2758 nunc,
1078 2693 1256 2747 anima
1299 2708 1416 2749 mea
1439 2733 1456 2760 ,
1505 2702 1760 2750 excutere
1789 2695 1857 2729 ⁸⁹⁷
1885 2697 1952 2751 de

359 2780 615 2851 pulvere,
649 2792 703 2838 et
729 2784 1098 2854 contemplare
1129 2787 1391 2841 attentius
1423 2787 1600 2840 virum
1653 2787 1797 2842 hunc
1838 2803 1951 2843 me-

362 2873 683 2930 morabilem
719 2891 880 2943 quem
916 2877 968 2932 in
999 2877 1070 2910 ⁵³⁸
1096 2878 1315 2946 specqu
1353 2867 1653 2950 cvangelici
1679 2880 1949 2935 sermonis

361 2963 520 3036 quasi
548 2975 864 3035 praesentem
898 2967 1144 3023 intueris.
1177 2968 1447 3037 Attende,
1474 2970 1653 3024 anima
1683 2985 1820 3035 mea,
1853 2970 1944 3040 qui

361 3065 446 3113 est
470 3058 573 3114 iste
596 3060 686 3129 qui
715 3061 1018 3132 ingreditur
1045 3061 1250 3117 habens
1282 3063 1576 3132 imaginem
1605 3064 1761 3134 quasi
1789 3036 1949 3135 [legis
1975 3036 2018 3094 θ

357 3158 419 3206 et
448 3151 800 3208 nihilominus
826 3155 967 3208 servi
1001 3154 1399 3225 despectissimi
1430 3154 1746 3212 confusione
1777 3155 1952 3226 reple-

361 3253 452 3303 tus
481 3253 566 3300 est
586 3245 677 3300 "9.
710 3245 1018 3303 Coronatus
1060 3248 1299 3314 incedit,
1325 3250 1421 3304 sed
1455 3249 1567 3318 ipsa
1601 3247 1718 3317 eius
1747 3263 1949 3303 corona

362 3336 634 3390 cruciatus
668 3344 753 3390 est
785 3336 891 3402 illi,
921 3346 976 3392 et
1008 3338 1154 3393 mille
1191 3338 1472 3407 puncturis
1501 3339 1802 3408 speciosum
1834 3335 1952 3405 ejus

360 3427 621 3481 verticem
668 3427 996 3483 divulnerat.
1045 3429 1232 3498 Reguli
1264 3444 1502 3499 purpura
1547 3429 1812 3495 induitur,
1854 3429 1950 3484 sed

361 3516 543 3586 potius
572 3517 626 3572 in
669 3533 731 3573 ea
765 3519 1062 3588 despicitur
1090 3536 1254 3591 quam
1296 3522 1620 3576 honoratur.
1661 3519 1949 3591 Sceptrum

363 3607 418 3661 in
456 3622 618 3662 manu
652 3617 828 3679 gestat
854 3609 956 3675 ‘°°;
992 3611 1086 3666 sed
1115 3626 1181 3666 eo
1211 3612 1327 3682 ipso
1355 3620 1521 3682 caput
1559 3610 1675 3680 ejus
1698 3627 1950 3668 reveren-

363 3699 490 3753 dum
505 3698 716 3756 feritur.
740 3700 983 3756 Adorant
1005 3718 1193 3758 coram
1224 3704 1339 3774 ipso
1362 3704 1552 3774 positis
1575 3704 1629 3759 in
1655 3713 1856 3760 terram
1880 3705 1944 3736 ⁶⁰¹

361 3790 610 3860 genibus,
657 3805 840 3863 regem
881 3793 1245 3860 conclamant,
1289 3804 1344 3850 et
1393 3795 1651 3850 continuo
1704 3794 1772 3851 ad
1819 3811 1949 3851 con-

360 3885 662 3954 spuendum
699 3887 962 3942 amabiles
993 3903 1160 3957 genus
1193 3887 1312 3957 ejus
1339 3887 1581 3942 insiliunt
1612 3887 1682 3918 ⁶⁰³
1709 3929 1723 3953 ,
1760 3887 1948 3941 maxil-

361 3975 443 4032 las
467 3975 658 4046 palmis
688 3978 1036 4044 concutiunt,
1061 3988 1116 4032 et
1139 3977 1454 4033 honorabile
1494 3977 1691 4034 collum
1722 3978 1952 4033 inhono-

363 4076 490 4124 rant
520 4067 611 4121 ⁶⁰³.
647 4069 782 4125 Vide
807 4069 912 4124 alia
942 4070 1032 4132 ⁸⁸⁸,
1066 4070 1336 4138 quomodo
1377 4085 1474 4138 per
1496 4072 1674 4126 omnia
1715 4070 1801 4124 vir
1849 4071 1950 4125 iste

362 4172 674 4220 coarctatur
694 4172 750 4218 et
775 4163 1096 4233 conspuitur
1121 4172 1177 4218 et
1207 4163 1486 4233 spernitur
1517 4165 1603 4216 σθ’.
1635 4165 1746 4219 Sub
1771 4165 1950 4221 crucis

361 4269 529 4316 onere
574 4256 791 4312 dorsum
849 4256 1137 4312 incurvare
1186 4253 1434 4325 iubetur,
1482 4265 1537 4310 et
1585 4272 1738 4311 suam
1779 4258 1948 4325 ipsius

362 4355 582 4418 portare
631 4347 1002 4418 ignominiam.
1047 4348 1129 4402 Ad
1177 4346 1355 4402 locum
1393 4347 1657 4401 deductus
1700 4347 1947 4416 supplicii
1983 4381 2028 4439 Β

361 4440 583 4510 myrrha
612 4449 831 4510 potatur
857 4449 913 4494 et
947 4439 1088 4495 felle.
1137 4439 1192 4494 In
1227 4455 1390 4496 cruce
1419 4440 1489 4472 °°°
1520 4439 1862 4506 sublevatur,
1894 4450 1948 4496 et

363 4531 494 4586 dicit
521 4549 535 4586 :
568 4529 747 4595 Pater,
783 4533 986 4586 dimitte
1015 4532 1151 4600 illis,
1173 4533 1299 4602 quia
1338 4532 1569 4586 nesciunt
1595 4531 1720 4599 quid
1744 4529 1946 4600 faciunt

362 4621 517 4690 (Luc.
547 4639 714 4689 xxm,
754 4623 866 4693 34).
915 4623 1103 4690 Qualis
1157 4633 1238 4680 est
1286 4625 1404 4690 hic,
1454 4625 1544 4694 qui
1592 4625 1646 4679 in
1696 4623 1947 4682 omnibus

363 4715 632 4788 pressuris
669 4715 780 4770 suis
832 4729 931 4770 nec
979 4715 1145 4770 semel
1193 4731 1256 4771 os
1287 4731 1443 4772 suum
1489 4715 1733 4784 aperuit,
1766 4722 1826 4768 ut
1856 4723 1949 4768 aut

362 4808 626 4880 querelas,
677 4818 770 4863 aut
799 4809 1194 4876 excusationis,
1224 4819 1317 4864 aut
1359 4809 1816 4872 comminatiouis,
1855 4816 1949 4860 aut

363 4900 759 4962 maledictionis
819 4903 1043 4959 verbum
1099 4901 1363 4958 adversus
1411 4901 1728 4957 maledictos
1779 4913 1950 4955 canes

2051 1785 2102 1830 et
2132 1775 2386 1830 miserata
2415 1776 2595 1830 mes?
2624 1790 2765 1830 nunc
2788 1774 2857 1805 ⁶¹⁰
2882 1773 3222 1844 majestatem
3245 1771 3360 1840 ejus
3389 1770 3632 1836 attende,

2051 1878 2106 1922 et
2142 1867 2209 1898 ⁶¹¹
2240 1867 2545 1922 miraberis.
2595 1865 2734 1934 Quid
2765 1867 2908 1922 enim
2949 1866 3026 1920 ait
3068 1864 3388 1933 Scriptura?
3417 1863 3460 1916 Α
3489 1872 3638 1916 sexta

2052 1966 2224 2011 autem
2255 1957 2385 2010 hora
2414 1956 2637 2011 tenebrat
2669 1955 2827 2025 facta:
2857 1965 2976 2010 sunt
3004 1955 3059 2007 in
3094 1955 3338 2008 universa
3377 1961 3516 2006 terra
3543 1952 3609 1982 "'
3629 1993 3644 2017 ,

2052 2063 2213 2118 usque
2253 2048 2308 2101 in
2349 2048 2534 2100 harant
2585 2063 2808 2112 nonam,
2836 2056 2883 2101 et
2916 2047 3222 2100 obscuratus
3250 2054 3326 2101 est
3370 2044 3449 2098 sol
3481 2043 3636 2114 (Lua.

2050 2155 2210 2200 xxm.
2245 2139 2336 2203 44,
2363 2139 2487 2208 45);
2516 2151 2562 2194 et
2596 2140 2763 2194 velum
2802 2141 2978 2210 templi
3021 2140 3242 2194 scissum
3291 2149 3366 2193 est
3411 2155 3444 2192 α
3486 2153 3637 2192 sum-

2052 2232 2148 2286 mis
2173 2233 2242 2264 ⁶¹³
2269 2249 2429 2303 usque
2465 2234 2742 2296 deorsum;
2785 2243 2834 2286 et
2879 2242 3021 2286 terra
3067 2242 3211 2285 mota
3243 2241 3316 2285 est
3340 2271 3356 2297 ,
3403 2241 3452 2284 et
3479 2239 3638 2300 petra

2051 2323 2228 2376 scissa:
2258 2331 2417 2387 sunt;
2440 2333 2486 2377 et
2515 2333 2850 2376 monumenta
2873 2331 3052 2392 aperta
3085 2332 3236 2385 sunt;
3265 2331 3312 2374 et
3337 2323 3501 2374 multa
3523 2336 3636 2373 cor-

2049 2429 2178 2481 pora
2207 2424 2532 2481 sanctorum,
2554 2414 2648 2501 qui
2679 2414 3022 2478 dormierant,
3046 2422 3383 2466 surrexerunt
3414 2411 3634 2481 (Matth.

2051 2522 2222 2571 xxvu,
2255 2507 2344 2569 51,
2379 2507 2492 2578 δῇ).
2526 2507 2713 2574 Qualis
2743 2515 2826 2561 est
2876 2507 2996 2571 hic,
3029 2506 3156 2576 quia
3187 2506 3385 2562 ccelum
3413 2517 3467 2560 et
3489 2514 3632 2560 terra

2053 2598 2454 2668 compatiuntur
2481 2598 2569 2662 ei,
2595 2595 2749 2664 cujus
2783 2612 2930 2652 mors
2966 2606 3207 2652 mortuos
3243 2595 3510 2650 viviﬁcat?
3535 2594 3635 2650 Co-

2053 2704 2284 2759 gnosce,
2309 2689 2488 2742 anima
2513 2703 2653 2753 mea,
2675 2703 2939 2760 cognoce;
2975 2688 3062 2742 hic
3091 2696 3174 2742 est
3202 2687 3457 2742 Dominus
3482 2683 3637 2740 Jesus

2051 2779 2300 2834 Christus
2335 2779 2584 2834 Salvator
2609 2789 2760 2845 tuus,
2799 2780 3110 2850 unigenitus
3136 2780 3226 2834 Dei
3264 2778 3454 2842 Filius,
3480 2793 3638 2832 verus

2049 2872 2214 2939 Deus,
2233 2887 2392 2928 verus
2412 2873 2860 2943 homo,quisolus
2889 2873 2988 2927 sub
3020 2872 3132 2927 sole
3162 2874 3280 2926 sine
3305 2871 3514 2925 macula
3545 2871 3632 2923 in-

2049 2975 2242 3022 ventus
2268 2977 2372 3022 est.
2399 2967 2464 3020 Et
2487 2983 2600 3020 ecce
2630 2967 2889 3037 quomodo
2921 2983 3038 3020 cum
3065 2964 3330 3019 sceleratis
3363 2972 3631 3032 reputatus

2051 3070 2126 3114 est
2158 3060 2446 3129 (Isai.t.m,
2476 3060 2586 3129 η),
2614 3073 2660 3114 et
2691 3061 2842 3129 quasi
2869 3060 2946 3112 vir
2967 3059 3224 3126 leprosus,
3247 3065 3294 3110 et
3321 3058 3632 3111 novissimus

2052 3154 2284 3207 virorum
2312 3155 2600 3208 (estimatus
2626 3162 2700 3206 est
2729 3151 2894 3223 (Ibid.
2917 3151 2950 3204 5
2968 3191 2981 3215 ,
3011 3150 3092 3221 4).
3122 3149 3187 3204 Et
3215 3160 3464 3220 tanquam
3488 3149 3636 3202 abor-

2053 3245 2241 3312 tivum,
2271 3245 2407 3315 quod
2432 3244 2708 3314 projicitur
2753 3260 2785 3297 a
2833 3242 3013 3307 vulva,
3040 3243 3118 3296 sic
3151 3242 3411 3310 profectus
3458 3250 3532 3294 est
3569 3238 3637 3292 ab

2057 3346 2202 3391 utero
2233 3337 2418 3391 matris
2447 3353 2559 3391 sua:
2594 3335 2826 3391 infelicis
2855 3333 3154 3407 Synagoga:
3180 3333 3322 3405 (Job.
3348 3348 3494 3392 XXXI,
3525 3331 3635 3403 16).

2054 3427 2158 3483 lste
2190 3426 2460 3484 formosus
2501 3443 2612 3498 pra:
2661 3427 2784 3481 ﬁliis
2830 3427 3110 3481 hominum
3136 3467 3151 3491 ,
3177 3440 3340 3493 quam
3377 3423 3639 3478 deformis

2053 3534 2166 3589 pra:
2191 3517 2315 3574 ﬁliis
2342 3518 2622 3572 hominum
2665 3516 2844 3574 factus
2874 3519 2984 3573 est!
3018 3516 3297 3585 Siquidem
3333 3513 3639 3569 vulneratus

2052 3618 2126 3664 est
2155 3617 2366 3678 propter
2393 3608 2692 3678 iniquitates
2720 3617 2926 3661 nostras
2953 3647 2968 3671 ,
3013 3616 3061 3660 et
3093 3607 3305 3660 attritus
3332 3617 3404 3658 est
3429 3614 3640 3672 propter

2052 3701 2250 3756 scelera
2277 3710 2455 3754 nostra
2479 3698 2634 3770 (Isai.
2669 3715 2763 3754 LIII
2789 3741 2804 3762 ,
2836 3699 2912 3770 5).
2948 3698 3016 3754 Et
3055 3697 3232 3769 factus
3260 3707 3346 3752 est
3387 3696 3639 3751 holocau-

2055 3803 2198 3848 stum
2255 3790 2560 3846 suavissimi
2614 3789 2802 3844 odoris
2856 3789 2909 3842 in
2960 3797 3254 3858 conspectu
3297 3796 3428 3852 tuo,
3477 3785 3640 3839 Pater

2053 3893 2270 3938 reterns:
2300 3881 2482 3953 gloriae
2506 3920 2522 3946 ,
2553 3888 2612 3934 ut
2653 3889 2924 3934 averteret
2977 3879 3400 3950 indignationem
3454 3884 3563 3929 tant
3606 3889 3636 3930 a

2053 3975 2238 4040 nobis,
2266 3982 2320 4028 et
2342 3973 2632 4027 consedere
2663 3972 2766 4026 sibi
2797 3987 2894 4026 nos
2917 3970 3122 4026 faceret
3150 3972 3203 4025 in
3232 3967 3565 4025 caelestibus.

2126 4065 2373 4135 Respice,
2400 4064 2626 4120 Domine
2655 4073 2842 4119 sancte
2874 4064 3052 4129 Pater,
3088 4064 3155 4118 de
3184 4059 3494 4116 sanctuario
3525 4067 3635 4122 tuo,

2051 4166 2106 4212 et
2133 4156 2200 4211 de
2227 4155 2442 4210 excelso
2486 4155 2748 4209 caelorum
2785 4153 3126 4216 habitaculo,
3157 4161 3211 4207 et
3249 4153 3458 4206 intuere
3502 4151 3639 4202 hanc

2052 4257 2453 4305 sacrosanctam
2477 4247 2729 4312 hostiam,
2758 4262 2918 4316 quam
2954 4247 3045 4301 tibi
3077 4244 3235 4300 offert
3259 4259 3485 4314 magnus
3505 4242 3639 4295 Pon-

2055 4341 2185 4396 tifex
2210 4349 2414 4404 noster,
2440 4347 2657 4394 sanctus
2686 4353 2822 4407 puer
2846 4346 2966 4392 tuus
3007 4337 3164 4392 .lesus
3183 4335 3255 4367 διδ
3285 4350 3382 4404 pro
3407 4334 3642 4404 peccatis

2055 4434 2284 4490 fratrum
2327 4447 2582 4495 suorum;
2631 4439 2686 4483 et
2730 4440 2846 4484 esto
2892 4429 3168 4497 placabilis
3199 4443 3359 4499 super
3398 4425 3642 4484 multitu-

2055 4529 2234 4582 dinem
2285 4525 2502 4580 malitia:
2558 4533 2774 4580 nostras.
2819 4521 2958 4576 Ecce
3000 4535 3103 4574 vox
3151 4519 3428 4590 sanguinis
3460 4517 3644 4571 fratris

2055 4619 2225 4674 nostri
2269 4617 2395 4672 Jcsu
2441 4615 2644 4672 clamat
2681 4612 2752 4671 ad
2785 4623 2835 4668 te
2865 4613 2930 4667 de
2961 4627 3141 4667 cruce.
3181 4610 3318 4677 Quid
3353 4609 3498 4663 enim
3528 4616 3641 4666 est.

2057 4711 2300 4774 Domine,
2329 4709 2469 4779 quod
2491 4707 2689 4778 pendet
2717 4707 2770 4761 in
2793 4721 2854 4761 ea
2871 4706 2894 4758 ?
2910 4704 3134 4770 Pendet,
3160 4703 3400 4773 inquam,
3423 4702 3546 4769 quia
3574 4698 3644 4730 ⁶¹⁸

2055 4803 2326 4873 praeterita
2359 4801 2511 4871 quasi
2547 4799 2827 4868 prmseutia
2855 4813 3036 4852 coram
3065 4805 3114 4850 te
3153 4804 3299 4849 sunt.
3325 4793 3602 4862 Cognosce
3625 4829 3642 4853 ,

2057 4896 2252 4959 Pater;
2287 4892 2467 4948 tunica
2507 4890 2602 4947 lilii
2631 4893 2705 4946 tui
2742 4890 2940 4961 Ioseph
2985 4889 3099 4944 haec
3125 4897 3214 4942 est
3245 4886 3348 4948 m;
3377 4885 3491 4940 fera
3518 4895 3641 4952 pes-

1657 5033 1744 5087 VA
1755 5031 1891 5088 llUE
1934 5027 2336 5087 LECTIONES.

431 5178 504 5210 ⁵⁸³
541 5176 678 5244 Quia
699 5175 880 5231 omnia
908 5162 1006 5230 ms.
1036 5174 1159 5242 quia
1180 5171 1293 5240 jam
1317 5173 1496 5226 omnia
1570 5171 1640 5204 ⁵³⁸
1664 5168 1804 5244 Qum
1833 5184 1964 5244 ergo
1987 5166 2286 5244 accepisset
2313 5180 2410 5216 ms.
2449 5169 2774 5244 cumautem
2796 5159 3029 5244 accepit.
3073 5156 3301 5244 f97Mea,
3319 5162 3640 5244 ietescute-re

359 5265 460 5304 ms.
483 5233 694 5312 omittit,
721 5254 780 5303 et
849 5245 920 5278 "'
945 5233 1085 5300 Ecce
1114 5245 1166 5298 in
1180 5233 1294 5300 'ms.
1321 5244 1596 5306 omittit,et
1661 5241 1730 5312 ⁸ῗ⁰
1748 5233 2146 5312 ltepletus,_ttt_s.
2170 5235 2412 5312 repletus
2437 5244 2521 5289 est
2582 5233 2724 5312 f°“_ln
2744 5247 2904 5312 manu
2922 5237 3203 5312 gestatio-ts.
3226 5241 3386 5309 manu
3401 5233 3638 5312 gestetur

361 5299 804 5374 ῖάῖιιῖιέὲέέηὶὲ.
830 5317 884 5371 in
905 5299 1104 5371 terram
1160 5313 1230 5345 ⁸⁸⁸
1249 5299 1548 5368 subsiliunt
1567 5329 1664 5366 ms.
1687 5299 1936 5365 lusiliunt
1994 5299 2438 5379 “’Exhghorant
2459 5322 2558 5360 ms.
2589 5305 2914 5379 inhonorant
2936 5299 3038 5379 ’_°_°_‘
3053 5299 3182 5379 Yide
3198 5299 3378 5379 anima
3395 5311 3639 5379 meant:-

358 5369 1123 5458 videali’a—7‘°‘Vl§tspernitur
1149 5402 1228 5458 ms
1257 5392 1312 5437 et
1340 5385 1655 5458 conspuitur
1685 5391 1741 5436 et
1767 5382 2042 5451 spernitur
2107 5379 2177 5411 “°‘
2206 5378 2262 5432 In
2291 5393 2506 5458 crucem
2538 5376 2714 5458 mssin
2731 5388 2893 5428 cruce
3057 5369 3635 5458 Intenti‘usnms.‘at_t£n:

362 5437 482 5512 in};
504 5437 608 5490 ’δέ
649 5437 1224 5523 Meifét'iiiiibiuiun;
1249 5465 1304 5508 et
1354 5437 1446 5485 7°”
1475 5437 1539 5508 lit
1559 5453 1777 5508 miserta
1797 5437 1900 5505 'ms.
1929 5461 1983 5505 et
2011 5450 2267 5523 miserata
2325 5449 2414 5523 _‘“
2443 5446 2594 5502 Nunc
2615 5455 2672 5501 et
2694 5442 3055 5523 ms.__ontittit,
3088 5449 3140 5495 et
3214 5439 3280 5470 ‘”
3312 5438 3380 5493 Et
3412 5437 3643 5523 amplius

359 5531 718 5598 ηιρᾈοιηὶιιὶι,
749 5514 982 5598 amplius
1091 5526 1160 5598 “7’
1201 5514 1375 5595 Super
1417 5524 1728 5578 universam
1779 5532 1980 5598 terram
2028 5521 2214 5598 msain
2245 5519 2496 5598 universa
2533 5526 2680 5598 terra
2783 5515 2853 5598 ﬁ"
2881 5514 2924 5566 A
2956 5523 3372 5598 summumst-tt
3413 5514 3642 5598 summa:

361 5578 432 5628 διά
451 5578 1085 5666 θΤρὺέῦὸήίίιιιῖέ-Ῑέειιε
1115 5578 1366 5652 (ΣΙιιῙίεἶιιε
1395 5609 1494 5664 pro
1515 5611 1612 5648 ms.
1643 5601 1763 5649 tuus
1787 5593 1944 5650 Jesus
1971 5607 2069 5666 pro
2143 5591 2215 5624 ⁵³⁸
2245 5589 2489 5663 Inquam,
2519 5589 2644 5659 quia
2671 5603 2770 5643 ms.
2799 5586 3043 5656 inquam,
3065 5582 3117 5636 iu
3147 5597 3210 5637 ea
3237 5580 3365 5651 quia
3439 5578 3512 5614 ⁶¹⁶
3537 5578 3640 5638 ’[ιιὶ

361 5665 474 5724 veri
508 5664 705 5735 loseph
741 5667 855 5722 haec
880 5676 962 5723 est
991 5685 1090 5722 nts.
1126 5669 1200 5724 tui
1230 5665 1430 5742 .loseph
1459 5665 1571 5721 haec
1603 5673 1686 5720 eat
