3910 6018
343 203 445 260 7ὂ¹1
1741 221 1882 280 MED

2061 221 2270 279 [ONES.
3506 227 3605 283 753

335 321 474 377 sima
512 327 788 383 devoravit
835 339 990 394 cum,
1038 336 1093 384 et
1128 328 1464 384 conculcavit
1505 331 1557 386 in
1613 331 1790 388 furore
1821 349 1918 390 suo
1947 331 2328 401 Aperdidisti,
2382 339 2438 384 ut
2487 329 2722 384 animam
2773 345 2947 385 meam
2994 333 3258 400 perditam
3311 334 3444 391 mihi
3479 342 3602 395 red-

331 418 722 476 V'estimentnm
752 421 902 490 eius,
933 431 986 476 et
1023 438 1238 478 omnem
1275 425 1522 480 decorem
1556 426 1698 481 illius
1731 428 1922 498 reliqui
2024 423 2200 477 deres.
2243 422 2309 476 Et
2353 437 2480 478 ecce
2523 421 2724 492 duplici
2772 423 2953 478 debito
2993 439 3077 478 me
3123 425 3286 496 220
3323 428 3602 498 obligasti,

334 514 583 581 corporis
613 511 682 544 “"
715 513 1048 583 inquinavit,
1093 521 1149 568 et
1201 530 1328 570 ecce
1376 515 1612 586 quinque
1655 519 1923 575 scissuras
2022 531 2148 570 nam
2195 525 2250 570 et
2301 529 2399 583 pro
2443 528 2508 569 eo
2555 515 2698 584 quod
2731 515 2953 580 dedisti,
2997 525 3053 570 et
3103 533 3200 586 pro
3229 534 3293 572 eo
3329 521 3468 587 quod
3500 524 3603 577 mei

335 601 709 658 lamentabiles
755 603 807 658 in
851 619 915 658 eo
941 605 1242 674 dereliquit.
1293 605 1406 660 [loc
1435 615 1516 660 est
1541 608 1920 664 vestimentum
2020 617 2182 658 causa
2215 603 2528 672 perdidisti,
2567 603 2778 658 debitor
2810 605 2905 659 tibi
2950 621 3088 660 sum.
3121 607 3186 661 Et
3212 623 3308 676 pro
3337 627 3454 662 nica
3487 612 3606 680 qui-

335 696 480 765 quod
519 696 571 750 in
599 711 759 750 [nam]
792 695 1061 768 Ᾱζεγριίω
1107 698 1410 754 meretricis
1439 739 1454 763 ,
1503 700 1758 756 innocens
1787 719 1923 773 puer
2021 692 2141 746 dem
2174 692 2281 746 γὶιιι
2311 692 2395 746 bis
2416 708 2444 745 a
2474 704 2525 746 te
2549 692 2680 746 mihi
2712 693 2869 758 data,
2903 695 3070 748 semel
3101 696 3156 749 ill
3195 699 3494 766 creatione,
3519 717 3603 756 SC-

339 798 460 844 tnns
475 787 631 846 Jesns
649 806 747 860 pro
769 792 1004 858 peccatis
1029 791 1256 846 fratrum
1287 809 1506 848 suorum
1528 794 1916 864 dereliquit”,
2020 785 2126 838 mel
2168 783 2222 838 ίη
2269 783 2664 854 Γεάθιιιριῖοηθι
2701 784 2828 852 quid
2878 785 3049 855 magis
3079 787 3222 854 iuste
3257 789 3352 843 tibi
3379 792 3602 845 reddant

337 879 614 934 meliorem
657 880 930 934 aestimans
970 880 1240 950 iacturam
1281 884 1428 954 pallii
1485 899 1644 954 quam
1707 885 1918 954 pudici-
2018 889 2180 944 quam
2217 874 2418 942 ῑρεθηι,
2467 889 2572 928 non
2620 875 2822 938 1131200;
2871 891 2968 944 PI‘O
3014 885 3102 931 tua
3151 887 3328 932 autem
3367 883 3602 950 pretiosa

339 971 428 1026 tia:
458 971 560 1037 “9;
587 971 864 1043 magisque
896 971 1100 1043 eligens
1128 973 1386 1042 spoliatus
1409 991 1436 1028 ει
1465 977 1644 1031 (τηε-..εδ
1673 976 1832 1044 pallio
1865 977 1918 1032 in
2019 965 2196 1019 anima
2232 965 2303 1018 ita
2349 965 2709 1020 contribulata
2739 1009 2754 1032 ,
2789 968 2916 1036 quid
2967 969 3036 1023 ab
3071 969 3289 1024 homine
3319 971 3481 1042 digne
3513 991 3602 1030 re-

333 1078 611 1118 carcerem
643 1063 833 1118 mortis
859 1063 1188 1118 dest-elidere
1219 1081 1378 1132 quam
1415 1081 1510 1132 pro
1539 1065 1722 1120 mundi
1749 1066 1917 1136 gloria
2019 1059 2177 1128 pendi
2205 1057 2394 1128 possit.
2425 1074 2532 1114 non
2565 1059 2800 1114 invenio.
2837 1059 2973 1114 Nam
3015 1061 3060 1116 si
3090 1061 3285 1118 coelum
3317 1075 3372 1120 et
3399 1074 3602 1120 terram

329 1153 650 1208 adulterinae
677 1153 794 1208 voci
826 1153 1204 1222 acquiescere;
1238 1155 1332 1220 illi,
1373 1154 1612 1224 inquam,
1645 1157 1784 1222 voci,
1811 1170 1915 1226 qua
2017 1161 2299 1205 etomnem
2327 1159 2578 1204 ornatutn
2613 1166 2807 1232 eorum
2827 1167 2928 1221 pro
2952 1167 3014 1207 ea
3041 1155 3338 1224 rependere
3363 1172 3599 1225 possem,

327 1245 530 1299 dictum
551 1255 672 1299 est:
709 1245 837 1299 Iltrc
854 1247 1030 1298 omnia
1053 1246 1148 1300 tibi
1171 1246 1326 1312 dabo,
1343 1247 1389 1300 si
1404 1247 1592 1300 cadens
1621 1244 1688 1277 ⁸²⁰
1718 1247 1914 1300 adora-
2017 1249 2167 1296 certe
2195 1255 2296 1295 nec
2336 1241 2414 1296 sic
2445 1255 2614 1310 usque
2657 1241 2724 1295 ad
2771 1257 3080 1298 mensuram
3126 1245 3290 1300 debiti
3330 1247 3602 1304 ullatenus

325 1337 460 1392 reris
503 1353 584 1392 me
615 1336 830 1407 (Matth.
861 1353 943 1398 iv,
966 1335 1054 1408 9);
1090 1337 1230 1406 quod
1282 1339 1467 1407 utique
1505 1345 1646 1392 esset
1675 1337 1916 1392 dormire
2017 1337 2363 1404 attingerem.
2403 1332 2474 1388 Ut
2496 1343 2674 1388 autem
2705 1343 2759 1388 et
2795 1335 3027 1404 idipsum
3057 1340 3200 1406 quod
3246 1339 3422 1394 habeo
3451 1339 3518 1372 ⁶³¹
3549 1353 3604 1396 et

323 1443 449 1482 eum
475 1428 736 1482 adultera.
785 1427 848 1482 Et
877 1428 944 1459 °“
991 1444 1164 1490 nunc,
1213 1429 1436 1482 Domine
1476 1427 1670 1491 Pater,
1711 1429 1913 1484 scimus
2015 1441 2234 1496 possum
2265 1425 2367 1488 “',
2403 1425 2520 1490 tibi,
2569 1425 2828 1491 Domine,
2869 1427 3202 1496 retribuam,
3251 1431 3323 1484 tui
3359 1434 3602 1488 muneris

324 1519 452 1590 quia
476 1519 594 1572 trivit
643 1517 814 1574 Filius
864 1529 1020 1586 tuus,
1071 1529 1118 1574 et
1157 1519 1461 1574 dominatur
1506 1520 1562 1574 in
1611 1531 1720 1574 tota
1770 1531 1911 1574 terra
2014 1527 2116 1571 est.
2163 1515 2475 1588 Diligentius
2513 1531 2643 1585 ergo
2679 1531 2740 1569 es
2773 1515 2842 1546 ⁸³³
2889 1524 2999 1570 ιοιο
3039 1517 3234 1582 corde,
3262 1527 3373 1572 tota
3397 1521 3598 1583 anima,

326 1609 549 1682 Egypti
579 1609 731 1680 (Gen.
763 1628 888 1678 XLV,
918 1611 1009 1680 26)
1030 1655 1045 1678 ,
1079 1612 1186 1668 imo
1209 1611 1262 1667 in
1283 1613 1430 1680 qmni
1452 1612 1568 1668 loco
1592 1614 1911 1668 dominatio-
1945 1679 1973 1682 A
2017 1619 2124 1664 tota
2153 1619 2354 1676 mente,
2386 1616 2496 1662 tota
2539 1608 2764 1671 virtute,
2795 1617 2849 1662 et
2902 1618 2990 1662 tua
3037 1608 3196 1663 modo
3229 1609 3298 1640 ⁸³⁸⁵
3324 1615 3598 1680 sequenda

323 1702 410 1758 nis
438 1710 560 1758 tuae.
585 1701 820 1758 Eductus
845 1702 988 1758 enim
1012 1703 1077 1755 ad
1107 1701 1391 1773 imperium
1423 1717 1572 1756 tuum
1606 1703 1670 1758 de
1691 1717 1911 1758 carcere
1943 1679 1985 1737 Β
2015 1699 2239 1770 vestigia
2266 1699 2357 1768 qui
2395 1698 2529 1752 mori
2571 1697 2823 1768 dignatus
2852 1713 2911 1752 es
2957 1713 3054 1767 pro
3089 1715 3196 1754 me.
3227 1697 3292 1753 Et
3331 1705 3600 1768 quomodo

321 1795 514 1850 mortis
540 1803 592 1851 et
615 1794 932 1861 inferorum,
951 1803 1008 1850 et
1029 1803 1276 1850 attonsus
1303 1794 1645 1850 mortalitatis
1671 1807 1908 1858 comam,
2013 1791 2103 1845 fiet
2129 1791 2270 1846 istud
2315 1791 2366 1844 in
2397 1805 2514 1857 me,
2549 1789 2652 1843 nisi
2685 1804 2783 1857 per
2827 1788 2920 1842 te?
2952 1789 3240 1844 Adlimreat
3267 1791 3445 1844 anima
3479 1807 3599 1845 mea

319 1893 529 1941 mutata
591 1897 739 1941 veste
787 1887 967 1941 carnis
1016 1886 1084 1918 ⁶”
1108 1927 1123 1951 ,
1152 1886 1205 1940 in
1247 1887 1668 1942 immortalitatis
1716 1887 1909 1941 decore
2009 1894 2130 1953 post
2161 1891 2213 1938 te
2240 1879 2412 1954 (Psal.
2443 1898 2582 1948 Lxu,
2616 1879 2700 1952 9),
2729 1882 2854 1952 quia
2897 1891 3008 1938 tota
3043 1883 3214 1938 virtus
3243 1882 3360 1951 eius
3397 1885 3600 1954 pendet

321 1975 596 2041 reﬂoruit,
620 1987 674 2030 et
703 1991 824 2030 cum
851 1975 1018 2046 gloria
1057 1976 1340 2045 suscepisti
1376 1991 1520 2029 eum.
1546 1973 1906 2030 Subnervavit
2011 1989 2076 2029 ex
2107 1983 2179 2028 te.

320 2072 423 2128 diri
450 2070 752 2124 Pharaonis
773 2069 842 2101 ⁸³³
869 2069 1174 2139 imperium,
1198 2079 1254 2124 et
1282 2085 1404 2124 cum
1444 2069 1714 2139 triumpho
1745 2067 1908 2122 nobili
2081 2065 2148 2120 Et
2193 2081 2334 2120 nunc
2358 2105 2372 2130 ,
2408 2063 2633 2119 Domine
2653 2106 2667 2130 ,
2698 2061 2826 2120 Iesu
2859 2063 3190 2136 Redemptor
3235 2083 3418 2136 meus,
3457 2077 3512 2126 te
3541 2077 3600 2124 ut

319 2163 521 2217 virtute
563 2161 776 2230 propria
822 2160 990 2216 cozlos
1033 2160 1354 2230 penetravit.
1395 2159 1460 2214 Et
1497 2175 1624 2214 ecce
1653 2159 1825 2230 gloria
1854 2167 1908 2212 et
2009 2173 2196 2226 verum
2230 2159 2398 2213 Deum
2427 2157 2610 2222 adoro,
2643 2157 2696 2210 in
2731 2165 2781 2210 te
2805 2155 2998 2222 credo,
3030 2157 3083 2210 in
3117 2169 3167 2213 te
3190 2175 3368 2228 spero,
3393 2171 3448 2215 et
3477 2163 3598 2230 qui-

320 2254 530 2310 honore
557 2263 848 2308 coronatus
903 2253 956 2306 in
989 2253 1206 2307 dextera
1251 2249 1551 2320 maiestatis
1579 2260 1680 2304 tua:
1703 2249 1910 2305 assistit
2009 2249 2112 2306 bus
2141 2263 2359 2318 possum
2400 2247 2686 2303 desideriis
2711 2247 2778 2302 ad
2803 2256 2854 2302 te
2901 2247 3134 2318 suSpiro.
3161 2248 3367 2320 Adiuva
3400 2252 3600 2322 imper-

317 2345 488 2400 vultui
519 2353 608 2399 tuo
639 2359 736 2416 pro
767 2345 939 2400 nobis.
985 2343 1178 2398 Frater
1206 2345 1341 2398 enim
1375 2355 1422 2398 et
1455 2359 1577 2398 caro
1621 2351 1800 2397 nostra
1831 2352 1908 2396 est
2011 2339 2294 2396 fectionem
2329 2355 2504 2394 meam
2529 2379 2542 2404 ,
2568 2341 2632 2392 ad
2660 2347 2762 2392 tute
2785 2339 3054 2408 passionis
3085 2341 3318 2412 gloriosa
3344 2344 3598 2416 insignia,

321 2435 476 2508 (Gen.
504 2452 717 2502 xxxvii,
746 2435 860 2506 27).
2009 2437 2062 2491 in
2095 2437 2290 2506 quibus
2323 2435 2550 2489 salutem
2582 2450 2759 2489 meam
2790 2443 3044 2505 operatus
3074 2451 3163 2501 es,
3196 2445 3365 2490 totum
3401 2453 3485 2490 me
3517 2439 3596 2492 iti-

390 2527 632 2597 Respice,
687 2527 948 2593 Domine,
999 2527 1054 2581 in
1108 2527 1298 2598 [aciem
1339 2524 1532 2580 Christi
1594 2526 1671 2579 tui
1728 2523 1903 2596 (Psal.
2008 2524 2325 2580 clino.Tua':
2353 2523 2658 2579 vietoriosa:
2693 2525 2873 2580 crucis
2921 2525 3100 2595 regale
3139 2525 3387 2580 vexillum
3421 2527 3600 2582 inno-

317 2635 526 2674 LXXXIII
551 2660 566 2684 .
601 2617 688 2689 10)
716 2659 730 2682 ς
763 2617 852 2687 qui
901 2617 996 2672 tibi
1039 2633 1210 2688 usque
1255 2617 1320 2670 ad
1369 2625 1596 2670 mortem
1645 2615 1904 2670 obediens
2007 2621 2152 2675 mine
2182 2631 2272 2674 tuo
2299 2661 2314 2686 ,
2339 2619 2586 2684 Christe,
2620 2619 2817 2685 adoro;
2850 2628 2997 2674 tuum
3029 2621 3275 2690 spineum
3319 2622 3590 2691 diadema,

315 2710 494 2766 factus
524 2721 607 2766 est
638 2709 804 2780 (Phil.
834 2725 872 2766 ιι
892 2752 906 2776 ,
932 2709 1026 2780 8),
1057 2726 1158 2765 nec
1196 2709 1448 2764 recedant
1481 2709 1548 2763 ab
1585 2707 1754 2763 oculis
1798 2709 1904 2762 tuis
2007 2725 2100 2766 tuo
2127 2713 2381 2766 rubentes
2409 2710 2672 2780 sanguine
2703 2711 2883 2766 clavos
2906 2753 2920 2776 ,
2959 2721 3048 2766 tuo
3095 2723 3281 2766 sancto
3310 2713 3462 2767 lateri
3492 2714 3592 2768 im-

315 2804 603 2859 cicatrices
624 2802 904 2856 vulnerum
928 2800 1042 2870 eius
1066 2801 1118 2855 in
1149 2811 1487 2870 perpetuum,
1515 2808 1572 2854 ut
1593 2799 1903 2854 memineris
2006 2819 2239 2858 mersam
2276 2802 2344 2834 ⁸³⁵
2375 2803 2640 2867 lanceam,
2677 2811 2764 2854 tua
2797 2802 3040 2868 vulnera,
3077 2811 3226 2856 tuum
3249 2803 3590 2873 sanguinem,

316 2905 573 2966 quantam
619 2893 1038 2950 satisfactionem
1086 2909 1183 2961 pro
1222 2893 1458 2962 peccatis
1503 2892 1708 2946 nostris
1743 2891 1810 2946 ab
1837 2906 1902 2946 eo
2007 2905 2154 2950 tuam
2199 2905 2459 2958 mortem,
2489 2904 2634 2948 tuam
2667 2895 3033 2964 sepulturam,
3069 2905 3214 2949 tuam
3247 2897 3589 2954 victoriosam

315 2985 642 3054 susceperis.
683 2983 937 3044 Utinam,
993 2983 1245 3046 Domine,
1289 2983 1564 3052 appendas
1596 2983 1646 3036 in
1695 2991 1898 3038 statera
1934 3046 1970 3060 Α
2005 2989 2459 3044 resurrectionem
2490 2998 2542 3042 et
2570 2987 3012 3059 glorilicationem
3038 3029 3051 3055 ,
3086 2990 3299 3044 Christe
3323 3030 3338 3054 ,
3365 2989 3587 3060 supplex

313 3086 535 3146 peccata
571 3075 865 3146 quibusm
905 3076 1040 3130 iram
1072 3075 1394 3140 metuimus,
1424 3083 1478 3128 et
1506 3073 1898 3142 calamitatem,
1929 3046 1971 3104 Ο
2005 3081 2173 3134 adoro
2201 3087 2256 3134 et
2301 3079 2561 3150 gloriﬁco.
2595 3076 2741 3134 Odor
2779 3081 2924 3134 enim
2977 3080 3098 3134 vitae
3145 3080 3278 3134 mihi
3323 3081 3494 3150 spirat
3531 3080 3586 3133 iu

313 3183 476 3239 quam
525 3185 714 3238 passus
753 3177 837 3223 est.
884 3183 981 3236 pro
1031 3165 1186 3220 nobis
1232 3166 1496 3220 innocens
1539 3164 1712 3220 Filius
1755 3175 1896 3220 tuus.
1999 3171 2251 3226 omnibus
2277 3172 2382 3225 his.
2411 3170 2610 3224 llorum
2645 3171 2857 3226 vivifico
2893 3169 3060 3226 odore
3093 3171 3341 3240 spiritum
3373 3188 3586 3238 meum,

311 3261 496 3327 Certe,
525 3261 769 3324 Domine,
799 3264 912 3314 tunc
943 3259 1161 3328 gravior
1193 3257 1506 3327 apparebit.
1536 3267 1591 3312 et
1632 3257 1804 3328 magis
1824 3257 1900 3311 di-
2001 3261 2246 3326 Domine,
2276 3277 2305 3315 a
2334 3263 2540 3331 peccati
2571 3271 2742 3318 morte
2807 3263 3091 3318 resuscita.
3137 3261 3337 3316 Horum
3386 3263 3587 3316 virtute

311 3369 444 3422 gna,
484 3361 544 3408 ιιι
587 3353 756 3423 ἰρεειιιι
785 3353 854 3384 ⁶²⁸
887 3348 1134 3406 εΙΥιιηιΙίιε
1179 3349 1604 3404 misericordia!!!
1637 3363 1802 3418 super
1830 3347 1899 3379 ⁵⁸⁸
1999 3354 2069 3408 ab
2101 3353 2315 3407 astutiis
2337 3351 2551 3408 Satanae
2587 3369 2672 3408 me
2702 3354 2948 3416 custodi,
2993 3368 3188 3424 meque
3214 3352 3458 3408 conforta
3486 3395 3500 3420 ,
3527 3364 3584 3410 ut

313 3460 416 3500 nos
447 3459 607 3514 quam
648 3445 758 3500 sint
791 3443 898 3510 illi,
927 3454 1020 3497 aut
1061 3442 1116 3496 in
1163 3441 1295 3512 ipsis
1324 3440 1694 3496 “contineas
1727 3439 1778 3492 in
1817 3439 1898 3493 ira
1999 3453 2056 3498 et
2100 3443 2285 3514 iugum
2338 3443 2712 3497 mandatorum
2747 3451 2956 3495 tuorum
3000 3457 3166 3497 suave
3209 3443 3338 3496 mihi
3385 3441 3586 3508 fiat,et

313 3536 718 3591 misericordias
779 3544 920 3588 tuas.
969 3531 1184 3589 Gratias
1249 3531 1387 3596 tibi,
1441 3531 1667 3586 Domine
1713 3537 1899 3584 sancte
2001 3549 2138 3589 onus
2171 3533 2382 3598 crucis,
2411 3533 2555 3602 quod
2605 3541 2727 3601 post
2772 3541 2826 3586 te
2871 3531 3116 3600 baiulare
3145 3549 3230 3587 me
3253 3533 3444 3604 iubes,
3479 3534 3584 3587 hu-

312 3623 476 3680 Pater
507 3625 602 3690 θη,
634 3625 836 3680 referat
861 3623 1036 3677 omnis
1077 3620 1256 3692 lingua
1289 3634 1452 3690 super
1477 3619 1806 3674 abundantia
1829 3618 1897 3650 m
2001 3625 2167 3682 meris
2207 3627 2400 3680 anima:
2432 3640 2562 3679 meae
2609 3625 2725 3680 leve
2763 3624 2834 3680 sit
2881 3633 3044 3695 atque
3073 3625 3337 3696 portabile
3365 3625 3582 3694 (Matth.

311 3713 529 3784 pietatis
561 3723 684 3780 tuae,
712 3715 802 3784 qui
835 3713 996 3768 unico
1023 3712 1162 3766 Filio
1199 3710 1378 3766 cordis
1431 3711 1508 3765 tui
1553 3726 1658 3765 non
1702 3724 1855 3779 pepet

2041 3737 2079 3787 ι,
2107 3719 2218 3788 50).
2251 3719 2378 3785 Qua:
2413 3727 2498 3772 est
2530 3718 2674 3770 enim
2715 3715 2977 3771 fortitudo
3007 3732 3156 3782 mea,
3183 3725 3242 3772 ut
3264 3718 3416 3788 juxta
3443 3733 3581 3786 prae-

312 3805 470 3871 cisti,
516 3805 610 3861 sed
639 3821 736 3876 pro
778 3805 934 3860 nobis
962 3805 1112 3859 illum
1154 3803 1424 3858 tradidisti
1459 3803 1511 3857 in
1553 3811 1806 3870 mortem,
1839 3811 1900 3858 nt
2000 3814 2213 3876 ceptum
2239 3815 2384 3858 tuum
2412 3805 2591 3858 mundi
2617 3820 2900 3872 prcssuras
2927 3815 3034 3859 tam
3060 3805 3381 3876 multiplices
3404 3809 3584 3860 animo

314 3910 554 3966 tantum,
595 3910 814 3971 tamque
857 3900 1066 3956 fidelem
1112 3899 1435 3956 advocatum
1485 3897 1812 3954 haberemus
1842 3899 1896 3953 in
2001 3895 2202 3950 invicto
2233 3893 2562 3949 sustineam?
2589 3891 2840 3964 Nunquid
2864 3895 3027 3965 pedes
3052 3897 3152 3950 mei
3180 3905 3434 3966 tanquam
3465 3915 3584 3951 cer-

312 3989 466 4046 ctelis
494 4006 678 4044 coram
707 3999 778 4044 te.
1999 4001 2188 4042 verum
2224 3983 2396 4057 (Psat.
2422 3999 2554 4051 xvii,
2583 3983 2697 4050 '54),
2732 3994 2788 4038 ut
2822 3994 2870 4040 te
2899 3985 3153 4040 velociter
3183 3997 3489 4042 currentem
3515 3987 3584 4018 ⁸³⁸

385 4075 452 4134 Ει
491 4081 606 4146 tibi,
641 4081 862 4134 Domine
886 4079 1033 4144 Iesu,
1061 4079 1353 4135 fortissime
1378 4079 1594 4144 zelotes,
1627 4079 1754 4148 quid
1776 4095 1896 4149 gra-
1999 4093 2096 4148 per
2121 4077 2305 4147 spinas
2327 4086 2382 4130 et
2409 4076 2664 4146 confraga
2694 4077 3003 4146 passionum
3040 4079 3296 4148 consequi
3333 4079 3585 4133 valeam?

315 4169 548 4238 tiarnm,
579 4171 705 4240 quid
737 4171 1111 4226 retributionis
1139 4171 1297 4242 digne
1337 4171 1628 4226 retribuam
1669 4185 1769 4240 ego
1799 4171 1892 4224 ho-
2001 4169 2107 4223 Sed
2141 4167 2295 4234 audi,
2334 4183 2549 4238 quaeso,
2597 4184 2780 4222 vocem
2824 4185 3029 4232 meam,
3082 4179 3134 4223 et
3178 4171 3374 4224 inclina
3421 4187 3580 4242 super

314 4276 432 4326 mo,
455 4261 653 4330 pulvis,
687 4271 738 4318 et
768 4263 928 4328 cinis,
955 4269 1008 4316 et
1058 4262 1161 4316 vile
1202 4262 1548 4333 figmentum?
1583 4262 1720 4329 Quid
1751 4263 1894 4316 enim
2001 4275 2214 4316 servum
2239 4261 2308 4292 m
2337 4269 2486 4315 tuum
2525 4277 2743 4316 suavem
2777 4261 2916 4316 illam
2956 4277 3206 4330 crucem,
3234 4278 3353 4334 qnze
3381 4265 3582 4336 lignum

311 4367 411 4423 pro
437 4354 608 4408 Sullllc
651 4370 764 4408 mea
811 4353 988 4409 facere
1035 4353 1292 4417 debuisti,
1326 4361 1379 4407 et
1416 4369 1520 4409 non
1573 4353 1896 4408 fecisti?Ah
1929 4413 1971 4424 _
2001 4355 2123 4408 visre
2171 4363 2256 4408 est
2311 4353 2395 4408 his
2446 4355 2536 4424 qui
2593 4353 3050 4423 apprehenderint
3111 4370 3228 4409 eam
3259 4397 3272 4421 ,
3320 4365 3374 4410 et
3423 4365 3481 4413 ut
3532 4367 3584 4412 et

313 4443 766 4514 imopedisusque
782 4447 846 4500 ad
863 4461 1131 4500 summum
1158 4446 1374 4500 verticis
1395 4453 1560 4500 tutum
1585 4445 1893 4516 inaquism
1929 4413 1978 4472 υ
2003 4461 2160 4514 Spero
2187 4445 2284 4506 ⁸³³,
2321 4459 2536 4499 curram
2582 4446 2857 4499 alacriter.
2904 4445 3138 4502 Portabo
3179 4447 3584 4518 infatigabilitcr

311 4533 624 4603 passiomim
659 4543 714 4588 te
741 4535 1072 4600 demersisti,
1101 4544 1160 4589 ut
1185 4551 1270 4590 me
1297 4545 1465 4590 totum
1483 4537 1549 4591 de
1581 4536 1684 4591 illis
1713 4549 1895 4593 extra-
2002 4551 2121 4594 eam
2158 4551 2278 4608 qu'e
2303 4535 2372 4590 ab
2405 4535 2636 4590 inimicis
2664 4543 2746 4589 est
2775 4551 2990 4590 crucem
3034 4547 3154 4606 post
3183 4545 3253 4591 te.
3295 4537 3438 4591 Illam
3459 4579 3473 4603 ,
3503 4539 3584 4592 in-

312 4624 504 4691 heres;
535 4633 588 4680 et
627 4627 950 4680 intraverunt
997 4643 1147 4696 aqua?
1172 4643 1336 4697 usque
1383 4627 1451 4681 ad
1491 4628 1721 4681 animam
1748 4639 1893 4683 tuam
2001 4645 2161 4698 quam
2183 4669 2197 4692 ,
2227 4627 2616 4682 divinissimam
2647 4641 2861 4680 crucem
2895 4627 3134 4684 humeris
3165 4631 3301 4686 meis
3333 4631 3579 4702 impone,

311 4713 494 4784 (Paul.
519 4732 708 4784 uvut,
736 4717 816 4788 2).
850 4717 982 4770 Nam
1015 4729 1070 4773 et
1099 4721 1336 4773 animant
1381 4726 1527 4773 tuam
1577 4720 1630 4772 in
1663 4717 1893 4776 mortem
2001 4719 2154 4789 cuius
2173 4719 2401 4774 latitudo
2427 4727 2511 4774 est
2536 4719 2803 4784 Charitas,
2827 4735 2990 4790 super
3019 4737 3240 4778 omnem
3271 4735 3580 4779 creaturam

1635 4830 1866 4886 VARl/E
1908 4831 2312 4888 LECTIONES.

383 4935 746 5019 "'JReiiquiis
802 4938 1012 5019 cruoris
1074 4956 1174 5019 me.
1225 4943 1740 5019 reliqnicorporis“
1822 4944 2052 5019 “°_\_l_ide
2105 4945 2329 5019 Domine
2384 4943 2634 5019 palli_t_im_
2665 4949 2808 5018 quod
2848 4946 2936 5019 in_
2961 4962 3124 5002 manu
3183 4949 3440 5004 adultera:
3487 4965 3580 5019 ge-

310 5007 634 5091 nerationis,
687 5009 740 5063 id
784 5007 1191 5091 est_}Egy.ptiae
1245 5007 1580 5091 nieritrieis,’
1618 5015 1844 5084 pudicus
1913 5016 2000 5070 ille
2067 5007 2400 5091 adolescens
2447 5007 2818 5091 reliquit'ms.
2877 5017 3006 5091 _ﬂoc
3056 5029 3139 5074 est
3195 5007 3575 5076 vestimentiim

311 5079 463 5160 quod
519 5079 798 5160 inmtnanu
853 5079 1122 5160 [Egyptize
1170 5081 1472 5160 meritrieis
1531 5079 1796 5140 innocens
1852 5095 2174 5160 puermtuus
2235 5085 2405 5160 Jesus
2435 5102 2533 5160 pro
2563 5079 2822 5160 "peccatis
2869 5088 3098 5160 fratrum
3152 5105 3373 5144 suorum
3417 5091 3575 5160 dere-

309 5148 470 5232 liquit
505 5220 518 5232 ⁸
543 5149 614 5181 ⁶¹⁹
646 5148 976 5232 VeStimenti
1001 5148 1172 5232 gnam
1200 5151 1525 5232 mentientia;
1554 5167 1754 5232 sancta:
1783 5148 1882 5210 ms'.
1914 5156 2062 5226 pallii
2090 5173 2252 5232 quain
2285 5148 2555 5232 pudicitia;
2584 5148 2702 5232 '7‘”
2731 5159 2803 5232 Si,
2831 5159 3116 5232 procidcns
3137 5177 3274 5232 nm.
3304 5161 3348 5232 si
3380 5159 3578 5232 cadens

409 5219 478 5302 Et
505 5220 620 5302 ipse
647 5237 746 5302 mal.
777 5221 964 5274 omittit
1017 5219 1171 5302 i’pseL
1235 5221 1304 5254 ⁸⁸³
1335 5224 1498 5280 Veste
1515 5227 1708 5302 carnis
1754 5243 1852 5302 ms.
1889 5219 2052 5282 carne
2081 5219 2255 5302 vestis
2285 5219 2300 5227 ’
2357 5227 2426 5258 ⁵³³
2448 5227 2670 5302 Diriphii
2704 5219 2932 5282 rationis
2981 5245 3076 5283 ms.
3119 5229 3222 5284 diri
3275 5230 3575 5302 pharaouis

311 5289 384 5320 ⁸⁸⁵
405 5287 596 5345 Nostra
623 5291 820 5360 quibus
852 5308 948 5344 ms.
983 5287 1195 5357 omittit,
1221 5303 1408 5350 nostra
1508 5296 1576 5330 ⁸³⁸
1613 5295 1680 5350 Ut
1702 5312 1798 5364 per
1827 5299 2002 5365 ipsam
2026 5314 2124 5352 ms.
2159 5307 2216 5352 ut
2245 5297 2413 5366 ipsam
2516 5287 2584 5329 ⁸³⁵
2629 5297 2798 5354 Tuam
2844 5315 3006 5370 super
3037 5315 3136 5352 ms.
3179 5287 3370 5353 omittit
3431 5310 3574 5356 tuam

311 5359 382 5390 ⁸³⁷
411 5359 520 5416 Pro
555 5363 790 5424 peccatis
817 5361 1016 5416 nostris
1041 5377 1136 5414 ms.
1169 5362 1224 5416 in
1254 5363 1386 5424 ipsis
1460 5363 1529 5398 ⁶²⁸
1565 5367 1786 5422 Domine
1811 5368 1971 5422 Pater
1993 5385 2091 5421 ms.
2130 5369 2384 5424 Domine.
2423 5379 2610 5424 sancte
2645 5369 2806 5424 Pater
2879 5367 2946 5400 ⁶²⁹
2979 5368 3054 5422 De
3083 5369 3572 5424 sunerabundantia

1121 5399 1136 5413 ο
1169 5386 1224 5413 III
1256 5386 1386 5413 IllSlS
1460 5386 1529 5398 ""
1566 5386 1786 5413 I’Dﬂlllll‘.
1813 5386 1971 5413 I’ﬂlﬂl‘
1993 5386 2091 5413 ms-
2131 5386 2384 5413 1101111111ῖὲΔ
2423 5386 2610 5413 sancte
2648 5386 2806 5413 1³2111³1*
2879 5386 2946 5400 “’¹’
2982 5386 3054 5413 UP.
3083 5386 3440 5413 eumn-anima:

311 5371 378 5390 τ’
411 5371 520 5416 t’ro
555 5371 790 5428 peccatis
817 5371 1016 5416 nostris
1041 5377 1136 5414 ms.
1169 5371 1224 5416 in
1254 5371 1386 5432 ipsis
1460 5371 1529 5398 ⁶¹¹⁵
1565 5371 1786 5422 Domine
1811 5371 1971 5422 Pater
1993 5385 2091 5421 ms.
2130 5371 2384 5432 Domine,
2423 5379 2610 5424 sancte
2645 5371 2806 5424 Pater
2879 5371 2946 5400 6"
2979 5371 3054 5422 De
3083 5371 3572 5438 superabundantia

307 5445 608 5510 nas-super
628 5429 962 5510 abundantia
1037 5431 1104 5462 ⁶³⁰
1135 5431 1189 5486 ln
1222 5448 1391 5502 aquas
1414 5453 1514 5490 ms.
1541 5435 1780 5510 iil‘thtiis
1855 5437 1922 5510 ἦθ’
1955 5438 2224 5510 ldipsnm,
2250 5447 2304 5492 et
2332 5438 2472 5510 quod
2505 5441 2675 5496 debeo
2702 5457 2800 5494 ms.
2831 5449 2887 5494 et
2916 5439 3146 5510 idipsum
3197 5443 3338 5510 quod
3399 5441 3574 5497 habeo

309 5499 380 5532 ⁸³³
409 5499 478 5580 [Et
508 5499 926 5580 inilii‘possibile
945 5512 1028 5580 est
1055 5517 1153 5555 ms.
1177 5511 1232 5557 et
1257 5499 1473 5580 possum
1540 5505 1607 5536 ⁸³³
1633 5499 2183 5580 Diligendnsmi'hies
2205 5499 2304 5565 ins.
2336 5499 2634 5580 diligendus
2655 5527 2714 5566 es
2745 5525 2874 5580 ergo
2947 5499 3015 5540 ⁶³ῖ
3048 5509 3162 5564 Tua
3191 5499 3320 5566 mihi
3350 5529 3447 5566 ms.
3485 5521 3573 5570 tua

307 5571 474 5626 modo
547 5569 617 5602 ⁸³⁸
645 5569 966 5640 [inpressam
999 5569 1312 5628 immensam
1338 5591 1435 5631 ms.
1461 5569 1771 5630 immersam
1847 5575 1914 5607 ⁸³⁸
1948 5577 2212 5633 Velociter
2262 5569 2568 5636 currentem
2612 5597 2708 5636 ms.
2751 5569 2987 5636 velocem
3020 5595 3298 5638 cursorem
3371 5582 3438 5614 ⁸³⁷
3465 5583 3572 5638 Su-

309 5655 410 5705 per
446 5657 532 5697 me
559 5658 572 5694 :
613 5640 870 5696 famulum
896 5659 990 5696 ms.
1023 5658 1183 5712 super
1210 5657 1423 5700 servum
1471 5711 1474 5714 ,
1501 5647 1568 5678 ⁸³⁸
1602 5645 1670 5701 Ut
1699 5655 1754 5702 et
1785 5645 1980 5718 spiritu
2013 5664 2109 5702 ms.
2135 5657 2189 5706 et
2226 5659 2283 5705 ut
2310 5665 2466 5720 spero
