3910 6018
317 229 423 286 759

670 227 730 285 S.
769 228 1068 289 ANSELMI
1107 187 1458 284 CAN’l‘UAR.
1486 229 1804 286 ARCHIEP.
1847 230 2000 289 OPP.
2041 232 2221 290 PARS
2271 233 2334 290 ll.
2363 264 2434 275 —
2471 231 2841 288 ΡΑΒᾸΞΝΕΤ.
2874 231 2962 287 ΕΤ
2992 229 3234 287 ASCET.

3563 96 3614 116 τε

3490 229 3594 284 760

319 361 379 401 se
403 344 732 413 extendens;
771 346 922 415 cujus
953 345 1257 414 longitudo,
1289 346 1565 400 aeternitas
1597 387 1609 411 ,
1639 348 1791 416 cujus
1814 362 1908 401 su»
1935 352 1984 412 Α
2013 363 2097 414 ea,
2132 359 2387 419 tanquam
2416 363 2457 403 λ.
2480 351 2670 404 dextro
2704 347 2870 402 latere
2903 362 3056 409 meo,
3088 345 3207 400 vice
3237 343 3512 412 sanguinis
3543 353 3596 398 et

320 437 577 514 blim’itas.
605 437 1027 506 omnipotentia;
1057 436 1212 506 cujus
1242 435 1600 504 profunditas,
1629 437 1900 492 inscruta-

321 529 447 585 bilis
472 529 732 598 sapientia
758 537 862 582 est.
888 526 1108 598 Conﬁge
1130 527 1205 581 illi
1229 542 1423 581 manus
1451 542 1600 582 meas
1617 568 1631 594 ,
1658 537 1713 582 et
1737 527 1901 598 pedes

323 634 473 674 meos
493 659 506 684 ,
537 628 590 673 et
621 626 786 673 totam
816 618 1044 673 formam
1073 618 1342 689 passionis
1371 626 1474 672 tua:
1501 633 1659 674 servo
1711 627 1800 674 tuo
1831 618 1900 650 ⁶³⁹

321 711 504 765 indue.
531 710 606 763 Da
635 709 790 774 mihi,
819 712 1046 765 obsecro
1065 751 1078 775 ,
1112 709 1391 765 continere
1414 711 1482 765 ab
1501 710 1756 780 operibus
1783 726 1903 767 car-

328 802 433 868 nis,
463 816 582 869 qua:
604 803 764 856 odisti
795 820 808 866 ;
840 812 892 856 et
919 803 1097 857 facere
1119 801 1410 870 justitiam,
1439 819 1602 873 quam
1634 803 1900 870 dilexisti;

320 897 374 946 et
399 891 454 945 in
485 900 712 962 utroque
737 902 880 948 tuam
905 907 1149 961 quaerere
1178 891 1246 924 “°
1271 892 1521 962 gloriam,
1549 903 1603 946 et
1627 892 1904 947 sinistram

322 980 540 1051 quidem
593 997 766 1036 meam
817 982 970 1037 clavo
1025 985 1425 1052 temperantiae,
1470 983 1750 1039 dexteram
1778 999 1907 1038 vero

322 1071 478 1126 clavo
516 1071 740 1143 iustitiae
777 1073 832 1127 in
863 1072 950 1128 illa
988 1074 1206 1129 sublimi
1247 1090 1409 1129 cruce
1453 1074 1724 1130 conﬁxam
1765 1075 1911 1130 arbi-

323 1161 529 1217 trabor.
567 1162 645 1217 Da
681 1164 845 1218 menti
875 1179 1008 1218 meae
1051 1163 1248 1235 iugiter
1279 1166 1527 1220 meditari
1557 1166 1610 1220 in
1640 1166 1755 1238 lege
1781 1176 1868 1221 tua
1891 1208 1904 1231 ,

316 1264 378 1308 et
402 1268 617 1308 omnem
641 1255 933 1326 cogitatum
953 1256 1155 1327 jugiter
1175 1255 1384 1325 jactare
1409 1257 1474 1288 °“
1501 1258 1555 1312 in
1583 1267 1669 1325 te;
1700 1267 1756 1312 et
1780 1259 1910 1312 dex-

325 1355 498 1398 terum
549 1345 738 1415 pedem
790 1361 966 1402 meum
1024 1348 1197 1402 eidem
1249 1348 1393 1418 ligno
1443 1349 1565 1404 vitae
1615 1349 1912 1418 prudentiae

324 1437 476 1492 clavo
504 1436 676 1510 aﬁige.
713 1440 789 1493 Da
837 1449 896 1495 ut
948 1441 1254 1497 ministram
1299 1441 1367 1472 ⁸⁸³
1395 1442 1618 1511 spiritus
1657 1443 1761 1496 mei
1793 1457 1912 1496 scn-

325 1526 631 1586 sualitatem
663 1543 763 1585 nec
791 1539 1014 1586 enervet
1042 1531 1274 1586 labentis
1298 1530 1420 1585 vitae
1436 1530 1708 1585 “’infelix
1743 1530 1915 1585 felici-

328 1631 430 1685 tas,
463 1633 563 1674 nec
584 1620 867 1677 conturbet
890 1621 1145 1691 perennis
1172 1621 1293 1675 vitae
1323 1620 1546 1691 prmmia
1572 1620 1699 1676 felix
1740 1619 1914 1675 infeli-

2005 454 2176 509 aqure,
2205 455 2442 494 amorem
2473 448 2620 494 tuum
2645 439 2737 504 3",
2764 447 2819 494 et
2846 436 3070 491 fratrum
3095 450 3355 490 meorum.
3381 432 3598 488 Postrea

2004 547 2094 587 mo
2139 540 2195 586 et
2232 531 2432 586 munda
2477 531 2704 587 sindone
2745 530 2933 600 primae
2960 527 3110 584 stola:
3138 527 3382 596 spiritum
3405 540 3594 580 meum

2005 624 2236 688 involvo,
2260 623 2310 678 in
2337 639 2441 694 qua
2471 623 2807 693 requiescam
2838 620 3146 690 ingrediens
3175 617 3240 672 ad
3269 617 3392 670 tein
3416 615 3596 671 locum

2007 714 2337 770 tabernaculi
2373 712 2707 768 admirabilis
2733 710 2908 777 (Psal.
2934 725 3024 763 xu
3045 751 3059 775 ,
3095 708 3182 778 5),
3211 716 3266 762 et
3294 707 3599 762 abscondas

2007 823 2112 870 me,
2143 807 2310 862 donec
2337 813 2676 875 pertranseat
2711 803 2862 858 furor
2887 811 3010 857 tuus
3035 800 3195 872 (Isai.
3224 815 3378 865 xxvi,
3406 798 3518 868 20).

2080 898 2176 952 Die
2205 908 2383 952 autem
2413 897 2574 952 tertio
2598 937 2613 962 ,
2654 903 2779 966 post
2819 894 2961 948 diem
3015 891 3254 958 laboris,
3296 901 3419 961 post
3450 891 3597 946 diem

2007 987 2266 1059 simplicis
2317 987 2530 1059 glorize.
2569 1001 2727 1040 mane
2773 984 2844 1016 m
2883 984 3055 1054 prima
3087 981 3313 1038 Sabbati
3346 981 3597 1052 perpetui

2009 1076 2153 1130 inter
2180 1075 2318 1131 ﬁlios
2351 1085 2467 1130 tuos
2499 1090 2584 1129 me
2613 1074 2890 1144 indignum
2925 1071 3185 1127 resuscita
3213 1111 3228 1138 ,
3255 1081 3317 1124 ut
3345 1071 3397 1125 in
3427 1085 3599 1124 carne

2012 1182 2130 1221 mea
2159 1167 2368 1222 videam
2412 1166 2718 1221 claritatem
2758 1173 2938 1228 tuam,
2985 1171 3038 1217 et
3081 1162 3381 1232 adimplear
3411 1160 3599 1216 lzetitia

2010 1259 2188 1314 vultus
2214 1259 2289 1313 tui
2325 1257 2496 1329 (Psal.
2528 1273 2628 1324 xv,
2659 1257 2770 1327 Η).
2803 1253 2848 1312 0
2880 1255 3130 1312 Salvator
3159 1269 3342 1320 meus,
3370 1263 3426 1310 et
3454 1255 3600 1309 Deus

2014 1366 2195 1418 meus,
2227 1350 2444 1415 veniat,
2477 1350 2689 1414 veniat,
2720 1364 2851 1412 oro,
2881 1358 3094 1418 tempus
3118 1387 3134 1410 ,
3169 1356 3228 1402 ut
3269 1348 3412 1416 quod
3455 1363 3600 1402 nunc

2013 1443 2200 1507 credo,
2232 1441 2484 1496 relcvatis
2516 1441 2733 1494 tandem
2763 1439 2934 1494 oculis
2966 1438 3249 1508 aspiciam,
3279 1437 3421 1507 quod
3456 1452 3602 1491 nunc

2015 1548 2174 1604 Spero
2194 1541 2248 1587 ct
2277 1548 2308 1588 a
2352 1533 2508 1602 longe
2553 1531 2758 1596 saluto,
2800 1530 3201 1601 appreliendam
3223 1571 3238 1595 ,
3265 1527 3406 1599 quod
3455 1545 3602 1585 nunc

2016 1639 2114 1693 pro
2159 1624 2365 1679 viribus
2411 1623 2546 1677 meis
2587 1622 2836 1682 desidero
2863 1661 2878 1685 ,
2921 1621 3063 1674 ulnis
3093 1621 3286 1676 anima:
3321 1635 3452 1674 mea:
3481 1634 3600 1673 am-

327 1713 486 1776 citas,
511 1717 568 1765 et
597 1711 818 1766 sinister
842 1727 1056 1781 quoque
1083 1726 1178 1782 pes
1221 1727 1372 1767 meus
1399 1710 1730 1766 fortitudinis
1757 1711 1910 1767 clavo
1943 1703 1988 1762 Β
2019 1715 2222 1786 plectar
2247 1730 2310 1769 ac
2350 1713 2630 1769 deosculer
2656 1753 2672 1777 ,
2703 1721 2758 1768 et
2787 1712 2988 1767 amoris
3017 1710 3088 1742 °”
3120 1711 3194 1764 tui
3231 1711 3428 1781 abysso
3458 1718 3604 1763 totus

329 1801 382 1854 in
411 1815 570 1856 cruce
596 1801 886 1856 tenebitur.
916 1801 984 1857 Ut
1012 1811 1192 1858 autem
1224 1811 1278 1857 et
1309 1803 1588 1873 spinarum
1614 1803 1807 1874 capitis
1837 1803 1912 1858 tui

327 1891 506 1962 aliqua
530 1891 585 1947 in
631 1907 717 1947 me
768 1892 1062 1948 similitudo
1102 1902 1362 1964 appareat
1386 1934 1400 1956 ,
1434 1894 1590 1949 detur
1613 1935 1626 1958 ,
1653 1898 1910 1960 obsecro,

329 1984 496 2038 menti
526 1999 660 2039 meae
696 1993 751 2040 et
791 1985 1022 2042 salubris
1055 1986 1396 2055 pmnitentia:
1431 1988 1779 2055 compunctio
1804 2027 1819 2051 ,
1859 1995 1910 2042 et

326 2075 520 2132 alienae
542 2078 776 2133 miseriae
807 2078 1141 2148 compassio,
1171 2087 1224 2133 et
1249 2077 1502 2134 stimulus
1529 2078 1629 2134 zeli
1652 2079 1914 2134 aemulan-

329 2169 400 2225 tis
421 2170 564 2243 quod
590 2180 798 2227 rectum
828 2180 912 2227 est
944 2187 1126 2226 coram
1161 2183 1212 2227 te
1239 2214 1252 2238 ,
1285 2183 1339 2226 et
1370 2173 1435 2227 ad
1465 2181 1515 2226 te
1541 2182 1833 2228 convertar
1862 2175 1916 2229 in

326 2277 586 2318 aerumma
631 2278 780 2330 mea,
832 2264 957 2318 dum
999 2263 1190 2334 triplex
1238 2264 1369 2318 mihi
1424 2264 1716 2335 conﬁgitur
1761 2266 1916 2336 spina

327 2355 505 2424 (Psal.
535 2373 690 2422 χχχι,
709 2357 789 2428 4).
819 2357 974 2413 Libet
1000 2367 1057 2411 ut
1085 2366 1140 2412 et
1169 2357 1448 2428 spongiam
1475 2374 1575 2428 per
1596 2359 1914 2413 arundinem

329 2447 412 2500 ori
443 2462 564 2502 meo
587 2448 857 2520 porrigas,
884 2457 939 2502 et
969 2449 1106 2505 aceti
1138 2448 1559 2504 amaritudinem
1585 2450 1765 2522 gustui
1799 2464 1917 2506 meo

327 2543 605 2601 adhibeas.
637 2544 795 2600 Libet
820 2553 997 2614 utper
1032 2543 1346 2613 Seripturas
1393 2554 1512 2599 tuas
1548 2544 1745 2599 rationi
1784 2558 1918 2600 mem

329 2633 577 2690 conferas
599 2642 754 2702 gusta
765 2647 822 2686 re
844 2642 899 2686 et
920 2633 1104 2688 videre
1133 2634 1402 2703 quomodo
1421 2632 1625 2690 ﬂorens
1649 2635 1738 2690 hic
1765 2651 1921 2691 mun-

329 2725 430 2779 dus
463 2733 722 2794 tanquam
757 2725 983 2796 spongia
1031 2726 1208 2781 inanis
1239 2735 1355 2793 est,
1399 2735 1454 2783 et
1499 2729 1683 2783 omnia
1723 2743 1921 2784 concu-

331 2815 593 2882 piscentia
619 2817 736 2885 ejus
765 2827 918 2873 aceto
949 2819 1204 2874 amarior.
1239 2818 1343 2886 Ita,
1377 2818 1572 2885 Pater,
1602 2820 1653 2874 in
1687 2835 1774 2875 me
1805 2820 1917 2885 ﬁat,

334 2918 392 2964 ut
440 2908 582 2963 calix
629 2909 729 2965 iste
765 2910 1052 2981 Babylonis
1096 2927 1287 2965 aureus
1325 2913 1590 2966 inebrians
1621 2911 1689 2944 εδδ
1716 2929 1920 2968 omnem

331 3011 525 3057 terram
561 3002 697 3075 (ler.
737 3021 812 3068 Li,
839 3005 923 3074 7),
952 3021 1052 3060 nec
1075 3006 1217 3063 inarﬁ
1250 3021 1336 3063 me
1359 3007 1643 3076 splendore
1674 3010 1914 3074 seducat,

2016 1805 2328 1861 absorbear.
2359 1805 2404 1861 Ο
2434 1804 2685 1861 Salvator
2734 1819 2926 1869 meus,
2976 1812 3029 1858 et
3083 1802 3225 1858 Deus
3266 1801 3446 1856 meus!
3497 1799 3604 1854 Sed

2016 1912 2159 1953 nunc
2213 1897 2427 1952 interim
2484 1895 2742 1961 benedic,
2809 1895 2990 1949 anima
3045 1907 3200 1956 mea,
3259 1891 3601 1948 Salvatorem

2017 1999 2202 2055 tuum;
2235 1996 2291 2043 et
2319 1988 2603 2058 magniﬁca
2635 2003 2830 2042 nomen
2858 1985 3005 2055 ejus,
3031 1987 3173 2056 quod
3201 1995 3284 2040 est
3320 1994 3603 2054 sanctum,

2016 2093 2070 2139 et
2093 2083 2452 2138 sanctissimis
2479 2082 2686 2137 deliciis
2717 2080 2956 2152 plenum.

2089 2175 2133 2231 Ο
2162 2190 2321 2244 quam
2352 2175 2524 2229 bonus
2547 2181 2603 2228 et
2631 2175 2812 2228 suavis
2834 2187 2893 2227 es
2917 2212 2932 2238 ,
2970 2171 3199 2226 Domine
3237 2168 3386 2236 Iesu,
3412 2169 3607 2225 anima:

2017 2265 2277 2338 quaerenti
2308 2275 2380 2330 te,
2411 2264 2536 2320 Jesu
2563 2264 3217 2334 redemptorcaptivorum
3246 2261 3334 2323 ⁸⁸⁵,
3357 2261 3608 2314 Salvator

2019 2356 2463 2427 perditorum‘",
2486 2371 2610 2432 spes
2637 2355 2909 2422 exsulum,
2942 2353 3300 2410 laborantium
3325 2353 3606 2420 fortitudo,

2019 2452 2223 2506 anxiati
2277 2452 2347 2484 ⁸⁵⁸
2395 2452 2617 2521 spiritus
2658 2451 2916 2518 latitudo,
2975 2453 3169 2507 anima:
3211 2453 3526 2524 lacrymoszc
3553 2461 3609 2506 et

2019 2551 2140 2613 post
2167 2551 2220 2597 te
2251 2543 2304 2597 in
2336 2542 2534 2598 sudore
2563 2543 2832 2598 currentis
2863 2543 3019 2598 dulce
3069 2542 3323 2597 solatium
3353 2552 3407 2598 et
3440 2557 3606 2598 suave

2021 2635 2361 2706 refrigerium
2382 2675 2396 2700 ,
2427 2649 2628 2692 corona
2669 2635 3116 2706 triumphantium
3142 2675 3158 2700 ,
3190 2635 3349 2689 unica
3393 2649 3608 2691 merces

2019 2734 2074 2785 et
2100 2725 2286 2781 laetitia
2320 2740 2678 2796 supernorum
2707 2726 2904 2780 civium
2932 2726 3023 2790 ⁸⁸⁷,
3059 2725 3364 2780 uberrimus
3393 2725 3510 2781 fons
3534 2725 3606 2757 ⁸⁸⁸⁸

2020 2817 2259 2872 omnium
2275 2817 2590 2887 gratiarum,
2611 2817 2810 2888 inclyta
2832 2816 3008 2886 proles
3028 2816 3226 2871 summi
3245 2816 3362 2873 Dei.
3384 2815 3608 2872 Summe

2022 2905 2187 2970 Deus,
2209 2916 2260 2960 te
2283 2906 2601 2961 benedicant
2623 2908 2802 2962 omnia
2829 2923 2948 2976 qua:
2971 2907 3022 2960 in
3053 2906 3190 2962 coelo
3217 2916 3342 2961 sunt
3364 2922 3606 2974 sursum,

2022 3007 2219 3068 etquae
2264 3007 2392 3053 sunt
2430 2998 2484 3053 in
2528 2999 2597 3030 ³⁸⁸
2630 3011 2775 3053 terra
2805 2999 3090 3065 deorsum;
3129 2999 3254 3068 quia
3299 3015 3524 3070 magnus
3548 3014 3610 3054 es

328 3105 431 3146 nec
482 3091 618 3147 falsa
667 3094 947 3149 dulcedine
993 3095 1258 3162 inebriet,
1303 3060 1756 3167 quemadmodum
1815 3115 1910 3155 eos
1945 3060 1992 3125 δ
2027 3100 2104 3156 tu,
2135 3098 2191 3144 et
2225 3104 2477 3160 magnum
2509 3104 2705 3144 nomen
2744 3099 2913 3144 tuum.
2945 3088 2990 3145 Ο
3018 3089 3483 3143 immarceseibilis
3513 3089 3608 3144 de-

330 3184 422 3255 qui
455 3185 708 3241 tenebras
756 3187 962 3251 lucem,
1007 3197 1062 3242 et
1114 3187 1286 3245 lucem
1340 3191 1630 3254 tenebras,
1675 3206 1920 3246 amarum

331 3274 518 3344 dulce,
566 3286 622 3332 et
666 3277 822 3333 dulce
863 3294 1111 3334 amarum
1157 3281 1496 3339 arbitrantur
1527 3281 1684 3355 (Isai.
1711 3299 1777 3350 v,
1803 3284 1919 3356 20).

331 3365 528 3420 Vinum
563 3369 896 3442 myrrhatum
929 3369 997 3401 ⁸⁵⁸
1026 3380 1334 3440 suspectum
1384 3383 1468 3428 est
1513 3376 1642 3428 mihi
1710 3390 1808 3444 pro
1857 3391 1923 3432 eo

333 3459 475 3527 quod
527 3466 580 3511 tu
626 3473 692 3512 ex
740 3474 806 3513 eo
852 3460 1036 3515 bibere
1082 3462 1298 3516 noluisti
1328 3503 1344 3528 ,
1380 3462 1522 3519 forte
1547 3466 1670 3534 quia
1703 3467 1921 3524 nimiam

332 3547 686 3604 acerbitatem
743 3549 852 3614 ³⁸³,
907 3551 1291 3606 cruciﬁxorum
1357 3561 1571 3609 tuorum
1631 3556 1922 3614 indicabat.

334 3636 463 3690 Tum
485 3652 699 3707 quoque
741 3639 968 3694 viviﬁcaa
1015 3642 1177 3695 morti
1215 3657 1432 3697 servum
1475 3653 1624 3699 tuum
1654 3646 1722 3678 “7
1752 3647 1922 3702 cmﬁ-

333 3741 466 3802 gnra
490 3766 504 3789 ,
540 3725 742 3784 faciens
777 3729 830 3787 in
882 3745 968 3785 me
1013 3740 1070 3785 ut
1116 3733 1319 3788 moriar
1349 3735 1566 3805 quidem
1591 3748 1815 3806 peccato
1841 3755 1924 3794 se-

333 3817 569 3872 cundum
605 3834 821 3875 carnem
847 3863 862 3886 ,
914 3823 1092 3878 vivam
1141 3835 1320 3880 autem
1363 3826 1590 3898 justitiae
1627 3833 1921 3887 secundum

335 3910 602 3979 spiritum.
654 3911 726 3969 Ut
773 3922 954 3970 autem
1014 3917 1279 3989 integram
1326 3921 1576 3978 crucifixi
1628 3922 1922 3995 imaginem

334 4011 554 4073 portare
590 4018 676 4058 me
719 4004 951 4077 glorier;
991 4007 1119 4064 illud
1169 4025 1385 4082 quoque
1423 4028 1639 4085 quaso,
1677 4016 1819 4085 quod
1854 4016 1923 4048 οη

335 4101 456 4166 post
473 4103 698 4148 mortem
724 4103 869 4149 tuam
892 4096 1213 4153 insatiabilis
1241 4099 1446 4158 malitia
1479 4102 1851 4172 impiorum“9
1869 4105 1920 4160 in

335 4190 389 4239 te
410 4184 673 4250 exercuit,
703 4185 914 4241 bancin
945 4202 1032 4241 me
1061 4188 1468 4247 similitudinem
1502 4195 1764 4265 exprime.
1798 4197 1923 4253 Vul-

335 4282 493 4328 neret
516 4289 612 4329 cor
633 4289 812 4330 meum
837 4276 992 4332 vivus
1016 4285 1071 4332 et
1099 4276 1286 4333 elIicax
1311 4294 1491 4338 sermo
1523 4292 1645 4339 tuus
1673 4296 1923 4355 penetra-

337 4365 498 4426 bilior
519 4368 589 4402 ⁶⁹⁰
611 4371 758 4425 omni
776 4369 961 4426 lancea
986 4371 1386 4437 acutissima,et
1419 4377 1728 4448 pertingens
1751 4395 1920 4448 usque

2023 3196 2119 3236 cor
2144 3181 2240 3236 Dei
2263 3180 2459 3236 excelsi
2479 3221 2494 3244 ,
2524 3189 2577 3235 et
2606 3180 2900 3250 purissima
2938 3179 3156 3234 claritas
3183 3178 3318 3235 lucis
3348 3188 3566 3235 reterns:
3586 3216 3609 3248 ,

2023 3274 2133 3329 vita
2161 3287 2375 3327 omnem
2408 3271 2573 3325 vitam
2600 3271 2910 3337 viviﬁcans,
2948 3269 3040 3324 lux
3071 3285 3233 3325 omne
3277 3273 3456 3323 lumen
3488 3269 3610 3324 illu-

2024 3365 2237 3419 minans
2267 3371 2324 3418 et
2351 3376 2681 3418 conservans
2712 3362 2766 3418 in
2815 3371 3075 3431 perpetuo
3127 3359 3413 3432 splendore
3464 3360 3610 3416 mille

2024 3455 2243 3510 millena
2281 3452 2447 3507 millia
2483 3451 2552 3484 ⁸⁶⁰
2581 3451 2844 3507 luminum
2893 3451 3154 3521 fulgentia
3195 3461 3320 3506 ante
3359 3450 3428 3483 ⁰⁶¹
3459 3452 3611 3505 thro-

2024 3561 2152 3600 num
2196 3544 2390 3599 divinm
2425 3543 2494 3574 ⁶⁸²
2526 3541 2947 3611 majestatistuaa
2989 3556 3021 3595 a
3065 3542 3322 3612 primaevo
3349 3539 3606 3595 diluculo.

2025 3637 2069 3693 Ο
2100 3647 2359 3692 aeternum
2388 3644 2444 3690 et
2486 3635 2811 3690 incessabile
2833 3619 2851 3698 ,i
2879 3634 3087 3690 clarum
3125 3641 3181 3689 et
3225 3633 3381 3688 dulce
3409 3632 3610 3702 proﬂu-

2022 3732 2169 3788 vium
2222 3728 2387 3785 fontis
2421 3729 2722 3785 absconditi
2751 3728 2819 3784 ab
2845 3727 3018 3784 oculis
3046 3727 3115 3760 ⁸⁸³
3145 3725 3451 3781 mortalium
3471 3765 3486 3791 ,
3518 3739 3610 3778 cu-

2017 3828 2108 3899 jus
2122 3826 2261 3881 unda
2283 3825 2400 3880 sine
2422 3822 2908 3893 ortu,profundum
2934 3822 3053 3877 sine
3067 3819 3246 3880 fundo,
3265 3818 3419 3887 cujus
3442 3817 3606 3872 altum

2025 3919 2143 3973 sine
2178 3916 2429 3979 termino,
2458 3912 2611 3982 cujus
2649 3912 2876 3967 latitudo
2906 3907 3487 3979 incirconscriptibilis,
3517 3921 3608 3961 cu.

2017 4008 2106 4078 jus
2153 4008 2362 4079 puritas
2410 4004 2888 4076 imperturbabilis.
2941 4003 3162 4058 Eruetat
3203 4010 3254 4056 te
3280 4000 3351 4031 °“
3377 4015 3472 4056 cor
3511 3997 3606 4053 Dei

2025 4100 2276 4156 altissimi
2311 4099 2378 4154 de
2425 4112 2537 4153 suae
2580 4093 2967 4167 profunditatis
2999 4091 3394 4163 impenetrabili
3445 4089 3607 4159 abys-

2025 4209 2119 4259 so,
2150 4191 2263 4247 vita
2312 4190 2512 4255 vitam,
2562 4187 2654 4243 lux
2708 4187 2884 4243 lucem
2908 4226 2926 4254 ,
2956 4185 3100 4240 Deus
3142 4183 3344 4247 Deum,
3375 4190 3610 4237 aeternus

2025 4294 2285 4340 aeternum
2307 4320 2324 4348 ,
2356 4280 2653 4335 immensus
2683 4278 3008 4332 immensum
3050 4289 3114 4329 ac
3153 4287 3250 4342 per
3294 4271 3476 4326 omnia
3505 4267 3610 4324 sibi

2028 4369 2355 4444 coacqualem
2378 4409 2394 4434 ,
2420 4377 2475 4424 et
2502 4368 2570 4424 de
2600 4365 2928 4437 plenitudine
2971 4374 3058 4418 tua
3084 4376 3273 4418 omnes
3301 4360 3610 4428 accepimus

339 4457 406 4516 ad
437 4458 693 4519 interiora
714 4460 909 4516 animae
938 4475 1070 4518 meae
1100 4460 1287 4532 (Hebr.
1320 4478 1393 4531 iv,
1427 4464 1513 4536 12)
1543 4446 1807 4542 producat
1832 4446 1917 4526 ex
1952 4485 1996 4540 ι)
2031 4464 2211 4536 (Joan.
2243 4477 2284 4529 ι,
2319 4459 2428 4530 i6).
2456 4457 2533 4516 Te
2563 4456 2730 4524 enim,
2759 4453 3064 4527 largissime
3092 4450 3214 4508 fons
3247 4449 3422 4507 omnis
3450 4446 3604 4510 boni,

3617 4617 3630 4688 ξ

1640 4688 1874 4744 VARIIE
1911 4684 2311 4745 LECTlONES.

413 4869 574 4943 ‘_’_’_Mpe
589 4867 850 4926 famulum
879 4878 1025 4943 tuum
1046 4887 1144 4943 ms.
1160 4881 1436 4943 servoth
1485 4871 1735 4927 “'Tnam
1751 4889 1997 4943 quaerens
2016 4889 2111 4926 ms.
2131 4880 2278 4943 tuum
2295 4879 2554 4943 ςιιιεωειξεξ⁸
2597 4862 2660 4894 ⁶⁴¹
2684 4860 3073 4943 Meumjactare
3085 4873 3183 4911 ms.
3194 4855 3609 4943 jug'iterjactare

342 4941 728 4994 mMinistrnm
752 4956 849 4993 ms.
881 4941 1240 4996 ministerium
1269 4956 1279 4966 '
1315 4942 1386 4973 “'
1409 4941 1698 4998 Praesentis
1722 4931 1846 4999 vita:
1880 4962 1978 4998 ms.
2007 4941 2237 4997 labentis
2260 4931 2745 5008 vi'tteuffﬂAureus
2768 4931 3039 5008 inebrians
3060 4945 3156 4982 ms.
3183 4931 3375 5008 omittit
3412 4940 3609 4980 aureus

341 5011 410 5045 “‘
425 5010 702 5083 Cumufelle
718 5011 944 5065 mixtum
958 5028 1057 5083 ms.
1084 5011 1275 5066 omittit
1336 5012 1406 5044 “°
1435 5012 1656 5069 Invidia:
1681 5024 1733 5067 et
1751 5015 2003 5083 nequitia:
2025 5028 2124 5065 ms.
2145 5010 2334 5083 omittit
2365 5003 2459 5083 f"
2477 5003 2633 5056 Morti
2658 5001 3083 5083 famulumtuum
3102 5015 3198 5052 ms.
3219 5001 3606 5083 mor-'Iti's‘ervum

344 5093 496 5137 tuum
553 5080 860 5154 f‘f_Quoque
881 5081 1024 5154 quod
1042 5098 1141 5154 ms.
1166 5097 1401 5154 quoque,
1427 5066 1811 5154 quaésorqno'd—
1828 5066 2235 5154 7““Judaeorum
2252 5075 2536 5154 i_mpiorum
2555 5071 2862 5154 [uagantur
2913 5069 3260 5154 Jndzeornm.‘
3288 5067 3365 5154 “7°.
3383 5066 3529 5154 Trin-1‘s
3545 5073 3607 5154 ﬁt

339 5135 727 5235 penetrabilibr
757 5135 856 5206 ms.
890 5135 1081 5235 amittit
1102 5135 1109 5136 ί
1129 5135 1326 5240 sntit?“
1351 5135 1991 5240 fulminiD‘o'niitie—etans.w
2006 5135 2208 5240 bmitm
2233 5135 2481 5240 nDomine
2524 5142 2623 5240 ﬁt"
2652 5143 2715 5198 Et
2733 5156 2904 5240 inng
2922 5139 3278 5240 Eri-ﬁniuit.

341 5208 396 5277 in
423 5222 624 5275 amoris
644 5231 828 5292 msaet
850 5223 1054 5277 amoris
1129 5222 1199 5254 °“
1219 5220 1571 5292 Captivorum
1601 5240 1699 5277 ms.
1727 5224 2111 5292 perditorum",
2137 5219 2208 5292 “ff
2233 5217 2572 5292 Perditorpm
2601 5230 2701 5268 ms.
2733 5213 3133 5292 redemptorum
3208 5208 3278 5240 ‘“
3298 5208 3608 5292 Apgttstiati

341 5309 440 5346 ms.
466 5291 671 5346 anxiati

342 5363 395 5414 in
426 5379 524 5416 ms.
555 5371 749 5430 etquae
773 5372 901 5417 sunt
926 5363 979 5416 in
1053 5361 1122 5394 ’⁵ο
1149 5361 1363 5416 Millena
1395 5361 1556 5415 millia
1589 5379 1685 5416 ms.
1710 5364 1899 5416 omittit
1928 5361 2097 5416 millia

746 5291 815 5325 ⁸⁸⁷
845 5293 1053 5347 Laetitia
1077 5277 1318 5346 omnium
1353 5309 1450 5345 ms.
1498 5294 1689 5346 omittit
1726 5277 1972 5347 brnnlum
2025 5291 2118 5325 ν⁶⁸⁸
2146 5287 2430 5347 liberrime
2471 5284 2588 5338 fons
2618 5301 2715 5337 ms.
2758 5277 3064 5336 uberrimus
3107 5279 3227 5335 fons
3298 5278 3370 5312 “’
3400 5277 3462 5330 ΕΙ
3491 5289 3610 5344 qua:

2198 5358 2266 5391 ⁶⁶¹
2291 5355 2578 5412 Luminum
2629 5352 3200 5424 fulgentiaAantems.
3238 5348 3441 5402 lumina
3481 5355 3610 5424 ante

343 5431 416 5501 Ψ
448 5415 754 5486 Divinitatis
780 5415 896 5487 his.
928 5415 1130 5488 divinae
1173 5430 1475 5501 majestatis
1517 5415 1793 5487 “'Dculis
1822 5415 2028 5488 nostris
2075 5447 2174 5485 nis.
2203 5429 2376 5501 oculis
2405 5415 2738 5501 mortaliu_rn'_
2789 5421 2860 5501 f“
2889 5419 2989 5501 Qui
3017 5419 3166 5501 solus
3191 5429 3370 5501 ortum
3413 5415 3606 5501 nescit,

344 5499 510 5555 fundo
539 5512 710 5566 caret,
735 5489 1572 5571 circuinscriptionis'terminum
1619 5518 1729 5558 non
1759 5503 1944 5569 habet,
1976 5502 2106 5557 nihil
2139 5495 2560 5571 perturbationis
2598 5493 2853 5571 admittit.
2897 5489 3189 5571 Eructavit.
3222 5497 3286 5571 te
3312 5503 3412 5571 me.
3457 5489 3611 5571 quin?

345 5571 487 5646 unda
515 5572 631 5646 sine
655 5556 800 5634 ortu,
829 5556 1154 5646 profundum
1184 5571 1299 5626 sine
1326 5569 1517 5642 fundo,
1543 5556 2036 5646 cujiusaltuinsine
2068 5556 2328 5635 ter'mino,
2359 5561 2514 5636 cujus‘
2545 5563 2770 5620 latitudo
2816 5556 3418 5632 incircumscriptibilis,
3459 5556 3611 5629 cujus

349 5639 557 5710 puritas
581 5639 1063 5704 intpcrturliabilis.
1098 5641 1317 5698 Eructat
1343 5651 1394 5699 te
