3910 6018
348 189 454 246 765

1715 191 2254 252 MEDITATIONES.

3519 195 3625 254 766

342 307 436 362 sed
469 307 702 360 humana
743 313 936 360 natura
961 303 1236 378 indigebat
1261 314 1322 362 ut
1351 307 1457 364 hoc
1503 307 1663 364 modo
1691 305 1804 366 Deo
1832 323 1926 364 sa-
1955 323 2010 384 Α
2035 308 2254 378 quando
2298 305 2510 362 solvere
2538 304 2740 360 debent
2769 321 2784 358 :
2810 320 2932 360 cum
2981 307 3102 372 iste,
3125 307 3216 376 qui
3261 321 3381 362 eam
3403 323 3508 363 non
3534 311 3627 364 ile-

344 397 621 454 tisfaceret
672 397 762 450 "°.
797 395 914 452 Non
965 397 1158 468 egebat
1190 397 1335 454 Deus
1389 407 1450 454 ut
1501 409 1609 454 tam
1663 399 1932 456 laboriosa

337 498 663 560 pateretur;
694 488 786 544 sed
811 489 1084 558 indigebat
1123 491 1281 544 homo
1309 499 1368 544 ιιι
1411 491 1493 546 sic
1531 492 1640 546 Deo
1689 493 1931 548 reconci-

341 583 564 636 liaretur
583 581 682 646 "‘;
709 596 808 636 nec
832 583 1026 652 egebat
1051 583 1192 638 Deus
1215 591 1272 637 ut
1303 583 1382 638 sic
1411 583 1812 652 lmmiliaretur,
1836 583 1932 639 sed

337 673 616 744 indigebat
637 673 799 728 homo
831 682 887 726 ut
917 675 996 728 sic
1018 675 1082 728 de
1106 673 1373 743 profundo
1394 675 1590 730 inferni
1621 685 1928 732 erueretur.

339 766 528 820 Divina
555 775 748 820 natura
795 766 1071 821 lmmiliari
1102 775 1197 820 aut
1226 767 1477 822 laborare
1505 783 1610 822 non
1635 766 1801 839 eguit,
1833 782 1934 822 nec

338 856 534 928 potuit.
579 855 706 912 Haec
747 858 928 912 omnia
973 857 1261 914 humanam
1313 868 1586 924 naturam,
1638 861 1787 914 utad
1831 849 1932 916 hoc

340 947 724 1002 restitueretur
745 959 967 1018 propter
1009 950 1152 1018 quod
1184 949 1324 1004 facta
1357 959 1497 1016 erat,
1545 965 1767 1006 necesse
1815 959 1932 1004 erat

337 1037 520 1094 facere
544 1055 558 1104 ;
593 1041 688 1094 sed
715 1055 814 1095 nec
843 1039 952 1104 illa,
977 1057 1077 1098 nec
1103 1041 1368 1112 quidquid
1401 1043 1542 1098 Deus
1573 1059 1677 1098 non
1706 1053 1808 1109 est,
1833 1059 1930 1114 po-

339 1139 482 1185 terat
502 1129 570 1186 ad
606 1131 710 1187 hoc
737 1131 1006 1188 sufficere.
1033 1133 1166 1188 Nam
1193 1138 1354 1190 homo
1385 1136 1450 1188 ad
1475 1134 1576 1190 hoc
1605 1135 1748 1206 quod
1773 1135 1930 1190 iusti-

338 1229 488 1278 tutus
511 1233 616 1290 est,
647 1240 756 1280 non
813 1227 1118 1284 restituitur
1151 1245 1164 1282 :
1194 1229 1238 1284 si
1291 1245 1398 1286 non
1425 1231 1490 1284 ad
1522 1231 1928 1286 similitudinem

338 1313 678 1383 angelorum,
711 1317 764 1370 in
790 1318 988 1386 quibus
1012 1319 1215 1374 nullum
1237 1331 1320 1376 est
1343 1331 1622 1390 peccatum
1641 1361 1658 1390 ,
1682 1321 1932 1392 provehi-

337 1411 430 1460 tur
458 1405 550 1472 "',
607 1411 751 1477 quod
777 1417 860 1464 est
897 1409 1224 1480 impossibile
1249 1412 1386 1477 ﬁeri,
1419 1413 1524 1468 nisi
1545 1415 1784 1468 omnium
1809 1429 1932 1484 pcr-

335 1505 494 1566 cepta
535 1497 604 1528 ⁶⁹³
633 1507 977 1568 peccatorum
1009 1502 1346 1570 remis.~i;mc,
1397 1518 1516 1572 qme
1547 1519 1651 1558 nou
1700 1505 1756 1558 lit
1779 1543 1794 1568 ,
1825 1503 1928 1559 nisi

335 1589 678 1658 praecedente
729 1593 938 1664 integra
981 1593 1388 1650 satisfactone:
1419 1612 1580 1666 quam
1605 1596 1930 1652 satisfactio-

2037 399 2223 466 hebat,
2251 405 2306 452 et
2327 405 2540 451 servata
2557 396 2767 464 justitia
2793 398 2963 453 vitare
2987 407 3190 468 posset,
3224 413 3343 454 eam
3386 400 3488 456 sibi
3510 401 3621 454 ill‘a-

2039 501 2146 549 tam
2179 488 2679 564 pr0pterjustitiam
2705 499 2894 561 sponte
2919 492 3228 548 sustineret.
3259 493 3416 547 Dedit
3442 493 3623 562 itaque

2035 587 2270 642 humana
2295 591 2489 637 natura
2525 585 2638 640 Deo
2669 585 2720 638 in
2751 585 2842 638 illo
2873 584 3092 639 homine
3122 593 3311 654 sponte
3337 595 3392 639 et
3417 601 3522 639 non
3554 601 3622 638 ex

2035 677 2217 735 debito
2247 679 2391 750 quod
2416 695 2572 734 suum
2603 688 2740 744 erat,
2769 687 2828 730 ut
2855 676 3146 730 redimeret
3183 691 3242 730 se
3287 676 3337 730 in
3380 675 3518 742 aliis,
3567 677 3622 730 in

2035 773 2230 841 quibus
2251 772 2392 843 quod
2414 789 2480 828 ex
2536 771 2717 827 debito
2766 769 3106 840 exigebatur,
3155 767 3376 824 reddere
3401 783 3504 822 non
3529 769 3622 824 ha-

2035 864 2213 920 bebat.
2249 863 2305 919 In
2331 864 2584 919 omnibus
2617 863 2703 917 his
2730 861 2910 916 divina
2959 869 3155 914 natura
3187 873 3291 912 non
3335 858 3622 916 estlmmiu

2033 953 2184 1019 liata,
2204 955 2298 1008 sed
2321 955 2560 1010 humana
2581 960 2665 1006 est
2687 949 2918 1004 exaltata
2941 967 2954 1002 :
2980 963 3081 1003 nec
3094 947 3276 1004 estilla
3307 947 3616 1014 lmminuta,

2033 1049 2128 1102 sed
2154 1048 2256 1102 ista
2280 1055 2365 1102 est
2400 1045 2826 1102 misericorditer
2849 1042 3051 1112 adiuta.

2104 1139 2217 1196 Nec
2245 1139 2476 1194 lmmana
2513 1148 2705 1192 natura
2738 1138 2790 1190 in
2817 1135 2920 1190 isto
2957 1133 3176 1189 homine
3205 1147 3364 1202 passa
3391 1139 3477 1186 est
3515 1129 3619 1186 ali-

2033 1230 2161 1300 quid
2179 1229 2284 1285 ulla
2313 1230 2656 1292 necessitate,
2683 1227 2778 1282 sed
2801 1226 2913 1282 soia
2959 1225 3126 1280 libera
3174 1225 3470 1278 voluntate.
3507 1221 3620 1278 Nec

2033 1322 2191 1378 alicui
2217 1321 2484 1376 violentiae
2526 1321 2848 1384 succubuit,
2899 1318 2996 1372 sed
3037 1327 3332 1386 spontanea
3377 1315 3620 1371 bonitate

2031 1417 2101 1450 τοί
2125 1417 2192 1470 ad
2219 1415 2480 1470 honorem
2504 1413 2596 1467 Dei
2627 1420 2682 1466 et
2710 1412 2996 1466 utilitatem
3028 1410 3254 1464 aliorum
3313 1409 3615 1474 hominum,

2033 1523 2154 1577 quae
2196 1505 2272 1560 illi
2322 1503 2462 1558 mala
2507 1504 2785 1558 voluntate
2834 1501 3146 1564 suntillata,
3201 1499 3542 1554 laudabiliter
3562 1507 3618 1553 et

2033 1597 2460 1654 misericorditer
2486 1595 2771 1658 sustinuit;
2804 1609 2904 1649 nec
2935 1593 3040 1648 ulla
3088 1603 3319 1662 cogente
3362 1591 3616 1648 obedien~

337 1695 462 1736 nem
493 1682 654 1736 talem
684 1695 898 1753 Oportet
923 1701 1044 1740 esse
1060 1686 1151 1750 ⁵⁸³,
1186 1696 1240 1740 ut
1283 1697 1538 1758 peccator
1561 1729 1576 1752 ,
1599 1697 1692 1744 aut
1733 1689 1926 1760 aliquis
1963 1701 2004 1755 Β
2031 1693 2126 1756 tia,
2155 1691 2248 1746 sed
2277 1689 2481 1760 potenti
2525 1687 2842 1758 disponente
2883 1684 3172 1756 sapientia.
3199 1683 3314 1738 Non
3345 1685 3490 1740 enim
3541 1683 3616 1738 illi

335 1783 438 1838 pro
462 1769 551 1824 illo
579 1771 666 1826 det
689 1773 894 1844 aliquid
951 1777 1060 1831 Deo
1089 1779 1156 1832 de
1180 1791 1302 1843 suo,
1341 1779 1484 1848 quod
1533 1779 1778 1834 debitum
1819 1796 1926 1835 non

335 1861 430 1925 sit,
454 1863 596 1932 quod
619 1875 840 1936 superet
862 1882 1024 1923 omne
1045 1869 1186 1938 quod
1211 1871 1354 1926 Deus
1395 1887 1500 1926 non
1544 1879 1647 1926 est.
1697 1871 1754 1926 Si
1780 1874 1926 1928 enim

339 1967 570 2022 peccare
601 1965 684 2010 est
707 1957 872 2012 Deum
898 1959 1266 2028 exhonorare;
1292 1971 1348 2017 et
1395 1961 1496 2018 hoc
1539 1964 1702 2018 homo
1751 1963 1928 2020 facere

333 2057 446 2100 non
473 2043 632 2102 debet
675 2047 774 2114 m,
823 2049 1038 2106 etiamsi
1065 2067 1290 2108 necesse
1321 2061 1464 2108 esset
1509 2054 1770 2125 quidquid
1821 2063 1924 2121 est,

336 2140 482 2208 quod
505 2139 782 2216 Deus_non
811 2153 916 2210 est,
963 2146 1144 2216 perire
1180 2165 1194 2202 :
1229 2147 1414 2218 utique
1435 2147 1636 2203 veritas
1679 2149 1927 2204 immuta-

336 2227 484 2293 bilis,
517 2239 571 2286 et
600 2241 790 2300 aperta
823 2235 965 2290 ratio
1005 2237 1196 2308 exigit,
1247 2249 1306 2292 ut
1357 2239 1448 2308 qui
1491 2247 1680 2310 peccat
1737 2241 1928 2296 reddat

333 2323 538 2394 aliquid
565 2325 674 2382 Deo
698 2343 798 2398 pro
821 2329 1027 2388 honore
1048 2333 1230 2388 ablato
1277 2336 1474 2406 majus,
1511 2351 1671 2406 quam
1699 2337 1770 2392 sit
1797 2337 1922 2400 hoc,

331 2429 432 2484 pro
454 2431 562 2486 quo
587 2417 736 2474 illum
765 2421 1112 2480 exhonorare
1133 2440 1238 2480 non
1262 2425 1468 2482 debuit.
1485 2427 1638 2494 Quod
1665 2428 1920 2497 quoniam

333 2505 569 2564 humana
600 2519 794 2566 natura
821 2514 935 2568 sola
991 2531 1094 2570 non
1126 2517 1394 2584 habebat,
1437 2533 1536 2572 nec
1574 2517 1694 2572 sine
1745 2518 1922 2572 debita

333 2598 712 2658 satisfactione
749 2606 1086 2662 reconciliari
1125 2617 1358 2678 poterat.
1395 2608 1703 2680 Nejustitia
1735 2611 1828 2666 Dei
1853 2610 1923 2642 ⁸³⁸

333 2689 389 2744 in
443 2706 611 2762 regno
663 2709 760 2748 suo
809 2707 1090 2764 peccatum
1147 2700 1514 2756 inordinatum
1560 2700 1918 2770 relinqueret,

331 2783 584 2838 Subvenit
611 2785 824 2842 bonitas
849 2789 965 2854 Dei,
989 2799 1042 2844 et
1066 2806 1186 2846 eam
1221 2792 1270 2846 in
1301 2808 1452 2846 suam
1499 2809 1788 2862 personam
1839 2809 1924 2850 as-

331 2875 748 2944 sumpsitFilius
777 2879 870 2932 Dei
905 2887 962 2932 ut
990 2881 1046 2934 in
1097 2896 1160 2936 ea
1207 2897 1436 2950 persona
1466 2884 1534 2915 '9'
1566 2879 1712 2938 esset
1759 2883 1922 2938 homo

331 2965 496 3033 Deus,
523 2967 614 3038 qui
643 2968 870 3026 haberet
890 2972 1034 3042 quod
1061 2982 1342 3042 superaret
1369 2989 1474 3028 non
1503 2974 1676 3028 solum
1704 2989 1918 3028 omnem

330 3059 650 3123 essentiam,
676 3077 797 3132 quae
837 3062 977 3118 Deus
1003 3079 1108 3118 non
1137 3073 1256 3130 est;
1311 3065 1402 3120 sed
1440 3063 1602 3120 etiam
1633 3079 1792 3120 omne
1822 3065 1915 3118 de-
1946 3051 1987 3108 Ο

329 3149 524 3217 bitnm,
560 3153 702 3221 quod
723 3164 1040 3223 peccatores
1059 3155 1266 3212 solvere
1289 3157 1486 3212 debent
1510 3173 1524 3210 :
1553 3165 1605 3211 et
1642 3157 1764 3220 hoc,
1795 3171 1918 3212 cum

331 3240 468 3294 nihil
491 3255 592 3310 pro
642 3258 702 3298 se
745 3243 988 3312 deberet,
1031 3246 1264 3302 solveret
1325 3261 1423 3318 pro
1459 3247 1601 3310 aliis,
1628 3247 1720 3317 qui
1775 3247 1919 3316 quod

329 3336 598 3392 debebant
627 3337 852 3396 reddere
883 3357 987 3396 non
1033 3341 1322 3396 habebant.
1362 3341 1657 3398 Pretiosior
1687 3353 1920 3408 namque

331 3431 546 3484 estvita
575 3431 810 3488 hominis
836 3433 998 3496 illius,
1027 3449 1190 3503 quam
1223 3449 1386 3488 omne
1441 3433 1584 3503 quod
1631 3431 1774 3486 Deus
1811 3445 1918 3484 non

331 3529 442 3588 est;
467 3531 522 3578 et
549 3533 768 3594 superat
799 3539 960 3580 omne
1012 3525 1286 3590 debitum,
1318 3525 1462 3596 quod
1501 3524 1694 3580 debent
1730 3537 1922 3592 pecca-

333 3625 480 3671 tores
503 3631 600 3684 pro
625 3615 1016 3685 satisfactione,
1051 3615 1108 3672 Si
1156 3617 1302 3672 enim
1355 3615 1662 3672 interfectio
1691 3615 1761 3646 ⁸³⁸
1779 3613 1919 3668 illius

331 3715 554 3775 superat
581 3721 794 3760 onmem
829 3707 1225 3762 multitudinem
1261 3717 1318 3762 et
1343 3689 1768 3778 magnitudinem
1791 3717 1916 3772 pec-

331 3807 596 3858 catoi-um,
623 3815 744 3868 qum
761 3800 984 3869 cogitari
1013 3809 1242 3868 possunt
1268 3808 1424 3854 extra
1457 3810 1746 3866 personam
1781 3794 1914 3858 Dei;

331 3891 508 3960 palam
537 3901 622 3948 est
650 3893 776 3962 quia
801 3893 908 3948 vita
936 3891 1055 3960 ejus
1085 3892 1258 3962 magis
1294 3901 1376 3946 est
1431 3889 1574 3944 bona
1605 3901 1766 3957 quam
1798 3901 1918 3940 om-

333 3984 422 4037 nia
445 3993 666 4052 peccata
699 3985 986 4048 sintmala,
1019 4000 1138 4054 qua:
1169 3992 1322 4038 extra
1347 3995 1634 4053 personam
1657 3978 1751 4033 Dei
1769 3985 1915 4034 sunt.

335 4074 488 4130 Hanc
511 4077 675 4130 vitam
709 4079 870 4132 homo
897 4078 1030 4144 iste,
1055 4093 1176 4132 eum
1199 4093 1266 4134 ex
1297 4077 1482 4132 debito
1519 4075 1658 4131 mori
1689 4088 1794 4128 non
1825 4070 1919 4124 de-

332 4167 485 4222 beret
513 4168 610 4234 m,
643 4169 900 4238 quoniam
951 4179 1210 4240 peccator
1231 4185 1340 4224 non
1370 4177 1506 4233 erat,
1555 4175 1746 4237 sponte
1773 4161 1920 4218 dedit

333 4259 400 4314 de
435 4275 533 4314 suo
579 4263 643 4314 ad
692 4261 948 4316 honorem
979 4261 1155 4316 Patris
1189 4279 1202 4316 :
1233 4276 1354 4316 cum
1380 4277 1499 4316 eam
1556 4259 1660 4314 sibi
1715 4253 1918 4311 auferri

333 4361 556 4426 preptcr
591 4352 855 4422 justitiam
897 4355 1166 4424 permisit,
1207 4363 1268 4408 ut
1313 4353 1620 4424 exemplum
1668 4349 1919 4406 omnibus

2033 1783 2238 1840 homini
2272 1783 2435 1836 Pater
2475 1789 2533 1835 ut
2580 1787 2882 1834 moreretur
2921 1777 3164 1848 cogendo
3185 1777 3478 1847 praecepit;
3521 1777 3614 1832 sed

2033 1874 2120 1930 ille
2145 1875 2286 1944 quod
2311 1871 2457 1926 Patri
2484 1871 2805 1942 placiturum
2831 1879 2886 1926 et
2927 1869 3238 1924 hominibus
3273 1867 3613 1939 profuturum

2031 1966 2321 2031 intellexit,
2353 1967 2454 2020 hoc
2483 1973 2672 2034 sponte
2711 1962 2856 2018 fecit.
2910 1960 3026 2016 Non
3062 1963 3205 2016 enim
3235 1961 3302 2015 ad
3351 1962 3454 2016 hoc
3487 1975 3613 2015 eum

2029 2073 2223 2130 cogere
2249 2057 2425 2127 potuit
2451 2055 2633 2122 Pater,
2665 2055 2808 2125 quod
2823 2055 2888 2108 ab
2913 2068 2978 2108 eo
3007 2053 3226 2123 exigere
3265 2069 3369 2108 non
3395 2053 3612 2120 debuit;

2029 2165 2130 2206 nec
2151 2149 2301 2206 Patri
2356 2157 2535 2202 tantus
2591 2147 2764 2200 honor
2803 2145 2978 2216 potuit
3029 2159 3135 2200 non
3187 2143 3422 2214 placere,
3450 2159 3612 2212 quem

2033 2249 2139 2295 tam
2176 2240 2315 2294 bona
2343 2237 2622 2292 voluntate
2647 2235 2817 2290 Filius
2843 2243 3036 2304 sponte
3056 2235 3270 2290 obtulit.
3301 2233 3391 2288 Sic
3430 2233 3613 2302 itaque

2027 2333 2172 2389 Patri
2207 2334 2430 2389 liberam
2472 2331 2834 2386 obedientiam
2873 2328 3138 2395 exhibuit,
3165 2343 3286 2382 cum
3320 2329 3440 2395 hoc,
3467 2327 3610 2396 quod

2026 2423 2174 2480 Patri
2200 2424 2522 2493 placiturum
2567 2422 2746 2486 scivit,
2791 2427 2983 2490 sponte
3033 2417 3216 2474 facere
3239 2417 3425 2472 voluit.
3451 2417 3611 2472 Deni-

2025 2530 2130 2584 que
2163 2513 2326 2584 quoni
2349 2528 2418 2566 tm
2453 2511 2618 2566 Pater
2640 2511 2711 2564 ilii
2744 2511 2884 2564 hanc
2915 2509 3112 2564 bonam
3149 2508 3484 2562 voluntatem
3511 2507 3608 2560 de-

2025 2605 2120 2664 dit.
2147 2605 2392 2674 quamvis
2416 2603 2666 2668 liberam,
2687 2615 2790 2656 non
2821 2599 3090 2654 immerito
3114 2599 3342 2664 dicitur,
3373 2597 3462 2668 qui
3487 2612 3608 2652 eam

2025 2699 2114 2754 ille
2147 2698 2296 2752 velut
2323 2697 2396 2730 ⁷⁰³
2425 2705 2754 2766 praeceptum
2790 2693 2971 2748 Patris
3003 2691 3214 2761 accepit
3273 2690 3384 2744 Hoc
3428 2691 3610 2759 itaque

2025 2793 2186 2848 modo
2207 2792 2466 2848 obediens
2487 2787 2589 2843 fuit
2622 2787 2767 2841 Patri
2811 2799 2983 2855 usque
3008 2784 3072 2838 ad
3104 2795 3352 2839 mortem.
3384 2781 3449 2836 Et
3471 2784 3608 2838 sicut

2026 2883 2338 2938 mandatum
2367 2879 2514 2935 dedit
2545 2876 2618 2932 illi
2648 2875 2831 2940 Pater,
2865 2875 2942 2928 sic
2973 2873 3120 2930 fecit.
3172 2873 3236 2927 Et
3266 2873 3486 2928 calicem
3511 2873 3604 2940 τοθ,

2024 2991 2184 3046 quem
2205 2974 2352 3029 dedit
2399 2971 2474 3026 illi
2523 2971 2705 3036 Pater,
2731 2967 2882 3022 bibit.
2939 2967 3063 3022 Haec
3096 2977 3180 3020 ρει
3201 2967 3346 3021 enim
3370 2963 3606 3034 perfecta

2021 3078 2074 3124 et
2099 3065 2375 3122 liberrima
2397 3065 2644 3118 humana:
2671 3067 2878 3114 natura:
2907 3057 3235 3123 obedientia,
3264 3071 3386 3110 cum
3415 3055 3607 3110 volun-

2025 3166 2192 3212 tatem
2216 3171 2368 3210 suam
2393 3153 2619 3208 liberam
2651 3159 2845 3222 Sponte
2897 3147 3158 3204 voluntati
3199 3147 3288 3202 Dei
3312 3147 3513 3212 subdit,
3551 3155 3607 3201 et

2019 3264 2144 3304 cum
2169 3253 2448 3315 acceptam
2477 3243 2671 3299 bonam
2697 3242 3030 3296 voluntatem
3060 3241 3174 3294 sine
3197 3239 3341 3294 omni
3367 3239 3608 3294 exactio-

2023 3356 2090 3395 ne
2121 3337 2214 3404 τοι,
2246 3343 2546 3406 spontanea
2589 3333 2842 3388 libertate
2880 3346 3044 3402 opere
3071 3329 3300 3400 perlicit.
3329 3329 3417 3386 Sic
3442 3331 3605 3384 homo

2022 3429 2108 3485 ille
2131 3426 2344 3483 redimit
2363 3437 2552 3479 omnes
2582 3423 2736 3488 alios,
2781 3438 2905 3478 eum
2931 3421 3214 3490 hoc,quod
3239 3429 3428 3490 sponte
3460 3419 3606 3474 dedit

2023 3523 2154 3585 Deo,
2195 3527 2470 3589 computat
2503 3532 2600 3587 pro
2629 3515 2811 3570 debito
2853 3515 2996 3584 quod
3043 3513 3116 3568 illi
3167 3513 3454 3566 debebant.
3488 3511 3606 3578 Quo

2020 3615 2196 3685 pretio
2228 3629 2332 3668 non
2361 3611 2528 3666 semel
2551 3619 2756 3664 tantum
2799 3623 2828 3662 a
2861 3607 3036 3678 culpis
3086 3607 3250 3662 homo
3295 3605 3600 3672 redimitur,

2021 3707 2113 3760 sed
2137 3703 2531 3772 etiamquotics
2558 3717 2680 3756 cum
2711 3701 2868 3769 digna
2901 3699 2973 3730 ⁷ου
2999 3697 3312 3768 paenitentia
3361 3696 3604 3756 redierit.

2025 3794 2324 3864 recipitur:
2356 3807 2476 3862 qua:
2505 3801 2682 3845 tamen
2733 3789 3050 3859 pmnitentia
3095 3787 3340 3858 peccanti
3397 3785 3470 3819 '°‘
3499 3802 3604 3841 non

2021 3885 2372 3958 promittitur.
2404 3881 2553 3948 Quod
2589 3881 2845 3950 quoniam
2889 3879 2940 3932 in
2965 3893 3124 3933 cruce
3143 3879 3338 3932 factum
3365 3887 3470 3943 est,
3513 3893 3606 3947 per

2021 3993 2236 4034 crucem
2265 3985 2449 4031 noster
2499 3973 2748 4030 Christus
2786 3987 2884 4028 nos
2930 3971 3176 4026 redemit.
3227 3969 3329 4037 Qui
3385 3985 3512 4041 ergo
3539 3973 3605 4026 ad

2021 4073 2162 4128 hanc
2186 4071 2414 4141 gratiam
2449 4067 2637 4122 volunt
2689 4082 2812 4120 cum
2868 4066 3030 4136 digno
3080 4063 3274 4118 affectu
3325 4067 3604 4128 accedere,

2021 4161 2334 4224 salvantur;
2361 4158 2452 4228 qui
2475 4173 2602 4212 vero
2631 4157 2776 4211 illam
2802 4164 3179 4216 contemnunt.
3204 4155 3328 4224 quia
3362 4154 3604 4212 debitum

2023 4254 2166 4326 quod
2190 4252 2392 4306 debent
2419 4265 2523 4304 non
2555 4250 2806 4314 reddunt,
2839 4249 2984 4319 juste
3005 4249 3330 4302 damnantur
3350 4247 3441 4300 '°".

2093 4343 2251 4408 Ecce,
2280 4342 2456 4396 anima
2489 4339 2821 4404 Christiana,
2855 4341 2970 4394 lucc
3016 4350 3102 4394 est
3141 4340 3312 4392 virtus
3341 4339 3412 4370 ⁷⁸⁸
3435 4337 3607 4392 salt-a-

334 4411 460 4496 'aliis
483 4411 631 4496 dan-'3!
657 4443 752 4510 τοο,
783 4411 1055 4512 justitiam
1089 4445 1184 4499 Dci
1207 4445 1274 4499 ab
1305 4445 1411 4500 illis
1459 4411 1564 4498 iion
1589 4459 1710 4500 esse
1755 4445 1909 4500 dese-
1945 4411 1996 4468 Β
2024 4435 2186 4491 tionis
2215 4445 2340 4496 tua},
2363 4433 2478 4486 haec
2525 4439 2608 4485 CSl
2655 4445 2818 4484 causa
2863 4431 3130 4486 libertatis
3151 4431 3222 4462 ⁷⁰⁹
3249 4443 3370 4492 ture,
3399 4430 3501 4484 hoc
3525 4438 3608 4482 cst

331 4536 558 4592 rendam
579 4543 802 4607 prapter
845 4544 1100 4602 mortem,
1142 4552 1306 4608 quam
1349 4554 1416 4596 ex
1461 4539 1782 4594 necessitate
1818 4541 1916 4594 ali-

2031 4528 2254 4598 pretium
2307 4525 2378 4558 ἰο
2425 4523 2809 4594 redemptionis
2853 4531 2976 4577 tute.
3029 4523 3248 4594 Caplira
3304 4541 3456 4594 cras;
3513 4521 3606 4580 sed

1625 4679 1856 4740 VAlihE
1893 4679 2292 4740 LECTIONES.

405 4788 478 4822 m
509 4787 744 4844 Domino
800 4789 914 4845 Deo
965 4789 1307 4846 satisfaceret
1351 4807 1478 4847 mss.
1545 4792 1682 4848 Vict.
1743 4794 1832 4849 16.
1899 4792 2131 4848 VaHuc.
2179 4791 2330 4847 Flor.
2393 4793 2579 4848 (ἕξεων.
2631 4793 2742 4848 Deo
2779 4792 3118 4849 satisfaceret
3169 4811 3270 4849 ms.
3315 4793 3470 4848 (ἐστιν.
3519 4809 3611 4848 sa~.

332 4858 615 4932 tisfaeeret
670 4859 789 4932 λη
817 4861 927 4917 Deo
977 4861 1400 4917 reconciliantur
1448 4879 1547 4916 ms.
1604 4863 1792 4922 Cister.
1849 4865 2041 4919 omittit
2081 4867 2190 4919 Deo
2293 4864 2364 4896 m
2399 4864 2711 4928 Peccatum,
2766 4865 3082 4932 provehitur
3133 4881 3258 4918 mss.
3321 4864 3458 4919 Vict.
3513 4865 3602 4918 16.

329 4941 378 4986 et
432 4927 585 5004 It’lor.
643 4929 865 4996 Vitium,
917 4946 1044 5004 vere
1086 4933 1410 5004 provehitur
1515 4934 1586 4966 ⁸³³
1623 4934 1814 4989 Omnia
1863 4943 2138 5004 praecepta
2194 4949 2320 4988 mss.
2377 4933 2526 4988 Gem.
2571 4927 2705 4988 Bec.’
2751 4927 2885 4989 Vict.
2946 4935 3034 4990 16.
3092 4933 3300 4988 Val-(uc
3339 4944 3388 4988 et
3449 4933 3600 5004 [ξιον.

329 5001 872 5074 omniumpercepta
918 5071 932 5074 Α
973 5003 1054 5072 ,⁸⁸⁵
1073 5001 1299 5069 Oportet
1325 5019 1444 5060 esse
1464 5021 1589 5060 mss.
1625 5004 1772 5058 Flor.
1801 5001 2016 5074 oportet
2051 5001 2242 5059 facere
2351 5005 2424 5038 m
2453 5005 2622 5060 Homo
2671 5004 2852 5060 facere
2903 5021 3009 5060 non
3063 5005 3281 5060 deberet
3310 5021 3434 5074 mss.
3469 5003 3600 5057 Vict.

331 5071 421 5125 16.
452 5081 500 5124 et
530 5069 684 5125 Flor.
719 5069 881 5128 homo
911 5069 1090 5128 facere
1114 5089 1219 5127 non
1246 5075 1408 5129 debet
1436 5093 1534 5130 ms.
1581 5075 1740 5130 Tom.
1773 5069 1952 5132 facere
1974 5077 2086 5130 Deo
2109 5077 2274 5129 homo
2301 5089 2406 5129 non
2441 5075 2602 5130 debet
2673 5075 2743 5108 ‘“
2785 5075 3002 5130 Poterat
3029 5093 3042 5126 :
3085 5076 3164 5129 sic
3203 5089 3306 5130 nec
3349 5073 3460 5136 illa,
3507 5089 3604 5127 nec

331 5141 598 5212 quicquid
621 5143 1013 5216 Deusnoniest
1038 5145 1104 5198 ad
1137 5143 1237 5197 hoc
1259 5143 1556 5208 sufﬁceret;
1603 5161 1672 5200 ne
1697 5147 2056 5216 ergojustitia
2104 5146 2196 5216 Dei
2255 5163 2384 5203 mss.
2437 5156 2652 5214 poterat
2682 5161 2696 5199 :
2739 5161 2810 5200 ne
2832 5146 3040 5214 justitia
3075 5145 3168 5216 Dei
3239 5143 3306 5216 ἐπ
3351 5143 3429 5216 Ut
3459 5145 3602 5216 inca

327 5211 567 5285 persona
605 5229 705 5285 ms.
743 5211 876 5267 Vict.
905 5215 992 5268 16.
1029 5225 1089 5268 ut
1125 5229 1186 5268 ea
1215 5229 1444 5283 persona
1515 5217 1586 5254 '9’
1617 5217 1672 5270 Si
1708 5211 1859 5271 enim
1891 5217 1984 5270 filii
2033 5215 2336 5270 interfectio
2387 5211 2511 5270 mss.
2549 5219 2592 5270 si
2624 5217 2768 5271 enim
2813 5211 2930 5285 eius
2985 5215 3292 5271 interfectio
3365 5215 3436 5246 ⁶⁹⁸
3469 5214 3604 5269 Mori

331 5281 440 5336 iton
472 5281 703 5336 debebat
726 5300 851 5338 mss.
885 5285 1021 5338 mori
1057 5299 1162 5338 non
1189 5281 1412 5340 deberet
1485 5287 1558 5320 ’σο
1582 5286 1902 5342 Hominibus
1925 5287 2049 5341 aliis
2073 5289 2230 5340 daret
2253 5303 2379 5340 mss.
2403 5288 2658 5342 omnibus
2694 5287 2820 5341 aliis
2839 5281 2996 5340 daret
3023 5303 3122 5339 ms.
3159 5285 3216 5338 S.
3255 5285 3398 5338 Med.
3421 5287 3600 5337 unim-

329 5351 628 5427 bus__daret_
691 5355 762 5387 τοι
789 5355 1104 5427 Spontanea
1129 5354 1409 5427 voluntate
1437 5373 1559 5411 mss.
1596 5369 1892 5427 spontanee
1923 5357 2164 5412 bonitate
2199 5426 2204 5427 γ
2232 5357 2302 5388 τ⁰²
2331 5357 2462 5410 Eam
2507 5358 2653 5412 velut
2691 5373 2816 5410 mss.
2847 5371 2966 5410 eam
2999 5356 3086 5410 ille
3105 5355 3252 5410 velut
3277 5371 3376 5409 ms.
3403 5354 3600 5427 Cister.

329 5435 394 5496 ea
431 5420 520 5477 ille
547 5423 707 5496 velut
721 5495 729 5496 ί
766 5420 927 5480 "‘Et
953 5425 1172 5480 calicem
1205 5441 1304 5496 ms.
1335 5425 1470 5480 Thu.
1504 5420 1638 5496 quia
1659 5427 1880 5482 calicem
1955 5429 2028 5462 ὀδ
2049 5426 2208 5482 Omni
2242 5427 2528 5488 exactione
2547 5445 2645 5482 ms.
2675 5427 2988 5496 Thu.iomni
3015 5429 3296 5481 coaetione
3368 5425 3603 5496 "‘Qum

333 5492 496 5568 digna
519 5511 621 5568 τηε.
661 5493 812 5568 Fior.
847 5497 1127 5568 condigna
1191 5496 1264 5528 7°“
1287 5492 1610 5568 Pmnitcntia
1643 5499 1852 5568 peccati
1887 5514 2016 5568 mss.
2043 5499 2365 5568 ptenitentia
2391 5499 2636 5567 peccanti
2707 5497 2776 5568 7"
2801 5495 2955 5552 Juste
2975 5498 3302 5568 damnantur
3317 5515 3416 5551 ms.
3441 5494 3598 5568 (ἐστι).

331 5560 480 5637 juste
503 5565 910 5637 damnabuntur
979 5560 1052 5600 ’δέ
1085 5567 1210 5624 Hice
1245 5577 1330 5622 est
1353 5567 1529 5622 virtus
1553 5560 1676 5620 mss'.
1709 5567 1802 5622 hic
1829 5577 1916 5622 est
1939 5560 2114 5621 virtus
2183 5568 2256 5600 ’θ’
2275 5560 2448 5625 Causa
2480 5567 2752 5624 libertatis
2791 5583 2920 5624 nm.
2967 5567 3104 5625 Tha.
3133 5581 3294 5626 causa
3325 5565 3604 5626 liberatiw

337 5634 424 5693 nis
462 5643 516 5692 et
538 5634 810 5694 libertatis
884 5637 954 5670 "°
983 5637 1094 5694 Hoc
1121 5647 1206 5696 est
1235 5638 1468 5712 pretium
1493 5655 1593 5698 τηε.
1626 5637 1776 5694 Flor.
1811 5639 1927 5696 hcce
1969 5647 2054 5696 est
2081 5638 2314 5712 pretium
