3884 6052
352 267 456 322 767

709 264 769 320 S.
812 265 1113 322 ANSELMI
1148 265 1498 322 CANTUAR.
1538 265 1856 324 ARCHIEP.
1895 267 2047 325 OPP.
2089 267 2270 326 PARS
2309 269 2372 325 ll.
2410 301 2480 312 -——
2511 271 2881 328 PABIENET.
2909 273 2999 330 ΕΤ
3024 274 3265 332 ASCET.

3518 279 3632 336 768

349 391 454 446 hoc
476 390 637 446 modo
664 400 722 446 es
746 390 1042 459 redempta.
1065 389 1276 444 Ancilla
1297 405 1443 451 eras,
1483 398 1538 445 et
1587 391 1666 446 sic
1698 405 1757 445 es
1798 390 1936 446 libe-
1965 401 2011 456 Α
2039 387 2300 458 repulisti,
2346 403 2410 444 ac
2432 389 2538 444 illis
2567 398 2617 445 te
2647 405 2744 461 pro
2774 405 2861 445 me
2889 393 3189 461 opposuisti
3251 393 3344 449 ⁷⁸⁸.
3404 395 3632 450 Vocasti

349 494 468 536 rata
497 483 588 535 7“.
619 481 708 536 Sic
737 494 795 534 es
821 480 993 546 exsul,
1017 481 1232 535 redttcta
1257 497 1272 546 ;
1301 481 1531 550 perdita,
1561 481 1810 535 restituta
1835 521 1850 546 ,
1883 491 1938 535 et

350 583 589 640 mortua,
639 573 988 628 resuscitata.
1039 573 1155 628 Hoc
1202 574 1444 637 mandat,
1469 589 1502 628 ο
1525 574 1686 629 homo
1707 575 1777 605 ⁷¹¹
1794 614 1809 631 .
1835 575 1937 628 hoc

350 663 607 724 ruminet,
635 661 736 714 hoc
763 673 938 731 sugat,
982 661 1085 716 hoc
1108 660 1304 730 glutiat
1328 677 1425 717 cor
1471 672 1619 717 tuum
1649 678 1773 718 cum
1795 663 1939 732 ejus-

349 753 471 806 dem
525 751 905 820 Redemptoris
937 752 1008 806 tui
1043 767 1263 806 carnem
1297 762 1352 806 et
1375 754 1694 822 sanguinem
1743 753 1941 823 accipit

348 857 413 897 os
441 841 700 896 “’tuutn.
737 841 849 897 Hoc
872 842 958 898 fac
987 842 1039 897 in
1064 844 1165 900 hac
1192 843 1304 898 vita
1345 844 1718 913 quotidianum
1740 860 1940 914 panem

349 941 404 985 et
428 930 654 998 victum,
678 944 734 988 et
758 932 1018 988 viaticum
1051 942 1232 1000 tuum;
1286 936 1410 1005 quia
1445 950 1541 1005 per
1568 936 1693 1000 hoc,
1717 945 1774 990 et
1803 950 1939 990 non-

351 1023 456 1077 nisi
485 1039 583 1092 pcr
611 1025 733 1089 hoc,
767 1035 823 1079 et
845 1036 897 1078 ιιι
926 1025 1171 1080 manebis
1193 1026 1246 1080 in
1268 1025 1508 1092 Christo,
1539 1035 1592 1082 et
1613 1026 1862 1082 Christus
1886 1026 1939 1080 in

351 1123 405 1168 te
432 1131 444 1166 :
477 1125 525 1166 et
553 1115 605 1168 in
640 1115 820 1170 futura
844 1117 916 1148 ἠδ
947 1118 1056 1171 vita
1090 1117 1196 1173 erit
1221 1118 1434 1188 plenum
1487 1119 1739 1189 gaudium
1767 1128 1937 1172 tuum.

351 1204 479 1272 Sed,
503 1221 537 1261 o
560 1206 802 1272 Domine,
831 1216 885 1262 tu
901 1209 989 1277 qui
1012 1218 1186 1279 utego
1208 1211 1468 1277 viverem,
1492 1219 1724 1266 mortem
1759 1225 1941 1266 susce-

349 1297 476 1367 pisti
501 1297 572 1329 7"
596 1300 868 1369 quomodo
902 1299 1128 1354 laetabor
1148 1299 1217 1356 de
1245 1301 1497 1356 libertate
1523 1315 1664 1367 mea,
1689 1317 1808 1380 qua}
1833 1317 1940 1357 non

350 1399 433 1445 est
455 1391 556 1444 nisi
582 1391 645 1445 de
667 1391 894 1446 vinculis
918 1393 1061 1447 tuis?
1087 1391 1334 1459 Qualiter
1353 1393 1667 1465 gratulabor
1685 1394 1752 1449 de
1769 1394 1942 1450 salute

351 1499 496 1548 mea,
522 1499 642 1538 cum
667 1499 771 1538 non
823 1485 897 1539 sit
950 1484 1052 1540 nisi
1080 1485 1146 1539 de
1169 1485 1444 1541 doloribus
1493 1487 1639 1541 tuis?
1664 1486 1941 1554 Quomodo

349 1574 592 1646 gaudebo
622 1577 689 1631 de
738 1575 850 1630 vita
907 1592 1051 1642 mea,
1109 1593 1232 1647 quae
1282 1593 1391 1632 non
1429 1587 1514 1632 est
1537 1579 1642 1634 nisi
1679 1580 1745 1634 de
1767 1589 1942 1636 morte

351 1666 477 1720 tua?
505 1666 587 1720 An
613 1667 858 1736 gaudebo
878 1667 1052 1724 dehis
1074 1684 1194 1738 quae
1219 1683 1410 1740 passus
1452 1685 1532 1736 es,
1563 1678 1618 1725 et
1662 1670 1729 1726 de
1749 1670 1942 1726 crude-

2043 495 2130 535 me
2154 481 2370 535 nomine
2393 496 2553 548 novo,
2583 482 2726 551 quod
2759 483 2887 537 mihi
2917 484 2982 538 de
3012 493 3102 538 tuo
3131 485 3350 541 nomine
3402 487 3629 552 dedisti,

2041 577 2097 624 et
2120 568 2456 624 incurvatum
2483 571 2550 624 ad
2576 581 2854 642 aspectum
2894 581 3042 626 tuum
3094 575 3341 641 erexisti,
3389 577 3580 632 dicens
3611 595 3626 632 :

2041 659 2283 726 Confide,
2314 675 2414 731 ego
2446 669 2497 716 te
2525 662 2750 726 redemi,
2778 661 3013 716 animam
3045 679 3222 718 meam
3273 682 3374 735 pro
3401 677 3451 722 te
3479 669 3627 723 dedi.

2043 751 2100 807 Si
2131 753 2377 808 adhaeres
2407 753 2560 820 mihi,
2584 753 2821 821 etmala,
2847 757 2899 808 in
2929 755 3126 825 quibus
3147 741 3293 822 eras,
3326 759 3528 814 evades
3573 770 3632 815 et

2042 840 2107 907 in
2138 840 2488 911 profundum,
2514 857 2623 911 quo
2647 843 3002 912 properabas,
3031 859 3138 898 non
3169 845 3352 913 cades,
3385 848 3478 902 sed
3503 863 3634 918 per-

2043 919 2234 988 ducam
2260 939 2314 987 te
2351 932 2418 986 ad
2444 947 2665 1002 regnum
2715 947 2918 1000 meum,
2960 941 3017 988 et
3050 933 3248 989 faciam
3277 944 3327 990 te
3355 937 3629 994 hteredem

2043 1025 2136 1080 Dei
2165 1033 2217 1079 et
2263 1025 2598 1080 eohzeredem
2647 1041 2848 1080 meum.
2901 1025 3109 1082 Exinde
3156 1029 3409 1100 accepisti
3443 1047 3530 1086 me
3574 1032 3630 1088 in

2019 1111 2325 1171 tuitionem
2356 1127 2522 1184 tuam,
2557 1125 2612 1171 ιιι
2642 1117 2777 1171 nihil
2803 1126 3024 1174 noceret
3051 1120 3246 1175 animae
3277 1138 3412 1178 mete
3432 1133 3628 1180 contra

2017 1201 2374 1263 'voluntatem
2401 1225 2554 1264 suam
2587 1210 2678 1264 "3.
2716 1210 2784 1265 Et
2803 1225 2952 1278 ecce,
2977 1226 3099 1266 cum
3129 1215 3362 1269 nondum
3411 1216 3484 1250 ἠ’
3531 1219 3631 1274 ad-

2047 1299 2292 1354 ltzcserim
2326 1299 2441 1367 tibi,
2482 1300 2623 1354 sicut
2672 1301 3013 1368 consuluisti,
3063 1305 3300 1358 nondum
3351 1316 3528 1362 tamen
3571 1309 3626 1365 in

2045 1388 2313 1442 infernum
2341 1405 2426 1444 me
2463 1389 2659 1444 cadere
2681 1391 2992 1460 permisisti,
3014 1393 3106 1447 sed
3124 1394 3300 1450 adhuc
3317 1408 3630 1468 ex5pectas,

2046 1479 2448 1542 utadhzcream,
2499 1487 2554 1534 et
2585 1479 2754 1534 facias
2799 1480 2940 1549 quod
2967 1483 3037 1515 ⁷³⁸
3085 1484 3400 1551 promisisti.
3443 1486 3629 1556 Certe,

2047 1569 2294 1636 Domine,
2331 1569 2412 1625 sic
2435 1585 2607 1636 eram,
2630 1580 2685 1624 et
2715 1572 2829 1625 haec
2857 1571 3035 1627 fecisti
3063 1573 3135 1604 ⁷³⁸
3159 1574 3310 1628 mihi.
3364 1575 3421 1630 In
3477 1586 3630 1633 tene-

2047 1658 2161 1713 bris
2189 1673 2360 1725 eram,
2390 1659 2518 1728 quia
2541 1659 2676 1714 nihil
2706 1675 2807 1716 nec
2844 1662 3104 1732 meipsum
3134 1663 3408 1732 sciebam;
3467 1667 3520 1721 in
3545 1667 3628 1722 lu-

350 1753 503 1808 litate
525 1754 759 1826 illorum,
781 1756 907 1825 quia
929 1773 990 1812 ea
1007 1756 1103 1811 tibi
1128 1758 1410 1814 fecerunt?
1437 1758 1705 1826 Quoniam
1739 1760 1941 1816 nisiilli
1978 1751 2019 1806 Β
2045 1747 2213 1813 Ῑπίοο»
2243 1749 2371 1820 (lilia
2397 1749 2682 1805 imbecmis
2708 1759 2763 1804 ει
2785 1749 2992 1817 fragilis
3041 1750 3105 1805 ad
3158 1751 3368 1822 lapsum
3416 1757 3628 1823 Ρθοεθιί

351 1861 415 1901 ea
450 1845 710 1903 fecissent
731 1848 823 1915 τη,
853 1857 906 1903 ιιι
930 1864 1122 1919 passus
1160 1866 1267 1906 non
1295 1866 1446 1908 esses
1477 1869 1490 1904 :
1520 1862 1575 1908 et
1598 1853 1642 1908 si
1669 1860 1723 1907 tu
1747 1868 1943 1924 passus

353 1954 459 1992 non
487 1953 661 2002 esses,
687 1939 802 1994 haec
823 1941 1004 1994 omnia
1032 1941 1171 1996 bona
1195 1942 1264 1973 “7
1288 1958 1397 1997 non
1443 1953 1646 1998 essent.
1670 1943 1778 1998 Aut
1807 1945 1851 1999 si
1875 1943 1944 1998 de

353 2027 458 2084 illis
491 2029 705 2095 dolebo,
731 2031 1004 2100 quomodo
1053 2033 1214 2102 223
1264 2031 1331 2088 de
1377 2033 1517 2098 istis,
1549 2043 1772 2103 propter
1821 2048 1943 2103 qua:

353 2123 441 2177 illa
463 2123 717 2189 fuerunt,
761 2133 817 2180 et
880 2142 1002 2195 qua:
1031 2142 1134 2181 non
1194 2135 1394 2189 essent,
1443 2127 1545 2181 nisi
1571 2127 1660 2181 illa
1691 2126 1938 2193 fuissent,

351 2215 641 2284 gaudebo?
668 2215 775 2271 Sed
807 2227 956 2272 certe
982 2217 1196 2272 illorum
1213 2218 1453 2287 nequitia
1478 2217 1611 2272 nihil
1641 2216 1823 2274 facere
1847 2233 1944 2288 po-

351 2306 478 2371 tuit,
497 2306 598 2361 nisi
625 2308 751 2377 quia
777 2316 828 2362 tu
855 2321 1045 2380 sponte
1070 2310 1385 2380 permisisti,
1412 2326 1512 2366 nec
1543 2319 1598 2365 tu
1641 2327 1833 2381 passus
1861 2326 1941 2380 es,

351 2396 453 2452 nisi
478 2397 602 2468 quia
631 2400 717 2470 pie
739 2400 977 2456 voluisti.
1020 2401 1238 2457 Illorum
1295 2402 1481 2474 itaque
1505 2404 1677 2459 debeo
1709 2404 1944 2460 crudeli-

351 2496 518 2544 tatem
540 2493 841 2560 exsecrari,
878 2503 1112 2548 mortem
1142 2502 1196 2548 et
1218 2493 1433 2549 labores
1467 2503 1586 2550 tuos
1608 2496 1944 2565 contpatien-

355 2580 424 2636 do
449 2582 674 2649 imitari,
704 2585 848 2653 piam
903 2581 1238 2640 voluntatem
1286 2595 1430 2640 tuam
1482 2588 1686 2657 gratias
1734 2588 1942 2656 agendo

356 2687 564 2740 amare,
595 2690 659 2729 ac
686 2675 765 2730 sic
787 2691 977 2731 secure
996 2677 1062 2731 de
1083 2678 1238 2732 bon's
1254 2678 1383 2732 mihi
1413 2679 1621 2734 collatis
1649 2682 1941 2736 exsultare.

436 2765 595 2836 Ergo,
630 2767 939 2834 homuncio,
973 2768 1182 2824 illorum
1208 2769 1582 2824 crudelitatem
1607 2771 1816 2825 dimitte
1846 2770 1941 2827 Dei

353 2855 425 2888 ⁷¹⁸
447 2856 672 2928 judicio,
715 2868 770 2914 et
798 2868 970 2914 tracta
995 2861 1058 2914 de
1085 2861 1169 2915 his
1195 2877 1314 2932 quas
1338 2863 1503 2918 debes
1534 2862 1801 2919 Salvatori
1827 2874 1938 2918 tuo.

353 2944 648 3002 Considera
689 2949 817 3018 quid
845 2950 937 3005 tibi
971 2960 1107 3019 erat,
1135 2961 1188 3006 et
1217 2954 1346 3022 quid
1373 2954 1468 3009 tibi
1523 2954 1725 3010 factum
1766 2957 1855 3021 sit,
1888 2967 1944 3011 et

354 3053 518 3109 pensa
542 3040 633 3110 qui
661 3042 762 3098 hoc
788 3043 882 3099 tibi
913 3043 1061 3110 fecit,
1085 3060 1193 3115 quo
1214 3062 1398 3101 amore
1425 3047 1617 3118 dignus
1642 3048 1732 3103 sit.
1763 3049 1939 3104 Intue-

354 3147 414 3186 re
444 3129 822 3190 necessitatem
849 3145 1017 3204 tuam,
1057 3149 1111 3193 et
1139 3140 1438 3195 bonitatem
1467 3141 1536 3172 ⁷¹⁹
1559 3141 1695 3211 ejus,
1738 3149 1792 3195 et
1819 3142 1940 3195 vide

355 3228 426 3260 "°
457 3243 595 3298 quas
621 3230 827 3299 gratias
862 3231 1073 3296 reddas,
1105 3241 1156 3286 et
1192 3240 1458 3302 quantum
1513 3233 1710 3288 debeas
1768 3234 1939 3288 amori

276 3332 283 3338 ‘
351 3317 490 3388 ejus.
520 3319 575 3373 In
610 3321 872 3386 tenebris,
902 3321 954 3376 in
980 3321 1212 3390 lubrico,
1246 3325 1297 3376 in
1328 3325 1591 3379 descensu
1619 3340 1781 3394 super
1807 3326 1941 3379 irre-

355 3410 584 3465 meabile
606 3412 675 3441 7"
709 3413 873 3466 chaos
898 3413 1095 3468 infer-ni
1124 3430 1274 3481 eras;
1308 3416 1653 3480 immensum,
1700 3425 1753 3471 et
1783 3416 1940 3486 quasi

353 3501 662 3572 plumbeum
694 3503 902 3570 pondus
926 3505 1166 3572 pendens
1195 3522 1225 3560 a
1286 3505 1423 3560 collo
1473 3515 1564 3560 tuo
1595 3516 1648 3561 te
1691 3507 1938 3563 deorsum

358 3593 624 3656 trahebat,
669 3609 805 3648 onus
855 3594 1194 3665 itnportabile
1251 3598 1483 3668 desuper
1533 3609 1585 3656 te
1640 3601 1937 3668 premebat,

355 3681 541 3737 hostes
569 3682 870 3739 invisibiles
920 3693 972 3740 te
1021 3695 1135 3741 toto
1172 3698 1367 3742 conatu
1421 3690 1791 3760 impellebant.
1845 3690 1939 3748 Sic

354 3791 481 3833 eras
510 3778 628 3835 sine
655 3781 802 3836 omni
833 3782 1034 3838 auxilio
1062 3785 1166 3850 m;
1224 3795 1279 3842 et
1329 3788 1631 3857 nesciebas,
1689 3791 1813 3861 quia
1859 3793 1940 3848 sic

355 3880 649 3941 conceptus
674 3882 728 3928 et
755 3885 914 3930 natus
941 3892 1083 3932 eras.
1116 3877 1160 3934 Ο
1183 3880 1309 3950 quid
1333 3881 1424 3936 tibi
1444 3891 1570 3938 tunc
1588 3872 1735 3939 erat!
1762 3893 1816 3940 et
1832 3901 1940 3955 quo

357 3972 412 4018 te
443 3963 544 4018 ista
603 3967 915 4036 rapiebant;
969 3986 1268 4041 expavesce
1315 3977 1686 4043 memorando,
1723 3987 1939 4034 contre-

358 4056 523 4112 misce
543 4060 850 4128 cogitando.
882 4060 926 4119 Ο
953 4061 1111 4125 boue,
1129 4047 1174 4117 io
1196 4065 1422 4121 Domine
1448 4067 1519 4099 ⁷⁸³
1543 4067 1670 4123 Jesu
1700 4067 1936 4136 Christe,

355 4146 435 4201 sic
472 4149 648 4218 posito
671 4165 770 4206 nec
800 4154 1026 4221 petenti,
1058 4171 1157 4208 nec
1185 4157 1447 4224 opinanti,
1473 4168 1532 4212 ut
1558 4159 1635 4214 sol
1660 4161 1790 4215 mihi
1816 4162 1936 4216 illu-

356 4237 507 4304 sisti,
538 4249 593 4294 et
625 4242 754 4296 mihi
787 4247 1057 4312 quomodo
1086 4245 1158 4277 ⁷³⁸
1181 4261 1330 4301 cram
1354 4251 1658 4306 ostendisti.
1677 4249 1938 4320 Abjecisti

355 4327 652 4398 plumbum,
709 4333 851 4402 quod
881 4335 1133 4392 deorsum
1186 4352 1274 4394 me
1321 4339 1597 4408 trahebat;
1658 4343 1936 4399 removisti

2043 1855 2192 1911 eram
2217 1857 2233 1907 ;
2275 1841 2329 1896 in
2358 1841 2429 1874 "'°
2454 1843 2714 1897 descensu
2743 1857 2909 1912 super
2935 1843 3101 1898 chaos
3136 1836 3355 1910 inferni,
3413 1847 3538 1916 quia
3571 1847 3627 1902 in

2040 1930 2232 2000 primis
2257 1931 2574 1999 parentibus
2602 1932 2986 1987 descendet-am
3005 1933 3070 1987 de
3087 1933 3301 2003 justitia
3318 1935 3384 1989 ad
3407 1936 3628 2006 injusti-

2045 2024 2194 2083 tiam,
2225 2038 2322 2093 per
2351 2038 2514 2094 quam
2541 2025 2889 2080 descenditur
2916 2026 2981 2079 ad
3014 2025 3304 2091 infernum,
3333 2036 3385 2082 et
3407 2028 3473 2082 de
3495 2029 3631 2083 bea-

2045 2113 2271 2168 titudine
2294 2115 2361 2168 ad
2398 2116 2748 2184 temporalem
2777 2116 3070 2179 miseriam,
3107 2117 3173 2171 de
3203 2133 3308 2187 qua
3333 2118 3547 2172 caditur
3571 2120 3628 2175 in

2042 2217 2302 2261 mternam
2330 2206 2423 2262 ⁷³⁸.
2449 2207 2666 2262 Pondus
2687 2209 2965 2278 originalis
3014 2213 3220 2280 peccati
3259 2212 3512 2266 deorsum
3543 2228 3630 2268 me

2043 2299 2316 2364 trahebat,
2344 2308 2396 2354 et
2420 2315 2557 2355 onus
2581 2301 2920 2370 importabile
2945 2302 3132 2373 judicii
3172 2304 3262 2360 Dei
3293 2321 3376 2360 me
3407 2322 3626 2376 preme-

2041 2395 2154 2461 bat,
2184 2404 2240 2450 et
2274 2396 2478 2452 inimici
2509 2398 2613 2452 mei
2648 2398 2941 2466 daemones,
2983 2409 3042 2455 ut
3091 2416 3177 2455 me
3230 2403 3349 2456 aliis
3387 2407 3628 2474 peccatis

2044 2487 2492 2544 damnabiliorem
2523 2488 2789 2558 facerent,
2814 2499 3074 2558 quantum
3109 2493 3160 2546 in
3187 2494 3316 2563 ipsis
3340 2503 3483 2558 erat,
3539 2513 3627 2553 ve-

2045 2578 2326 2634 bementer
2349 2580 2691 2636 insistebant.
2721 2582 2813 2637 Sic
2833 2566 3090 2639 destituto
3111 2586 3258 2640 omni
3282 2588 3485 2644 auxilio
3509 2589 3629 2644 illu-

2045 2670 2168 2725 xisti
2193 2670 2346 2736 mihi,
2373 2681 2430 2726 et
2461 2672 2730 2740 quomodo
2752 2687 2901 2727 eram
2925 2675 3229 2730 ostendisti.
3258 2677 3392 2742 Quia
3422 2689 3475 2732 et
3502 2695 3625 2734 cum

2043 2776 2145 2831 ego
2168 2762 2402 2815 nondum
2428 2763 2529 2816 hoc
2558 2778 2714 2818 nosse
2733 2765 2802 2796 ⁷³¹
2833 2774 3100 2833 poteram,
3126 2767 3279 2831 alios,
3301 2769 3391 2837 qui
3417 2786 3514 2838 pro
3542 2787 3628 2827 me

2044 2854 2334 2919 essent'”,
2369 2863 2424 2908 et
2462 2865 2645 2924 postea
2702 2857 2989 2925 meipsum,
3043 2869 3329 2928 antequam
3385 2863 3628 2929 postula-

2044 2960 2182 3009 rem,
2210 2945 2323 2999 haec
2345 2948 2522 3000 omnia
2554 2948 2778 3002 docuisti
2807 2949 2895 3001 7”.
2953 2949 3238 3004 Plumhum
3293 2953 3538 3018 trahens,
3572 2964 3627 3009 et

2045 3051 2181 3089 onus
2217 3051 2447 3104 gravatis
2472 3045 2524 3091 et
2555 3037 2740 3092 hostes
2790 3038 3129 3107 impellentes
3189 3039 3444 3108 rejecis—ti,
3500 3045 3624 3112 quia

2044 3134 2345 3194 peccatum,
2387 3124 2441 3178 in
2464 3141 2570 3194 quo
2593 3136 2751 3180 natus
2777 3135 2831 3181 et
2856 3137 3149 3197 conceptus
3199 3143 3370 3195 eram,
3403 3141 3456 3184 et
3483 3131 3627 3185 dam-

2045 3217 2318 3272 nationem
2351 3217 2466 3287 ejus
2522 3218 2794 3282 amovisti,
2841 3228 2896 3273 et
2945 3219 3209 3290 n‘talignos
3264 3221 3506 3290 spiritus,
3561 3237 3627 3274 ne

2043 3309 2150 3362 vim
2191 3309 2385 3362 animae
2426 3324 2558 3363 mea:
2586 3310 2847 3374 facerent,
2880 3311 3224 3380 prohibuisti.
3253 3311 3623 3366 Christianum

2042 3416 2128 3455 me
2159 3399 2332 3455 fecisti
2365 3401 2541 3455 vocari
2573 3402 2640 3456 de
2671 3402 2889 3456 nomine
2947 3411 3060 3468 tuo,
3113 3418 3212 3472 per
3238 3403 3382 3472 quod
3429 3412 3482 3456 et
3525 3419 3624 3474 ego

2042 3492 2324 3558 confiteor,
2351 3504 2402 3546 et
2429 3501 2483 3546 tu
2515 3493 2795 3563 cognoscis
2825 3508 2908 3548 me
2945 3494 3085 3547 inter
3144 3495 3453 3562 redemptos
3484 3507 3623 3560 tuos,

2042 3593 2097 3639 et
2153 3583 2375 3638 erexisti
2424 3593 2479 3638 et
2529 3584 2717 3639 levasti
2769 3586 2946 3639 mead
2990 3585 3236 3640 not'tiam
3289 3595 3345 3641 et
3385 3601 3622 3641 amorem

2043 3685 2221 3740 tuum;
2250 3675 2428 3752 fecisti
2471 3692 2556 3731 me
2581 3677 2853 3732 conlidere
2898 3677 2965 3731 de
3011 3677 3186 3732 salute
3225 3678 3420 3732 animae
3471 3694 3620 3742 mere,

2039 3785 2139 3841 pro
2164 3785 2269 3840 qua
2293 3769 2490 3826 dedisti
2515 3770 2749 3823 animam
2795 3779 2962 3834 tuam,
2991 3777 3044 3825 et
3073 3771 3226 3837 mihi,
3274 3771 3318 3824 si
3353 3781 3406 3825 te
3436 3786 3624 3840 seque-

2042 3878 2151 3926 rer,
2185 3861 2478 3932 promisisti
2508 3861 2731 3931 gloriam
2762 3869 2929 3915 tuam.
2965 3862 3028 3914 Et
3053 3876 3203 3926 ecce,
3231 3877 3351 3916 cum
3386 3865 3622 3916 nondum

2041 3971 2237 4025 sequar
2267 3963 2339 4022 te,
2368 3955 2507 4008 sicut
2532 3955 2868 4019 consuluisti,
2911 3955 3002 4009 sed
3032 3955 3255 4024 insuper
3283 3954 3447 4008 multa
3505 3971 3622 4025 pec-

2041 4055 2159 4102 cata
2193 4046 2409 4101 fecerim
2441 4060 2560 4116 qua:
2589 4055 2642 4098 tu
2667 4046 3013 4115 prohibuisti,
3061 4047 3236 4100 adhuc
3259 4057 3540 4115 exspectas
3569 4055 3626 4099 ιιι

2043 4147 2095 4192 te
2125 4152 2340 4207 sequar,
2375 4145 2430 4190 et
2459 4137 2630 4191 dones
2662 4138 2804 4206 quod
2843 4136 3159 4204 promisisti.

2113 4247 2429 4316 Considera,
2454 4250 2632 4303 anima
2666 4264 2783 4302 mea
2809 4249 2899 4314 ⁷³⁸,
2927 4249 3206 4314 intendite,
3232 4249 3411 4304 omnia
3439 4250 3627 4302 intima

2042 4354 2186 4407 mea,
2228 4350 2490 4409 quantum
2523 4340 2596 4395 illi
2625 4341 2817 4395 debeat
2866 4339 2935 4372 ⁷³⁸
2963 4342 3264 4395 substantia
3321 4355 3441 4394 mea
3495 4351 3626 4397 tota.

355 4435 494 4480 onus
522 4424 664 4494 quod
702 4426 935 4498 desuper
985 4443 1072 4485 me
1117 4431 1432 4500 premebat;
1480 4432 1818 4504 impellentes
1848 4451 1936 4491 me
1963 4429 2016 4491 Β
2043 4431 2224 4500 Certe,
2267 4432 2516 4500 Domine,
2546 4433 2672 4504 quia
2703 4448 2787 4488 me
2827 4432 3028 4500 fecisti,
3081 4435 3254 4490 debeo
3307 4435 3479 4489 amori
3537 4444 3630 4490 tuo

1635 4591 1870 4647 VARUE
1909 4590 2312 4649 LECTIONES.

432 4742 591 4828 ἠ’-ζει
613 4744 691 4828 sic
712 4758 773 4798 es
801 4742 1026 4828 liberata
1062 4760 1167 4827 ms.
1190 4745 1325 4799 Thu.
1357 4755 1411 4800 et
1439 4746 1580 4828 sicut
1603 4746 2048 4828 lihera_l_’ac_t_a_es_
2097 4749 2167 4781 ⁷¹²
2197 4747 2415 4802 Mandat
2450 4747 2613 4828 hlomo
2639 4746 3034 4828 mss._m_andat,
3057 4761 3090 4800 ο
3111 4746 3296 4828 homo,
3314 4763 3414 4827 ms.
3440 4747 3630 4828 δίεισι.

359 4814 592 4879 mandit,
611 4829 645 4868 o
671 4814 835 4888 homo
858 4884 867 4888 Α
889 4814 1194 4888 “_’Accepit
1219 4831 1282 4872 os
1311 4818 1730 4888 mss.accipitﬁos
1780 4821 1851 4851 ⁷⁸⁸
1874 4820 1935 4874 Ei
1954 4819 2008 4874 in
2024 4819 2203 4872 futura
2230 4834 2359 4871 mss.
2388 4827 2443 4888 et
2473 4817 2654 4870 futura
2714 4816 3030 4871 “'Mortem
3061 4817 3345 4885 suscepisti
3364 4835 3463 4872 ms.
3493 4818 3631 4872 Tim.

381 4893 654 4940 mortuum
684 4893 734 4938 te
768 4883 941 4938 fecisti
1001 4885 1072 4918 m
1095 4885 1174 4940 Illi
1204 4888 1458 4942 fecissent
1493 4883 1591 4943 ms'.
1619 4887 1754 4942 Thu.
1786 4889 1861 4943 illi
1885 4905 1949 4944 ea
1974 4889 2233 4946 fecissent
2287 4890 2358 4921 ’⁸⁷
2389 4887 2513 4943 llaec
2536 4903 2657 4942 mea
2677 4888 2816 4943 bona
2859 4903 2964 4941 mss
2989 4889 3103 4942 haac
3133 4883 3314 4944 omnia
3347 4889 3484 4943 bona
3533 4905 3632 4943 ms.

362 4957 497 5030 Tim.
533 4957 646 5030 haec
669 4957 817 5030 bona
885 4956 967 5030 ’δέ
989 4957 1333 5030 ρίιιιίιιθγῡθί
1363 4975 1490 5012 mss.
1512 4959 1767 5030 relinque
1793 4959 1890 5015 Dei
1956 4960 2027 4992 “9
2057 4960 2122 5014 Et
2147 4960 2536 5030 benignitatem
2565 4974 2690 5030 mss.
2721 4969 2779 5030 et
2805 4959 3109 5030 bonitatem
3183 4959 3254 4990 ⁷¹⁰
3304 4959 3367 5012 Et
3387 4960 3512 5014 vide
3535 4976 3632 5013 ms.

367 5027 504 5101 Vict.
533 5027 618 5101 i6.
645 5027 847 5082 omittit
903 5027 1189 5101 "‘Subter
1213 5029 1601 5101 irre_meabile..
1632 5026 1947 5092 immersus,
1972 5041 2023 5086 et
2046 5031 2200 5101 quasi
2236 5026 2362 5085 mss.
2391 5029 2547 5101 Tom.
2579 5027 2702 5101 Biec.
2737 5026 2908 5101 Gem._
2925 5027 2984 5082 S.
3016 5026 3159 5101 Med.
3193 5031 3637 5101 superirremea-

359 5099 863 5180 bile..nim_mepsum
894 5106 951 5154 et
977 5099 1134 5180 quasi
1193 5101 1266 5133 ’³⁸
1298 5099 1457 5180 anj
1487 5101 1841 5180 auxiliqmss.
1873 5098 2248 5180 aliquo—omni
2276 5100 2536 5180 consilio.
2563 5100 2634 5130 ⁷³³
2657 5100 2862 5180 ριιιριιβ
2881 5098 3110 5180 Domine
3139 5098 3270 5154 mss.
3291 5099 3453 5180 Tqrn.
3481 5099 3631 5154 Gem.

359 5170 483 5224 Bec.
510 5168 568 5224 S.
597 5167 964 5240 Med.Cister.
984 5167 1028 5225 O
1051 5169 1208 5236 bone,
1239 5185 1275 5224 ο
1297 5169 1524 5240 Domine
1542 5186 1641 5224 ms.
1679 5169 1913 5226 Val-lac.
1938 5167 1983 5227 Ο
2009 5171 2256 5235 Domine,
2285 5187 2318 5226 ο
2341 5173 2482 5226 bone
2507 5167 2635 5224 Jesu
2658 5169 2898 5240 Christe
2936 5167 3011 5199 ⁷³⁸
3033 5167 3099 5224 Et
3120 5171 3392 5240 quomodo
3425 5185 3551 5240 mss.
3579 5184 3634 5223 et

361 5241 491 5322 mihi
523 5239 797 5309 quomodo
856 5239 1249 5322 ’“Opposuisti
1277 5257 1380 5322 ms;
1404 5239 1829 5322 flor..obtulist.i
1886 5242 1959 5274 ⁷³⁸
1978 5241 2325 5322 Xoluntatenr
2351 5256 2627 5322 summus.
2653 5238 3152 5322 “Timavoluptateni
3172 5250 3359 5322 tuam.
3383 5238 3636 5322 “fl-dicet

360 5307 670 5382 adhucnon
694 5326 821 5382 mss.
850 5307 1236 5382 eum'n'ondum
1290 5310 1381 5382 7"“
1400 5310 1468 5366 Et
1489 5309 1659 5367 facias
1680 5313 1952 5382 quodms.
1980 5313 2116 5367 Tim.
2147 5321 2202 5368 et
2225 5311 2418 5382 faciam
2472 5312 2543 5344 τη
2570 5311 2636 5382 Et
2657 5311 2761 5366 hoc
2781 5308 2959 5366 fecisti
2974 5325 3106 5382 mss.
3129 5311 3310 5382 ethazc
3333 5307 3511 5382 fecisti
3532 5326 3633 5363 ms.

364 5379 524 5433 Tom.
553 5389 610 5451 et
629 5380 710 5436 sic
739 5379 915 5437 fecisti
985 5381 1056 5451 ’ἕο
1087 5379 1346 5451 Peccati_:
1372 5396 1523 5436 eram
1548 5382 1600 5436 in
1628 5378 1759 5438 mis.
1806 5380 1939 5451 Vict.
1967 5383 2055 5439 16.
2087 5381 2322 5438 Val-lue.
2344 5380 2496 5437 Flor.
2519 5390 2575 5437 et
2599 5380 2748 5437 Sam.
2780 5379 2989 5451 peccati
3013 5395 3185 5443 erant.
3219 5381 3272 5434 in
3347 5380 3417 5411 '“
3446 5378 3630 5451 Aster-

364 5464 490 5504 nam
514 5450 792 5506 miseriam
817 5469 945 5507 mss.
995 5450 1131 5506 Vict.
1161 5449 1247 5506 16.
1287 5449 1434 5506 Gem.
1463 5451 1588 5507 Bec.
1621 5452 1782 5510 Tom.
1833 5450 2064 5509 Val-lue.
2096 5452 2248 5508 Flor.
2280 5453 2450 5508 omitt.
2491 5449 2795 5507 miseriam‘
2843 5449 2914 5483 ⁷³³
2946 5449 3060 5506 Hoc
3095 5465 3324 5507 noscere
3361 5466 3489 5504 mss.
3530 5449 3634 5504 hoc

363 5535 523 5593 nosse
544 5588 557 5593 _
594 5520 666 5552 ⁷³⁸
690 5521 795 5593 Pro
826 5539 910 5578 me
931 5529 1114 5580 essent
1141 5520 1288 5577 Som.
1320 5537 1533 5593 prome
1562 5531 1785 5580 nossent
1855 5523 1927 5561 ⁷³⁸
1950 5525 2076 5581 Haec
2097 5539 2184 5580 me
2219 5525 2404 5580 omnia
2431 5522 2662 5578 docuisti
2703 5537 2830 5593 mss.
2887 5521 3003 5576 haec
3028 5521 3217 5593 omnia,
3251 5520 3483 5593 docuisti
3559 5517 3632 5552 ⁷³⁸

360 5588 868 5717 ῗοὲἷίἃοιιειιαιιῦιῐιὲ
889 5609 1028 5720 tinea‘
1045 5603 1146 5651 etc.
1180 5593 1250 5651 In
1273 5588 1373 5650 ms.
1412 5592 1562 5649 Flor.
1597 5595 1892 5666 pur/igitur
1914 5596 2000 5652 hic
2043 5594 2269 5652 titulus:
2301 5595 2381 5652 Ad
2419 5602 2666 5651 sanctam
2727 5591 2958 5650 Crucem
3032 5593 3104 5626 ⁷³⁸
3142 5592 3223 5648 Illi
3266 5590 3461 5649 debeat
3501 5603 3629 5646 mss.

360 5676 388 5712 ρ
573 5674 656 5711 ma
683 5675 743 5714 ,ι
786 5677 801 5715 ι
870 5678 899 5718 e
940 5679 1003 5719 ea

360 5674 408 5712 et
439 5674 696 5714 aommat.
726 5674 801 5715 ιιιι
835 5674 1003 5719 αρυθιι
