3910 6018
292 233 400 294 769

1673 226 2207 287 MEDITATIONES.

3461 243 3565 302 770

293 351 563 421 meipsum
591 353 794 414 totum;
821 347 949 419 quia
979 361 1066 404 me
1094 346 1396 413 redemisti,
1414 345 1584 403 debeo
1605 347 1869 418 meipsum
1899 346 1949 408 Α
1976 343 2240 414 sapientia
2265 344 2450 401 existit
2485 351 2666 414 astate,
2716 346 2871 416 cujus
2926 351 3205 408 aeternitas
3263 351 3408 410 sicut
3451 370 3559 410 ηοη

292 449 496 503 totum;
531 439 657 509 quia
695 445 904 494 tantum
935 438 1231 508 promittis,
1281 438 1453 494 debeo
1500 437 1762 507 meipsum
1795 447 1878 494 to-

295 537 410 584 tum
451 530 546 595 "',
583 529 692 585 imo
730 537 938 582 tantum
997 529 1168 584 debeo
1221 530 1391 584 amori
1445 537 1536 584 tuo
1589 527 1874 598 plusquam

291 621 583 689 meipsum,
611 626 875 688 quantum
905 627 958 672 tu
989 633 1049 673 es
1079 616 1249 685 major
1276 632 1382 682 me,
1415 632 1514 687 pro
1565 632 1673 686 quo
1717 617 1874 672 dedi-

292 713 358 766 sti
401 712 650 779 teipsum,
698 721 753 764 et
779 710 864 765 cui
892 711 1167 780 promittis
1195 709 1446 778 teipsum.
1477 707 1607 776 Fac,
1658 723 1870 778 precor,

291 804 542 866 Domine,
575 818 661 858 me
683 811 903 872 gustare
947 817 1044 871 per
1093 815 1331 854 amorem
1384 802 1528 869 quod
1567 808 1724 868 gusto
1777 813 1874 867 per

289 894 654 964 cognitionem
680 910 694 960 ;
727 893 958 947 sentiam
994 908 1090 961 per
1113 890 1366 945 allectum
1398 890 1540 959 quod
1572 889 1748 944 sentio
1777 905 1874 959 per

292 983 667 1048 intellectum;
703 983 822 1051 plus
861 983 1032 1037 debeo
1053 996 1215 1050 quam
1242 981 1503 1049 meipsum
1540 988 1744 1044 totum;
1777 980 1872 1034 sed

288 1091 392 1130 nec
414 1074 533 1145 plus
565 1074 740 1130 habeo
767 1074 860 1139 ⁷³⁸,
889 1089 989 1128 nec
1019 1073 1120 1127 hoc
1169 1073 1343 1142 ipsum
1382 1087 1600 1140 possum
1649 1087 1745 1142 per
1787 1086 1874 1128 me

291 1167 534 1222 reddere.
573 1173 769 1220 totum.
825 1164 1004 1219 Trahe
1057 1179 1165 1230 me,
1228 1164 1477 1230 Domine,
1532 1164 1584 1218 in
1631 1179 1872 1219 amorem

292 1268 465 1325 tuum,
499 1257 582 1312 vcl
622 1256 924 1326 hoc'ipsum
952 1265 1143 1311 totum.
1190 1254 1408 1320 Totum,
1456 1255 1598 1325 quod
1627 1271 1747 1309 sum
1776 1255 1871 1322 ⁷³³,

292 1356 442 1399 tuum
466 1357 552 1401 est
589 1345 936 1412 conditione;
985 1343 1072 1398 fac
1134 1353 1305 1397 totum
1358 1353 1506 1397 tuum
1562 1343 1870 1398 dilectione.

288 1436 454 1502 Ecce.
489 1437 734 1503 Domine,
765 1452 949 1492 coram
990 1446 1041 1492 te
1069 1444 1151 1491 cst
1194 1451 1290 1490 cor
1339 1451 1551 1502 meum;
1617 1445 1872 1502 conatur,

289 1528 384 1586 sed
417 1544 510 1598 per
536 1543 594 1584 se
619 1543 724 1582 non
753 1536 957 1598 potest;
982 1525 1068 1582 fac
1092 1536 1145 1580 tu
1169 1527 1309 1597 quod
1338 1527 1511 1595 ipsum
1541 1541 1646 1579 non
1671 1533 1870 1594 potest.

288 1618 529 1674 Admitte
558 1633 643 1672 me
670 1618 811 1672 intra
844 1615 1154 1672 cubiculum
1185 1618 1388 1670 amoris
1417 1615 1518 1680 tui,
1548 1624 1693 1685 peto,
1728 1630 1875 1685 qua:-

291 1723 374 1773 ro,
402 1707 572 1775 pulso.
600 1705 700 1772 Qui
733 1721 820 1760 me
844 1705 979 1761 facis
1016 1713 1219 1775 petere,
1253 1704 1338 1759 lac
1368 1712 1422 1758 et
1467 1705 1737 1774 accipere.
1767 1703 1874 1758 Das
1905 1699 1950 1758 Β

290 1814 556 1871 quaerere,
597 1800 661 1854 da
687 1798 948 1854 invenire.
978 1798 1147 1854 Doces
1167 1797 1404 1866 pulsare,
1433 1798 1578 1867 aperi
1615 1796 1871 1872 pulsanti.

289 1889 390 1944 Cui
428 1891 546 1956 das,
576 1890 619 1944 si
643 1905 807 1957 negas
835 1889 1234 1960 petenti?Quis
1259 1889 1488 1955 invenit,
1529 1889 1576 1943 si
1625 1902 1874 1958 quaerens

292 1982 623 2037 frustratur?
649 1983 746 2038 Cui
775 1983 975 2053 aperis,
1001 1982 1045 2038 si
1068 1981 1305 2051 pulsanti
1339 1979 1583 2036 claudis?
1611 1980 1749 2047 Quid
1775 1980 1876 2036 das

290 2089 401 2130 non
435 2075 636 2141 oranti,
657 2074 700 2130 si
728 2089 967 2130 amorem
999 2082 1149 2128 tuum
1179 2087 1346 2142 negas
1371 2071 1589 2127 oranti?
1609 2071 1652 2124 Λ
1701 2079 1751 2126 te
1779 2071 1877 2126 ha-

289 2166 394 2222 beo
424 2167 750 2234 dcsiderare,
783 2183 813 2222 a
837 2176 889 2222 te
913 2167 1144 2221 habeam
1177 2165 1489 2234 impetrare.
1507 2155 1750 2218 'Adbaare
1776 2162 1874 2244 illi,

292 2256 510 2311 adbsere
535 2257 860 2326 importune,
887 2255 1068 2310 anima
1096 2269 1237 2309 mea.
1270 2252 1435 2317 Bone,
1463 2253 1601 2308 bone
1647 2251 1877 2308 Domine

289 2345 384 2411 ⁷⁸⁸,
411 2363 477 2402 ne
504 2347 719 2418 rejicias
745 2363 898 2412 eam;
935 2348 1074 2401 fame
1106 2347 1309 2400 amoris
1351 2345 1428 2400 tui
1459 2345 1703 2416 languet,
1735 2345 1877 2400 refo-

288 2437 414 2494 cilla
443 2454 583 2503 eam,
618 2440 777 2494 saliet
805 2454 925 2494 eam
979 2438 1196 2494 dilectio
1253 2445 1366 2504 tua,
1420 2437 1715 2507 impinguet
1756 2452 1876 2492 eam

291 2529 520 2586 allectus
555 2541 700 2597 tuus,
731 2531 952 2600 impleat
999 2546 1116 2584 eam
1153 2545 1308 2584 amor
1360 2537 1502 2593 tuus,
1531 2539 1759 2598 occupet
1791 2544 1878 2584 me

293 2630 492 2687 totum,
514 2631 568 2677 et
588 2623 859 2693 possideat
885 2631 1076 2686 totum,
1106 2621 1228 2689 quia
1262 2629 1316 2674 tu
1337 2619 1404 2651 7“
1432 2635 1512 2685 es,
1566 2635 1687 2675 cum
1717 2618 1878 2674 Patre

292 2724 348 2768 et
375 2713 576 2784 Spiritu
605 2724 816 2776 sancto,
853 2714 994 2768 Deus
1039 2713 1188 2768 solus
1233 2713 1548 2768 benedictus
1597 2712 1649 2766 in
1678 2712 1878 2768 saacula

293 2806 635 2862 saeculorum.
671 2807 860 2860 Amen.

826 2895 1204 2951 MEDITATIO
1228 2897 1346 2951 XII.

744 2988 822 3044 De
856 2988 1180 3042 humanitate
1209 2986 1424 3042 Christi.

362 3083 730 3149 Jucunditate,
756 3084 975 3153 pietate,
1009 3081 1242 3136 utilitate
1271 3081 1538 3137 redundat
1561 3085 1718 3154 plene
1749 3101 1875 3142 san-

292 3173 538 3229 ctissima
567 3171 818 3225 nativitas
839 3178 894 3224 et
935 3167 1162 3224 infantia
1195 3169 1368 3222 nostri
1418 3167 1738 3226 Salvatoris.
1782 3172 1878 3227 Ju-
1919 3204 1924 3208 -

294 3265 570 3319 cunditate
596 3272 856 3332 quantum
895 3260 960 3315 ad
988 3259 1428 3327 exsultationem,
1465 3261 1666 3330 pietate
1694 3277 1872 3332 quan-

295 3362 408 3408 tum
436 3354 503 3408 ad
544 3353 870 3421 passionem,
924 3351 1155 3404 utilitate
1205 3359 1467 3420 quantum
1498 3354 1564 3407 ad
1602 3353 1875 3423 significa-

295 3444 523 3498 tionem.
570 3443 710 3508 Quid
766 3442 910 3496 enim
961 3441 1131 3511 magis
1161 3439 1460 3510 jucundum
1500 3457 1662 3511 quam
1702 3445 1875 3514 ipsum

293 3536 481 3590 videre
508 3533 780 3588 hominem
811 3547 970 3602 quem
995 3546 1116 3587 esse
1137 3540 1346 3586 constat
1370 3532 1606 3587 hominis
1635 3535 1879 3590 condito-

291 3625 450 3689 rem?
473 3624 610 3691 Quid
643 3625 839 3678 iterum
861 3623 1037 3677 eidem
1071 3621 1275 3676 homini
1327 3625 1502 3693 magis
1523 3624 1684 3678 debet
1707 3625 1875 3679 videri

294 3716 465 3786 pium,
494 3730 654 3784 quam
685 3714 832 3769 claro
871 3712 1052 3767 videre
1099 3711 1255 3766 oculo
1280 3713 1424 3782 quod
1464 3713 1518 3766 in
1548 3715 1651 3768 hoc
1676 3715 1879 3768 media-

299 3817 418 3862 tore
456 3807 547 3860 Dei
575 3802 630 3861 et
661 3805 938 3860 hominum
991 3803 1219 3858 Domino
1255 3813 1441 3859 nostro
1484 3802 1611 3859 Jesu
1663 3803 1878 3862 Christo

297 3901 439 3956 miro
479 3900 711 3969 quodam
743 3908 799 3953 et
836 3895 1091 3952 iueﬂ‘abili
1143 3896 1300 3952 modo
1339 3896 1617 3951 asternitas
1670 3897 1878 3968 incipit,

299 3992 606 4048 sublimitas
642 3989 994 4045 humiliatur?
1022 3987 1341 4058 Concipitur
1379 3989 1430 4044 in
1487 3997 1641 4044 utero
1669 3989 1877 4054 Matris,

298 4085 392 4155 qui
416 4083 782 4152 sempiternus
803 4089 887 4136 est
915 4081 968 4135 iu
998 4079 1118 4136 sinu
1149 4078 1350 4135 Patris.
1379 4079 1551 4135 Natus
1571 4080 1639 4135 ab
1677 4090 1881 4136 mterno

299 4179 368 4233 de
392 4176 554 4230 Patre
582 4176 699 4230 sine
719 4183 912 4238 matre,
936 4173 1182 4228 nascitur
1209 4173 1259 4227 in
1297 4183 1538 4243 tempore
1585 4173 1652 4228 de
1702 4181 1878 4228 matre

299 4271 419 4328 sine
445 4271 627 4324 Patre.
647 4267 850 4322 Pannis
871 4275 952 4321 est
982 4265 1274 4330 involutus,
1307 4266 1398 4335 qui
1428 4265 1687 4335 stirpibus
1708 4274 1760 4319 et
1791 4280 1882 4318 ar-

1977 435 2194 506 prolicit
2223 437 2276 495 in
2307 436 2501 508 majus.
2532 438 2614 495 sic
2641 453 2740 496 nec
2763 439 2948 496 deﬁcit
2993 441 3048 497 in
3099 445 3309 510 minus;
3361 446 3555 516 gratia.

1977 529 2144 585 totius
2171 529 2286 598 ipse
2315 531 2502 602 gratiae
2531 541 2741 598 auctor,
2779 541 2835 589 et
2857 545 3208 590 conservator
3232 545 3290 592 et
3307 552 3546 594 remune-

1977 629 2144 675 rator.
2168 619 2494 676 Parentibus
2519 622 2792 689 subditur,
2808 638 2966 693 quem
2987 625 3180 680 adorat
3201 627 3378 681 omnis
3405 643 3561 683 crea—

1977 719 2120 776 tura,
2151 712 2237 766 cui
2263 720 2319 766 et
2347 727 2508 767 omne
2541 729 2688 783 genu
2729 726 3005 770 curvatur.
3048 716 3350 783 Addamus,
3379 719 3422 772 si
3453 719 3562 788 pla-

1977 810 2063 856 cet
2093 803 2216 871 quia
2245 801 2576 870 baptizatur,
2625 813 2681 857 et
2729 805 2944 874 quidem
2990 807 3250 860 Dominus
3295 823 3324 860 a
3377 823 3558 874 servo,

1977 894 2118 949 Deus
2139 895 2208 949 ab
2232 895 2470 962 homine,
2500 903 2556 950 et
2577 912 2606 950 a
2634 895 2803 950 milite
2825 896 2960 951 Rex.
2984 898 3246 953 Tentatur
3268 914 3296 951 a
3323 901 3560 969 diabolo,

1976 983 2061 1037 cui
2090 984 2618 1056 ministrantangeli.
2648 985 2828 1039 Esurit
2880 985 3049 1049 cibus,
3103 987 3219 1042 sitit
3269 987 3408 1054 fons,
3449 989 3560 1048 las-

1976 1083 2128 1127 satur
2153 1075 2263 1140 via,
2292 1074 2612 1144 deprimitur
2632 1075 2883 1141 altitudo,
2917 1076 3088 1132 virtus
3115 1077 3444 1145 inﬁrmatur,
3467 1082 3562 1138 de-

1977 1164 2219 1220 bilitatur
2248 1165 2529 1234 fortitudo,
2569 1167 2860 1236 injuriatur
2893 1167 3088 1239 gloria,
3128 1180 3325 1226 mearet
3350 1172 3558 1241 laetitia,

1976 1256 2230 1326 gaudium
2260 1257 2425 1324 dolet,
2447 1268 2501 1314 et
2527 1258 2842 1314 humiliatur
2896 1260 3172 1331 majestas,
3223 1273 3280 1318 et
3329 1265 3564 1324 moritur

1977 1347 2106 1402 vita.

2047 1437 2174 1520 Jesu
2197 1438 2358 1505 bone,
2389 1455 2551 1511 quam
2579 1441 2751 1498 dulcis
2797 1457 2858 1500 es
2890 1442 2944 1498 in
2974 1444 3134 1500 corde
3157 1447 3448 1516 cogitantis
3495 1448 3563 1504 de

1978 1540 2031 1587 te
2055 1539 2110 1586 et
2138 1531 2408 1602 diligentis
2443 1534 2534 1588 te!
2571 1533 2638 1588 Et
2668 1543 2818 1588 certe
2845 1535 3054 1598 nescio,
3081 1538 3208 1606 quia
3259 1553 3356 1592 nec
3403 1539 3561 1608 plene

1979 1623 2440 1691 comprehendere
2468 1624 2644 1688 valeo,
2676 1626 2818 1679 unde
2852 1626 2954 1681 hoc
2980 1637 3065 1681 est
3087 1629 3227 1697 quod
3261 1629 3416 1699 longe
3441 1631 3566 1686 dul-

1978 1714 2092 1769 cior
2113 1730 2171 1769 es
2196 1714 2249 1768 in
2273 1715 2434 1769 corde
2455 1715 2728 1785 diligentis
2749 1724 2818 1781 te,
2835 1716 2890 1772 in
2913 1732 2977 1772 eo
2989 1720 3132 1788 quod
3153 1735 3282 1775 caro
3303 1735 3382 1788 es,
3399 1736 3561 1791 quam

1977 1804 2140 1876 224
2171 1805 2223 1859 in
2253 1820 2320 1860 eo
2353 1806 2497 1875 quod
2532 1805 2798 1872 Verbum;
2831 1807 3038 1863 dulcior
3068 1809 3122 1863 in
3154 1825 3221 1864 eo
3273 1813 3416 1881 quod
3465 1813 3564 1868 hu-

1977 1897 2144 1961 milis,
2175 1912 2336 1968 quam
2379 1898 2433 1952 in
2465 1913 2530 1953 eo
2569 1899 2712 1968 quod
2747 1899 3014 1955 sublimis.
3069 1900 3348 1970 Siquidem
3405 1904 3564 1975 longe

1977 1985 2188 2041 dulcius
2211 1997 2295 2042 est
2320 1987 2594 2042 memoriae
2623 1988 2897 2058 diligentis
2922 1997 2973 2044 te
2994 1989 3178 2044 videre
3211 2000 3264 2046 te
3290 2009 3354 2046 ex
3388 2004 3564 2049 matre

1979 2075 2200 2147 Virgine
2226 2079 2278 2132 in
2304 2087 2544 2149 tempore
2571 2088 2756 2134 natum
2779 2095 2940 2150 quam
2970 2081 3022 2134 in
3042 2081 3416 2150 splendoribus
3436 2095 3564 2142 ante

1978 2167 2259 2224 luciferum
2281 2185 2311 2223 a
2337 2170 2501 2225 Patre
2522 2171 2782 2240 genitum,
2802 2172 3146 2242 temetipsum
3171 2173 3560 2242 exinanivisse,

1979 2259 2225 2328 servique
2243 2257 2471 2314 formam
2495 2262 2774 2330 accepisse
2797 2277 2958 2332 quam
2987 2263 3042 2316 in
3061 2263 3229 2318 forma
3262 2265 3353 2320 Dei
3382 2281 3564 2334 aequa-

1980 2348 2084 2402 lem
2110 2357 2159 2402 te
2189 2350 2315 2403 Deo-
2345 2364 2486 2416 esse,
2534 2351 2744 2406 dulcius
2791 2360 2842 2407 te
2903 2353 3089 2409 videre
3137 2367 3320 2408 coram
3363 2353 3566 2412 ludatis

1980 2441 2116 2494 mori
2144 2441 2197 2494 in
2223 2441 2366 2512 ligno
2391 2456 2553 2510 quam
2583 2442 2849 2497 dominari
2881 2458 3041 2512 super
3076 2445 3296 2513 angelos
3319 2445 3369 2498 in
3401 2445 3562 2510 ccelo,

1979 2530 2179 2584 intueri
2214 2539 2264 2584 te
2295 2531 2435 2584 inter
2463 2531 2644 2584 omnia
2671 2531 2968 2601 subjectum
3006 2549 3167 2600 quam
3196 2549 3359 2603 super
3381 2536 3563 2590 omnia

1980 2622 2277 2692 prazlatum,
2315 2623 2586 2679 hominem
2617 2625 2851 2680 humana
2879 2625 3164 2694 pertulisse
3189 2643 3351 2697 quam
3379 2629 3562 2682 divina

1979 2710 2148 2766 Deum
2179 2713 2431 2783 gessisse,
2461 2715 2860 2784 redemptorem
2888 2729 3007 2770 esse
3030 2717 3368 2784 pereuntium
3400 2732 3561 2787 quam

1981 2802 2317 2858 conditorem
2349 2819 2468 2858 esse
2492 2819 2598 2858 non
2635 2805 3002 2859 existentium.
3032 2806 3076 2861 Ο
3100 2822 3258 2876 quam
3283 2808 3439 2863 dulce
3461 2818 3563 2874 est,

1980 2891 2122 2949 bone
2145 2893 2296 2961 Jesu,
2323 2897 2374 2950 in
2407 2906 2618 2952 secreto
2644 2899 2825 2953 cordis
2851 2900 2917 2953 ad
2960 2901 3276 2954 memoriam
3308 2916 3566 2959 revocare

1982 2995 2034 3040 te
2058 3001 2155 3055 pro
2181 2986 2337 3041 nobis
2361 2987 2412 3041 in
2433 2988 2653 3058 Virgine
2681 2990 2885 3058 absque
2914 2989 3564 3061 pollutioneconceptum,

1982 3075 2186 3144 absque
2211 3075 2430 3130 laesione
2452 3076 2778 3148 virginitatis
2801 3077 2918 3146 ejus
2953 3086 3161 3141 natum,
3189 3081 3384 3147 pannis
3405 3081 3562 3136 invo-

1979 3166 2170 3230 lutum,
2205 3167 2258 3220 in
2286 3167 2550 3235 praesepio
2582 3167 2922 3231 reclinatum,
2977 3168 3333 3222 sustinentem
3387 3169 3570 3224 convi-

1979 3257 2085 3325 cia,
2113 3265 2379 3311 tacentem
2422 3259 2490 3311 ad
2517 3257 2828 3327 opprobria,
2862 3259 3025 3329 pedes
3055 3259 3440 3329 discipulorum
3488 3259 3568 3314 la-

1979 3358 2227 3422 vantem,
2253 3347 2418 3403 linteo
2451 3359 2772 3419 tergentem,
2805 3357 2870 3406 de
2909 3361 3064 3406 nocte
3110 3351 3374 3419 prolixius
3399 3366 3564 3404 oran-

1979 3449 2112 3508 tem,
2139 3439 2390 3493 sudorem
2424 3441 2700 3510 sanguinis
2723 3444 3082 3505 emittentem,
3117 3442 3336 3512 triginta
3369 3457 3564 3512 argen-

1981 3533 2082 3588 teis
2153 3547 2452 3598 venuuum,
2515 3532 2701 3587 osculo
2756 3534 3036 3598 traditum,
3100 3548 3220 3587 cum
3273 3533 3466 3602 gladiis
3513 3540 3569 3589 et

1979 3621 2212 3678 fustibus
2240 3633 2480 3692 captum,
2526 3621 2773 3692 ligatum,
2801 3621 3129 3690 iudicatum,
3168 3621 3380 3692 ﬂagello
3406 3624 3562 3677 dam-

1981 3723 2190 3782 natum,
2205 3715 2269 3768 ad
2284 3714 2631 3776 occisionem,
2647 3721 2703 3766 ut
2719 3728 2914 3783 agnum
2937 3713 3299 3780 innocentem,
3318 3715 3565 3784 ductum,

1981 3817 2043 3858 os
2072 3811 2240 3868 tuum,
2301 3816 2426 3855 cum.
2475 3800 2611 3854 male
2664 3801 2998 3865 tractareris,
3052 3817 3158 3854 non
3212 3802 3567 3871 apctientem,

1982 3908 2104 3948 cum
2138 3891 2478 3948 accusareris
2508 3891 2561 3946 in
2592 3890 2798 3956 multis,
2835 3906 2942 3946 non
2973 3892 3415 3962 respondentem,
3468 3907 3567 3950 co-

1981 3983 2334 4052 laphizatum,
2359 3981 2546 4053 alapas
2565 3982 2890 4052 patientem,
2915 3979 3140 4052 ﬂagellis
3154 3995 3378 4050 caesum,
3393 3983 3568 4055 plagis

1983 4076 2227 4138 lividum,
2261 4074 2436 4144 sputis
2461 4073 2676 4141 illitum,
2706 4073 2986 4144 chlamyde
3010 4072 3264 4128 coccinea
3295 4073 3564 4142 indutum,

1983 4167 2154 4238 spinis
2179 4177 2522 4233 coronatum,
2551 4166 2602 4220 in
2658 4166 2898 4222 derisum
2940 4166 3250 4242 adoratum,
3301 4166 3568 4222 arundine

1985 4259 2159 4329 capite
2188 4273 2528 4328 percussum,
2554 4259 2606 4312 in
2639 4266 2787 4314 veste
2817 4257 2937 4332 alba
2970 4257 3208 4322 illusum,
3241 4257 3307 4311 ad
3336 4267 3564 4312 mortem

296 4362 525 4418 boribus
556 4371 758 4415 terram
787 4359 1026 4424 vestivit,
1073 4356 1436 4411 luminaribus
1488 4355 1684 4410 caelum
1714 4372 1879 4410 orna-
1911 4373 1959 4434 ο
1985 4351 2423 4414 condemnatum,
2452 4365 2670 4404 crucem
2716 4357 2862 4402 tuam
2905 4347 3255 4417 bajulanlcm,
3296 4356 3350 4403 et
3393 4349 3447 4401 in
3501 4363 3568 4402 ea

297 4455 400 4522 vit,
438 4470 589 4509 mare
645 4451 887 4523 piscibus
935 4448 1194 4520 implevit.
1233 4447 1402 4515 Quem
1453 4446 1574 4501 CtBli
1620 4447 1880 4502 etelorum

301 4558 497 4615 capere
540 4559 648 4598 non
681 4547 929 4612 possunt,
972 4539 1230 4610 praesepis
1264 4537 1516 4607 angustia
1546 4537 1880 4601 continetur,

299 4637 444 4692 lacte
478 4644 723 4692 materno
747 4633 1004 4690 nutritur.
1029 4629 1250 4685 Prolicit
1282 4629 1567 4700 sapientia,
1610 4627 1760 4697 cuius
1791 4645 1884 4683 sa-

297 4727 502 4801 pientia
531 4742 638 4783 non
665 4725 858 4796 incipit
910 4737 1010 4778 nec
1065 4721 1283 4787 desinit,
1333 4721 1516 4792 quiet
1563 4719 1658 4776 Dei
1697 4719 1879 4776 Patris

1986 4441 2229 4506 alIixum,
2260 4455 2358 4510 pro
2386 4438 2800 4494 cruciﬁxoribus
2819 4446 3087 4504 orantem,
3119 4449 3274 4493 aceto
3298 4448 3564 4507 potatum,

1987 4536 2109 4591 l‘elle
2156 4534 2419 4602 cibatum,
2447 4549 2478 4588 a
2525 4532 2734 4585 latrone
2812 4529 3187 4596 convitiatuni,
3250 4530 3566 4600 sanguinem

1989 4639 2137 4686 tuum
2171 4642 2265 4698 per
2289 4627 2525 4697 quinque
2548 4622 2770 4678 vulnera
2790 4620 3035 4692 corporis
3081 4620 3153 4675 tui
3179 4619 3564 4685 elfuudeutem,

1985 4727 2150 4789 caput
2177 4717 2552 4778 inclinantem,
2595 4713 2844 4782 spiritum
2895 4711 3256 4778 emittentem,
3316 4711 3568 4767 dilectam

1608 4897 1839 4954 VARUE
1881 4891 2284 4952 LECTIONES.

375 5069 444 5101 '3'
474 5066 611 5134 Quia
633 5074 840 5120 tantum
870 5063 1161 5134 promittis,
1182 5060 1358 5134 debeo
1390 5059 1659 5134 meipsum
1686 5066 1855 5134 totum
1897 5075 1910 5110 :

1955 5073 2082 5110 mss.
2125 5054 2252 5124 quia
2280 5059 2426 5104 tanta
2456 5048 2752 5124 promittis,
2779 5046 2948 5124 debeo
2976 5045 3244 5124 _me_ipsum
3270 5049 3442 5124 to‘t’um
3465 5055 3564 5124 ηιξ.

304 5109 924 5207 10mm};
940 5109 1865 5207 ,ἶιεέιὶὲὸῇἶιείῥέιέιὴ
1893 5137 2064 5207 totum
2080 5109 2225 5180 So'm.
2256 5124 2366 5176 lucc
2387 5109 2540 5207 coiit.
2702 5109 2810 5199 Nec
2833 5109 3151 5207 plus
3179 5109 3567 5207 "3:131:39;

303 5225 409 5266 nec
428 5209 550 5279 plus
574 5209 807 5279 nchtoc

1661 5179 1767 5253 'm'é
1783 5179 2006 5252 Domine
2035 5179 2102 5250 in
2119 5207 2356 5250 amorem
2386 5201 2556 5253 tuum,
2581 5199 2636 5245 ct
2659 5190 2759 5244 hoc
2784 5179 2958 5258 ipsum
2984 5197 3176 5258 totum.
3205 5181 3398 5236 Totum
3426 5179 3570 5248 quod

303 5255 812 5335 s'dﬁi'ﬁsl
841 5255 1084 5330 Vict—lli:
1099 5255 1251 5327 bent.
1272 5271 1331 5327 S.
1350 5270 1490 5324 Med.
1510 5270 1696 5325 Cister.
1716 5279 1764 5322 et
1795 5269 1891 5323 Val
1901 5269 2030 5335 .rluc.
2052 5267 2274 5320 reddere
2279 5271 2480 5335 totum.
2506 5261 2683 5335 Trahe
2706 5270 2784 5322 tu,
2806 5255 3053 5335 Domine,
3074 5255 3125 5306 in
3153 5266 3391 5335 amorem
3405 5259 3569 5335 tuum

305 5323 738 5418 ἶν’ὲῒιιόῐῖνέιῖἱτί
752 5323 975 5403 totum:
994 5323 1190 5399 ᾖ)ιῦιῆ
1217 5323 1362 5411 quod
1386 5323 1626 5418 suminis.
1656 5339 1791 5418 Tim.
1819 5334 2043 5392 reddere
2067 5345 2256 5418 totum.
2279 5332 2471 5418 Totum
2496 5333 2638 5402 quod
2655 5345 2798 5418 sum,
2809 5345 2910 5418 uis.
2941 5323 3566 5418 I9f2.:.l:sdtl?:8

983 5390 2280 5486 a-niorentjtwu'uvm,“v§lhoc:ipsumitotum.Totum
2305 5406 2447 5473 quod
2478 5390 2596 5486 sum
2655 5394 3209 5486 'tlBottetDpn'tiuf.
3227 5390 3571 5486 RiemDontine

304 5507 376 5546 ne
400 5507 525 5543 mss.
570 5479 731 5555 bone,
766 5479 902 5542 bone
931 5485 1173 5549 Domine,
1212 5499 1279 5538 ne
1319 5499 1418 5535 ms.
1463 5480 1524 5536 S.
1552 5479 1953 5555 Mcd._boneﬁD

1957 5460 2154 5542 omine,
2208 5460 2338 5529 non.
2361 5492 2458 5529 ms.
2486 5472 2644 5526 Tom.
2687 5471 2846 5542 bene,
2893 5460 3033 5521 bone
3060 5463 3186 5542 J_e_su
3227 5460 3472 5542 Domine,
3503 5471 3571 5511 ne

303 5533 376 5594 ἓλῖ
400 5533 1494 5623 'iiéis'siiiééi'h?16168;";inii;'uijac.
1512 5533 1634 5604 mss.
1695 5533 1830 5623 Thu.
1866 5548 1986 5603 nec.
2028 5540 2075 5603 et
2117 5533 2238 5604 1⁷60.
2262 5555 2310 5602 et
2350 5543 2464 5601 ναι.
2495 5543 2598 5598 lue.
2646 5550 2694 5596 et
2729 5537 2917 5594 Cister.
2948 5533 3224 5609 possideat
3248 5541 3418 5588 totum
3468 5543 3571 5584 ms.

305 5631 469 5688 Tom.
498 5631 770 5703 possideat
799 5643 884 5686 me
915 5621 1325 5684 totum—Amen.
1358 5621 1501 5680 Deus
1524 5635 1696 5678 meus.
1726 5621 1920 5676 Amen.
