  <div class='ocr_page' id='page_1' title='image "/cluster/home/n/w/nwhite01/storage/ocr_20150623/158/hvd.32044054760160/391.png"; bbox 0 0 3884 6052; ppageno 0'>
   <div class='ocr_carea' id='block_1_1' title="bbox 334 279 434 337">
    <p class='ocr_par' dir='ltr' id='par_1_1' title="bbox 334 279 434 337">
     <span class='ocr_line' id='line_1_1' title="bbox 334 279 434 337; baseline 0 -1"><span class='ocrx_word' id='word_1_1' title='bbox 334 279 434 337; x_wconf 84' lang='grc'><strong>’171</strong></span> 
     </span>
    </p>
   </div>
   <div class='ocr_carea' id='block_1_2' title="bbox 694 245 1933 332">
    <p class='ocr_par' dir='ltr' id='par_1_2' title="bbox 694 252 1933 332">
     <span class='ocr_line' id='line_1_2' title="bbox 694 252 1933 332; baseline -0.012 0"><span class='ocrx_word' id='word_1_2' title='bbox 694 272 752 332; x_wconf 90' lang='lat' dir='ltr'><strong>S.</strong></span> <span class='ocrx_word' id='word_1_3' title='bbox 791 270 1090 330; x_wconf 81' lang='lat' dir='ltr'><strong>ANSELMI</strong></span> <span class='ocrx_word' id='word_1_4' title='bbox 1127 260 1477 326; x_wconf 66' lang='lat' dir='ltr'><strong>CANTUAR.</strong></span> <span class='ocrx_word' id='word_1_5' title='bbox 1519 252 1837 321; x_wconf 78' lang='lat' dir='ltr'><strong>ARCHIEP.</strong></span> <span class='ocrx_word' id='word_1_6' title='bbox 1879 258 1933 318; x_wconf 75' lang='lat' dir='ltr'><strong>Ol</strong></span> 
     </span>
    </p>
   </div>
   <div class='ocr_carea' id='block_1_3' title="bbox 2036 245 3239 332">
    <p class='ocr_par' dir='ltr' id='par_1_3' title="bbox 2072 245 3239 315">
     <span class='ocr_line' id='line_1_3' title="bbox 2072 245 3239 315; baseline -0.003 0"><span class='ocrx_word' id='word_1_7' title='bbox 2072 255 2255 315; x_wconf 80' lang='lat' dir='ltr'><strong>PARS</strong></span> <span class='ocrx_word' id='word_1_8' title='bbox 2290 255 2357 315; x_wconf 86' lang='lat' dir='ltr'><strong>ll.</strong></span> <span class='ocrx_word' id='word_1_9' title='bbox 2385 248 2457 298; x_wconf 60' lang='grc' dir='ltr'>Ξ</span> <span class='ocrx_word' id='word_1_10' title='bbox 2492 250 2863 312; x_wconf 70' lang='grc' dir='ltr'><strong>ΡΑΒιΕΝΕΤ.</strong></span> <span class='ocrx_word' id='word_1_11' title='bbox 2894 255 2983 312; x_wconf 82' lang='grc' dir='ltr'><strong>ΕΤ</strong></span> <span class='ocrx_word' id='word_1_12' title='bbox 3013 245 3239 313; x_wconf 75' lang='lat' dir='ltr'><strong>ASCET</strong></span> 
     </span>
    </p>
   </div>
   <div class='ocr_carea' id='block_1_4' title="bbox 3508 257 3622 314">
    <p class='ocr_par' dir='ltr' id='par_1_4' title="bbox 3508 257 3622 314">
     <span class='ocr_line' id='line_1_4' title="bbox 3508 257 3622 314; baseline 0.035 -4"><span class='ocrx_word' id='word_1_13' title='bbox 3508 257 3622 314; x_wconf 66' lang='lat'><strong>77!</strong></span> 
     </span>
    </p>
   </div>
   <div class='ocr_carea' id='block_1_5' title="bbox 340 368 3624 448">
    <p class='ocr_par' dir='ltr' id='par_1_5' title="bbox 340 368 3624 448">
     <span class='ocr_line' id='line_1_5' title="bbox 340 368 3624 448; baseline -0.006 0"><span class='ocrx_word' id='word_1_14' title='bbox 340 394 578 448; x_wconf 74' lang='lat' dir='ltr'><strong>annnam</strong></span> <span class='ocrx_word' id='word_1_15' title='bbox 611 396 758 443; x_wconf 88' lang='lat' dir='ltr'><strong>tuam</strong></span> <span class='ocrx_word' id='word_1_16' title='bbox 790 387 843 440; x_wconf 93' lang='lat' dir='ltr'><strong>in</strong></span> <span class='ocrx_word' id='word_1_17' title='bbox 897 395 1089 437; x_wconf 77' lang='lat' dir='ltr'><strong>manus</strong></span> <span class='ocrx_word' id='word_1_18' title='bbox 1116 378 1299 434; x_wconf 86' lang='lat' dir='ltr'><strong>Patris</strong></span> <span class='ocrx_word' id='word_1_19' title='bbox 1326 374 1819 438; x_wconf 76' lang='lat' dir='ltr'><strong>commendantem,</strong></span> <span class='ocrx_word' id='word_1_20' title='bbox 1872 380 1930 428; x_wconf 92' lang='lat' dir='ltr'><strong>et</strong></span> <span class='ocrx_word' id='word_1_21' title='bbox 1953 376 2003 441; x_wconf 66' lang='grc' dir='ltr'><strong>Α</strong></span> <span class='ocrx_word' id='word_1_22' title='bbox 2033 385 2153 426; x_wconf 90' lang='lat' dir='ltr'><strong>rum</strong></span> <span class='ocrx_word' id='word_1_23' title='bbox 2188 380 2245 428; x_wconf 90' lang='lat' dir='ltr'><strong>et</strong></span> <span class='ocrx_word' id='word_1_24' title='bbox 2279 369 2592 426; x_wconf 86' lang='lat' dir='ltr'><strong>adversitati</strong></span> <span class='ocrx_word' id='word_1_25' title='bbox 2616 368 2997 441; x_wconf 89' lang='lat' dir='ltr'><strong>compatimur,</strong></span> <span class='ocrx_word' id='word_1_26' title='bbox 3020 377 3078 426; x_wconf 92' lang='lat' dir='ltr'><strong>et</strong></span> <span class='ocrx_word' id='word_1_27' title='bbox 3112 370 3458 442; x_wconf 74' lang='lat' dir='ltr'><strong>prosperitati</strong></span> <span class='ocrx_word' id='word_1_28' title='bbox 3482 385 3624 429; x_wconf 79' lang='lat' dir='ltr'><strong>con-</strong></span> 
     </span>
    </p>
   </div>
   <div class='ocr_carea' id='block_1_6' title="bbox 340 462 1930 547">
    <p class='ocr_par' dir='ltr' id='par_1_6' title="bbox 340 462 1930 547">
     <span class='ocr_line' id='line_1_6' title="bbox 340 462 1930 547; baseline -0.014 -7"><span class='ocrx_word' id='word_1_29' title='bbox 340 487 457 539; x_wconf 69' lang='lat' dir='ltr'><strong>lraec</strong></span> <span class='ocrx_word' id='word_1_30' title='bbox 482 479 663 538; x_wconf 83' lang='lat' dir='ltr'><strong>omnia</strong></span> <span class='ocrx_word' id='word_1_31' title='bbox 703 490 804 547; x_wconf 93' lang='lat' dir='ltr'><strong>pro</strong></span> <span class='ocrx_word' id='word_1_32' title='bbox 830 473 989 528; x_wconf 89' lang='lat' dir='ltr'><strong>nobis</strong></span> <span class='ocrx_word' id='word_1_33' title='bbox 1017 470 1400 526; x_wconf 69' lang='lat' dir='ltr'><strong>sustinentem.</strong></span> <span class='ocrx_word' id='word_1_34' title='bbox 1430 465 1558 521; x_wconf 65' lang='lat' dir='ltr'><strong>llaec</strong></span> <span class='ocrx_word' id='word_1_35' title='bbox 1601 463 1783 520; x_wconf 82' lang='lat' dir='ltr'><strong>omnia</strong></span> <span class='ocrx_word' id='word_1_36' title='bbox 1822 462 1930 519; x_wconf 88' lang='lat' dir='ltr'><strong>for-</strong></span> 
     </span>
    </p>
   </div>
   <div class='ocr_carea' id='block_1_7' title="bbox 343 554 1925 636">
    <p class='ocr_par' dir='ltr' id='par_1_7' title="bbox 343 554 1925 636">
     <span class='ocr_line' id='line_1_7' title="bbox 343 554 1925 636; baseline -0.014 -6"><span class='ocrx_word' id='word_1_37' title='bbox 343 583 495 629; x_wconf 85' lang='lat' dir='ltr'><strong>mant</strong></span> <span class='ocrx_word' id='word_1_38' title='bbox 533 579 589 626; x_wconf 91' lang='lat' dir='ltr'><strong>et</strong></span> <span class='ocrx_word' id='word_1_39' title='bbox 631 569 901 636; x_wconf 91' lang='lat' dir='ltr'><strong>adaugent</strong></span> <span class='ocrx_word' id='word_1_40' title='bbox 950 561 1124 632; x_wconf 88' lang='lat' dir='ltr'><strong>magis</strong></span> <span class='ocrx_word' id='word_1_41' title='bbox 1160 574 1227 615; x_wconf 85' lang='lat' dir='ltr'><strong>ac</strong></span> <span class='ocrx_word' id='word_1_42' title='bbox 1272 558 1448 628; x_wconf 87' lang='lat' dir='ltr'><strong>magis</strong></span> <span class='ocrx_word' id='word_1_43' title='bbox 1489 554 1925 621; x_wconf 78' lang='lat' dir='ltr'><strong>exsultationem,</strong></span> 
     </span>
    </p>
   </div>
   <div class='ocr_carea' id='block_1_8' title="bbox 342 646 1927 720">
    <p class='ocr_par' dir='ltr' id='par_1_8' title="bbox 342 646 1927 720">
     <span class='ocr_line' id='line_1_8' title="bbox 342 646 1927 720; baseline -0.011 -2"><span class='ocrx_word' id='word_1_44' title='bbox 342 664 594 720; x_wconf 81' lang='lat' dir='ltr'><strong>tiduciam</strong></span> <span class='ocrx_word' id='word_1_45' title='bbox 647 667 703 715; x_wconf 92' lang='lat' dir='ltr'><strong>et</strong></span> <span class='ocrx_word' id='word_1_46' title='bbox 744 656 1197 719; x_wconf 86' lang='lat' dir='ltr'><strong>consolationem,</strong></span> <span class='ocrx_word' id='word_1_47' title='bbox 1277 663 1524 706; x_wconf 84' lang='lat' dir='ltr'><strong>amorem</strong></span> <span class='ocrx_word' id='word_1_48' title='bbox 1598 655 1658 704; x_wconf 90' lang='lat' dir='ltr'><strong>et</strong></span> <span class='ocrx_word' id='word_1_49' title='bbox 1713 646 1927 704; x_wconf 88' lang='lat' dir='ltr'><strong>deside-</strong></span> 
     </span>
    </p>
   </div>
   <div class='ocr_carea' id='block_1_9' title="bbox 339 758 499 811">
    <p class='ocr_par' dir='ltr' id='par_1_9' title="bbox 339 758 499 811">
     <span class='ocr_line' id='line_1_9' title="bbox 339 758 499 811; baseline -0.025 0"><span class='ocrx_word' id='word_1_50' title='bbox 339 758 499 811; x_wconf 72' lang='lat' dir='ltr'><strong>rium.</strong></span> 
     </span>
    </p>
   </div>
   <div class='ocr_carea' id='block_1_10' title="bbox 407 830 1926 913">
    <p class='ocr_par' dir='ltr' id='par_1_10' title="bbox 407 830 1926 913">
     <span class='ocr_line' id='line_1_10' title="bbox 407 830 1926 913; baseline -0.011 -13"><span class='ocrx_word' id='word_1_51' title='bbox 407 845 540 913; x_wconf 83' lang='lat' dir='ltr'><strong>Quis</strong></span> <span class='ocrx_word' id='word_1_52' title='bbox 554 843 701 899; x_wconf 91' lang='lat' dir='ltr'><strong>enim</strong></span> <span class='ocrx_word' id='word_1_53' title='bbox 728 854 833 895; x_wconf 91' lang='lat' dir='ltr'><strong>non</strong></span> <span class='ocrx_word' id='word_1_54' title='bbox 862 836 1075 895; x_wconf 65' lang='lat' dir='ltr'><strong>laetetur</strong></span> <span class='ocrx_word' id='word_1_55' title='bbox 1101 843 1164 891; x_wconf 75' lang='lat' dir='ltr'><strong>et&quot;</strong></span> <span class='ocrx_word' id='word_1_56' title='bbox 1184 832 1450 890; x_wconf 83' lang='lat' dir='ltr'><strong>exsultet?</strong></span> <span class='ocrx_word' id='word_1_57' title='bbox 1473 830 1598 902; x_wconf 90' lang='lat' dir='ltr'><strong>quis</strong></span> <span class='ocrx_word' id='word_1_58' title='bbox 1623 842 1730 885; x_wconf 90' lang='lat' dir='ltr'><strong>non</strong></span> <span class='ocrx_word' id='word_1_59' title='bbox 1763 838 1926 900; x_wconf 86' lang='lat' dir='ltr'><strong>supra</strong></span> 
     </span>
    </p>
   </div>
   <div class='ocr_carea' id='block_1_11' title="bbox 339 918 1925 1002">
    <p class='ocr_par' dir='ltr' id='par_1_11' title="bbox 339 918 1925 1002">
     <span class='ocr_line' id='line_1_11' title="bbox 339 918 1925 1002; baseline -0.013 -10"><span class='ocrx_word' id='word_1_60' title='bbox 339 936 558 992; x_wconf 79' lang='lat' dir='ltr'><strong>modum</strong></span> <span class='ocrx_word' id='word_1_61' title='bbox 577 932 905 1002; x_wconf 89' lang='lat' dir='ltr'><strong>jucundetur</strong></span> <span class='ocrx_word' id='word_1_62' title='bbox 933 937 988 983; x_wconf 91' lang='lat' dir='ltr'><strong>et</strong></span> <span class='ocrx_word' id='word_1_63' title='bbox 1021 924 1342 998; x_wconf 76' lang='lat' dir='ltr'><strong>gratuletur,</strong></span> <span class='ocrx_word' id='word_1_64' title='bbox 1374 922 1566 976; x_wconf 84' lang='lat' dir='ltr'><strong>videns</strong></span> <span class='ocrx_word' id='word_1_65' title='bbox 1589 918 1925 974; x_wconf 85' lang='lat' dir='ltr'><strong>conditorem</strong></span> 
     </span>
    </p>
   </div>
   <div class='ocr_carea' id='block_1_12' title="bbox 338 1009 1927 1092">
    <p class='ocr_par' dir='ltr' id='par_1_12' title="bbox 338 1009 1927 1092">
     <span class='ocr_line' id='line_1_12' title="bbox 338 1009 1927 1092; baseline -0.013 -7"><span class='ocrx_word' id='word_1_66' title='bbox 338 1042 496 1086; x_wconf 90' lang='lat' dir='ltr'><strong>suum</strong></span> <span class='ocrx_word' id='word_1_67' title='bbox 518 1040 625 1080; x_wconf 92' lang='lat' dir='ltr'><strong>non</strong></span> <span class='ocrx_word' id='word_1_68' title='bbox 652 1022 824 1078; x_wconf 91' lang='lat' dir='ltr'><strong>solum</strong></span> <span class='ocrx_word' id='word_1_69' title='bbox 851 1035 949 1092; x_wconf 88' lang='lat' dir='ltr'><strong>pro</strong></span> <span class='ocrx_word' id='word_1_70' title='bbox 974 1032 1034 1074; x_wconf 90' lang='lat' dir='ltr'><strong>se</strong></span> <span class='ocrx_word' id='word_1_71' title='bbox 1063 1016 1339 1078; x_wconf 79' lang='lat' dir='ltr'><strong>hominem</strong></span> <span class='ocrx_word' id='word_1_72' title='bbox 1365 1028 1510 1080; x_wconf 89' lang='lat' dir='ltr'><strong>esse,</strong></span> <span class='ocrx_word' id='word_1_73' title='bbox 1528 1014 1623 1068; x_wconf 90' lang='lat' dir='ltr'><strong>sed</strong></span> <span class='ocrx_word' id='word_1_74' title='bbox 1647 1020 1757 1067; x_wconf 88' lang='lat' dir='ltr'><strong>tam</strong></span> <span class='ocrx_word' id='word_1_75' title='bbox 1788 1009 1927 1064; x_wconf 87' lang='lat' dir='ltr'><strong>dura</strong></span> 
     </span>
    </p>
   </div>
   <div class='ocr_carea' id='block_1_13' title="bbox 338 1100 1930 1187">
    <p class='ocr_par' dir='ltr' id='par_1_13' title="bbox 338 1100 1930 1187">
     <span class='ocr_line' id='line_1_13' title="bbox 338 1100 1930 1187; baseline -0.013 -14"><span class='ocrx_word' id='word_1_76' title='bbox 338 1128 559 1187; x_wconf 80' lang='lat' dir='ltr'><strong>tamque</strong></span> <span class='ocrx_word' id='word_1_77' title='bbox 588 1113 806 1183; x_wconf 88' lang='lat' dir='ltr'><strong>indigna</strong></span> <span class='ocrx_word' id='word_1_78' title='bbox 832 1105 1190 1166; x_wconf 78' lang='lat' dir='ltr'><strong>sustinuisse?</strong></span> <span class='ocrx_word' id='word_1_79' title='bbox 1228 1103 1368 1171; x_wconf 84' lang='lat' dir='ltr'><strong>Quid</strong></span> <span class='ocrx_word' id='word_1_80' title='bbox 1399 1103 1452 1158; x_wconf 93' lang='lat' dir='ltr'><strong>in</strong></span> <span class='ocrx_word' id='word_1_81' title='bbox 1481 1111 1663 1157; x_wconf 85' lang='lat' dir='ltr'><strong>mente</strong></span> <span class='ocrx_word' id='word_1_82' title='bbox 1703 1100 1930 1156; x_wconf 81' lang='lat' dir='ltr'><strong>suavius</strong></span> 
     </span>
    </p>
   </div>
   <div class='ocr_carea' id='block_1_14' title="bbox 337 1190 1929 1272">
    <p class='ocr_par' dir='ltr' id='par_1_14' title="bbox 337 1190 1929 1272">
     <span class='ocr_line' id='line_1_14' title="bbox 337 1190 1929 1272; baseline -0.013 -8"><span class='ocrx_word' id='word_1_83' title='bbox 337 1204 678 1265; x_wconf 86' lang='lat' dir='ltr'><strong>ruminatur?</strong></span> <span class='ocrx_word' id='word_1_84' title='bbox 702 1202 830 1272; x_wconf 90' lang='lat' dir='ltr'><strong>quid</strong></span> <span class='ocrx_word' id='word_1_85' title='bbox 861 1200 1069 1256; x_wconf 83' lang='lat' dir='ltr'><strong>dulcius</strong></span> <span class='ocrx_word' id='word_1_86' title='bbox 1096 1194 1378 1269; x_wconf 83' lang='lat' dir='ltr'><strong>gustatur?</strong></span> <span class='ocrx_word' id='word_1_87' title='bbox 1406 1193 1538 1264; x_wconf 92' lang='lat' dir='ltr'><strong>quid</strong></span> <span class='ocrx_word' id='word_1_88' title='bbox 1577 1193 1751 1247; x_wconf 69' lang='lat' dir='ltr'><strong>laetius</strong></span> <span class='ocrx_word' id='word_1_89' title='bbox 1780 1190 1929 1261; x_wconf 86' lang='lat' dir='ltr'><strong>cogi-</strong></span> 
     </span>
    </p>
   </div>
   <div class='ocr_carea' id='block_1_15' title="bbox 337 1282 1930 1364">
    <p class='ocr_par' dir='ltr' id='par_1_15' title="bbox 337 1282 1930 1364">
     <span class='ocr_line' id='line_1_15' title="bbox 337 1282 1930 1364; baseline -0.013 -8"><span class='ocrx_word' id='word_1_90' title='bbox 337 1300 516 1357; x_wconf 78' lang='lat' dir='ltr'><strong>tatur?</strong></span> <span class='ocrx_word' id='word_1_91' title='bbox 543 1296 675 1364; x_wconf 89' lang='lat' dir='ltr'><strong>Quis</strong></span> <span class='ocrx_word' id='word_1_92' title='bbox 708 1294 839 1348; x_wconf 85' lang='lat' dir='ltr'><strong>mihi</strong></span> <span class='ocrx_word' id='word_1_93' title='bbox 864 1292 1043 1347; x_wconf 91' lang='lat' dir='ltr'><strong>aufert</strong></span> <span class='ocrx_word' id='word_1_94' title='bbox 1064 1290 1240 1345; x_wconf 85' lang='lat' dir='ltr'><strong>locum</strong></span> <span class='ocrx_word' id='word_1_95' title='bbox 1267 1290 1322 1343; x_wconf 92' lang='lat' dir='ltr'><strong>in</strong></span> <span class='ocrx_word' id='word_1_96' title='bbox 1351 1299 1539 1357; x_wconf 84' lang='lat' dir='ltr'><strong>regno,</strong></span> <span class='ocrx_word' id='word_1_97' title='bbox 1570 1283 1659 1338; x_wconf 87' lang='lat' dir='ltr'><strong>ubi</strong></span> <span class='ocrx_word' id='word_1_98' title='bbox 1685 1284 1731 1338; x_wconf 88' lang='lat' dir='ltr'><strong>is</strong></span> <span class='ocrx_word' id='word_1_99' title='bbox 1753 1282 1930 1338; x_wconf 83' lang='lat' dir='ltr'><strong>omni-</strong></span> 
     </span>
    </p>
   </div>
   <div class='ocr_carea' id='block_1_16' title="bbox 335 1373 1927 1463">
    <p class='ocr_par' dir='ltr' id='par_1_16' title="bbox 335 1373 1927 1463">
     <span class='ocr_line' id='line_1_16' title="bbox 335 1373 1927 1463; baseline -0.013 -15"><span class='ocrx_word' id='word_1_100' title='bbox 335 1401 531 1463; x_wconf 89' lang='lat' dir='ltr'><strong>potens</strong></span> <span class='ocrx_word' id='word_1_101' title='bbox 556 1396 660 1454; x_wconf 89' lang='lat' dir='ltr'><strong>est,</strong></span> <span class='ocrx_word' id='word_1_102' title='bbox 695 1387 787 1457; x_wconf 86' lang='lat' dir='ltr'><strong>qui</strong></span> <span class='ocrx_word' id='word_1_103' title='bbox 834 1385 1007 1438; x_wconf 80' lang='lat' dir='ltr'><strong>frater</strong></span> <span class='ocrx_word' id='word_1_104' title='bbox 1032 1391 1088 1438; x_wconf 90' lang='lat' dir='ltr'><strong>et</strong></span> <span class='ocrx_word' id='word_1_105' title='bbox 1118 1396 1247 1436; x_wconf 90' lang='lat' dir='ltr'><strong>caro</strong></span> <span class='ocrx_word' id='word_1_106' title='bbox 1305 1393 1425 1434; x_wconf 87' lang='lat' dir='ltr'><strong>mea</strong></span> <span class='ocrx_word' id='word_1_107' title='bbox 1457 1377 1574 1433; x_wconf 84' lang='lat' dir='ltr'><strong>est?</strong></span> <span class='ocrx_word' id='word_1_108' title='bbox 1613 1376 1748 1443; x_wconf 85' lang='lat' dir='ltr'><strong>Quis</strong></span> <span class='ocrx_word' id='word_1_109' title='bbox 1794 1373 1927 1429; x_wconf 79' lang='lat' dir='ltr'><strong>mihi</strong></span> 
     </span>
    </p>
   </div>
   <div class='ocr_carea' id='block_1_17' title="bbox 338 1466 1931 1549">
    <p class='ocr_par' dir='ltr' id='par_1_17' title="bbox 338 1466 1931 1549">
     <span class='ocr_line' id='line_1_17' title="bbox 338 1466 1931 1549; baseline -0.013 -9"><span class='ocrx_word' id='word_1_110' title='bbox 338 1490 569 1540; x_wconf 81' lang='lat' dir='ltr'><strong>eventus</strong></span> <span class='ocrx_word' id='word_1_111' title='bbox 617 1479 854 1549; x_wconf 86' lang='lat' dir='ltr'><strong>aliquam</strong></span> <span class='ocrx_word' id='word_1_112' title='bbox 914 1476 1129 1546; x_wconf 77' lang='lat' dir='ltr'><strong>ingeret</strong></span> <span class='ocrx_word' id='word_1_113' title='bbox 1177 1469 1594 1533; x_wconf 85' lang='lat' dir='ltr'><strong>desolationem,</strong></span> <span class='ocrx_word' id='word_1_114' title='bbox 1653 1466 1740 1521; x_wconf 90' lang='lat' dir='ltr'><strong>cui</strong></span> <span class='ocrx_word' id='word_1_115' title='bbox 1803 1479 1931 1535; x_wconf 85' lang='lat' dir='ltr'><strong>spes</strong></span> 
     </span>
    </p>
   </div>
   <div class='ocr_carea' id='block_1_18' title="bbox 340 1557 1929 1632">
    <p class='ocr_par' dir='ltr' id='par_1_18' title="bbox 340 1557 1929 1632">
     <span class='ocr_line' id='line_1_18' title="bbox 340 1557 1929 1632; baseline -0.012 -1"><span class='ocrx_word' id='word_1_116' title='bbox 340 1583 495 1632; x_wconf 87' lang='lat' dir='ltr'><strong>tanta</strong></span> <span class='ocrx_word' id='word_1_117' title='bbox 538 1581 744 1629; x_wconf 85' lang='lat' dir='ltr'><strong>tantam</strong></span> <span class='ocrx_word' id='word_1_118' title='bbox 774 1567 988 1625; x_wconf 89' lang='lat' dir='ltr'><strong>confert</strong></span> <span class='ocrx_word' id='word_1_119' title='bbox 1029 1561 1453 1621; x_wconf 80' lang='lat' dir='ltr'><strong>certitudinem?</strong></span> <span class='ocrx_word' id='word_1_120' title='bbox 1504 1558 1788 1627; x_wconf 80' lang='lat' dir='ltr'><strong>Quomodo</strong></span> <span class='ocrx_word' id='word_1_121' title='bbox 1837 1557 1929 1612; x_wconf 89' lang='lat' dir='ltr'><strong>ali-</strong></span> 
     </span>
    </p>
   </div>
   <div class='ocr_carea' id='block_1_19' title="bbox 339 1646 1929 1735">
    <p class='ocr_par' dir='ltr' id='par_1_19' title="bbox 339 1646 1929 1735">
     <span class='ocr_line' id='line_1_19' title="bbox 339 1646 1929 1735; baseline -0.011 -15"><span class='ocrx_word' id='word_1_122' title='bbox 339 1680 503 1735; x_wconf 88' lang='lat' dir='ltr'><strong>quem</strong></span> <span class='ocrx_word' id='word_1_123' title='bbox 530 1663 583 1718; x_wconf 91' lang='lat' dir='ltr'><strong>in</strong></span> <span class='ocrx_word' id='word_1_124' title='bbox 607 1677 673 1718; x_wconf 92' lang='lat' dir='ltr'><strong>eo</strong></span> <span class='ocrx_word' id='word_1_125' title='bbox 700 1669 876 1731; x_wconf 86' lang='lat' dir='ltr'><strong>potest</strong></span> <span class='ocrx_word' id='word_1_126' title='bbox 904 1656 1106 1714; x_wconf 87' lang='lat' dir='ltr'><strong>habere</strong></span> <span class='ocrx_word' id='word_1_127' title='bbox 1137 1654 1316 1709; x_wconf 86' lang='lat' dir='ltr'><strong>locum</strong></span> <span class='ocrx_word' id='word_1_128' title='bbox 1367 1651 1546 1720; x_wconf 87' lang='lat' dir='ltr'><strong>aliqua</strong></span> <span class='ocrx_word' id='word_1_129' title='bbox 1596 1646 1842 1712; x_wconf 83' lang='lat' dir='ltr'><strong>tristitia,</strong></span> <span class='ocrx_word' id='word_1_130' title='bbox 1874 1646 1929 1702; x_wconf 92' lang='lat' dir='ltr'><strong>in</strong></span> 
     </span>
    </p>
   </div>
   <div class='ocr_carea' id='block_1_20' title="bbox 342 1726 2004 1824">
    <p class='ocr_par' dir='ltr' id='par_1_20' title="bbox 342 1726 2004 1824">
     <span class='ocr_line' id='line_1_20' title="bbox 342 1726 2004 1824; baseline -0.014 -14"><span class='ocrx_word' id='word_1_131' title='bbox 342 1726 452 1824; x_wconf 76' lang='lat' dir='ltr'><strong>quo</strong></span> <span class='ocrx_word' id='word_1_132' title='bbox 479 1726 852 1808; x_wconf 78' lang='lat' dir='ltr'><strong>indesinenter</strong></span> <span class='ocrx_word' id='word_1_133' title='bbox 879 1754 1129 1802; x_wconf 77' lang='lat' dir='ltr'><strong>versatur</strong></span> <span class='ocrx_word' id='word_1_134' title='bbox 1148 1741 1406 1814; x_wconf 78' lang='lat' dir='ltr'><strong>cogitatio</strong></span> <span class='ocrx_word' id='word_1_135' title='bbox 1433 1739 1569 1795; x_wconf 81' lang='lat' dir='ltr'><strong>ista?</strong></span> <span class='ocrx_word' id='word_1_136' title='bbox 1613 1736 1723 1792; x_wconf 81' lang='lat' dir='ltr'><strong>Nec</strong></span> <span class='ocrx_word' id='word_1_137' title='bbox 1753 1737 1927 1791; x_wconf 91' lang='lat' dir='ltr'><strong>mino-</strong></span> <span class='ocrx_word' id='word_1_138' title='bbox 1959 1726 2004 1786; x_wconf 82' lang='grc' dir='ltr'><strong>Β</strong></span> 
     </span>
    </p>
   </div>
   <div class='ocr_carea' id='block_1_21' title="bbox 340 1828 1930 1909">
    <p class='ocr_par' dir='ltr' id='par_1_21' title="bbox 340 1828 1930 1909">
     <span class='ocr_line' id='line_1_21' title="bbox 340 1828 1930 1909; baseline -0.013 -7"><span class='ocrx_word' id='word_1_139' title='bbox 340 1860 457 1902; x_wconf 84' lang='lat' dir='ltr'><strong>rem</strong></span> <span class='ocrx_word' id='word_1_140' title='bbox 479 1844 534 1899; x_wconf 91' lang='lat' dir='ltr'><strong>in</strong></span> <span class='ocrx_word' id='word_1_141' title='bbox 565 1857 631 1898; x_wconf 93' lang='lat' dir='ltr'><strong>eo</strong></span> <span class='ocrx_word' id='word_1_142' title='bbox 659 1841 909 1897; x_wconf 82' lang='lat' dir='ltr'><strong>ﬁduciam</strong></span> <span class='ocrx_word' id='word_1_143' title='bbox 939 1836 1105 1909; x_wconf 88' lang='lat' dir='ltr'><strong>parit,</strong></span> <span class='ocrx_word' id='word_1_144' title='bbox 1143 1850 1267 1891; x_wconf 92' lang='lat' dir='ltr'><strong>cum</strong></span> <span class='ocrx_word' id='word_1_145' title='bbox 1319 1834 1434 1903; x_wconf 88' lang='lat' dir='ltr'><strong>ipsa</strong></span> <span class='ocrx_word' id='word_1_146' title='bbox 1481 1832 1536 1886; x_wconf 91' lang='lat' dir='ltr'><strong>in</strong></span> <span class='ocrx_word' id='word_1_147' title='bbox 1583 1828 1930 1885; x_wconf 86' lang='lat' dir='ltr'><strong>Conditorem</strong></span> 
     </span>
    </p>
   </div>
   <div class='ocr_carea' id='block_1_22' title="bbox 340 1925 1931 2005">
    <p class='ocr_par' dir='ltr' id='par_1_22' title="bbox 340 1925 1931 2005">
     <span class='ocr_line' id='line_1_22' title="bbox 340 1925 1931 2005; baseline -0.014 -10"><span class='ocrx_word' id='word_1_148' title='bbox 340 1950 497 1995; x_wconf 75' lang='lat' dir='ltr'><strong>suum</strong></span> <span class='ocrx_word' id='word_1_149' title='bbox 524 1934 809 2005; x_wconf 81' lang='lat' dir='ltr'><strong>diligenter</strong></span> <span class='ocrx_word' id='word_1_150' title='bbox 828 1929 1160 1985; x_wconf 81' lang='lat' dir='ltr'><strong>accenditur.</strong></span> <span class='ocrx_word' id='word_1_151' title='bbox 1194 1925 1397 1981; x_wconf 87' lang='lat' dir='ltr'><strong>Secura</strong></span> <span class='ocrx_word' id='word_1_152' title='bbox 1419 1932 1568 1979; x_wconf 87' lang='lat' dir='ltr'><strong>certe</strong></span> <span class='ocrx_word' id='word_1_153' title='bbox 1591 1935 1688 1991; x_wconf 90' lang='lat' dir='ltr'><strong>per</strong></span> <span class='ocrx_word' id='word_1_154' title='bbox 1714 1934 1931 1975; x_wconf 89' lang='lat' dir='ltr'><strong>omnem</strong></span> 
     </span>
    </p>
   </div>
   <div class='ocr_carea' id='block_1_23' title="bbox 344 2012 1931 2089">
    <p class='ocr_par' dir='ltr' id='par_1_23' title="bbox 344 2012 1931 2089">
     <span class='ocr_line' id='line_1_23' title="bbox 344 2012 1931 2089; baseline -0.011 -9"><span class='ocrx_word' id='word_1_155' title='bbox 344 2025 585 2089; x_wconf 86' lang='lat' dir='ltr'><strong>modum,</strong></span> <span class='ocrx_word' id='word_1_156' title='bbox 613 2033 670 2078; x_wconf 90' lang='lat' dir='ltr'><strong>et</strong></span> <span class='ocrx_word' id='word_1_157' title='bbox 720 2022 774 2077; x_wconf 92' lang='lat' dir='ltr'><strong>in</strong></span> <span class='ocrx_word' id='word_1_158' title='bbox 806 2018 952 2075; x_wconf 91' lang='lat' dir='ltr'><strong>nullo</strong></span> <span class='ocrx_word' id='word_1_159' title='bbox 1002 2016 1291 2073; x_wconf 81' lang='lat' dir='ltr'><strong>temeraria</strong></span> <span class='ocrx_word' id='word_1_160' title='bbox 1345 2012 1716 2085; x_wconf 63' lang='lat' dir='ltr'><strong>pratsumptio,</strong></span> <span class='ocrx_word' id='word_1_161' title='bbox 1768 2024 1931 2080; x_wconf 87' lang='lat' dir='ltr'><strong>quam</strong></span> 
     </span>
    </p>
   </div>
   <div class='ocr_carea' id='block_1_24' title="bbox 341 2093 1935 2173">
    <p class='ocr_par' dir='ltr' id='par_1_24' title="bbox 341 2093 1935 2173">
     <span class='ocr_line' id='line_1_24' title="bbox 341 2093 1935 2173; baseline -0.01 0"><span class='ocrx_word' id='word_1_162' title='bbox 341 2115 598 2173; x_wconf 78' lang='lat' dir='ltr'><strong>formavit</strong></span> <span class='ocrx_word' id='word_1_163' title='bbox 626 2116 683 2170; x_wconf 87' lang='lat' dir='ltr'><strong>in</strong></span> <span class='ocrx_word' id='word_1_164' title='bbox 713 2120 895 2169; x_wconf 87' lang='lat' dir='ltr'><strong>mente</strong></span> <span class='ocrx_word' id='word_1_165' title='bbox 915 2093 1283 2167; x_wconf 85' lang='lat' dir='ltr'><strong>consideratio</strong></span> <span class='ocrx_word' id='word_1_166' title='bbox 1318 2103 1673 2163; x_wconf 84' lang='lat' dir='ltr'><strong>humanitatis</strong></span> <span class='ocrx_word' id='word_1_167' title='bbox 1693 2104 1748 2158; x_wconf 90' lang='lat' dir='ltr'><strong>in</strong></span> <span class='ocrx_word' id='word_1_168' title='bbox 1773 2102 1935 2158; x_wconf 85' lang='lat' dir='ltr'><strong>Chri-</strong></span> 
     </span>
    </p>
   </div>
   <div class='ocr_carea' id='block_1_25' title="bbox 341 2193 1936 2276">
    <p class='ocr_par' dir='ltr' id='par_1_25' title="bbox 341 2193 1936 2276">
     <span class='ocr_line' id='line_1_25' title="bbox 341 2193 1936 2276; baseline -0.011 -11"><span class='ocrx_word' id='word_1_169' title='bbox 341 2217 452 2265; x_wconf 92' lang='lat' dir='ltr'><strong>sto.</strong></span> <span class='ocrx_word' id='word_1_170' title='bbox 475 2205 757 2276; x_wconf 88' lang='lat' dir='ltr'><strong>Quomodo</strong></span> <span class='ocrx_word' id='word_1_171' title='bbox 776 2219 882 2260; x_wconf 91' lang='lat' dir='ltr'><strong>non</strong></span> <span class='ocrx_word' id='word_1_172' title='bbox 913 2215 1127 2274; x_wconf 88' lang='lat' dir='ltr'><strong>sperem</strong></span> <span class='ocrx_word' id='word_1_173' title='bbox 1150 2213 1239 2256; x_wconf 90' lang='lat' dir='ltr'><strong>me</strong></span> <span class='ocrx_word' id='word_1_174' title='bbox 1268 2198 1337 2255; x_wconf 90' lang='lat' dir='ltr'><strong>ad</strong></span> <span class='ocrx_word' id='word_1_175' title='bbox 1389 2197 1687 2253; x_wconf 89' lang='lat' dir='ltr'><strong>electorum</strong></span> <span class='ocrx_word' id='word_1_176' title='bbox 1726 2193 1936 2265; x_wconf 85' lang='lat' dir='ltr'><strong>pertin-</strong></span> 
     </span>
    </p>
   </div>
   <div class='ocr_carea' id='block_1_26' title="bbox 342 2286 1933 2372">
    <p class='ocr_par' dir='ltr' id='par_1_26' title="bbox 342 2286 1933 2372">
     <span class='ocr_line' id='line_1_26' title="bbox 342 2286 1933 2372; baseline -0.01 -17"><span class='ocrx_word' id='word_1_177' title='bbox 342 2313 470 2372; x_wconf 88' lang='lat' dir='ltr'><strong>gere</strong></span> <span class='ocrx_word' id='word_1_178' title='bbox 498 2307 720 2362; x_wconf 87' lang='lat' dir='ltr'><strong>sortem,</strong></span> <span class='ocrx_word' id='word_1_179' title='bbox 747 2309 870 2351; x_wconf 90' lang='lat' dir='ltr'><strong>cum</strong></span> <span class='ocrx_word' id='word_1_180' title='bbox 915 2309 1014 2365; x_wconf 87' lang='lat' dir='ltr'><strong>pro</strong></span> <span class='ocrx_word' id='word_1_181' title='bbox 1057 2306 1145 2347; x_wconf 89' lang='lat' dir='ltr'><strong>me</strong></span> <span class='ocrx_word' id='word_1_182' title='bbox 1175 2291 1387 2345; x_wconf 86' lang='lat' dir='ltr'><strong>videam</strong></span> <span class='ocrx_word' id='word_1_183' title='bbox 1426 2297 1701 2344; x_wconf 87' lang='lat' dir='ltr'><strong>mortuum</strong></span> <span class='ocrx_word' id='word_1_184' title='bbox 1756 2286 1933 2356; x_wconf 88' lang='lat' dir='ltr'><strong>ipsum</strong></span> 
     </span>
    </p>
   </div>
   <div class='ocr_carea' id='block_1_27' title="bbox 342 2380 1935 2453">
    <p class='ocr_par' dir='ltr' id='par_1_27' title="bbox 342 2380 1935 2453">
     <span class='ocr_line' id='line_1_27' title="bbox 342 2380 1935 2453; baseline -0.009 -6"><span class='ocrx_word' id='word_1_185' title='bbox 342 2393 722 2449; x_wconf 86' lang='lat' dir='ltr'><strong>universorum</strong></span> <span class='ocrx_word' id='word_1_186' title='bbox 749 2388 1134 2447; x_wconf 86' lang='lat' dir='ltr'><strong>Conditorem?</strong></span> <span class='ocrx_word' id='word_1_187' title='bbox 1167 2385 1368 2441; x_wconf 75' lang='lat' dir='ltr'><strong>Effudit</strong></span> <span class='ocrx_word' id='word_1_188' title='bbox 1394 2398 1494 2453; x_wconf 94' lang='lat' dir='ltr'><strong>pro</strong></span> <span class='ocrx_word' id='word_1_189' title='bbox 1522 2397 1610 2438; x_wconf 90' lang='lat' dir='ltr'><strong>me</strong></span> <span class='ocrx_word' id='word_1_190' title='bbox 1652 2381 1719 2436; x_wconf 93' lang='lat' dir='ltr'><strong>de</strong></span> <span class='ocrx_word' id='word_1_191' title='bbox 1763 2380 1935 2434; x_wconf 87' lang='lat' dir='ltr'><strong>latere</strong></span> 
     </span>
    </p>
   </div>
   <div class='ocr_carea' id='block_1_28' title="bbox 344 2476 1937 2558">
    <p class='ocr_par' dir='ltr' id='par_1_28' title="bbox 344 2476 1937 2558">
     <span class='ocr_line' id='line_1_28' title="bbox 344 2476 1937 2558; baseline -0.008 -16"><span class='ocrx_word' id='word_1_192' title='bbox 344 2502 444 2543; x_wconf 88' lang='lat' dir='ltr'><strong>suo</strong></span> <span class='ocrx_word' id='word_1_193' title='bbox 464 2485 783 2558; x_wconf 82' lang='lat' dir='ltr'><strong>sanguinem</strong></span> <span class='ocrx_word' id='word_1_194' title='bbox 803 2501 819 2538; x_wconf 86' lang='lat'><strong>:</strong></span> <span class='ocrx_word' id='word_1_195' title='bbox 839 2481 1110 2554; x_wconf 90' lang='lat' dir='ltr'><strong>quomodo</strong></span> <span class='ocrx_word' id='word_1_196' title='bbox 1130 2494 1236 2536; x_wconf 91' lang='lat' dir='ltr'><strong>non</strong></span> <span class='ocrx_word' id='word_1_197' title='bbox 1264 2493 1586 2550; x_wconf 66' lang='lat' dir='ltr'><strong>praesumam</strong></span> <span class='ocrx_word' id='word_1_198' title='bbox 1611 2492 1698 2533; x_wconf 91' lang='lat' dir='ltr'><strong>me</strong></span> <span class='ocrx_word' id='word_1_199' title='bbox 1724 2476 1937 2531; x_wconf 88' lang='lat' dir='ltr'><strong>redem-</strong></span> 
     </span>
    </p>
   </div>
   <div class='ocr_carea' id='block_1_29' title="bbox 340 2569 1936 2649">
    <p class='ocr_par' dir='ltr' id='par_1_29' title="bbox 340 2569 1936 2649">
     <span class='ocr_line' id='line_1_29' title="bbox 340 2569 1936 2649; baseline -0.008 -17"><span class='ocrx_word' id='word_1_200' title='bbox 340 2588 513 2649; x_wconf 89' lang='lat' dir='ltr'><strong>ptum,</strong></span> <span class='ocrx_word' id='word_1_201' title='bbox 542 2591 663 2632; x_wconf 92' lang='lat' dir='ltr'><strong>cum</strong></span> <span class='ocrx_word' id='word_1_202' title='bbox 693 2575 880 2629; x_wconf 91' lang='lat' dir='ltr'><strong>datum</strong></span> <span class='ocrx_word' id='word_1_203' title='bbox 909 2588 1007 2644; x_wconf 84' lang='lat' dir='ltr'><strong>pro</strong></span> <span class='ocrx_word' id='word_1_204' title='bbox 1047 2586 1135 2628; x_wconf 91' lang='lat' dir='ltr'><strong>me</strong></span> <span class='ocrx_word' id='word_1_205' title='bbox 1190 2586 1297 2625; x_wconf 88' lang='lat' dir='ltr'><strong>non</strong></span> <span class='ocrx_word' id='word_1_206' title='bbox 1342 2569 1587 2640; x_wconf 84' lang='lat' dir='ltr'><strong>ignorem</strong></span> <span class='ocrx_word' id='word_1_207' title='bbox 1618 2574 1824 2622; x_wconf 82' lang='lat' dir='ltr'><strong>tantum</strong></span> <span class='ocrx_word' id='word_1_208' title='bbox 1856 2573 1936 2620; x_wconf 88' lang='lat' dir='ltr'><strong>ta-</strong></span> 
     </span>
    </p>
   </div>
   <div class='ocr_carea' id='block_1_30' title="bbox 342 2657 1934 2739">
    <p class='ocr_par' dir='ltr' id='par_1_30' title="bbox 342 2657 1934 2739">
     <span class='ocr_line' id='line_1_30' title="bbox 342 2657 1934 2739; baseline -0.008 -15"><span class='ocrx_word' id='word_1_209' title='bbox 342 2669 501 2739; x_wconf 91' lang='lat' dir='ltr'><strong>leque</strong></span> <span class='ocrx_word' id='word_1_210' title='bbox 529 2666 800 2739; x_wconf 86' lang='lat' dir='ltr'><strong>pretium?</strong></span> <span class='ocrx_word' id='word_1_211' title='bbox 822 2663 1024 2720; x_wconf 78' lang='lat' dir='ltr'><strong>Eﬁ&#39;udit</strong></span> <span class='ocrx_word' id='word_1_212' title='bbox 1046 2672 1102 2719; x_wconf 89' lang='lat' dir='ltr'><strong>et</strong></span> <span class='ocrx_word' id='word_1_213' title='bbox 1138 2676 1237 2734; x_wconf 88' lang='lat' dir='ltr'><strong>pro</strong></span> <span class='ocrx_word' id='word_1_214' title='bbox 1280 2675 1366 2716; x_wconf 90' lang='lat' dir='ltr'><strong>me</strong></span> <span class='ocrx_word' id='word_1_215' title='bbox 1401 2674 1620 2731; x_wconf 89' lang='lat' dir='ltr'><strong>aquam,</strong></span> <span class='ocrx_word' id='word_1_216' title='bbox 1664 2657 1934 2729; x_wconf 84' lang='lat' dir='ltr'><strong>quomodo</strong></span> 
     </span>
    </p>
   </div>
   <div class='ocr_carea' id='block_1_31' title="bbox 344 2748 1936 2821">
    <p class='ocr_par' dir='ltr' id='par_1_31' title="bbox 344 2748 1936 2821">
     <span class='ocr_line' id='line_1_31' title="bbox 344 2748 1936 2821; baseline -0.008 -5"><span class='ocrx_word' id='word_1_217' title='bbox 344 2774 564 2817; x_wconf 82' lang='lat' dir='ltr'><strong>nomne</strong></span> <span class='ocrx_word' id='word_1_218' title='bbox 592 2756 860 2813; x_wconf 77' lang='lat' dir='ltr'><strong>conﬁdam</strong></span> <span class='ocrx_word' id='word_1_219' title='bbox 915 2756 984 2811; x_wconf 91' lang='lat' dir='ltr'><strong>ab</strong></span> <span class='ocrx_word' id='word_1_220' title='bbox 1030 2754 1283 2810; x_wconf 89' lang='lat' dir='ltr'><strong>omnibus</strong></span> <span class='ocrx_word' id='word_1_221' title='bbox 1331 2750 1757 2821; x_wconf 87' lang='lat' dir='ltr'><strong>inquinamentis</strong></span> <span class='ocrx_word' id='word_1_222' title='bbox 1799 2748 1936 2804; x_wconf 86' lang='lat' dir='ltr'><strong>meis</strong></span> 
     </span>
    </p>
   </div>
   <div class='ocr_carea' id='block_1_32' title="bbox 346 2840 1936 2919">
    <p class='ocr_par' dir='ltr' id='par_1_32' title="bbox 346 2840 1936 2919">
     <span class='ocr_line' id='line_1_32' title="bbox 346 2840 1936 2919; baseline -0.007 -12"><span class='ocrx_word' id='word_1_223' title='bbox 346 2853 683 2917; x_wconf 90' lang='lat' dir='ltr'><strong>mundatum,</strong></span> <span class='ocrx_word' id='word_1_224' title='bbox 744 2863 903 2919; x_wconf 87' lang='lat' dir='ltr'><strong>quem</strong></span> <span class='ocrx_word' id='word_1_225' title='bbox 934 2854 1148 2903; x_wconf 89' lang='lat' dir='ltr'><strong>constat</strong></span> <span class='ocrx_word' id='word_1_226' title='bbox 1192 2859 1332 2916; x_wconf 88' lang='lat' dir='ltr'><strong>aqua</strong></span> <span class='ocrx_word' id='word_1_227' title='bbox 1362 2858 1482 2914; x_wconf 69' lang='lat' dir='ltr'><strong>qua:</strong></span> <span class='ocrx_word' id='word_1_228' title='bbox 1531 2844 1599 2899; x_wconf 92' lang='lat' dir='ltr'><strong>de</strong></span> <span class='ocrx_word' id='word_1_229' title='bbox 1638 2840 1936 2897; x_wconf 80' lang='lat' dir='ltr'><strong>visceribus</strong></span> 
     </span>
    </p>
   </div>
   <div class='ocr_carea' id='block_1_33' title="bbox 344 2920 1933 3001">
    <p class='ocr_par' dir='ltr' id='par_1_33' title="bbox 344 2920 1933 3001">
     <span class='ocr_line' id='line_1_33' title="bbox 344 2920 1933 3001; baseline -0.009 -3"><span class='ocrx_word' id='word_1_230' title='bbox 344 2941 551 2999; x_wconf 82' lang='lat' dir='ltr'><strong>Christi</strong></span> <span class='ocrx_word' id='word_1_231' title='bbox 581 2935 1217 2996; x_wconf 80' lang='lat' dir='ltr'><strong>conﬁuxitmundatum?</strong></span> <span class='ocrx_word' id='word_1_232' title='bbox 1262 2932 1478 2990; x_wconf 82' lang='lat' dir='ltr'><strong>Efl&#39;usus</strong></span> <span class='ocrx_word' id='word_1_233' title='bbox 1532 2920 1635 2996; x_wconf 81' lang='lat' dir='ltr'><strong>est,</strong></span> <span class='ocrx_word' id='word_1_234' title='bbox 1693 2932 1933 3001; x_wconf 89' lang='lat' dir='ltr'><strong>inquam,</strong></span> 
     </span>
    </p>
   </div>
   <div class='ocr_carea' id='block_1_34' title="bbox 342 3020 1936 3102">
    <p class='ocr_par' dir='ltr' id='par_1_34' title="bbox 342 3020 1936 3102">
     <span class='ocr_line' id='line_1_34' title="bbox 342 3020 1936 3102; baseline -0.008 -13"><span class='ocrx_word' id='word_1_235' title='bbox 342 3033 454 3102; x_wconf 87' lang='lat' dir='ltr'><strong>ille,</strong></span> <span class='ocrx_word' id='word_1_236' title='bbox 503 3030 673 3088; x_wconf 86' lang='lat' dir='ltr'><strong>ell‘usa</strong></span> <span class='ocrx_word' id='word_1_237' title='bbox 717 3041 799 3087; x_wconf 90' lang='lat' dir='ltr'><strong>est</strong></span> <span class='ocrx_word' id='word_1_238' title='bbox 827 3029 948 3097; x_wconf 85' lang='lat' dir='ltr'><strong>illa;</strong></span> <span class='ocrx_word' id='word_1_239' title='bbox 984 3028 1072 3083; x_wconf 91' lang='lat' dir='ltr'><strong>ille</strong></span> <span class='ocrx_word' id='word_1_240' title='bbox 1118 3027 1185 3082; x_wconf 90' lang='lat' dir='ltr'><strong>ad</strong></span> <span class='ocrx_word' id='word_1_241' title='bbox 1231 3024 1682 3096; x_wconf 86' lang='lat' dir='ltr'><strong>redemptionem,</strong></span> <span class='ocrx_word' id='word_1_242' title='bbox 1722 3022 1826 3079; x_wconf 89' lang='lat' dir='ltr'><strong>ista</strong></span> <span class='ocrx_word' id='word_1_243' title='bbox 1867 3020 1936 3076; x_wconf 90' lang='lat' dir='ltr'><strong>ad</strong></span> 
     </span>
    </p>
   </div>
   <div class='ocr_carea' id='block_1_35' title="bbox 344 3115 1931 3195">
    <p class='ocr_par' dir='ltr' id='par_1_35' title="bbox 344 3115 1931 3195">
     <span class='ocr_line' id='line_1_35' title="bbox 344 3115 1931 3195; baseline -0.009 -14"><span class='ocrx_word' id='word_1_244' title='bbox 344 3124 610 3195; x_wconf 86' lang='lat' dir='ltr'><strong>redempti</strong></span> <span class='ocrx_word' id='word_1_245' title='bbox 642 3122 1004 3188; x_wconf 88' lang='lat' dir='ltr'><strong>ablutionem;</strong></span> <span class='ocrx_word' id='word_1_246' title='bbox 1036 3120 1124 3176; x_wconf 81' lang='lat' dir='ltr'><strong>ille</strong></span> <span class='ocrx_word' id='word_1_247' title='bbox 1176 3127 1234 3174; x_wconf 89' lang='lat' dir='ltr'><strong>ut</strong></span> <span class='ocrx_word' id='word_1_248' title='bbox 1284 3132 1372 3173; x_wconf 89' lang='lat' dir='ltr'><strong>me</strong></span> <span class='ocrx_word' id='word_1_249' title='bbox 1427 3118 1716 3172; x_wconf 89' lang='lat' dir='ltr'><strong>redimeret</strong></span> <span class='ocrx_word' id='word_1_250' title='bbox 1758 3115 1931 3185; x_wconf 84' lang='lat' dir='ltr'><strong>capti-</strong></span> 
     </span>
    </p>
   </div>
   <div class='ocr_carea' id='block_1_36' title="bbox 340 3207 1933 3284">
    <p class='ocr_par' dir='ltr' id='par_1_36' title="bbox 340 3207 1933 3284">
     <span class='ocr_line' id='line_1_36' title="bbox 340 3207 1933 3284; baseline -0.008 -10"><span class='ocrx_word' id='word_1_251' title='bbox 340 3230 490 3284; x_wconf 75' lang='lat' dir='ltr'><strong>Vum,</strong></span> <span class='ocrx_word' id='word_1_252' title='bbox 513 3220 616 3273; x_wconf 92' lang='lat' dir='ltr'><strong>ista</strong></span> <span class='ocrx_word' id='word_1_253' title='bbox 649 3226 706 3270; x_wconf 92' lang='lat' dir='ltr'><strong>ut</strong></span> <span class='ocrx_word' id='word_1_254' title='bbox 736 3215 979 3271; x_wconf 89' lang='lat' dir='ltr'><strong>ablueret</strong></span> <span class='ocrx_word' id='word_1_255' title='bbox 1025 3211 1390 3267; x_wconf 88' lang='lat' dir='ltr'><strong>immundum.</strong></span> <span class='ocrx_word' id='word_1_256' title='bbox 1438 3207 1696 3264; x_wconf 88' lang='lat' dir='ltr'><strong>Traditus</strong></span> <span class='ocrx_word' id='word_1_257' title='bbox 1724 3217 1809 3263; x_wconf 86' lang='lat' dir='ltr'><strong>est</strong></span> <span class='ocrx_word' id='word_1_258' title='bbox 1835 3220 1933 3277; x_wconf 88' lang='lat' dir='ltr'><strong>pro</strong></span> 
     </span>
    </p>
   </div>
   <div class='ocr_carea' id='block_1_37' title="bbox 343 3295 1937 3369">
    <p class='ocr_par' dir='ltr' id='par_1_37' title="bbox 343 3295 1937 3369">
     <span class='ocr_line' id='line_1_37' title="bbox 343 3295 1937 3369; baseline -0.009 -6"><span class='ocrx_word' id='word_1_259' title='bbox 343 3321 432 3363; x_wconf 89' lang='lat' dir='ltr'><strong>me</strong></span> <span class='ocrx_word' id='word_1_260' title='bbox 452 3321 611 3363; x_wconf 86' lang='lat' dir='ltr'><strong>servo</strong></span> <span class='ocrx_word' id='word_1_261' title='bbox 647 3305 816 3369; x_wconf 86' lang='lat' dir='ltr'><strong>Flius,</strong></span> <span class='ocrx_word' id='word_1_262' title='bbox 848 3312 908 3359; x_wconf 91' lang='lat' dir='ltr'><strong>ut</strong></span> <span class='ocrx_word' id='word_1_263' title='bbox 937 3311 1112 3358; x_wconf 91' lang='lat' dir='ltr'><strong>morte</strong></span> <span class='ocrx_word' id='word_1_264' title='bbox 1141 3315 1239 3355; x_wconf 90' lang='lat' dir='ltr'><strong>sua</strong></span> <span class='ocrx_word' id='word_1_265' title='bbox 1267 3298 1400 3354; x_wconf 90' lang='lat' dir='ltr'><strong>mihi</strong></span> <span class='ocrx_word' id='word_1_266' title='bbox 1450 3304 1659 3353; x_wconf 88' lang='lat' dir='ltr'><strong>emeret</strong></span> <span class='ocrx_word' id='word_1_267' title='bbox 1706 3295 1937 3351; x_wconf 73' lang='lat' dir='ltr'><strong>harrcdi-</strong></span> 
     </span>
    </p>
   </div>
   <div class='ocr_carea' id='block_1_38' title="bbox 345 3387 1935 3468">
    <p class='ocr_par' dir='ltr' id='par_1_38' title="bbox 345 3387 1935 3468">
     <span class='ocr_line' id='line_1_38' title="bbox 345 3387 1935 3468; baseline -0.008 -14"><span class='ocrx_word' id='word_1_268' title='bbox 345 3407 517 3454; x_wconf 89' lang='lat' dir='ltr'><strong>tatem</strong></span> <span class='ocrx_word' id='word_1_269' title='bbox 547 3414 561 3451; x_wconf 89' lang='lat'><strong>:</strong></span> <span class='ocrx_word' id='word_1_270' title='bbox 594 3399 867 3468; x_wconf 91' lang='lat' dir='ltr'><strong>quomodo</strong></span> <span class='ocrx_word' id='word_1_271' title='bbox 896 3409 983 3450; x_wconf 89' lang='lat' dir='ltr'><strong>me</strong></span> <span class='ocrx_word' id='word_1_272' title='bbox 1020 3409 1128 3449; x_wconf 90' lang='lat' dir='ltr'><strong>non</strong></span> <span class='ocrx_word' id='word_1_273' title='bbox 1154 3394 1372 3447; x_wconf 84' lang='lat' dir='ltr'><strong>credam</strong></span> <span class='ocrx_word' id='word_1_274' title='bbox 1399 3389 1688 3454; x_wconf 81' lang='lat' dir='ltr'><strong>haeredem,</strong></span> <span class='ocrx_word' id='word_1_275' title='bbox 1730 3397 1785 3443; x_wconf 86' lang='lat' dir='ltr'><strong>et</strong></span> <span class='ocrx_word' id='word_1_276' title='bbox 1812 3387 1935 3458; x_wconf 90' lang='lat' dir='ltr'><strong>qni-</strong></span> 
     </span>
    </p>
   </div>
   <div class='ocr_carea' id='block_1_39' title="bbox 345 3478 1936 3554">
    <p class='ocr_par' dir='ltr' id='par_1_39' title="bbox 345 3478 1936 3554">
     <span class='ocr_line' id='line_1_39' title="bbox 345 3478 1936 3554; baseline -0.01 -6"><span class='ocrx_word' id='word_1_277' title='bbox 345 3492 471 3548; x_wconf 88' lang='lat' dir='ltr'><strong>dem</strong></span> <span class='ocrx_word' id='word_1_278' title='bbox 496 3490 765 3545; x_wconf 75' lang='lat' dir='ltr'><strong>haeredem</strong></span> <span class='ocrx_word' id='word_1_279' title='bbox 788 3487 906 3554; x_wconf 87' lang='lat' dir='ltr'><strong>Dei,</strong></span> <span class='ocrx_word' id='word_1_280' title='bbox 926 3485 1262 3542; x_wconf 63' lang='lat' dir='ltr'><strong>cohaeredem</strong></span> <span class='ocrx_word' id='word_1_281' title='bbox 1292 3492 1472 3536; x_wconf 90' lang='lat' dir='ltr'><strong>autem</strong></span> <span class='ocrx_word' id='word_1_282' title='bbox 1484 3480 1684 3535; x_wconf 88' lang='lat' dir='ltr'><strong>Christi</strong></span> <span class='ocrx_word' id='word_1_283' title='bbox 1706 3479 1731 3534; x_wconf 86' lang='lat'><strong>?</strong></span> <span class='ocrx_word' id='word_1_284' title='bbox 1754 3478 1936 3550; x_wconf 85' lang='lat' dir='ltr'><strong>(Rom.</strong></span> 
     </span>
    </p>
   </div>
   <div class='ocr_carea' id='block_1_40' title="bbox 352 3568 1937 3650">
    <p class='ocr_par' dir='ltr' id='par_1_40' title="bbox 352 3568 1937 3650">
     <span class='ocr_line' id='line_1_40' title="bbox 352 3568 1937 3650; baseline -0.009 -13"><span class='ocrx_word' id='word_1_285' title='bbox 352 3593 475 3646; x_wconf 85' lang='lat' dir='ltr'><strong>vm,</strong></span> <span class='ocrx_word' id='word_1_286' title='bbox 494 3580 520 3634; x_wconf 99' lang='grc'><strong>1</strong></span> <span class='ocrx_word' id='word_1_287' title='bbox 533 3578 609 3650; x_wconf 80' lang='lat'><strong>7.)</strong></span> <span class='ocrx_word' id='word_1_288' title='bbox 629 3578 765 3633; x_wconf 86' lang='lat' dir='ltr'><strong>Cum</strong></span> <span class='ocrx_word' id='word_1_289' title='bbox 792 3576 1044 3631; x_wconf 86' lang='lat' dir='ltr'><strong>inimicus</strong></span> <span class='ocrx_word' id='word_1_290' title='bbox 1068 3587 1245 3629; x_wconf 89' lang='lat' dir='ltr'><strong>essem</strong></span> <span class='ocrx_word' id='word_1_291' title='bbox 1256 3612 1271 3638; x_wconf 93' lang='lat'><strong>,</strong></span> <span class='ocrx_word' id='word_1_292' title='bbox 1286 3570 1671 3627; x_wconf 79' lang='lat' dir='ltr'><strong>reconciliatus</strong></span> <span class='ocrx_word' id='word_1_293' title='bbox 1686 3584 1804 3625; x_wconf 90' lang='lat' dir='ltr'><strong>sum</strong></span> <span class='ocrx_word' id='word_1_294' title='bbox 1827 3568 1937 3624; x_wconf 91' lang='lat' dir='ltr'><strong>Deo</strong></span> 
     </span>
    </p>
   </div>
   <div class='ocr_carea' id='block_1_41' title="bbox 347 3661 1935 3744">
    <p class='ocr_par' dir='ltr' id='par_1_41' title="bbox 347 3661 1935 3744">
     <span class='ocr_line' id='line_1_41' title="bbox 347 3661 1935 3744; baseline -0.008 -17"><span class='ocrx_word' id='word_1_295' title='bbox 347 3685 439 3744; x_wconf 84' lang='lat' dir='ltr'><strong>per</strong></span> <span class='ocrx_word' id='word_1_296' title='bbox 473 3679 704 3726; x_wconf 90' lang='lat' dir='ltr'><strong>mortem</strong></span> <span class='ocrx_word' id='word_1_297' title='bbox 726 3667 848 3724; x_wconf 91' lang='lat' dir='ltr'><strong>Filii</strong></span> <span class='ocrx_word' id='word_1_298' title='bbox 874 3666 957 3722; x_wconf 91' lang='lat' dir='ltr'><strong>sui</strong></span> <span class='ocrx_word' id='word_1_299' title='bbox 998 3680 1013 3720; x_wconf 89' lang='lat'><strong>:</strong></span> <span class='ocrx_word' id='word_1_300' title='bbox 1047 3665 1319 3735; x_wconf 88' lang='lat' dir='ltr'><strong>quomodo</strong></span> <span class='ocrx_word' id='word_1_301' title='bbox 1340 3661 1673 3733; x_wconf 82' lang='lat' dir='ltr'><strong>justilicatus</strong></span> <span class='ocrx_word' id='word_1_302' title='bbox 1709 3661 1935 3716; x_wconf 87' lang='lat' dir='ltr'><strong>nuncin</strong></span> 
     </span>
    </p>
   </div>
   <div class='ocr_carea' id='block_1_42' title="bbox 345 3751 1938 3834">
    <p class='ocr_par' dir='ltr' id='par_1_42' title="bbox 345 3751 1938 3834">
     <span class='ocr_line' id='line_1_42' title="bbox 345 3751 1938 3834; baseline -0.007 -16"><span class='ocrx_word' id='word_1_303' title='bbox 345 3761 610 3834; x_wconf 87' lang='lat' dir='ltr'><strong>sanguine</strong></span> <span class='ocrx_word' id='word_1_304' title='bbox 632 3759 768 3829; x_wconf 88' lang='lat' dir='ltr'><strong>ejus,</strong></span> <span class='ocrx_word' id='word_1_305' title='bbox 795 3773 906 3814; x_wconf 90' lang='lat' dir='ltr'><strong>non</strong></span> <span class='ocrx_word' id='word_1_306' title='bbox 949 3756 1133 3814; x_wconf 88' lang='lat' dir='ltr'><strong>salvus</strong></span> <span class='ocrx_word' id='word_1_307' title='bbox 1179 3771 1275 3812; x_wconf 90' lang='lat' dir='ltr'><strong>ero</strong></span> <span class='ocrx_word' id='word_1_308' title='bbox 1331 3756 1399 3811; x_wconf 91' lang='lat' dir='ltr'><strong>ab</strong></span> <span class='ocrx_word' id='word_1_309' title='bbox 1447 3755 1526 3810; x_wconf 90' lang='lat' dir='ltr'><strong>ira</strong></span> <span class='ocrx_word' id='word_1_310' title='bbox 1570 3769 1669 3825; x_wconf 89' lang='lat' dir='ltr'><strong>per</strong></span> <span class='ocrx_word' id='word_1_311' title='bbox 1721 3751 1938 3824; x_wconf 78' lang='lat' dir='ltr'><strong>ipsum?</strong></span> 
     </span>
    </p>
   </div>
   <div class='ocr_carea' id='block_1_43' title="bbox 344 3844 1936 3925">
    <p class='ocr_par' dir='ltr' id='par_1_43' title="bbox 344 3844 1936 3925">
     <span class='ocr_line' id='line_1_43' title="bbox 344 3844 1936 3925; baseline -0.008 -14"><span class='ocrx_word' id='word_1_312' title='bbox 344 3853 572 3925; x_wconf 87' lang='lat' dir='ltr'><strong>Proprie</strong></span> <span class='ocrx_word' id='word_1_313' title='bbox 597 3851 736 3907; x_wconf 83' lang='lat' dir='ltr'><strong>Filio</strong></span> <span class='ocrx_word' id='word_1_314' title='bbox 763 3866 862 3907; x_wconf 90' lang='lat' dir='ltr'><strong>suo</strong></span> <span class='ocrx_word' id='word_1_315' title='bbox 906 3865 1013 3905; x_wconf 91' lang='lat' dir='ltr'><strong>non</strong></span> <span class='ocrx_word' id='word_1_316' title='bbox 1057 3848 1300 3920; x_wconf 88' lang='lat' dir='ltr'><strong>pepercit</strong></span> <span class='ocrx_word' id='word_1_317' title='bbox 1338 3847 1460 3918; x_wconf 88' lang='lat' dir='ltr'><strong>pius</strong></span> <span class='ocrx_word' id='word_1_318' title='bbox 1488 3844 1676 3917; x_wconf 83' lang='lat' dir='ltr'><strong>Pater,</strong></span> <span class='ocrx_word' id='word_1_319' title='bbox 1711 3844 1805 3901; x_wconf 91' lang='lat' dir='ltr'><strong>sed</strong></span> <span class='ocrx_word' id='word_1_320' title='bbox 1836 3858 1936 3914; x_wconf 88' lang='lat' dir='ltr'><strong>pro</strong></span> 
     </span>
    </p>
   </div>
   <div class='ocr_carea' id='block_1_44' title="bbox 345 3935 1936 4012">
    <p class='ocr_par' dir='ltr' id='par_1_44' title="bbox 345 3935 1936 4012">
     <span class='ocr_line' id='line_1_44' title="bbox 345 3935 1936 4012; baseline -0.009 -8"><span class='ocrx_word' id='word_1_321' title='bbox 345 3962 433 4004; x_wconf 89' lang='lat' dir='ltr'><strong>me</strong></span> <span class='ocrx_word' id='word_1_322' title='bbox 461 3944 684 4001; x_wconf 87' lang='lat' dir='ltr'><strong>tradidit</strong></span> <span class='ocrx_word' id='word_1_323' title='bbox 726 3943 878 3998; x_wconf 79' lang='lat' dir='ltr'><strong>illum</strong></span> <span class='ocrx_word' id='word_1_324' title='bbox 912 3959 925 3996; x_wconf 90' lang='lat'><strong>:</strong></span> <span class='ocrx_word' id='word_1_325' title='bbox 960 3940 1233 4012; x_wconf 89' lang='lat' dir='ltr'><strong>quomodo</strong></span> <span class='ocrx_word' id='word_1_326' title='bbox 1256 3939 1416 3994; x_wconf 89' lang='lat' dir='ltr'><strong>etiam</strong></span> <span class='ocrx_word' id='word_1_327' title='bbox 1440 3951 1547 3993; x_wconf 91' lang='lat' dir='ltr'><strong>non</strong></span> <span class='ocrx_word' id='word_1_328' title='bbox 1581 3936 1765 3992; x_wconf 88' lang='lat' dir='ltr'><strong>omnia</strong></span> <span class='ocrx_word' id='word_1_329' title='bbox 1803 3935 1936 3990; x_wconf 89' lang='lat' dir='ltr'><strong>mihi</strong></span> 
     </span>
    </p>
   </div>
   <div class='ocr_carea' id='block_1_45' title="bbox 346 4023 1937 4102">
    <p class='ocr_par' dir='ltr' id='par_1_45' title="bbox 346 4023 1937 4102">
     <span class='ocr_line' id='line_1_45' title="bbox 346 4023 1937 4102; baseline -0.009 -10"><span class='ocrx_word' id='word_1_330' title='bbox 346 4036 567 4092; x_wconf 87' lang='lat' dir='ltr'><strong>donavit</strong></span> <span class='ocrx_word' id='word_1_331' title='bbox 594 4047 717 4088; x_wconf 91' lang='lat' dir='ltr'><strong>cum</strong></span> <span class='ocrx_word' id='word_1_332' title='bbox 745 4031 869 4087; x_wconf 87' lang='lat' dir='ltr'><strong>illo?</strong></span> <span class='ocrx_word' id='word_1_333' title='bbox 891 4029 1190 4102; x_wconf 72' lang='lat' dir='ltr'><strong>(Rommn,</strong></span> <span class='ocrx_word' id='word_1_334' title='bbox 1220 4027 1334 4099; x_wconf 75' lang='lat'><strong>52.)</strong></span> <span class='ocrx_word' id='word_1_335' title='bbox 1360 4025 1493 4095; x_wconf 87' lang='lat' dir='ltr'><strong>Quis</strong></span> <span class='ocrx_word' id='word_1_336' title='bbox 1535 4024 1814 4081; x_wconf 88' lang='lat' dir='ltr'><strong>accusabit</strong></span> <span class='ocrx_word' id='word_1_337' title='bbox 1842 4023 1937 4078; x_wconf 76' lang='lat' dir='ltr'><strong>ad-</strong></span> 
     </span>
    </p>
   </div>
   <div class='ocr_carea' id='block_1_46' title="bbox 344 4118 1935 4193">
    <p class='ocr_par' dir='ltr' id='par_1_46' title="bbox 344 4118 1935 4193">
     <span class='ocr_line' id='line_1_46' title="bbox 344 4118 1935 4193; baseline -0.008 -9"><span class='ocrx_word' id='word_1_338' title='bbox 344 4142 563 4184; x_wconf 87' lang='lat' dir='ltr'><strong>versum</strong></span> <span class='ocrx_word' id='word_1_339' title='bbox 592 4140 701 4191; x_wconf 92' lang='lat' dir='ltr'><strong>me,</strong></span> <span class='ocrx_word' id='word_1_340' title='bbox 731 4140 854 4180; x_wconf 90' lang='lat' dir='ltr'><strong>cum</strong></span> <span class='ocrx_word' id='word_1_341' title='bbox 885 4123 1126 4179; x_wconf 88' lang='lat' dir='ltr'><strong>charitas</strong></span> <span class='ocrx_word' id='word_1_342' title='bbox 1153 4122 1270 4193; x_wconf 87' lang='lat' dir='ltr'><strong>ejus</strong></span> <span class='ocrx_word' id='word_1_343' title='bbox 1293 4120 1505 4190; x_wconf 89' lang='lat' dir='ltr'><strong>operiat</strong></span> <span class='ocrx_word' id='word_1_344' title='bbox 1530 4118 1935 4174; x_wconf 88' lang='lat' dir='ltr'><strong>multitudinem</strong></span> 
     </span>
    </p>
   </div>
   <div class='ocr_carea' id='block_1_47' title="bbox 347 4209 1937 4292">
    <p class='ocr_par' dir='ltr' id='par_1_47' title="bbox 347 4209 1937 4292">
     <span class='ocr_line' id='line_1_47' title="bbox 347 4209 1937 4292; baseline -0.006 -17"><span class='ocrx_word' id='word_1_345' title='bbox 347 4216 734 4292; x_wconf 83' lang='lat' dir='ltr'><strong>peccatorum?</strong></span> <span class='ocrx_word' id='word_1_346' title='bbox 763 4215 815 4289; x_wconf 85' lang='grc' dir='ltr'><strong>(Ι</strong></span> <span class='ocrx_word' id='word_1_347' title='bbox 846 4214 991 4270; x_wconf 84' lang='lat' dir='ltr'><strong>Petr.</strong></span> <span class='ocrx_word' id='word_1_348' title='bbox 1022 4229 1075 4269; x_wconf 84' lang='lat' dir='ltr'><strong>tv</strong></span> <span class='ocrx_word' id='word_1_349' title='bbox 1096 4212 1176 4285; x_wconf 88' lang='lat'><strong>8.)</strong></span> <span class='ocrx_word' id='word_1_350' title='bbox 1205 4211 1422 4267; x_wconf 86' lang='lat' dir='ltr'><strong>Clamat</strong></span> <span class='ocrx_word' id='word_1_351' title='bbox 1448 4211 1676 4283; x_wconf 84' lang='lat' dir='ltr'><strong>sanguis</strong></span> <span class='ocrx_word' id='word_1_352' title='bbox 1720 4210 1841 4281; x_wconf 86' lang='lat' dir='ltr'><strong>ejus</strong></span> <span class='ocrx_word' id='word_1_353' title='bbox 1870 4209 1937 4265; x_wconf 87' lang='lat' dir='ltr'><strong>de</strong></span> 
     </span>
    </p>
   </div>
   <div class='ocr_carea' id='block_1_48' title="bbox 346 4302 1936 4379">
    <p class='ocr_par' dir='ltr' id='par_1_48' title="bbox 346 4302 1936 4379">
     <span class='ocr_line' id='line_1_48' title="bbox 346 4302 1936 4379; baseline -0.006 -13"><span class='ocrx_word' id='word_1_354' title='bbox 346 4321 493 4366; x_wconf 84' lang='lat' dir='ltr'><strong>terra</strong></span> <span class='ocrx_word' id='word_1_355' title='bbox 516 4309 707 4365; x_wconf 90' lang='lat' dir='ltr'><strong>melius</strong></span> <span class='ocrx_word' id='word_1_356' title='bbox 728 4323 890 4379; x_wconf 91' lang='lat' dir='ltr'><strong>quam</strong></span> <span class='ocrx_word' id='word_1_357' title='bbox 944 4306 1097 4372; x_wconf 84' lang='lat' dir='ltr'><strong>Abel,</strong></span> <span class='ocrx_word' id='word_1_358' title='bbox 1128 4312 1184 4361; x_wconf 90' lang='lat' dir='ltr'><strong>et</strong></span> <span class='ocrx_word' id='word_1_359' title='bbox 1213 4319 1322 4360; x_wconf 90' lang='lat' dir='ltr'><strong>non</strong></span> <span class='ocrx_word' id='word_1_360' title='bbox 1350 4303 1588 4359; x_wconf 86' lang='lat' dir='ltr'><strong>movebit</strong></span> <span class='ocrx_word' id='word_1_361' title='bbox 1614 4317 1711 4359; x_wconf 93' lang='lat' dir='ltr'><strong>cor</strong></span> <span class='ocrx_word' id='word_1_362' title='bbox 1756 4302 1936 4357; x_wconf 88' lang='lat' dir='ltr'><strong>Patris</strong></span> 
     </span>
    </p>
   </div>
   <div class='ocr_carea' id='block_1_49' title="bbox 343 4397 1245 4472">
    <p class='ocr_par' dir='ltr' id='par_1_49' title="bbox 343 4397 1245 4472">
     <span class='ocr_line' id='line_1_49' title="bbox 343 4397 1245 4472; baseline -0.007 -15"><span class='ocrx_word' id='word_1_363' title='bbox 343 4403 483 4458; x_wconf 79' lang='lat' dir='ltr'><strong>tanti</strong></span> <span class='ocrx_word' id='word_1_364' title='bbox 512 4401 742 4472; x_wconf 84' lang='lat' dir='ltr'><strong>talisque</strong></span> <span class='ocrx_word' id='word_1_365' title='bbox 766 4414 932 4455; x_wconf 89' lang='lat' dir='ltr'><strong>sonus</strong></span> <span class='ocrx_word' id='word_1_366' title='bbox 956 4397 1245 4454; x_wconf 81' lang='lat' dir='ltr'><strong>clamoris?</strong></span> 
     </span>
    </p>
   </div>
   <div class='ocr_carea' id='block_1_50' title="bbox 419 4476 1937 4562">
    <p class='ocr_par' dir='ltr' id='par_1_50' title="bbox 419 4476 1937 4562">
     <span class='ocr_line' id='line_1_50' title="bbox 419 4476 1937 4562; baseline -0.008 -10"><span class='ocrx_word' id='word_1_367' title='bbox 419 4497 599 4562; x_wconf 77' lang='lat' dir='ltr'><strong>Absit,</strong></span> <span class='ocrx_word' id='word_1_368' title='bbox 641 4494 806 4552; x_wconf 87' lang='lat' dir='ltr'><strong>semel</strong></span> <span class='ocrx_word' id='word_1_369' title='bbox 853 4503 909 4549; x_wconf 93' lang='lat' dir='ltr'><strong>et</strong></span> <span class='ocrx_word' id='word_1_370' title='bbox 965 4493 1160 4547; x_wconf 85' lang='lat' dir='ltr'><strong>iterum</strong></span> <span class='ocrx_word' id='word_1_371' title='bbox 1202 4476 1387 4557; x_wconf 80' lang='lat' dir='ltr'><strong>absit,</strong></span> <span class='ocrx_word' id='word_1_372' title='bbox 1441 4497 1502 4543; x_wconf 91' lang='lat' dir='ltr'><strong>ut</strong></span> <span class='ocrx_word' id='word_1_373' title='bbox 1546 4484 1937 4558; x_wconf 85' lang='lat' dir='ltr'><strong>compassionis</strong></span> 
     </span>
    </p>
   </div>
   <div class='ocr_carea' id='block_1_51' title="bbox 346 4581 1936 4654">
    <p class='ocr_par' dir='ltr' id='par_1_51' title="bbox 346 4581 1936 4654">
     <span class='ocr_line' id='line_1_51' title="bbox 346 4581 1936 4654; baseline -0.006 -8"><span class='ocrx_word' id='word_1_374' title='bbox 346 4591 649 4646; x_wconf 81' lang='lat' dir='ltr'><strong>visceribus</strong></span> <span class='ocrx_word' id='word_1_375' title='bbox 687 4604 925 4654; x_wconf 89' lang='lat' dir='ltr'><strong>caream,</strong></span> <span class='ocrx_word' id='word_1_376' title='bbox 957 4587 1173 4642; x_wconf 88' lang='lat' dir='ltr'><strong>intuens</strong></span> <span class='ocrx_word' id='word_1_377' title='bbox 1213 4595 1285 4652; x_wconf 90' lang='lat' dir='ltr'><strong>te,</strong></span> <span class='ocrx_word' id='word_1_378' title='bbox 1328 4599 1361 4641; x_wconf 89' lang='grc' dir='ltr'>ο</span> <span class='ocrx_word' id='word_1_379' title='bbox 1410 4585 1553 4640; x_wconf 89' lang='lat' dir='ltr'><strong>bone</strong></span> <span class='ocrx_word' id='word_1_380' title='bbox 1597 4581 1746 4649; x_wconf 88' lang='lat' dir='ltr'><strong>Jesu,</strong></span> <span class='ocrx_word' id='word_1_381' title='bbox 1799 4581 1936 4637; x_wconf 90' lang='lat' dir='ltr'><strong>mori</strong></span> 
     </span>
    </p>
   </div>
   <div class='ocr_carea' id='block_1_52' title="bbox 347 4674 1938 4756">
    <p class='ocr_par' dir='ltr' id='par_1_52' title="bbox 347 4674 1938 4756">
     <span class='ocr_line' id='line_1_52' title="bbox 347 4674 1938 4756; baseline -0.003 -21"><span class='ocrx_word' id='word_1_382' title='bbox 347 4693 451 4756; x_wconf 81' lang='lat' dir='ltr'><strong>pro</strong></span> <span class='ocrx_word' id='word_1_383' title='bbox 474 4680 585 4735; x_wconf 90' lang='lat' dir='ltr'><strong>mel</strong></span> <span class='ocrx_word' id='word_1_384' title='bbox 624 4680 763 4734; x_wconf 83' lang='lat' dir='ltr'><strong>Ante</strong></span> <span class='ocrx_word' id='word_1_385' title='bbox 789 4678 974 4734; x_wconf 90' lang='lat' dir='ltr'><strong>oculos</strong></span> <span class='ocrx_word' id='word_1_386' title='bbox 1002 4693 1150 4734; x_wconf 89' lang='lat' dir='ltr'><strong>meos</strong></span> <span class='ocrx_word' id='word_1_387' title='bbox 1180 4676 1535 4748; x_wconf 81' lang='lat' dir='ltr'><strong>crucifigeris,</strong></span> <span class='ocrx_word' id='word_1_388' title='bbox 1572 4683 1627 4732; x_wconf 85' lang='lat' dir='ltr'><strong>et</strong></span> <span class='ocrx_word' id='word_1_389' title='bbox 1653 4674 1796 4730; x_wconf 93' lang='lat' dir='ltr'><strong>nulla</strong></span> <span class='ocrx_word' id='word_1_390' title='bbox 1820 4684 1938 4730; x_wconf 88' lang='lat' dir='ltr'><strong>tan-</strong></span> 
     </span>
    </p>
   </div>
   <div class='ocr_carea' id='block_1_53' title="bbox 349 4768 1939 4846">
    <p class='ocr_par' dir='ltr' id='par_1_53' title="bbox 349 4768 1939 4846">
     <span class='ocr_line' id='line_1_53' title="bbox 349 4768 1939 4846; baseline -0.002 -19"><span class='ocrx_word' id='word_1_391' title='bbox 349 4783 438 4846; x_wconf 83' lang='lat' dir='ltr'><strong>get</strong></span> <span class='ocrx_word' id='word_1_392' title='bbox 470 4769 637 4826; x_wconf 82' lang='lat' dir='ltr'><strong>motio</strong></span> <span class='ocrx_word' id='word_1_393' title='bbox 675 4785 769 4825; x_wconf 91' lang='lat' dir='ltr'><strong>cor</strong></span> <span class='ocrx_word' id='word_1_394' title='bbox 792 4783 1003 4837; x_wconf 85' lang='lat' dir='ltr'><strong>meum;</strong></span> <span class='ocrx_word' id='word_1_395' title='bbox 1056 4778 1284 4840; x_wconf 88' lang='lat' dir='ltr'><strong>apparet</strong></span> <span class='ocrx_word' id='word_1_396' title='bbox 1311 4768 1444 4825; x_wconf 88' lang='lat' dir='ltr'><strong>mihi</strong></span> <span class='ocrx_word' id='word_1_397' title='bbox 1474 4768 1686 4840; x_wconf 86' lang='lat' dir='ltr'><strong>gladius</strong></span> <span class='ocrx_word' id='word_1_398' title='bbox 1711 4777 1860 4834; x_wconf 90' lang='lat' dir='ltr'><strong>tuus,</strong></span> <span class='ocrx_word' id='word_1_399' title='bbox 1883 4777 1939 4824; x_wconf 89' lang='lat' dir='ltr'><strong>et</strong></span> 
     </span>
    </p>
   </div>
   <div class='ocr_carea' id='block_1_54' title="bbox 349 4858 1937 4933">
    <p class='ocr_par' dir='ltr' id='par_1_54' title="bbox 349 4858 1937 4933">
     <span class='ocr_line' id='line_1_54' title="bbox 349 4858 1937 4933; baseline -0.003 -14"><span class='ocrx_word' id='word_1_400' title='bbox 349 4880 457 4919; x_wconf 88' lang='lat' dir='ltr'><strong>non</strong></span> <span class='ocrx_word' id='word_1_401' title='bbox 478 4861 836 4933; x_wconf 73' lang='lat' dir='ltr'><strong>pertransnbit</strong></span> <span class='ocrx_word' id='word_1_402' title='bbox 861 4860 1100 4915; x_wconf 75' lang='lat' dir='ltr'><strong>animum</strong></span> <span class='ocrx_word' id='word_1_403' title='bbox 1133 4861 1342 4917; x_wconf 83' lang='lat' dir='ltr'><strong>meam!</strong></span> <span class='ocrx_word' id='word_1_404' title='bbox 1390 4860 1574 4916; x_wconf 88' lang='lat' dir='ltr'><strong>Dulcis</strong></span> <span class='ocrx_word' id='word_1_405' title='bbox 1616 4858 1766 4928; x_wconf 79' lang='lat' dir='ltr'><strong>Jesu,</strong></span> <span class='ocrx_word' id='word_1_406' title='bbox 1809 4861 1937 4930; x_wconf 88' lang='lat' dir='ltr'><strong>quid</strong></span> 
     </span>
    </p>
   </div>
   <div class='ocr_carea' id='block_1_55' title="bbox 350 4938 1936 5025">
    <p class='ocr_par' dir='ltr' id='par_1_55' title="bbox 350 4938 1936 5025">
     <span class='ocr_line' id='line_1_55' title="bbox 350 4938 1936 5025; baseline -0.004 -14"><span class='ocrx_word' id='word_1_407' title='bbox 350 4956 483 5012; x_wconf 88' lang='lat' dir='ltr'><strong>mihi</strong></span> <span class='ocrx_word' id='word_1_408' title='bbox 511 4953 891 5025; x_wconf 79' lang='lat' dir='ltr'><strong>utcompatiar</strong></span> <span class='ocrx_word' id='word_1_409' title='bbox 934 4953 1068 5008; x_wconf 83' lang='lat' dir='ltr'><strong>tibi?</strong></span> <span class='ocrx_word' id='word_1_410' title='bbox 1121 4952 1228 5008; x_wconf 89' lang='lat' dir='ltr'><strong>Sed</strong></span> <span class='ocrx_word' id='word_1_411' title='bbox 1250 4968 1355 5007; x_wconf 91' lang='lat' dir='ltr'><strong>non</strong></span> <span class='ocrx_word' id='word_1_412' title='bbox 1397 4952 1577 5006; x_wconf 91' lang='lat' dir='ltr'><strong>minus</strong></span> <span class='ocrx_word' id='word_1_413' title='bbox 1606 4938 1753 5006; x_wconf 81' lang='lat' dir='ltr'><strong>utile.</strong></span> <span class='ocrx_word' id='word_1_414' title='bbox 1786 4951 1936 5018; x_wconf 87' lang='lat' dir='ltr'><strong>Quo-</strong></span> 
     </span>
    </p>
   </div>
   <div class='ocr_carea' id='block_1_56' title="bbox 349 5043 1938 5111">
    <p class='ocr_par' dir='ltr' id='par_1_56' title="bbox 349 5043 1938 5111">
     <span class='ocr_line' id='line_1_56' title="bbox 349 5043 1938 5111; baseline -0.004 -6"><span class='ocrx_word' id='word_1_415' title='bbox 349 5047 512 5106; x_wconf 82' lang='lat' dir='ltr'><strong>modo</strong></span> <span class='ocrx_word' id='word_1_416' title='bbox 533 5045 715 5101; x_wconf 88' lang='lat' dir='ltr'><strong>minus</strong></span> <span class='ocrx_word' id='word_1_417' title='bbox 742 5043 893 5111; x_wconf 89' lang='lat' dir='ltr'><strong>utile,</strong></span> <span class='ocrx_word' id='word_1_418' title='bbox 923 5058 1048 5099; x_wconf 92' lang='lat' dir='ltr'><strong>cum</strong></span> <span class='ocrx_word' id='word_1_419' title='bbox 1085 5054 1318 5111; x_wconf 90' lang='lat' dir='ltr'><strong>constet,</strong></span> <span class='ocrx_word' id='word_1_420' title='bbox 1348 5043 1395 5099; x_wconf 84' lang='lat' dir='ltr'><strong>si</strong></span> <span class='ocrx_word' id='word_1_421' title='bbox 1427 5057 1614 5099; x_wconf 87' lang='lat' dir='ltr'><strong>verum</strong></span> <span class='ocrx_word' id='word_1_422' title='bbox 1649 5045 1824 5099; x_wconf 89' lang='lat' dir='ltr'><strong>cernit</strong></span> <span class='ocrx_word' id='word_1_423' title='bbox 1851 5043 1938 5098; x_wconf 87' lang='lat' dir='ltr'><strong>ille</strong></span> 
     </span>
    </p>
   </div>
   <div class='ocr_carea' id='block_1_57' title="bbox 349 5133 1935 5205">
    <p class='ocr_par' dir='ltr' id='par_1_57' title="bbox 349 5133 1935 5205">
     <span class='ocr_line' id='line_1_57' title="bbox 349 5133 1935 5205; baseline -0.004 -11"><span class='ocrx_word' id='word_1_424' title='bbox 349 5147 406 5194; x_wconf 89' lang='lat' dir='ltr'><strong>et</strong></span> <span class='ocrx_word' id='word_1_425' title='bbox 431 5138 620 5204; x_wconf 85' lang='lat' dir='ltr'><strong>sentit,</strong></span> <span class='ocrx_word' id='word_1_426' title='bbox 655 5136 711 5190; x_wconf 87' lang='lat' dir='ltr'><strong>in</strong></span> <span class='ocrx_word' id='word_1_427' title='bbox 758 5151 867 5205; x_wconf 89' lang='lat' dir='ltr'><strong>quo</strong></span> <span class='ocrx_word' id='word_1_428' title='bbox 894 5145 948 5189; x_wconf 90' lang='lat' dir='ltr'><strong>tu</strong></span> <span class='ocrx_word' id='word_1_429' title='bbox 977 5133 1309 5204; x_wconf 79' lang='lat' dir='ltr'><strong>loquebaris,</strong></span> <span class='ocrx_word' id='word_1_430' title='bbox 1333 5134 1461 5203; x_wconf 89' lang='lat' dir='ltr'><strong>quia</strong></span> <span class='ocrx_word' id='word_1_431' title='bbox 1482 5134 1529 5188; x_wconf 79' lang='lat' dir='ltr'><strong>si</strong></span> <span class='ocrx_word' id='word_1_432' title='bbox 1564 5136 1935 5203; x_wconf 79' lang='lat' dir='ltr'><strong>eompatimur,</strong></span> 
     </span>
    </p>
   </div>
   <div class='ocr_carea' id='block_1_58' title="bbox 350 5226 1938 5301">
    <p class='ocr_par' dir='ltr' id='par_1_58' title="bbox 350 5226 1938 5301">
     <span class='ocr_line' id='line_1_58' title="bbox 350 5226 1938 5301; baseline -0.002 -16"><span class='ocrx_word' id='word_1_433' title='bbox 350 5241 397 5285; x_wconf 84' lang='lat' dir='ltr'><strong>et</strong></span> <span class='ocrx_word' id='word_1_434' title='bbox 427 5228 902 5301; x_wconf 80' lang='lat' dir='ltr'><strong>conregnabimus?</strong></span> <span class='ocrx_word' id='word_1_435' title='bbox 931 5226 1112 5300; x_wconf 81' lang='lat' dir='ltr'><strong>(Rom.</strong></span> <span class='ocrx_word' id='word_1_436' title='bbox 1147 5241 1265 5292; x_wconf 85' lang='lat' dir='ltr'><strong>vm,</strong></span> <span class='ocrx_word' id='word_1_437' title='bbox 1304 5228 1412 5296; x_wconf 87' lang='lat' dir='ltr'><strong>l7.)</strong></span> <span class='ocrx_word' id='word_1_438' title='bbox 1442 5227 1507 5282; x_wconf 83' lang='lat' dir='ltr'><strong>Et</strong></span> <span class='ocrx_word' id='word_1_439' title='bbox 1539 5227 1685 5294; x_wconf 86' lang='lat' dir='ltr'><strong>alibi,</strong></span> <span class='ocrx_word' id='word_1_440' title='bbox 1718 5229 1763 5281; x_wconf 76' lang='lat' dir='ltr'><strong>si</strong></span> <span class='ocrx_word' id='word_1_441' title='bbox 1790 5245 1938 5282; x_wconf 82' lang='lat' dir='ltr'><strong>com-</strong></span> 
     </span>
    </p>
   </div>
   <div class='ocr_carea' id='block_1_59' title="bbox 352 5315 1940 5390">
    <p class='ocr_par' dir='ltr' id='par_1_59' title="bbox 352 5315 1940 5390">
     <span class='ocr_line' id='line_1_59' title="bbox 352 5315 1940 5390; baseline -0.002 -15"><span class='ocrx_word' id='word_1_442' title='bbox 352 5323 543 5376; x_wconf 85' lang='lat' dir='ltr'><strong>mortui</strong></span> <span class='ocrx_word' id='word_1_443' title='bbox 581 5336 783 5387; x_wconf 77' lang='lat' dir='ltr'><strong>sumus,</strong></span> <span class='ocrx_word' id='word_1_444' title='bbox 814 5328 863 5374; x_wconf 84' lang='lat' dir='ltr'><strong>et</strong></span> <span class='ocrx_word' id='word_1_445' title='bbox 916 5319 1241 5374; x_wconf 80' lang='lat' dir='ltr'><strong>convivemus</strong></span> <span class='ocrx_word' id='word_1_446' title='bbox 1272 5315 1359 5390; x_wconf 87' lang='lat' dir='ltr'><strong>(II</strong></span> <span class='ocrx_word' id='word_1_447' title='bbox 1412 5317 1550 5372; x_wconf 85' lang='lat' dir='ltr'><strong>Tim.</strong></span> <span class='ocrx_word' id='word_1_448' title='bbox 1612 5333 1674 5385; x_wconf 88' lang='grc' dir='ltr'><strong>ιι,</strong></span> <span class='ocrx_word' id='word_1_449' title='bbox 1727 5318 1837 5390; x_wconf 73' lang='grc'><strong>12).</strong></span> <span class='ocrx_word' id='word_1_450' title='bbox 1871 5317 1940 5374; x_wconf 89' lang='lat' dir='ltr'><strong>Ut</strong></span> 
     </span>
    </p>
   </div>
   <div class='ocr_carea' id='block_1_60' title="bbox 356 5411 1939 5483">
    <p class='ocr_par' dir='ltr' id='par_1_60' title="bbox 356 5411 1939 5483">
     <span class='ocr_line' id='line_1_60' title="bbox 356 5411 1939 5483; baseline 0.001 -16"><span class='ocrx_word' id='word_1_451' title='bbox 356 5423 534 5469; x_wconf 85' lang='lat' dir='ltr'><strong>autem</strong></span> <span class='ocrx_word' id='word_1_452' title='bbox 564 5415 699 5479; x_wconf 67' lang='lat' dir='ltr'><strong>haec,</strong></span> <span class='ocrx_word' id='word_1_453' title='bbox 731 5413 799 5468; x_wconf 91' lang='lat' dir='ltr'><strong>de</strong></span> <span class='ocrx_word' id='word_1_454' title='bbox 824 5428 934 5483; x_wconf 88' lang='lat' dir='ltr'><strong>qua</strong></span> <span class='ocrx_word' id='word_1_455' title='bbox 963 5412 1257 5483; x_wconf 89' lang='lat' dir='ltr'><strong>loquimur,</strong></span> <span class='ocrx_word' id='word_1_456' title='bbox 1307 5411 1616 5482; x_wconf 88' lang='lat' dir='ltr'><strong>compassio</strong></span> <span class='ocrx_word' id='word_1_457' title='bbox 1651 5413 1707 5467; x_wconf 89' lang='lat' dir='ltr'><strong>in</strong></span> <span class='ocrx_word' id='word_1_458' title='bbox 1758 5422 1939 5469; x_wconf 85' lang='lat' dir='ltr'><strong>mente</strong></span> 
     </span>
    </p>
   </div>
   <div class='ocr_carea' id='block_1_61' title="bbox 357 5504 1936 5575">
    <p class='ocr_par' dir='ltr' id='par_1_61' title="bbox 357 5504 1936 5575">
     <span class='ocr_line' id='line_1_61' title="bbox 357 5504 1936 5575; baseline 0.002 -18"><span class='ocrx_word' id='word_1_459' title='bbox 357 5506 554 5575; x_wconf 79' lang='lat' dir='ltr'><strong>vigeat,</strong></span> <span class='ocrx_word' id='word_1_460' title='bbox 579 5520 800 5561; x_wconf 89' lang='lat' dir='ltr'><strong>necesse</strong></span> <span class='ocrx_word' id='word_1_461' title='bbox 825 5514 910 5561; x_wconf 89' lang='lat' dir='ltr'><strong>est</strong></span> <span class='ocrx_word' id='word_1_462' title='bbox 943 5516 1002 5560; x_wconf 93' lang='lat' dir='ltr'><strong>ut</strong></span> <span class='ocrx_word' id='word_1_463' title='bbox 1032 5506 1230 5561; x_wconf 85' lang='lat' dir='ltr'><strong>ardens</strong></span> <span class='ocrx_word' id='word_1_464' title='bbox 1266 5504 1319 5559; x_wconf 92' lang='lat' dir='ltr'><strong>in</strong></span> <span class='ocrx_word' id='word_1_465' title='bbox 1365 5519 1429 5561; x_wconf 90' lang='lat' dir='ltr'><strong>ea</strong></span> <span class='ocrx_word' id='word_1_466' title='bbox 1488 5504 1652 5560; x_wconf 87' lang='lat' dir='ltr'><strong>fuerit</strong></span> <span class='ocrx_word' id='word_1_467' title='bbox 1697 5505 1936 5572; x_wconf 85' lang='lat' dir='ltr'><strong>dilectio,</strong></span> 
     </span>
    </p>
   </div>
   <div class='ocr_carea' id='block_1_62' title="bbox 358 5595 1941 5674">
    <p class='ocr_par' dir='ltr' id='par_1_62' title="bbox 358 5595 1941 5674">
     <span class='ocr_line' id='line_1_62' title="bbox 358 5595 1941 5674; baseline 0.006 -26"><span class='ocrx_word' id='word_1_468' title='bbox 358 5595 481 5665; x_wconf 85' lang='lat' dir='ltr'><strong>quia</strong></span> <span class='ocrx_word' id='word_1_469' title='bbox 515 5610 675 5665; x_wconf 86' lang='lat' dir='ltr'><strong>quem</strong></span> <span class='ocrx_word' id='word_1_470' title='bbox 703 5612 885 5654; x_wconf 88' lang='lat' dir='ltr'><strong>amore</strong></span> <span class='ocrx_word' id='word_1_471' title='bbox 918 5597 1147 5657; x_wconf 80' lang='lat' dir='ltr'><strong>ferventi</strong></span> <span class='ocrx_word' id='word_1_472' title='bbox 1175 5599 1613 5674; x_wconf 83' lang='lat' dir='ltr'><strong>complectimur,</strong></span> <span class='ocrx_word' id='word_1_473' title='bbox 1636 5600 1754 5671; x_wconf 84' lang='lat' dir='ltr'><strong>ejus</strong></span> <span class='ocrx_word' id='word_1_474' title='bbox 1781 5602 1941 5658; x_wconf 82' lang='lat' dir='ltr'><strong>nimi-</strong></span> 
     </span>
    </p>
   </div>
   <div class='ocr_carea' id='block_1_63' title="bbox 2024 461 3625 535">
    <p class='ocr_par' dir='ltr' id='par_1_63' title="bbox 2024 461 3625 535">
     <span class='ocr_line' id='line_1_63' title="bbox 2024 461 3625 535; baseline 0.001 -18"><span class='ocrx_word' id='word_1_475' title='bbox 2024 462 2387 534; x_wconf 84' lang='lat' dir='ltr'><strong>gratulamur.</strong></span> <span class='ocrx_word' id='word_1_476' title='bbox 2408 461 2560 528; x_wconf 88' lang='lat' dir='ltr'><strong>Jesu,</strong></span> <span class='ocrx_word' id='word_1_477' title='bbox 2599 475 2701 517; x_wconf 90' lang='lat' dir='ltr'><strong>nec</strong></span> <span class='ocrx_word' id='word_1_478' title='bbox 2724 475 2879 516; x_wconf 89' lang='lat' dir='ltr'><strong>mens</strong></span> <span class='ocrx_word' id='word_1_479' title='bbox 2905 474 3028 516; x_wconf 87' lang='lat' dir='ltr'><strong>mea</strong></span> <span class='ocrx_word' id='word_1_480' title='bbox 3062 475 3280 533; x_wconf 87' lang='lat' dir='ltr'><strong>capere,</strong></span> <span class='ocrx_word' id='word_1_481' title='bbox 3311 475 3411 519; x_wconf 89' lang='lat' dir='ltr'><strong>nec</strong></span> <span class='ocrx_word' id='word_1_482' title='bbox 3435 462 3625 535; x_wconf 78' lang='lat' dir='ltr'><strong>lingua</strong></span> 
     </span>
    </p>
   </div>
   <div class='ocr_carea' id='block_1_64' title="bbox 2029 552 3623 625">
    <p class='ocr_par' dir='ltr' id='par_1_64' title="bbox 2029 552 3623 625">
     <span class='ocr_line' id='line_1_64' title="bbox 2029 552 3623 625; baseline -0.001 -13"><span class='ocrx_word' id='word_1_483' title='bbox 2029 552 2226 613; x_wconf 85' lang='lat' dir='ltr'><strong>sufllcit</strong></span> <span class='ocrx_word' id='word_1_484' title='bbox 2250 554 2557 624; x_wconf 79' lang='lat' dir='ltr'><strong>exprimere</strong></span> <span class='ocrx_word' id='word_1_485' title='bbox 2593 569 2759 624; x_wconf 88' lang='lat' dir='ltr'><strong>quam</strong></span> <span class='ocrx_word' id='word_1_486' title='bbox 2791 552 2870 609; x_wconf 88' lang='lat' dir='ltr'><strong>sis</strong></span> <span class='ocrx_word' id='word_1_487' title='bbox 2895 552 3089 624; x_wconf 88' lang='lat' dir='ltr'><strong>dignus</strong></span> <span class='ocrx_word' id='word_1_488' title='bbox 3121 554 3293 609; x_wconf 90' lang='lat' dir='ltr'><strong>amari</strong></span> <span class='ocrx_word' id='word_1_489' title='bbox 3323 570 3353 610; x_wconf 90' lang='lat' dir='ltr'><strong>a</strong></span> <span class='ocrx_word' id='word_1_490' title='bbox 3392 570 3501 620; x_wconf 88' lang='lat' dir='ltr'><strong>me,</strong></span> <span class='ocrx_word' id='word_1_491' title='bbox 3524 555 3623 625; x_wconf 81' lang='lat' dir='ltr'><strong>qui</strong></span> 
     </span>
    </p>
   </div>
   <div class='ocr_carea' id='block_1_65' title="bbox 2030 642 3630 715">
    <p class='ocr_par' dir='ltr' id='par_1_65' title="bbox 2030 642 3630 715">
     <span class='ocr_line' id='line_1_65' title="bbox 2030 642 3630 715; baseline 0.004 -15"><span class='ocrx_word' id='word_1_492' title='bbox 2030 652 2239 700; x_wconf 87' lang='lat' dir='ltr'><strong>tantum</strong></span> <span class='ocrx_word' id='word_1_493' title='bbox 2263 644 2515 715; x_wconf 87' lang='lat' dir='ltr'><strong>dignatus</strong></span> <span class='ocrx_word' id='word_1_494' title='bbox 2540 657 2601 700; x_wconf 88' lang='lat' dir='ltr'><strong>es</strong></span> <span class='ocrx_word' id='word_1_495' title='bbox 2623 657 2811 699; x_wconf 83' lang='lat' dir='ltr'><strong>amare</strong></span> <span class='ocrx_word' id='word_1_496' title='bbox 2840 657 2948 699; x_wconf 84' lang='lat' dir='ltr'><strong>me.</strong></span> <span class='ocrx_word' id='word_1_497' title='bbox 2976 642 3225 700; x_wconf 81' lang='lat' dir='ltr'><strong>Dilexisti</strong></span> <span class='ocrx_word' id='word_1_498' title='bbox 3253 660 3361 712; x_wconf 91' lang='lat' dir='ltr'><strong>me,</strong></span> <span class='ocrx_word' id='word_1_499' title='bbox 3383 657 3439 702; x_wconf 92' lang='lat' dir='ltr'><strong>et</strong></span> <span class='ocrx_word' id='word_1_500' title='bbox 3466 646 3630 706; x_wconf 81' lang='lat' dir='ltr'><strong>lava—</strong></span> 
     </span>
    </p>
   </div>
   <div class='ocr_carea' id='block_1_66' title="bbox 2029 734 3623 816">
    <p class='ocr_par' dir='ltr' id='par_1_66' title="bbox 2029 734 3623 816">
     <span class='ocr_line' id='line_1_66' title="bbox 2029 734 3623 816; baseline 0.006 -26"><span class='ocrx_word' id='word_1_501' title='bbox 2029 734 2100 790; x_wconf 88' lang='lat' dir='ltr'><strong>sti</strong></span> <span class='ocrx_word' id='word_1_502' title='bbox 2124 749 2213 790; x_wconf 91' lang='lat' dir='ltr'><strong>me</strong></span> <span class='ocrx_word' id='word_1_503' title='bbox 2246 749 2277 788; x_wconf 90' lang='lat' dir='ltr'><strong>a</strong></span> <span class='ocrx_word' id='word_1_504' title='bbox 2300 736 2544 803; x_wconf 87' lang='lat' dir='ltr'><strong>peccatis</strong></span> <span class='ocrx_word' id='word_1_505' title='bbox 2567 735 2702 792; x_wconf 91' lang='lat' dir='ltr'><strong>meis</strong></span> <span class='ocrx_word' id='word_1_506' title='bbox 2738 736 2795 790; x_wconf 90' lang='lat' dir='ltr'><strong>in</strong></span> <span class='ocrx_word' id='word_1_507' title='bbox 2837 735 3101 805; x_wconf 84' lang='lat' dir='ltr'><strong>sanguine</strong></span> <span class='ocrx_word' id='word_1_508' title='bbox 3132 744 3225 792; x_wconf 94' lang='lat' dir='ltr'><strong>tuo</strong></span> <span class='ocrx_word' id='word_1_509' title='bbox 3251 738 3436 809; x_wconf 79' lang='lat' dir='ltr'><strong>(Apoc.</strong></span> <span class='ocrx_word' id='word_1_510' title='bbox 3465 756 3507 808; x_wconf 79' lang='grc' dir='ltr'><strong>ι,</strong></span> <span class='ocrx_word' id='word_1_511' title='bbox 3537 742 3623 816; x_wconf 67' lang='lat'><strong>5).</strong></span> 
     </span>
    </p>
   </div>
   <div class='ocr_carea' id='block_1_67' title="bbox 2028 825 3623 897">
    <p class='ocr_par' dir='ltr' id='par_1_67' title="bbox 2028 825 3623 897">
     <span class='ocr_line' id='line_1_67' title="bbox 2028 825 3623 897; baseline 0.005 -16"><span class='ocrx_word' id='word_1_512' title='bbox 2028 825 2165 881; x_wconf 86' lang='lat' dir='ltr'><strong>Nam</strong></span> <span class='ocrx_word' id='word_1_513' title='bbox 2193 826 2240 881; x_wconf 91' lang='lat' dir='ltr'><strong>si</strong></span> <span class='ocrx_word' id='word_1_514' title='bbox 2274 826 2442 897; x_wconf 82' lang='lat' dir='ltr'><strong>diligo</strong></span> <span class='ocrx_word' id='word_1_515' title='bbox 2467 826 2694 881; x_wconf 89' lang='lat' dir='ltr'><strong>multum</strong></span> <span class='ocrx_word' id='word_1_516' title='bbox 2725 832 2798 892; x_wconf 92' lang='lat' dir='ltr'><strong>te,</strong></span> <span class='ocrx_word' id='word_1_517' title='bbox 2835 835 2891 880; x_wconf 91' lang='lat' dir='ltr'><strong>tu</strong></span> <span class='ocrx_word' id='word_1_518' title='bbox 2925 835 3081 883; x_wconf 90' lang='lat' dir='ltr'><strong>certe</strong></span> <span class='ocrx_word' id='word_1_519' title='bbox 3107 835 3165 883; x_wconf 91' lang='lat' dir='ltr'><strong>et</strong></span> <span class='ocrx_word' id='word_1_520' title='bbox 3215 837 3346 884; x_wconf 88' lang='lat' dir='ltr'><strong>ante</strong></span> <span class='ocrx_word' id='word_1_521' title='bbox 3381 830 3623 889; x_wconf 76' lang='lat' dir='ltr'><strong>dilexisti</strong></span> 
     </span>
    </p>
   </div>
   <div class='ocr_carea' id='block_1_68' title="bbox 2031 912 3629 991">
    <p class='ocr_par' dir='ltr' id='par_1_68' title="bbox 2031 912 3629 991">
     <span class='ocr_line' id='line_1_68' title="bbox 2031 912 3629 991; baseline 0.004 -19"><span class='ocrx_word' id='word_1_522' title='bbox 2031 932 2140 983; x_wconf 89' lang='lat' dir='ltr'><strong>me,</strong></span> <span class='ocrx_word' id='word_1_523' title='bbox 2173 927 2229 974; x_wconf 88' lang='lat' dir='ltr'><strong>et</strong></span> <span class='ocrx_word' id='word_1_524' title='bbox 2265 917 2403 989; x_wconf 89' lang='lat' dir='ltr'><strong>plus.</strong></span> <span class='ocrx_word' id='word_1_525' title='bbox 2438 917 2506 971; x_wconf 82' lang='lat' dir='ltr'><strong>In</strong></span> <span class='ocrx_word' id='word_1_526' title='bbox 2557 918 2657 972; x_wconf 80' lang='lat' dir='ltr'><strong>hoc</strong></span> <span class='ocrx_word' id='word_1_527' title='bbox 2705 917 2846 972; x_wconf 82' lang='lat' dir='ltr'><strong>enim</strong></span> <span class='ocrx_word' id='word_1_528' title='bbox 2875 917 3109 973; x_wconf 70' lang='lat' dir='ltr'><strong>alacritas</strong></span> <span class='ocrx_word' id='word_1_529' title='bbox 3142 912 3241 974; x_wconf 85' lang='lat' dir='ltr'><strong>Dei</strong></span> <span class='ocrx_word' id='word_1_530' title='bbox 3278 936 3519 991; x_wconf 75' lang='lat' dir='ltr'><strong>apparet,</strong></span> <span class='ocrx_word' id='word_1_531' title='bbox 3545 926 3629 979; x_wconf 85' lang='lat' dir='ltr'><strong>ait</strong></span> 
     </span>
    </p>
   </div>
   <div class='ocr_carea' id='block_1_69' title="bbox 2029 1009 3628 1087">
    <p class='ocr_par' dir='ltr' id='par_1_69' title="bbox 2029 1009 3628 1087">
     <span class='ocr_line' id='line_1_69' title="bbox 2029 1009 3628 1087; baseline 0.003 -20"><span class='ocrx_word' id='word_1_532' title='bbox 2029 1011 2345 1082; x_wconf 86' lang='lat' dir='ltr'><strong>Apostolus,</strong></span> <span class='ocrx_word' id='word_1_533' title='bbox 2394 1026 2497 1065; x_wconf 86' lang='lat' dir='ltr'><strong>non</strong></span> <span class='ocrx_word' id='word_1_534' title='bbox 2530 1012 2685 1081; x_wconf 80' lang='lat' dir='ltr'><strong>quasi</strong></span> <span class='ocrx_word' id='word_1_535' title='bbox 2724 1009 3066 1066; x_wconf 65' lang='lat' dir='ltr'><strong>ditent-imus</strong></span> <span class='ocrx_word' id='word_1_536' title='bbox 3121 1009 3314 1078; x_wconf 76' lang='lat' dir='ltr'><strong>Deum,</strong></span> <span class='ocrx_word' id='word_1_537' title='bbox 3364 1017 3454 1070; x_wconf 72' lang='lat' dir='ltr'><strong>sed</strong></span> <span class='ocrx_word' id='word_1_538' title='bbox 3494 1017 3628 1087; x_wconf 79' lang='lat' dir='ltr'><strong>quia</strong></span> 
     </span>
    </p>
   </div>
   <div class='ocr_carea' id='block_1_70' title="bbox 2029 1098 3628 1173">
    <p class='ocr_par' dir='ltr' id='par_1_70' title="bbox 2029 1098 3628 1173">
     <span class='ocr_line' id='line_1_70' title="bbox 2029 1098 3628 1173; baseline 0.005 -19"><span class='ocrx_word' id='word_1_539' title='bbox 2029 1103 2175 1171; x_wconf 83' lang='lat' dir='ltr'><strong>prior</strong></span> <span class='ocrx_word' id='word_1_540' title='bbox 2198 1101 2382 1156; x_wconf 72' lang='lat' dir='ltr'><strong>dilexit</strong></span> <span class='ocrx_word' id='word_1_541' title='bbox 2438 1115 2532 1155; x_wconf 79' lang='lat' dir='ltr'><strong>nos</strong></span> <span class='ocrx_word' id='word_1_542' title='bbox 2562 1101 2614 1171; x_wconf 86' lang='grc' dir='ltr'><strong>(ι</strong></span> <span class='ocrx_word' id='word_1_543' title='bbox 2660 1098 2827 1154; x_wconf 83' lang='lat' dir='ltr'><strong>Joan.</strong></span> <span class='ocrx_word' id='word_1_544' title='bbox 2860 1115 2935 1165; x_wconf 83' lang='lat' dir='ltr'><strong>tv,</strong></span> <span class='ocrx_word' id='word_1_545' title='bbox 2982 1100 3092 1170; x_wconf 85' lang='grc'><strong>10).</strong></span> <span class='ocrx_word' id='word_1_546' title='bbox 3153 1100 3353 1158; x_wconf 83' lang='lat' dir='ltr'><strong>Dilcxit</strong></span> <span class='ocrx_word' id='word_1_547' title='bbox 3403 1113 3628 1173; x_wconf 79' lang='lat' dir='ltr'><strong>quando</strong></span> 
     </span>
    </p>
   </div>
   <div class='ocr_carea' id='block_1_71' title="bbox 2031 1192 3625 1268">
    <p class='ocr_par' dir='ltr' id='par_1_71' title="bbox 2031 1192 3625 1268">
     <span class='ocr_line' id='line_1_71' title="bbox 2031 1192 3625 1268; baseline 0.006 -22"><span class='ocrx_word' id='word_1_548' title='bbox 2031 1206 2137 1247; x_wconf 90' lang='lat' dir='ltr'><strong>non</strong></span> <span class='ocrx_word' id='word_1_549' title='bbox 2166 1193 2352 1259; x_wconf 78' lang='lat' dir='ltr'><strong>dilexi,</strong></span> <span class='ocrx_word' id='word_1_550' title='bbox 2385 1192 2533 1262; x_wconf 89' lang='lat' dir='ltr'><strong>quia,</strong></span> <span class='ocrx_word' id='word_1_551' title='bbox 2580 1200 2632 1248; x_wconf 89' lang='lat' dir='ltr'><strong>et</strong></span> <span class='ocrx_word' id='word_1_552' title='bbox 2672 1193 2775 1248; x_wconf 88' lang='lat' dir='ltr'><strong>nisi</strong></span> <span class='ocrx_word' id='word_1_553' title='bbox 2832 1208 2941 1248; x_wconf 92' lang='lat' dir='ltr'><strong>non</strong></span> <span class='ocrx_word' id='word_1_554' title='bbox 2995 1192 3308 1264; x_wconf 88' lang='lat' dir='ltr'><strong>diligentem</strong></span> <span class='ocrx_word' id='word_1_555' title='bbox 3348 1197 3625 1268; x_wconf 83' lang='lat' dir='ltr'><strong>diligeres,</strong></span> 
     </span>
    </p>
   </div>
   <div class='ocr_carea' id='block_1_72' title="bbox 2030 1284 3629 1360">
    <p class='ocr_par' dir='ltr' id='par_1_72' title="bbox 2030 1284 3629 1360">
     <span class='ocr_line' id='line_1_72' title="bbox 2030 1284 3629 1360; baseline 0.004 -19"><span class='ocrx_word' id='word_1_556' title='bbox 2030 1284 2339 1357; x_wconf 86' lang='lat' dir='ltr'><strong>diligentem</strong></span> <span class='ocrx_word' id='word_1_557' title='bbox 2367 1301 2582 1357; x_wconf 90' lang='lat' dir='ltr'><strong>quoque</strong></span> <span class='ocrx_word' id='word_1_558' title='bbox 2608 1301 2714 1341; x_wconf 92' lang='lat' dir='ltr'><strong>non</strong></span> <span class='ocrx_word' id='word_1_559' title='bbox 2740 1284 3004 1349; x_wconf 78' lang='lat' dir='ltr'><strong>elliceres.</strong></span> <span class='ocrx_word' id='word_1_560' title='bbox 3036 1286 3210 1359; x_wconf 86' lang='lat' dir='ltr'><strong>Diligo</strong></span> <span class='ocrx_word' id='word_1_561' title='bbox 3240 1296 3293 1344; x_wconf 92' lang='lat' dir='ltr'><strong>te</strong></span> <span class='ocrx_word' id='word_1_562' title='bbox 3312 1303 3478 1360; x_wconf 85' lang='lat' dir='ltr'><strong>super</strong></span> <span class='ocrx_word' id='word_1_563' title='bbox 3503 1307 3629 1348; x_wconf 85' lang='lat' dir='ltr'><strong>om—</strong></span> 
     </span>
    </p>
   </div>
   <div class='ocr_carea' id='block_1_73' title="bbox 2032 1375 3628 1455">
    <p class='ocr_par' dir='ltr' id='par_1_73' title="bbox 2032 1375 3628 1455">
     <span class='ocr_line' id='line_1_73' title="bbox 2032 1375 3628 1455; baseline 0.007 -26"><span class='ocrx_word' id='word_1_564' title='bbox 2032 1376 2144 1443; x_wconf 88' lang='lat' dir='ltr'><strong>nia,</strong></span> <span class='ocrx_word' id='word_1_565' title='bbox 2172 1391 2206 1433; x_wconf 93' lang='lat' dir='ltr'><strong>o</strong></span> <span class='ocrx_word' id='word_1_566' title='bbox 2229 1377 2541 1433; x_wconf 87' lang='lat' dir='ltr'><strong>dulcissime</strong></span> <span class='ocrx_word' id='word_1_567' title='bbox 2568 1375 2721 1444; x_wconf 83' lang='lat' dir='ltr'><strong>Jesu,</strong></span> <span class='ocrx_word' id='word_1_568' title='bbox 2749 1378 2843 1433; x_wconf 90' lang='lat' dir='ltr'><strong>sed</strong></span> <span class='ocrx_word' id='word_1_569' title='bbox 2866 1377 3029 1433; x_wconf 91' lang='lat' dir='ltr'><strong>nimis</strong></span> <span class='ocrx_word' id='word_1_570' title='bbox 3052 1394 3269 1449; x_wconf 91' lang='lat' dir='ltr'><strong>parum,</strong></span> <span class='ocrx_word' id='word_1_571' title='bbox 3302 1383 3429 1452; x_wconf 89' lang='lat' dir='ltr'><strong>quia</strong></span> <span class='ocrx_word' id='word_1_572' title='bbox 3460 1381 3628 1455; x_wconf 87' lang='lat' dir='ltr'><strong>longe</strong></span> 
     </span>
    </p>
   </div>
   <div class='ocr_carea' id='block_1_74' title="bbox 2031 1469 3631 1545">
    <p class='ocr_par' dir='ltr' id='par_1_74' title="bbox 2031 1469 3631 1545">
     <span class='ocr_line' id='line_1_74' title="bbox 2031 1469 3631 1545; baseline 0.006 -21"><span class='ocrx_word' id='word_1_573' title='bbox 2031 1469 2211 1524; x_wconf 87' lang='lat' dir='ltr'><strong>minus</strong></span> <span class='ocrx_word' id='word_1_574' title='bbox 2259 1483 2421 1539; x_wconf 89' lang='lat' dir='ltr'><strong>quam</strong></span> <span class='ocrx_word' id='word_1_575' title='bbox 2474 1469 2669 1540; x_wconf 82' lang='lat' dir='ltr'><strong>dignus</strong></span> <span class='ocrx_word' id='word_1_576' title='bbox 2722 1484 2804 1536; x_wconf 90' lang='lat' dir='ltr'><strong>es,</strong></span> <span class='ocrx_word' id='word_1_577' title='bbox 2860 1469 3236 1538; x_wconf 83' lang='lat' dir='ltr'><strong>dilectissime,</strong></span> <span class='ocrx_word' id='word_1_578' title='bbox 3285 1489 3351 1530; x_wconf 88' lang='lat' dir='ltr'><strong>ac</strong></span> <span class='ocrx_word' id='word_1_579' title='bbox 3399 1477 3631 1545; x_wconf 86' lang='lat' dir='ltr'><strong>proinde</strong></span> 
     </span>
    </p>
   </div>
   <div class='ocr_carea' id='block_1_75' title="bbox 2031 1558 3626 1636">
    <p class='ocr_par' dir='ltr' id='par_1_75' title="bbox 2031 1558 3626 1636">
     <span class='ocr_line' id='line_1_75' title="bbox 2031 1558 3626 1636; baseline 0.006 -23"><span class='ocrx_word' id='word_1_580' title='bbox 2031 1558 2212 1614; x_wconf 89' lang='lat' dir='ltr'><strong>minus</strong></span> <span class='ocrx_word' id='word_1_581' title='bbox 2241 1574 2404 1627; x_wconf 89' lang='lat' dir='ltr'><strong>quam</strong></span> <span class='ocrx_word' id='word_1_582' title='bbox 2435 1560 2628 1615; x_wconf 89' lang='lat' dir='ltr'><strong>debeo.</strong></span> <span class='ocrx_word' id='word_1_583' title='bbox 2655 1559 2723 1614; x_wconf 84' lang='lat' dir='ltr'><strong>Et</strong></span> <span class='ocrx_word' id='word_1_584' title='bbox 2743 1560 2868 1630; x_wconf 89' lang='lat' dir='ltr'><strong>quis</strong></span> <span class='ocrx_word' id='word_1_585' title='bbox 2892 1561 2996 1615; x_wconf 86' lang='lat' dir='ltr'><strong>hoc</strong></span> <span class='ocrx_word' id='word_1_586' title='bbox 3042 1564 3256 1631; x_wconf 82' lang='lat' dir='ltr'><strong>posset?</strong></span> <span class='ocrx_word' id='word_1_587' title='bbox 3305 1564 3544 1636; x_wconf 81' lang='lat' dir='ltr'><strong>Diligere</strong></span> <span class='ocrx_word' id='word_1_588' title='bbox 3567 1577 3626 1623; x_wconf 87' lang='lat' dir='ltr'><strong>te</strong></span> 
     </span>
    </p>
   </div>
   <div class='ocr_carea' id='block_1_76' title="bbox 2032 1647 3622 1721">
    <p class='ocr_par' dir='ltr' id='par_1_76' title="bbox 2032 1647 3622 1721">
     <span class='ocr_line' id='line_1_76' title="bbox 2032 1647 3622 1721; baseline 0.006 -18"><span class='ocrx_word' id='word_1_589' title='bbox 2032 1658 2210 1720; x_wconf 89' lang='lat' dir='ltr'><strong>potest</strong></span> <span class='ocrx_word' id='word_1_590' title='bbox 2232 1647 2448 1718; x_wconf 86' lang='lat' dir='ltr'><strong>aliquis,</strong></span> <span class='ocrx_word' id='word_1_591' title='bbox 2486 1657 2538 1704; x_wconf 92' lang='lat' dir='ltr'><strong>te</strong></span> <span class='ocrx_word' id='word_1_592' title='bbox 2575 1649 2837 1715; x_wconf 90' lang='lat' dir='ltr'><strong>donante,</strong></span> <span class='ocrx_word' id='word_1_593' title='bbox 2863 1658 3127 1720; x_wconf 89' lang='lat' dir='ltr'><strong>quantum</strong></span> <span class='ocrx_word' id='word_1_594' title='bbox 3160 1653 3323 1721; x_wconf 86' lang='lat' dir='ltr'><strong>valet,</strong></span> <span class='ocrx_word' id='word_1_595' title='bbox 3356 1658 3449 1711; x_wconf 90' lang='lat' dir='ltr'><strong>sed</strong></span> <span class='ocrx_word' id='word_1_596' title='bbox 3477 1674 3622 1712; x_wconf 82' lang='lat' dir='ltr'><strong>nun-</strong></span> 
     </span>
    </p>
   </div>
   <div class='ocr_carea' id='block_1_77' title="bbox 2034 1741 3627 1811">
    <p class='ocr_par' dir='ltr' id='par_1_77' title="bbox 2034 1741 3627 1811">
     <span class='ocr_line' id='line_1_77' title="bbox 2034 1741 3627 1811; baseline 0.007 -16"><span class='ocrx_word' id='word_1_597' title='bbox 2034 1756 2199 1811; x_wconf 92' lang='lat' dir='ltr'><strong>quam</strong></span> <span class='ocrx_word' id='word_1_598' title='bbox 2225 1753 2485 1811; x_wconf 87' lang='lat' dir='ltr'><strong>quantum</strong></span> <span class='ocrx_word' id='word_1_599' title='bbox 2550 1741 2732 1798; x_wconf 85' lang='lat' dir='ltr'><strong>debet.</strong></span> <span class='ocrx_word' id='word_1_600' title='bbox 2791 1743 2924 1810; x_wconf 84' lang='lat' dir='ltr'><strong>Quis</strong></span> <span class='ocrx_word' id='word_1_601' title='bbox 2977 1744 3072 1801; x_wconf 92' lang='lat' dir='ltr'><strong>tibi</strong></span> <span class='ocrx_word' id='word_1_602' title='bbox 3108 1745 3298 1802; x_wconf 85' lang='lat' dir='ltr'><strong>reddet</strong></span> <span class='ocrx_word' id='word_1_603' title='bbox 3342 1748 3627 1806; x_wconf 70' lang='lat' dir='ltr'><strong>innoxium</strong></span> 
     </span>
    </p>
   </div>
   <div class='ocr_carea' id='block_1_78' title="bbox 2035 1835 3631 1920">
    <p class='ocr_par' dir='ltr' id='par_1_78' title="bbox 2035 1835 3631 1920">
     <span class='ocr_line' id='line_1_78' title="bbox 2035 1835 3631 1920; baseline 0.009 -31"><span class='ocrx_word' id='word_1_604' title='bbox 2035 1836 2354 1904; x_wconf 86' lang='lat' dir='ltr'><strong>sanguinem</strong></span> <span class='ocrx_word' id='word_1_605' title='bbox 2398 1847 2570 1903; x_wconf 89' lang='lat' dir='ltr'><strong>tuum,</strong></span> <span class='ocrx_word' id='word_1_606' title='bbox 2611 1835 2766 1906; x_wconf 86' lang='lat' dir='ltr'><strong>cujus</strong></span> <span class='ocrx_word' id='word_1_607' title='bbox 2808 1853 2915 1893; x_wconf 92' lang='lat' dir='ltr'><strong>non</strong></span> <span class='ocrx_word' id='word_1_608' title='bbox 2972 1850 3143 1912; x_wconf 85' lang='lat' dir='ltr'><strong>gutta,</strong></span> <span class='ocrx_word' id='word_1_609' title='bbox 3202 1844 3296 1899; x_wconf 90' lang='lat' dir='ltr'><strong>sed</strong></span> <span class='ocrx_word' id='word_1_610' title='bbox 3335 1847 3476 1900; x_wconf 88' lang='lat' dir='ltr'><strong>unda</strong></span> <span class='ocrx_word' id='word_1_611' title='bbox 3526 1863 3631 1920; x_wconf 85' lang='lat' dir='ltr'><strong>per</strong></span> 
     </span>
    </p>
   </div>
   <div class='ocr_carea' id='block_1_79' title="bbox 2035 1926 3630 2007">
    <p class='ocr_par' dir='ltr' id='par_1_79' title="bbox 2035 1926 3630 2007">
     <span class='ocr_line' id='line_1_79' title="bbox 2035 1926 3630 2007; baseline 0.01 -30"><span class='ocrx_word' id='word_1_612' title='bbox 2035 1926 2274 1996; x_wconf 89' lang='lat' dir='ltr'><strong>quinque</strong></span> <span class='ocrx_word' id='word_1_613' title='bbox 2299 1928 2543 1996; x_wconf 88' lang='lat' dir='ltr'><strong>corporis</strong></span> <span class='ocrx_word' id='word_1_614' title='bbox 2576 1928 2651 1981; x_wconf 94' lang='lat' dir='ltr'><strong>tui</strong></span> <span class='ocrx_word' id='word_1_615' title='bbox 2682 1939 2865 1998; x_wconf 89' lang='lat' dir='ltr'><strong>partes</strong></span> <span class='ocrx_word' id='word_1_616' title='bbox 2918 1930 3209 2000; x_wconf 78' lang='lat' dir='ltr'><strong>proﬂuxit?</strong></span> <span class='ocrx_word' id='word_1_617' title='bbox 3250 1932 3459 1990; x_wconf 88' lang='lat' dir='ltr'><strong>Creasti</strong></span> <span class='ocrx_word' id='word_1_618' title='bbox 3511 1954 3630 2007; x_wconf 86' lang='lat' dir='ltr'><strong>me,</strong></span> 
     </span>
    </p>
   </div>
   <div class='ocr_carea' id='block_1_80' title="bbox 2036 2017 3627 2092">
    <p class='ocr_par' dir='ltr' id='par_1_80' title="bbox 2036 2017 3627 2092">
     <span class='ocr_line' id='line_1_80' title="bbox 2036 2017 3627 2092; baseline 0.009 -23"><span class='ocrx_word' id='word_1_619' title='bbox 2036 2029 2159 2070; x_wconf 92' lang='lat' dir='ltr'><strong>cum</strong></span> <span class='ocrx_word' id='word_1_620' title='bbox 2191 2031 2296 2071; x_wconf 93' lang='lat' dir='ltr'><strong>non</strong></span> <span class='ocrx_word' id='word_1_621' title='bbox 2327 2030 2502 2072; x_wconf 85' lang='lat' dir='ltr'><strong>essem</strong></span> <span class='ocrx_word' id='word_1_622' title='bbox 2531 2034 2547 2084; x_wconf 88' lang='lat'><strong>;</strong></span> <span class='ocrx_word' id='word_1_623' title='bbox 2575 2017 2850 2074; x_wconf 88' lang='lat' dir='ltr'><strong>redemisti</strong></span> <span class='ocrx_word' id='word_1_624' title='bbox 2868 2032 2972 2085; x_wconf 86' lang='lat' dir='ltr'><strong>me,</strong></span> <span class='ocrx_word' id='word_1_625' title='bbox 3003 2036 3125 2076; x_wconf 91' lang='lat' dir='ltr'><strong>cum</strong></span> <span class='ocrx_word' id='word_1_626' title='bbox 3153 2025 3397 2092; x_wconf 90' lang='lat' dir='ltr'><strong>perditus</strong></span> <span class='ocrx_word' id='word_1_627' title='bbox 3419 2041 3627 2083; x_wconf 86' lang='lat' dir='ltr'><strong>essem.</strong></span> 
     </span>
    </p>
   </div>
   <div class='ocr_carea' id='block_1_81' title="bbox 2034 2108 3630 2186">
    <p class='ocr_par' dir='ltr' id='par_1_81' title="bbox 2034 2108 3630 2186">
     <span class='ocr_line' id='line_1_81' title="bbox 2034 2108 3630 2186; baseline 0.009 -22"><span class='ocrx_word' id='word_1_628' title='bbox 2034 2108 2145 2164; x_wconf 85' lang='lat' dir='ltr'><strong>Sed</strong></span> <span class='ocrx_word' id='word_1_629' title='bbox 2173 2109 2499 2166; x_wconf 90' lang='lat' dir='ltr'><strong>conditionis</strong></span> <span class='ocrx_word' id='word_1_630' title='bbox 2527 2111 2746 2182; x_wconf 87' lang='lat' dir='ltr'><strong>quidem</strong></span> <span class='ocrx_word' id='word_1_631' title='bbox 2785 2127 2920 2169; x_wconf 75' lang='lat' dir='ltr'><strong>mea:</strong></span> <span class='ocrx_word' id='word_1_632' title='bbox 2949 2124 3006 2169; x_wconf 91' lang='lat' dir='ltr'><strong>et</strong></span> <span class='ocrx_word' id='word_1_633' title='bbox 3033 2115 3420 2186; x_wconf 89' lang='lat' dir='ltr'><strong>redemptionis</strong></span> <span class='ocrx_word' id='word_1_634' title='bbox 3455 2134 3630 2178; x_wconf 74' lang='lat' dir='ltr'><strong>causa</strong></span> 
     </span>
    </p>
   </div>
   <div class='ocr_carea' id='block_1_82' title="bbox 2035 2199 3629 2276">
    <p class='ocr_par' dir='ltr' id='par_1_82' title="bbox 2035 2199 3629 2276">
     <span class='ocr_line' id='line_1_82' title="bbox 2035 2199 3629 2276; baseline 0.01 -21"><span class='ocrx_word' id='word_1_635' title='bbox 2035 2199 2147 2256; x_wconf 88' lang='lat' dir='ltr'><strong>sola</strong></span> <span class='ocrx_word' id='word_1_636' title='bbox 2169 2201 2272 2256; x_wconf 86' lang='lat' dir='ltr'><strong>fuit</strong></span> <span class='ocrx_word' id='word_1_637' title='bbox 2289 2201 2508 2258; x_wconf 86' lang='lat' dir='ltr'><strong>dilectio</strong></span> <span class='ocrx_word' id='word_1_638' title='bbox 2537 2212 2647 2258; x_wconf 89' lang='lat' dir='ltr'><strong>tua.</strong></span> <span class='ocrx_word' id='word_1_639' title='bbox 2681 2203 2819 2271; x_wconf 88' lang='lat' dir='ltr'><strong>Quia</strong></span> <span class='ocrx_word' id='word_1_640' title='bbox 2846 2220 2998 2276; x_wconf 79' lang='lat' dir='ltr'><strong>ergo,</strong></span> <span class='ocrx_word' id='word_1_641' title='bbox 3022 2220 3057 2262; x_wconf 90' lang='grc' dir='ltr'>ο</span> <span class='ocrx_word' id='word_1_642' title='bbox 3083 2207 3316 2265; x_wconf 90' lang='lat' dir='ltr'><strong>dulcedo</strong></span> <span class='ocrx_word' id='word_1_643' title='bbox 3338 2213 3461 2267; x_wconf 74' lang='lat' dir='ltr'><strong>vita:</strong></span> <span class='ocrx_word' id='word_1_644' title='bbox 3490 2229 3629 2271; x_wconf 62' lang='lat' dir='ltr'><strong>inea</strong></span> 
     </span>
    </p>
   </div>
   <div class='ocr_carea' id='block_1_83' title="bbox 2035 2293 3629 2375">
    <p class='ocr_par' dir='ltr' id='par_1_83' title="bbox 2035 2293 3629 2375">
     <span class='ocr_line' id='line_1_83' title="bbox 2035 2293 3629 2375; baseline 0.007 -25"><span class='ocrx_word' id='word_1_645' title='bbox 2035 2293 2199 2350; x_wconf 82' lang='lat' dir='ltr'><strong>Jesu!</strong></span> <span class='ocrx_word' id='word_1_646' title='bbox 2238 2294 2369 2364; x_wconf 88' lang='lat' dir='ltr'><strong>quid</strong></span> <span class='ocrx_word' id='word_1_647' title='bbox 2407 2295 2461 2349; x_wconf 91' lang='lat' dir='ltr'><strong>in</strong></span> <span class='ocrx_word' id='word_1_648' title='bbox 2507 2310 2595 2352; x_wconf 93' lang='lat' dir='ltr'><strong>me</strong></span> <span class='ocrx_word' id='word_1_649' title='bbox 2627 2296 2810 2352; x_wconf 89' lang='lat' dir='ltr'><strong>vidisti</strong></span> <span class='ocrx_word' id='word_1_650' title='bbox 2860 2312 2960 2369; x_wconf 90' lang='lat' dir='ltr'><strong>pro</strong></span> <span class='ocrx_word' id='word_1_651' title='bbox 2994 2313 3103 2369; x_wconf 91' lang='lat' dir='ltr'><strong>quo</strong></span> <span class='ocrx_word' id='word_1_652' title='bbox 3143 2308 3350 2357; x_wconf 90' lang='lat' dir='ltr'><strong>tantum</strong></span> <span class='ocrx_word' id='word_1_653' title='bbox 3388 2305 3629 2375; x_wconf 90' lang='lat' dir='ltr'><strong>pretium</strong></span> 
     </span>
    </p>
   </div>
   <div class='ocr_carea' id='block_1_84' title="bbox 2036 2379 3630 2463">
    <p class='ocr_par' dir='ltr' id='par_1_84' title="bbox 2036 2379 3630 2463">
     <span class='ocr_line' id='line_1_84' title="bbox 2036 2379 3630 2463; baseline 0.006 -23"><span class='ocrx_word' id='word_1_654' title='bbox 2036 2385 2234 2441; x_wconf 82' lang='lat' dir='ltr'><strong>dares?</strong></span> <span class='ocrx_word' id='word_1_655' title='bbox 2259 2379 2401 2440; x_wconf 80' lang='lat' dir='ltr'><strong>Nihil</strong></span> <span class='ocrx_word' id='word_1_656' title='bbox 2420 2401 2665 2457; x_wconf 91' lang='lat' dir='ltr'><strong>prorsus,</strong></span> <span class='ocrx_word' id='word_1_657' title='bbox 2693 2387 2798 2443; x_wconf 92' lang='lat' dir='ltr'><strong>nisi</strong></span> <span class='ocrx_word' id='word_1_658' title='bbox 2820 2389 2949 2459; x_wconf 92' lang='lat' dir='ltr'><strong>quia</strong></span> <span class='ocrx_word' id='word_1_659' title='bbox 2979 2389 3057 2445; x_wconf 91' lang='lat' dir='ltr'><strong>sic</strong></span> <span class='ocrx_word' id='word_1_660' title='bbox 3084 2388 3186 2445; x_wconf 80' lang='lat' dir='ltr'><strong>fuit</strong></span> <span class='ocrx_word' id='word_1_661' title='bbox 3210 2391 3470 2463; x_wconf 88' lang='lat' dir='ltr'><strong>placitum</strong></span> <span class='ocrx_word' id='word_1_662' title='bbox 3499 2406 3630 2451; x_wconf 84' lang='lat' dir='ltr'><strong>ante</strong></span> 
     </span>
    </p>
   </div>
   <div class='ocr_carea' id='block_1_85' title="bbox 2038 2477 3628 2558">
    <p class='ocr_par' dir='ltr' id='par_1_85' title="bbox 2038 2477 3628 2558">
     <span class='ocr_line' id='line_1_85' title="bbox 2038 2477 3628 2558; baseline 0.008 -25"><span class='ocrx_word' id='word_1_663' title='bbox 2038 2486 2112 2533; x_wconf 90' lang='lat' dir='ltr'><strong>te.</strong></span> <span class='ocrx_word' id='word_1_664' title='bbox 2138 2477 2361 2533; x_wconf 84' lang='lat' dir='ltr'><strong>Multum</strong></span> <span class='ocrx_word' id='word_1_665' title='bbox 2385 2480 2603 2548; x_wconf 89' lang='lat' dir='ltr'><strong>quidem</strong></span> <span class='ocrx_word' id='word_1_666' title='bbox 2626 2481 2903 2537; x_wconf 89' lang='lat' dir='ltr'><strong>contulisti</strong></span> <span class='ocrx_word' id='word_1_667' title='bbox 2927 2481 3176 2551; x_wconf 89' lang='lat' dir='ltr'><strong>Creator,</strong></span> <span class='ocrx_word' id='word_1_668' title='bbox 3205 2487 3299 2541; x_wconf 90' lang='lat' dir='ltr'><strong>sed</strong></span> <span class='ocrx_word' id='word_1_669' title='bbox 3320 2486 3479 2557; x_wconf 89' lang='lat' dir='ltr'><strong>longe</strong></span> <span class='ocrx_word' id='word_1_670' title='bbox 3504 2488 3628 2558; x_wconf 77' lang='lat' dir='ltr'><strong>plus</strong></span> 
     </span>
    </p>
   </div>
   <div class='ocr_carea' id='block_1_86' title="bbox 2037 2567 3631 2647">
    <p class='ocr_par' dir='ltr' id='par_1_86' title="bbox 2037 2567 3631 2647">
     <span class='ocr_line' id='line_1_86' title="bbox 2037 2567 3631 2647; baseline 0.008 -25"><span class='ocrx_word' id='word_1_671' title='bbox 2037 2567 2386 2640; x_wconf 83' lang='lat' dir='ltr'><strong>Redemptor.</strong></span> <span class='ocrx_word' id='word_1_672' title='bbox 2419 2570 2465 2626; x_wconf 90' lang='grc' dir='ltr'>Ο</span> <span class='ocrx_word' id='word_1_673' title='bbox 2502 2586 2665 2640; x_wconf 90' lang='lat' dir='ltr'><strong>quam</strong></span> <span class='ocrx_word' id='word_1_674' title='bbox 2716 2572 2949 2629; x_wconf 88' lang='lat' dir='ltr'><strong>decorus</strong></span> <span class='ocrx_word' id='word_1_675' title='bbox 2993 2589 3074 2643; x_wconf 88' lang='lat' dir='ltr'><strong>es,</strong></span> <span class='ocrx_word' id='word_1_676' title='bbox 3119 2576 3346 2634; x_wconf 88' lang='lat' dir='ltr'><strong>Domine</strong></span> <span class='ocrx_word' id='word_1_677' title='bbox 3390 2577 3541 2647; x_wconf 81' lang='lat' dir='ltr'><strong>Jeso,</strong></span> <span class='ocrx_word' id='word_1_678' title='bbox 3569 2589 3631 2637; x_wconf 90' lang='lat' dir='ltr'><strong>et</strong></span> 
     </span>
    </p>
   </div>
   <div class='ocr_carea' id='block_1_87' title="bbox 2038 2662 3626 2740">
    <p class='ocr_par' dir='ltr' id='par_1_87' title="bbox 2038 2662 3626 2740">
     <span class='ocr_line' id='line_1_87' title="bbox 2038 2662 3626 2740; baseline 0.009 -25"><span class='ocrx_word' id='word_1_679' title='bbox 2038 2675 2199 2731; x_wconf 89' lang='lat' dir='ltr'><strong>quam</strong></span> <span class='ocrx_word' id='word_1_680' title='bbox 2226 2662 2438 2717; x_wconf 82' lang='lat' dir='ltr'><strong>suavis!</strong></span> <span class='ocrx_word' id='word_1_681' title='bbox 2477 2662 2736 2730; x_wconf 89' lang='lat' dir='ltr'><strong>Decorus,</strong></span> <span class='ocrx_word' id='word_1_682' title='bbox 2775 2666 2870 2721; x_wconf 90' lang='lat' dir='ltr'><strong>sed</strong></span> <span class='ocrx_word' id='word_1_683' title='bbox 2917 2666 3231 2724; x_wconf 86' lang='lat' dir='ltr'><strong>videntibus</strong></span> <span class='ocrx_word' id='word_1_684' title='bbox 3281 2679 3367 2736; x_wconf 85' lang='lat' dir='ltr'><strong>te;</strong></span> <span class='ocrx_word' id='word_1_685' title='bbox 3419 2673 3626 2740; x_wconf 85' lang='lat' dir='ltr'><strong>suavis,</strong></span> 
     </span>
    </p>
   </div>
   <div class='ocr_carea' id='block_1_88' title="bbox 2037 2754 3631 2826">
    <p class='ocr_par' dir='ltr' id='par_1_88' title="bbox 2037 2754 3631 2826">
     <span class='ocr_line' id='line_1_88' title="bbox 2037 2754 3631 2826; baseline 0.006 -17"><span class='ocrx_word' id='word_1_686' title='bbox 2037 2754 2141 2809; x_wconf 86' lang='lat' dir='ltr'><strong>sed</strong></span> <span class='ocrx_word' id='word_1_687' title='bbox 2170 2754 2513 2825; x_wconf 87' lang='lat' dir='ltr'><strong>gustantibus</strong></span> <span class='ocrx_word' id='word_1_688' title='bbox 2541 2763 2611 2811; x_wconf 89' lang='lat' dir='ltr'><strong>te.</strong></span> <span class='ocrx_word' id='word_1_689' title='bbox 2644 2756 2906 2826; x_wconf 83' lang='lat' dir='ltr'><strong>Nesciris,</strong></span> <span class='ocrx_word' id='word_1_690' title='bbox 2942 2758 3049 2814; x_wconf 91' lang='lat' dir='ltr'><strong>nisi</strong></span> <span class='ocrx_word' id='word_1_691' title='bbox 3094 2762 3353 2818; x_wconf 84' lang='lat' dir='ltr'><strong>videaris.</strong></span> <span class='ocrx_word' id='word_1_692' title='bbox 3393 2762 3510 2818; x_wconf 89' lang='lat' dir='ltr'><strong>Non</strong></span> <span class='ocrx_word' id='word_1_693' title='bbox 3559 2764 3631 2820; x_wconf 82' lang='lat' dir='ltr'><strong>iis</strong></span> 
     </span>
    </p>
   </div>
   <div class='ocr_carea' id='block_1_89' title="bbox 2038 2845 3630 2926">
    <p class='ocr_par' dir='ltr' id='par_1_89' title="bbox 2038 2845 3630 2926">
     <span class='ocr_line' id='line_1_89' title="bbox 2038 2845 3630 2926; baseline 0.006 -26"><span class='ocrx_word' id='word_1_694' title='bbox 2038 2845 2233 2914; x_wconf 82' lang='lat' dir='ltr'><strong>dulc.s,</strong></span> <span class='ocrx_word' id='word_1_695' title='bbox 2264 2848 2365 2904; x_wconf 88' lang='lat' dir='ltr'><strong>nisi</strong></span> <span class='ocrx_word' id='word_1_696' title='bbox 2394 2850 2650 2920; x_wconf 85' lang='lat' dir='ltr'><strong>gusteris.</strong></span> <span class='ocrx_word' id='word_1_697' title='bbox 2682 2848 2791 2906; x_wconf 85' lang='lat' dir='ltr'><strong>Fac</strong></span> <span class='ocrx_word' id='word_1_698' title='bbox 2821 2867 2909 2908; x_wconf 90' lang='lat' dir='ltr'><strong>me</strong></span> <span class='ocrx_word' id='word_1_699' title='bbox 2952 2867 3198 2923; x_wconf 71' lang='lat' dir='ltr'><strong>quaerere</strong></span> <span class='ocrx_word' id='word_1_700' title='bbox 3232 2863 3306 2922; x_wconf 87' lang='lat' dir='ltr'><strong>te,</strong></span> <span class='ocrx_word' id='word_1_701' title='bbox 3338 2856 3630 2926; x_wconf 67' lang='lat' dir='ltr'><strong>quaesitum</strong></span> 
     </span>
    </p>
   </div>
   <div class='ocr_carea' id='block_1_90' title="bbox 2039 2938 3629 3013">
    <p class='ocr_par' dir='ltr' id='par_1_90' title="bbox 2039 2938 3629 3013">
     <span class='ocr_line' id='line_1_90' title="bbox 2039 2938 3629 3013; baseline 0.007 -20"><span class='ocrx_word' id='word_1_702' title='bbox 2039 2938 2283 2994; x_wconf 91' lang='lat' dir='ltr'><strong>invenire</strong></span> <span class='ocrx_word' id='word_1_703' title='bbox 2315 2948 2388 3007; x_wconf 90' lang='lat' dir='ltr'><strong>te,</strong></span> <span class='ocrx_word' id='word_1_704' title='bbox 2421 2949 2626 2996; x_wconf 91' lang='lat' dir='ltr'><strong>tentum</strong></span> <span class='ocrx_word' id='word_1_705' title='bbox 2656 2941 2957 3013; x_wconf 89' lang='lat' dir='ltr'><strong>possidere,</strong></span> <span class='ocrx_word' id='word_1_706' title='bbox 2985 2954 3045 3000; x_wconf 91' lang='lat' dir='ltr'><strong>ut</strong></span> <span class='ocrx_word' id='word_1_707' title='bbox 3073 2955 3130 3001; x_wconf 92' lang='lat' dir='ltr'><strong>tu</strong></span> <span class='ocrx_word' id='word_1_708' title='bbox 3155 2946 3305 3004; x_wconf 84' lang='lat' dir='ltr'><strong>solus</strong></span> <span class='ocrx_word' id='word_1_709' title='bbox 3340 2949 3629 3005; x_wconf 89' lang='lat' dir='ltr'><strong>dulcescas</strong></span> 
     </span>
    </p>
   </div>
   <div class='ocr_carea' id='block_1_91' title="bbox 2040 3029 3633 3106">
    <p class='ocr_par' dir='ltr' id='par_1_91' title="bbox 2040 3029 3633 3106">
     <span class='ocr_line' id='line_1_91' title="bbox 2040 3029 3633 3106; baseline 0.005 -21"><span class='ocrx_word' id='word_1_710' title='bbox 2040 3029 2195 3098; x_wconf 88' lang='lat' dir='ltr'><strong>mihi,</strong></span> <span class='ocrx_word' id='word_1_711' title='bbox 2225 3030 2405 3101; x_wconf 85' lang='lat' dir='ltr'><strong>sapias</strong></span> <span class='ocrx_word' id='word_1_712' title='bbox 2435 3041 2490 3086; x_wconf 92' lang='lat' dir='ltr'><strong>et</strong></span> <span class='ocrx_word' id='word_1_713' title='bbox 2515 3030 2752 3103; x_wconf 88' lang='lat' dir='ltr'><strong>placeas.</strong></span> <span class='ocrx_word' id='word_1_714' title='bbox 2778 3031 2887 3088; x_wconf 83' lang='lat' dir='ltr'><strong>Fac</strong></span> <span class='ocrx_word' id='word_1_715' title='bbox 2916 3050 3004 3090; x_wconf 89' lang='lat' dir='ltr'><strong>me</strong></span> <span class='ocrx_word' id='word_1_716' title='bbox 3025 3050 3327 3106; x_wconf 82' lang='lat' dir='ltr'><strong>agnoscere</strong></span> <span class='ocrx_word' id='word_1_717' title='bbox 3357 3045 3431 3102; x_wconf 88' lang='lat' dir='ltr'><strong>te,</strong></span> <span class='ocrx_word' id='word_1_718' title='bbox 3466 3038 3633 3093; x_wconf 85' lang='lat' dir='ltr'><strong>time-</strong></span> 
     </span>
    </p>
   </div>
   <div class='ocr_carea' id='block_1_92' title="bbox 2041 3122 3631 3199">
    <p class='ocr_par' dir='ltr' id='par_1_92' title="bbox 2041 3122 3631 3199">
     <span class='ocr_line' id='line_1_92' title="bbox 2041 3122 3631 3199; baseline 0.004 -23"><span class='ocrx_word' id='word_1_719' title='bbox 2041 3136 2121 3188; x_wconf 84' lang='lat' dir='ltr'><strong>re,</strong></span> <span class='ocrx_word' id='word_1_720' title='bbox 2144 3135 2354 3189; x_wconf 89' lang='lat' dir='ltr'><strong>amare,</strong></span> <span class='ocrx_word' id='word_1_721' title='bbox 2385 3122 2719 3178; x_wconf 88' lang='lat' dir='ltr'><strong>desiderare.</strong></span> <span class='ocrx_word' id='word_1_722' title='bbox 2745 3124 2803 3179; x_wconf 91' lang='lat' dir='ltr'><strong>ln</strong></span> <span class='ocrx_word' id='word_1_723' title='bbox 2837 3138 3083 3182; x_wconf 90' lang='lat' dir='ltr'><strong>amorem</strong></span> <span class='ocrx_word' id='word_1_724' title='bbox 3113 3127 3495 3199; x_wconf 88' lang='lat' dir='ltr'><strong>temporalium</strong></span> <span class='ocrx_word' id='word_1_725' title='bbox 3517 3128 3631 3184; x_wconf 87' lang='lat' dir='ltr'><strong>labi</strong></span> 
     </span>
    </p>
   </div>
   <div class='ocr_carea' id='block_1_93' title="bbox 2037 3212 3632 3290">
    <p class='ocr_par' dir='ltr' id='par_1_93' title="bbox 2037 3212 3632 3290">
     <span class='ocr_line' id='line_1_93' title="bbox 2037 3212 3632 3290; baseline 0.006 -21"><span class='ocrx_word' id='word_1_726' title='bbox 2037 3228 2107 3269; x_wconf 91' lang='lat' dir='ltr'><strong>ne</strong></span> <span class='ocrx_word' id='word_1_727' title='bbox 2133 3214 2281 3270; x_wconf 86' lang='lat' dir='ltr'><strong>sinas</strong></span> <span class='ocrx_word' id='word_1_728' title='bbox 2303 3226 2410 3269; x_wconf 91' lang='lat' dir='ltr'><strong>me.</strong></span> <span class='ocrx_word' id='word_1_729' title='bbox 2438 3212 2579 3281; x_wconf 77' lang='lat' dir='ltr'><strong>Heu,</strong></span> <span class='ocrx_word' id='word_1_730' title='bbox 2604 3215 2676 3270; x_wconf 92' lang='lat' dir='ltr'><strong>mi</strong></span> <span class='ocrx_word' id='word_1_731' title='bbox 2700 3217 2950 3287; x_wconf 85' lang='lat' dir='ltr'><strong>Domine,</strong></span> <span class='ocrx_word' id='word_1_732' title='bbox 2983 3220 3110 3290; x_wconf 88' lang='lat' dir='ltr'><strong>quia</strong></span> <span class='ocrx_word' id='word_1_733' title='bbox 3150 3221 3489 3278; x_wconf 83' lang='lat' dir='ltr'><strong>incessanter</strong></span> <span class='ocrx_word' id='word_1_734' title='bbox 3517 3235 3632 3278; x_wconf 80' lang='lat' dir='ltr'><strong>non</strong></span> 
     </span>
    </p>
   </div>
   <div class='ocr_carea' id='block_1_94' title="bbox 2037 3308 3308 3376">
    <p class='ocr_par' dir='ltr' id='par_1_94' title="bbox 2037 3308 3308 3376">
     <span class='ocr_line' id='line_1_94' title="bbox 2037 3308 3308 3376; baseline 0.006 -18"><span class='ocrx_word' id='word_1_735' title='bbox 2037 3318 2256 3375; x_wconf 86' lang='lat' dir='ltr'><strong>possum</strong></span> <span class='ocrx_word' id='word_1_736' title='bbox 2279 3312 2499 3374; x_wconf 87' lang='lat' dir='ltr'><strong>gustare</strong></span> <span class='ocrx_word' id='word_1_737' title='bbox 2525 3319 2687 3376; x_wconf 88' lang='lat' dir='ltr'><strong>quam</strong></span> <span class='ocrx_word' id='word_1_738' title='bbox 2711 3308 2894 3362; x_wconf 86' lang='lat' dir='ltr'><strong>suavis</strong></span> <span class='ocrx_word' id='word_1_739' title='bbox 2918 3317 2976 3363; x_wconf 90' lang='lat' dir='ltr'><strong>et</strong></span> <span class='ocrx_word' id='word_1_740' title='bbox 2996 3308 3170 3366; x_wconf 89' lang='lat' dir='ltr'><strong>dulcis</strong></span> <span class='ocrx_word' id='word_1_741' title='bbox 3198 3311 3308 3366; x_wconf 80' lang='lat' dir='ltr'><strong>sis!</strong></span> 
     </span>
    </p>
   </div>
   <div class='ocr_carea' id='block_1_95' title="bbox 2075 3396 3631 3465">
    <p class='ocr_par' dir='ltr' id='par_1_95' title="bbox 2075 3396 3631 3465">
     <span class='ocr_line' id='line_1_95' title="bbox 2075 3396 3631 3465; baseline 0.004 -13"><span class='ocrx_word' id='word_1_742' title='bbox 2075 3396 2339 3453; x_wconf 81' lang='lat' dir='ltr'><strong>Peccator</strong></span> <span class='ocrx_word' id='word_1_743' title='bbox 2357 3410 2501 3465; x_wconf 89' lang='lat' dir='ltr'><strong>sum,</strong></span> <span class='ocrx_word' id='word_1_744' title='bbox 2526 3413 2561 3455; x_wconf 88' lang='grc' dir='ltr'>ο</span> <span class='ocrx_word' id='word_1_745' title='bbox 2595 3399 3114 3457; x_wconf 89' lang='lat' dir='ltr'><strong>misericordissime</strong></span> <span class='ocrx_word' id='word_1_746' title='bbox 3167 3398 3320 3458; x_wconf 84' lang='lat' dir='ltr'><strong>Jcsu.</strong></span> <span class='ocrx_word' id='word_1_747' title='bbox 3365 3400 3631 3459; x_wconf 81' lang='lat' dir='ltr'><strong>Miserere</strong></span> 
     </span>
    </p>
   </div>
   <div class='ocr_carea' id='block_1_96' title="bbox 2037 3492 3634 3567">
    <p class='ocr_par' dir='ltr' id='par_1_96' title="bbox 2037 3492 3634 3567">
     <span class='ocr_line' id='line_1_96' title="bbox 2037 3492 3634 3567; baseline 0.005 -21"><span class='ocrx_word' id='word_1_748' title='bbox 2037 3492 2167 3558; x_wconf 88' lang='lat' dir='ltr'><strong>mei,</strong></span> <span class='ocrx_word' id='word_1_749' title='bbox 2204 3494 2298 3564; x_wconf 92' lang='lat' dir='ltr'><strong>qui</strong></span> <span class='ocrx_word' id='word_1_750' title='bbox 2339 3510 2446 3551; x_wconf 91' lang='lat' dir='ltr'><strong>non</strong></span> <span class='ocrx_word' id='word_1_751' title='bbox 2476 3495 2673 3551; x_wconf 88' lang='lat' dir='ltr'><strong>venisti</strong></span> <span class='ocrx_word' id='word_1_752' title='bbox 2700 3509 2900 3551; x_wconf 88' lang='lat' dir='ltr'><strong>vocare</strong></span> <span class='ocrx_word' id='word_1_753' title='bbox 2937 3492 3138 3566; x_wconf 86' lang='lat' dir='ltr'><strong>justos,</strong></span> <span class='ocrx_word' id='word_1_754' title='bbox 3168 3497 3262 3552; x_wconf 91' lang='lat' dir='ltr'><strong>sed</strong></span> <span class='ocrx_word' id='word_1_755' title='bbox 3308 3507 3634 3567; x_wconf 83' lang='lat' dir='ltr'><strong>peccatores</strong></span> 
     </span>
    </p>
   </div>
   <div class='ocr_carea' id='block_1_97' title="bbox 2037 3583 3631 3662">
    <p class='ocr_par' dir='ltr' id='par_1_97' title="bbox 2037 3583 3631 3662">
     <span class='ocr_line' id='line_1_97' title="bbox 2037 3583 3631 3662; baseline 0.006 -26"><span class='ocrx_word' id='word_1_756' title='bbox 2037 3583 2258 3655; x_wconf 80' lang='lat' dir='ltr'><strong>(Matth.</strong></span> <span class='ocrx_word' id='word_1_757' title='bbox 2288 3601 2364 3652; x_wconf 77' lang='lat' dir='ltr'><strong>Ix,</strong></span> <span class='ocrx_word' id='word_1_758' title='bbox 2409 3587 2520 3654; x_wconf 81' lang='grc'><strong>15).</strong></span> <span class='ocrx_word' id='word_1_759' title='bbox 2578 3584 2725 3641; x_wconf 81' lang='lat' dir='ltr'><strong>Fons</strong></span> <span class='ocrx_word' id='word_1_760' title='bbox 2767 3596 2953 3657; x_wconf 81' lang='lat' dir='ltr'><strong>patens</strong></span> <span class='ocrx_word' id='word_1_761' title='bbox 2998 3588 3178 3642; x_wconf 88' lang='lat' dir='ltr'><strong>domui</strong></span> <span class='ocrx_word' id='word_1_762' title='bbox 3222 3587 3394 3644; x_wconf 77' lang='lat' dir='ltr'><strong>David</strong></span> <span class='ocrx_word' id='word_1_763' title='bbox 3436 3588 3631 3662; x_wconf 68' lang='lat' dir='ltr'><strong>(lock.</strong></span> 
     </span>
    </p>
   </div>
   <div class='ocr_carea' id='block_1_98' title="bbox 2038 3675 3635 3749">
    <p class='ocr_par' dir='ltr' id='par_1_98' title="bbox 2038 3675 3635 3749">
     <span class='ocr_line' id='line_1_98' title="bbox 2038 3675 3635 3749; baseline 0.006 -19"><span class='ocrx_word' id='word_1_764' title='bbox 2038 3690 2161 3743; x_wconf 83' lang='lat' dir='ltr'><strong>xnl,</strong></span> <span class='ocrx_word' id='word_1_765' title='bbox 2194 3677 2269 3749; x_wconf 84' lang='grc'><strong>1),</strong></span> <span class='ocrx_word' id='word_1_766' title='bbox 2301 3693 2521 3749; x_wconf 89' lang='lat' dir='ltr'><strong>appare,</strong></span> <span class='ocrx_word' id='word_1_767' title='bbox 2554 3686 2612 3734; x_wconf 91' lang='lat' dir='ltr'><strong>et</strong></span> <span class='ocrx_word' id='word_1_768' title='bbox 2639 3675 2937 3746; x_wconf 78' lang='lat' dir='ltr'><strong>effundere,</strong></span> <span class='ocrx_word' id='word_1_769' title='bbox 2970 3689 3027 3735; x_wconf 91' lang='lat' dir='ltr'><strong>et</strong></span> <span class='ocrx_word' id='word_1_770' title='bbox 3062 3678 3222 3736; x_wconf 89' lang='lat' dir='ltr'><strong>ablue</strong></span> <span class='ocrx_word' id='word_1_771' title='bbox 3271 3696 3381 3737; x_wconf 89' lang='lat' dir='ltr'><strong>me.</strong></span> <span class='ocrx_word' id='word_1_772' title='bbox 3430 3680 3635 3739; x_wconf 84' lang='lat' dir='ltr'><strong>Patens</strong></span> 
     </span>
    </p>
   </div>
   <div class='ocr_carea' id='block_1_99' title="bbox 2038 3768 3630 3840">
    <p class='ocr_par' dir='ltr' id='par_1_99' title="bbox 2038 3768 3630 3840">
     <span class='ocr_line' id='line_1_99' title="bbox 2038 3768 3630 3840; baseline 0.005 -18"><span class='ocrx_word' id='word_1_773' title='bbox 2038 3782 2097 3823; x_wconf 91' lang='lat' dir='ltr'><strong>es</strong></span> <span class='ocrx_word' id='word_1_774' title='bbox 2117 3768 2261 3824; x_wconf 89' lang='lat' dir='ltr'><strong>enim</strong></span> <span class='ocrx_word' id='word_1_775' title='bbox 2301 3769 2554 3825; x_wconf 89' lang='lat' dir='ltr'><strong>omnibus</strong></span> <span class='ocrx_word' id='word_1_776' title='bbox 2598 3769 2908 3826; x_wconf 87' lang='lat' dir='ltr'><strong>sitientibus</strong></span> <span class='ocrx_word' id='word_1_777' title='bbox 2941 3780 3013 3840; x_wconf 89' lang='lat' dir='ltr'><strong>te,</strong></span> <span class='ocrx_word' id='word_1_778' title='bbox 3044 3781 3099 3827; x_wconf 91' lang='lat' dir='ltr'><strong>et</strong></span> <span class='ocrx_word' id='word_1_779' title='bbox 3147 3787 3338 3828; x_wconf 88' lang='lat' dir='ltr'><strong>omnes</strong></span> <span class='ocrx_word' id='word_1_780' title='bbox 3383 3774 3630 3830; x_wconf 88' lang='lat' dir='ltr'><strong>omnium</strong></span> 
     </span>
    </p>
   </div>
   <div class='ocr_carea' id='block_1_100' title="bbox 2035 3859 3632 3944">
    <p class='ocr_par' dir='ltr' id='par_1_100' title="bbox 2035 3859 3632 3944">
     <span class='ocr_line' id='line_1_100' title="bbox 2035 3859 3632 3944; baseline 0.006 -32"><span class='ocrx_word' id='word_1_781' title='bbox 2035 3872 2163 3914; x_wconf 82' lang='lat' dir='ltr'><strong>vere</strong></span> <span class='ocrx_word' id='word_1_782' title='bbox 2184 3859 2563 3944; x_wconf 73' lang='lat' dir='ltr'><strong>ptenitentium</strong></span> <span class='ocrx_word' id='word_1_783' title='bbox 2593 3860 2781 3917; x_wconf 86' lang='lat' dir='ltr'><strong>sordes</strong></span> <span class='ocrx_word' id='word_1_784' title='bbox 2808 3861 3007 3930; x_wconf 87' lang='lat' dir='ltr'><strong>abluis,</strong></span> <span class='ocrx_word' id='word_1_785' title='bbox 3043 3864 3278 3920; x_wconf 87' lang='lat' dir='ltr'><strong>reddens</strong></span> <span class='ocrx_word' id='word_1_786' title='bbox 3306 3865 3412 3932; x_wconf 91' lang='lat' dir='ltr'><strong>eis,</strong></span> <span class='ocrx_word' id='word_1_787' title='bbox 3439 3880 3472 3921; x_wconf 90' lang='grc' dir='ltr'>ο</span> <span class='ocrx_word' id='word_1_788' title='bbox 3499 3865 3632 3921; x_wconf 82' lang='lat' dir='ltr'><strong>dul-</strong></span> 
     </span>
    </p>
   </div>
   <div class='ocr_carea' id='block_1_101' title="bbox 2038 3951 3629 4028">
    <p class='ocr_par' dir='ltr' id='par_1_101' title="bbox 2038 3951 3629 4028">
     <span class='ocr_line' id='line_1_101' title="bbox 2038 3951 3629 4028; baseline 0.004 -22"><span class='ocrx_word' id='word_1_789' title='bbox 2038 3951 2417 4018; x_wconf 63' lang='lat' dir='ltr'><strong>ciss1meJesu,</strong></span> <span class='ocrx_word' id='word_1_790' title='bbox 2442 3952 2639 4008; x_wconf 89' lang='lat' dir='ltr'><strong>bonum</strong></span> <span class='ocrx_word' id='word_1_791' title='bbox 2654 3968 2754 4025; x_wconf 88' lang='lat' dir='ltr'><strong>pro</strong></span> <span class='ocrx_word' id='word_1_792' title='bbox 2779 3953 2942 4021; x_wconf 91' lang='lat' dir='ltr'><strong>malo,</strong></span> <span class='ocrx_word' id='word_1_793' title='bbox 2970 3956 3170 4010; x_wconf 92' lang='lat' dir='ltr'><strong>donum</strong></span> <span class='ocrx_word' id='word_1_794' title='bbox 3194 3971 3292 4027; x_wconf 87' lang='lat' dir='ltr'><strong>pro</strong></span> <span class='ocrx_word' id='word_1_795' title='bbox 3314 3956 3629 4028; x_wconf 86' lang='lat' dir='ltr'><strong>iniquitate,</strong></span> 
     </span>
    </p>
   </div>
   <div class='ocr_carea' id='block_1_102' title="bbox 2040 4042 3633 4122">
    <p class='ocr_par' dir='ltr' id='par_1_102' title="bbox 2040 4042 3633 4122">
     <span class='ocr_line' id='line_1_102' title="bbox 2040 4042 3633 4122; baseline 0.004 -25"><span class='ocrx_word' id='word_1_796' title='bbox 2040 4042 2291 4098; x_wconf 90' lang='lat' dir='ltr'><strong>meritum</strong></span> <span class='ocrx_word' id='word_1_797' title='bbox 2331 4059 2430 4113; x_wconf 90' lang='lat' dir='ltr'><strong>pro</strong></span> <span class='ocrx_word' id='word_1_798' title='bbox 2453 4044 2671 4112; x_wconf 86' lang='lat' dir='ltr'><strong>delicto,</strong></span> <span class='ocrx_word' id='word_1_799' title='bbox 2702 4060 2802 4117; x_wconf 92' lang='lat' dir='ltr'><strong>pro</strong></span> <span class='ocrx_word' id='word_1_800' title='bbox 2824 4045 3069 4103; x_wconf 83' lang='lat' dir='ltr'><strong>facinore</strong></span> <span class='ocrx_word' id='word_1_801' title='bbox 3107 4049 3400 4118; x_wconf 89' lang='lat' dir='ltr'><strong>justitiam,</strong></span> <span class='ocrx_word' id='word_1_802' title='bbox 3424 4059 3479 4104; x_wconf 77' lang='lat' dir='ltr'><strong>et</strong></span> <span class='ocrx_word' id='word_1_803' title='bbox 3502 4066 3633 4122; x_wconf 85' lang='lat' dir='ltr'><strong>gra-</strong></span> 
     </span>
    </p>
   </div>
   <div class='ocr_carea' id='block_1_103' title="bbox 2039 4133 3630 4212">
    <p class='ocr_par' dir='ltr' id='par_1_103' title="bbox 2039 4133 3630 4212">
     <span class='ocr_line' id='line_1_103' title="bbox 2039 4133 3630 4212; baseline 0.006 -25"><span class='ocrx_word' id='word_1_804' title='bbox 2039 4133 2169 4187; x_wconf 92' lang='lat' dir='ltr'><strong>tiam</strong></span> <span class='ocrx_word' id='word_1_805' title='bbox 2198 4149 2296 4204; x_wconf 90' lang='lat' dir='ltr'><strong>pro</strong></span> <span class='ocrx_word' id='word_1_806' title='bbox 2327 4134 2507 4206; x_wconf 86' lang='lat' dir='ltr'><strong>culpa.</strong></span> <span class='ocrx_word' id='word_1_807' title='bbox 2553 4135 2823 4206; x_wconf 83' lang='lat' dir='ltr'><strong>Expertus</strong></span> <span class='ocrx_word' id='word_1_808' title='bbox 2871 4147 2957 4193; x_wconf 90' lang='lat' dir='ltr'><strong>est</strong></span> <span class='ocrx_word' id='word_1_809' title='bbox 3010 4139 3114 4194; x_wconf 88' lang='lat' dir='ltr'><strong>hoc</strong></span> <span class='ocrx_word' id='word_1_810' title='bbox 3147 4154 3244 4195; x_wconf 76' lang='lat' dir='ltr'><strong>rex</strong></span> <span class='ocrx_word' id='word_1_811' title='bbox 3282 4139 3476 4207; x_wconf 88' lang='lat' dir='ltr'><strong>David,</strong></span> <span class='ocrx_word' id='word_1_812' title='bbox 3533 4143 3630 4212; x_wconf 89' lang='lat' dir='ltr'><strong>qui</strong></span> 
     </span>
    </p>
   </div>
   <div class='ocr_carea' id='block_1_104' title="bbox 2037 4226 3634 4295">
    <p class='ocr_par' dir='ltr' id='par_1_104' title="bbox 2037 4226 3634 4295">
     <span class='ocr_line' id='line_1_104' title="bbox 2037 4226 3634 4295; baseline 0.006 -14"><span class='ocrx_word' id='word_1_813' title='bbox 2037 4226 2306 4295; x_wconf 81' lang='lat' dir='ltr'><strong>ptenitens</strong></span> <span class='ocrx_word' id='word_1_814' title='bbox 2346 4242 2377 4281; x_wconf 89' lang='lat' dir='ltr'><strong>a</strong></span> <span class='ocrx_word' id='word_1_815' title='bbox 2404 4227 2595 4283; x_wconf 89' lang='lat' dir='ltr'><strong>nuntio</strong></span> <span class='ocrx_word' id='word_1_816' title='bbox 2646 4238 2738 4284; x_wconf 91' lang='lat' dir='ltr'><strong>tuo</strong></span> <span class='ocrx_word' id='word_1_817' title='bbox 2783 4230 3032 4286; x_wconf 86' lang='lat' dir='ltr'><strong>audivit:</strong></span> <span class='ocrx_word' id='word_1_818' title='bbox 3065 4230 3324 4288; x_wconf 78' lang='lat' dir='ltr'><strong>Dominus</strong></span> <span class='ocrx_word' id='word_1_819' title='bbox 3362 4234 3634 4290; x_wconf 77' lang='lat' dir='ltr'><strong>transtulit</strong></span> 
     </span>
    </p>
   </div>
   <div class='ocr_carea' id='block_1_105' title="bbox 2036 4326 3630 4402">
    <p class='ocr_par' dir='ltr' id='par_1_105' title="bbox 2036 4326 3630 4402">
     <span class='ocr_line' id='line_1_105' title="bbox 2036 4326 3630 4402; baseline 0.008 -29"><span class='ocrx_word' id='word_1_820' title='bbox 2036 4329 2304 4391; x_wconf 86' lang='lat' dir='ltr'><strong>peccatum</strong></span> <span class='ocrx_word' id='word_1_821' title='bbox 2331 4332 2480 4376; x_wconf 87' lang='lat' dir='ltr'><strong>tuum</strong></span> <span class='ocrx_word' id='word_1_822' title='bbox 2507 4340 2539 4376; x_wconf 90' lang='lat' dir='ltr'><strong>a</strong></span> <span class='ocrx_word' id='word_1_823' title='bbox 2571 4334 2641 4390; x_wconf 85' lang='lat' dir='ltr'><strong>te,</strong></span> <span class='ocrx_word' id='word_1_824' title='bbox 2678 4341 2782 4380; x_wconf 87' lang='lat' dir='ltr'><strong>non</strong></span> <span class='ocrx_word' id='word_1_825' title='bbox 2811 4327 3053 4381; x_wconf 78' lang='lat' dir='ltr'><strong>morieris</strong></span> <span class='ocrx_word' id='word_1_826' title='bbox 3110 4326 3195 4397; x_wconf 93' lang='lat' dir='ltr'><strong>(II</strong></span> <span class='ocrx_word' id='word_1_827' title='bbox 3222 4327 3350 4400; x_wconf 81' lang='lat' dir='ltr'><strong>Reg.</strong></span> <span class='ocrx_word' id='word_1_828' title='bbox 3378 4344 3478 4394; x_wconf 84' lang='lat' dir='ltr'><strong>xu,</strong></span> <span class='ocrx_word' id='word_1_829' title='bbox 3505 4330 3630 4402; x_wconf 76' lang='grc'><strong>25).</strong></span> 
     </span>
    </p>
   </div>
   <div class='ocr_carea' id='block_1_106' title="bbox 1969 4411 3638 4490">
    <p class='ocr_par' dir='ltr' id='par_1_106' title="bbox 1969 4411 3638 4490">
     <span class='ocr_line' id='line_1_106' title="bbox 1969 4411 3638 4490; baseline 0.006 -23"><span class='ocrx_word' id='word_1_830' title='bbox 1969 4416 2013 4474; x_wconf 87' lang='lat' dir='ltr'><strong>D</strong></span> <span class='ocrx_word' id='word_1_831' title='bbox 2040 4411 2095 4467; x_wconf 89' lang='lat' dir='ltr'><strong>In</strong></span> <span class='ocrx_word' id='word_1_832' title='bbox 2123 4422 2172 4467; x_wconf 90' lang='lat' dir='ltr'><strong>te</strong></span> <span class='ocrx_word' id='word_1_833' title='bbox 2203 4427 2439 4484; x_wconf 89' lang='lat' dir='ltr'><strong>namque</strong></span> <span class='ocrx_word' id='word_1_834' title='bbox 2467 4415 2608 4471; x_wconf 92' lang='lat' dir='ltr'><strong>lotus</strong></span> <span class='ocrx_word' id='word_1_835' title='bbox 2627 4426 2713 4472; x_wconf 91' lang='lat' dir='ltr'><strong>est</strong></span> <span class='ocrx_word' id='word_1_836' title='bbox 2741 4416 2996 4489; x_wconf 85' lang='lat' dir='ltr'><strong>lacrymis</strong></span> <span class='ocrx_word' id='word_1_837' title='bbox 3017 4420 3372 4490; x_wconf 60' lang='lat' dir='ltr'><strong>poenitentiae,</strong></span> <span class='ocrx_word' id='word_1_838' title='bbox 3395 4432 3451 4477; x_wconf 90' lang='lat' dir='ltr'><strong>et</strong></span> <span class='ocrx_word' id='word_1_839' title='bbox 3472 4438 3638 4477; x_wconf 82' lang='lat' dir='ltr'><strong>mun-</strong></span> 
     </span>
    </p>
   </div>
   <div class='ocr_carea' id='block_1_107' title="bbox 2038 4506 3634 4587">
    <p class='ocr_par' dir='ltr' id='par_1_107' title="bbox 2038 4506 3634 4587">
     <span class='ocr_line' id='line_1_107' title="bbox 2038 4506 3634 4587; baseline 0.007 -24"><span class='ocrx_word' id='word_1_840' title='bbox 2038 4506 2199 4564; x_wconf 88' lang='lat' dir='ltr'><strong>datus</strong></span> <span class='ocrx_word' id='word_1_841' title='bbox 2220 4518 2305 4565; x_wconf 88' lang='lat' dir='ltr'><strong>est</strong></span> <span class='ocrx_word' id='word_1_842' title='bbox 2337 4526 2368 4564; x_wconf 89' lang='lat' dir='ltr'><strong>a</strong></span> <span class='ocrx_word' id='word_1_843' title='bbox 2390 4510 2616 4567; x_wconf 88' lang='lat' dir='ltr'><strong>maculis</strong></span> <span class='ocrx_word' id='word_1_844' title='bbox 2636 4513 2821 4583; x_wconf 85' lang='lat' dir='ltr'><strong>gravis</strong></span> <span class='ocrx_word' id='word_1_845' title='bbox 2876 4514 3069 4585; x_wconf 78' lang='lat' dir='ltr'><strong>culpae.</strong></span> <span class='ocrx_word' id='word_1_846' title='bbox 3123 4514 3237 4572; x_wconf 89' lang='lat' dir='ltr'><strong>Tua</strong></span> <span class='ocrx_word' id='word_1_847' title='bbox 3273 4516 3543 4587; x_wconf 89' lang='lat' dir='ltr'><strong>siquidem</strong></span> <span class='ocrx_word' id='word_1_848' title='bbox 3574 4519 3634 4574; x_wconf 89' lang='lat' dir='ltr'><strong>in</strong></span> 
     </span>
    </p>
   </div>
   <div class='ocr_carea' id='block_1_108' title="bbox 2038 4601 3637 4680">
    <p class='ocr_par' dir='ltr' id='par_1_108' title="bbox 2038 4601 3637 4680">
     <span class='ocr_line' id='line_1_108' title="bbox 2038 4601 3637 4680; baseline 0.007 -26"><span class='ocrx_word' id='word_1_849' title='bbox 2038 4614 2105 4655; x_wconf 88' lang='lat' dir='ltr'><strong>eo</strong></span> <span class='ocrx_word' id='word_1_850' title='bbox 2135 4601 2397 4656; x_wconf 88' lang='lat' dir='ltr'><strong>munditia</strong></span> <span class='ocrx_word' id='word_1_851' title='bbox 2427 4603 2634 4658; x_wconf 88' lang='lat' dir='ltr'><strong>crimen</strong></span> <span class='ocrx_word' id='word_1_852' title='bbox 2686 4602 2813 4660; x_wconf 86' lang='lat' dir='ltr'><strong>lavit</strong></span> <span class='ocrx_word' id='word_1_853' title='bbox 2871 4605 3148 4674; x_wconf 84' lang='lat' dir='ltr'><strong>adulterii,</strong></span> <span class='ocrx_word' id='word_1_854' title='bbox 3187 4615 3245 4665; x_wconf 90' lang='lat' dir='ltr'><strong>et</strong></span> <span class='ocrx_word' id='word_1_855' title='bbox 3294 4609 3468 4680; x_wconf 87' lang='lat' dir='ltr'><strong>pietas</strong></span> <span class='ocrx_word' id='word_1_856' title='bbox 3505 4625 3637 4666; x_wconf 85' lang='lat' dir='ltr'><strong>cru-</strong></span> 
     </span>
    </p>
   </div>
   <div class='ocr_carea' id='block_1_109' title="bbox 2039 4691 3639 4773">
    <p class='ocr_par' dir='ltr' id='par_1_109' title="bbox 2039 4691 3639 4773">
     <span class='ocr_line' id='line_1_109' title="bbox 2039 4691 3639 4773; baseline 0.007 -27"><span class='ocrx_word' id='word_1_857' title='bbox 2039 4691 2312 4747; x_wconf 87' lang='lat' dir='ltr'><strong>delitatem</strong></span> <span class='ocrx_word' id='word_1_858' title='bbox 2341 4695 2575 4750; x_wconf 77' lang='lat' dir='ltr'><strong>extersit</strong></span> <span class='ocrx_word' id='word_1_859' title='bbox 2615 4695 2913 4755; x_wconf 85' lang='lat' dir='ltr'><strong>homicidii.</strong></span> <span class='ocrx_word' id='word_1_860' title='bbox 2940 4699 2998 4755; x_wconf 86' lang='lat' dir='ltr'><strong>In</strong></span> <span class='ocrx_word' id='word_1_861' title='bbox 3025 4710 3080 4759; x_wconf 89' lang='lat' dir='ltr'><strong>te</strong></span> <span class='ocrx_word' id='word_1_862' title='bbox 3123 4711 3385 4773; x_wconf 84' lang='lat' dir='ltr'><strong>purgatus</strong></span> <span class='ocrx_word' id='word_1_863' title='bbox 3430 4712 3517 4758; x_wconf 91' lang='lat' dir='ltr'><strong>est</strong></span> <span class='ocrx_word' id='word_1_864' title='bbox 3541 4701 3639 4757; x_wconf 84' lang='lat' dir='ltr'><strong>ille</strong></span> 
     </span>
    </p>
   </div>
   <div class='ocr_carea' id='block_1_110' title="bbox 2038 4785 3639 4865">
    <p class='ocr_par' dir='ltr' id='par_1_110' title="bbox 2038 4785 3639 4865">
     <span class='ocr_line' id='line_1_110' title="bbox 2038 4785 3639 4865; baseline 0.009 -27"><span class='ocrx_word' id='word_1_865' title='bbox 2038 4785 2289 4856; x_wconf 90' lang='lat' dir='ltr'><strong>princeps</strong></span> <span class='ocrx_word' id='word_1_866' title='bbox 2317 4787 2683 4856; x_wconf 89' lang='lat' dir='ltr'><strong>apostolorum</strong></span> <span class='ocrx_word' id='word_1_867' title='bbox 2712 4791 2807 4861; x_wconf 90' lang='lat' dir='ltr'><strong>qui</strong></span> <span class='ocrx_word' id='word_1_868' title='bbox 2837 4807 3023 4848; x_wconf 88' lang='lat' dir='ltr'><strong>amare</strong></span> <span class='ocrx_word' id='word_1_869' title='bbox 3067 4793 3219 4849; x_wconf 83' lang='lat' dir='ltr'><strong>flevit</strong></span> <span class='ocrx_word' id='word_1_870' title='bbox 3253 4795 3400 4865; x_wconf 93' lang='lat' dir='ltr'><strong>quod</strong></span> <span class='ocrx_word' id='word_1_871' title='bbox 3442 4796 3639 4852; x_wconf 88' lang='lat' dir='ltr'><strong>timide</strong></span> 
     </span>
    </p>
   </div>
   <div class='ocr_carea' id='block_1_111' title="bbox 2039 4880 3637 4957">
    <p class='ocr_par' dir='ltr' id='par_1_111' title="bbox 2039 4880 3637 4957">
     <span class='ocr_line' id='line_1_111' title="bbox 2039 4880 3637 4957; baseline 0.009 -24"><span class='ocrx_word' id='word_1_872' title='bbox 2039 4880 2276 4951; x_wconf 88' lang='lat' dir='ltr'><strong>negavit.</strong></span> <span class='ocrx_word' id='word_1_873' title='bbox 2306 4880 2360 4936; x_wconf 90' lang='lat' dir='ltr'><strong>ln</strong></span> <span class='ocrx_word' id='word_1_874' title='bbox 2396 4890 2449 4938; x_wconf 92' lang='lat' dir='ltr'><strong>te</strong></span> <span class='ocrx_word' id='word_1_875' title='bbox 2486 4883 2649 4939; x_wconf 86' lang='lat' dir='ltr'><strong>etiam</strong></span> <span class='ocrx_word' id='word_1_876' title='bbox 2690 4884 2780 4939; x_wconf 88' lang='lat' dir='ltr'><strong>illa</strong></span> <span class='ocrx_word' id='word_1_877' title='bbox 2824 4884 3031 4942; x_wconf 85' lang='lat' dir='ltr'><strong>famosa</strong></span> <span class='ocrx_word' id='word_1_878' title='bbox 3088 4889 3390 4957; x_wconf 82' lang='lat' dir='ltr'><strong>peccatrix,</strong></span> <span class='ocrx_word' id='word_1_879' title='bbox 3421 4905 3457 4946; x_wconf 90' lang='grc' dir='ltr'>ο</span> <span class='ocrx_word' id='word_1_880' title='bbox 3510 4890 3637 4949; x_wconf 86' lang='lat' dir='ltr'><strong>fons</strong></span> 
     </span>
    </p>
   </div>
   <div class='ocr_carea' id='block_1_112' title="bbox 2038 4974 3633 5045">
    <p class='ocr_par' dir='ltr' id='par_1_112' title="bbox 2038 4974 3633 5045">
     <span class='ocr_line' id='line_1_112' title="bbox 2038 4974 3633 5045; baseline 0.008 -17"><span class='ocrx_word' id='word_1_881' title='bbox 2038 4974 2328 5043; x_wconf 83' lang='lat' dir='ltr'><strong>purissime</strong></span> <span class='ocrx_word' id='word_1_882' title='bbox 2354 4984 2409 5031; x_wconf 83' lang='lat' dir='ltr'><strong>et</strong></span> <span class='ocrx_word' id='word_1_883' title='bbox 2436 4975 2767 5045; x_wconf 88' lang='lat' dir='ltr'><strong>dulcissime,</strong></span> <span class='ocrx_word' id='word_1_884' title='bbox 2791 4978 3037 5034; x_wconf 90' lang='lat' dir='ltr'><strong>dealbata</strong></span> <span class='ocrx_word' id='word_1_885' title='bbox 3062 4989 3210 5040; x_wconf 86' lang='lat' dir='ltr'><strong>tanta</strong></span> <span class='ocrx_word' id='word_1_886' title='bbox 3235 4984 3439 5039; x_wconf 90' lang='lat' dir='ltr'><strong>meruit</strong></span> <span class='ocrx_word' id='word_1_887' title='bbox 3462 4982 3633 5039; x_wconf 85' lang='lat' dir='ltr'><strong>fami-</strong></span> 
     </span>
    </p>
   </div>
   <div class='ocr_carea' id='block_1_113' title="bbox 2040 5064 3639 5142">
    <p class='ocr_par' dir='ltr' id='par_1_113' title="bbox 2040 5064 3639 5142">
     <span class='ocr_line' id='line_1_113' title="bbox 2040 5064 3639 5142; baseline 0.008 -22"><span class='ocrx_word' id='word_1_888' title='bbox 2040 5064 2279 5125; x_wconf 89' lang='lat' dir='ltr'><strong>liaritate</strong></span> <span class='ocrx_word' id='word_1_889' title='bbox 2313 5067 2503 5124; x_wconf 91' lang='lat' dir='ltr'><strong>donari</strong></span> <span class='ocrx_word' id='word_1_890' title='bbox 2544 5079 2606 5125; x_wconf 87' lang='lat' dir='ltr'><strong>ut</strong></span> <span class='ocrx_word' id='word_1_891' title='bbox 2640 5070 2775 5142; x_wconf 89' lang='lat' dir='ltr'><strong>ipsis</strong></span> <span class='ocrx_word' id='word_1_892' title='bbox 2812 5073 3069 5142; x_wconf 88' lang='lat' dir='ltr'><strong>apostolis</strong></span> <span class='ocrx_word' id='word_1_893' title='bbox 3092 5089 3292 5130; x_wconf 87' lang='lat' dir='ltr'><strong>novam</strong></span> <span class='ocrx_word' id='word_1_894' title='bbox 3321 5085 3430 5132; x_wconf 75' lang='lat' dir='ltr'><strong>tuze</strong></span> <span class='ocrx_word' id='word_1_895' title='bbox 3458 5091 3639 5133; x_wconf 84' lang='lat' dir='ltr'><strong>resur-</strong></span> 
     </span>
    </p>
   </div>
   <div class='ocr_carea' id='block_1_114' title="bbox 2039 5159 3636 5234">
    <p class='ocr_par' dir='ltr' id='par_1_114' title="bbox 2039 5159 3636 5234">
     <span class='ocr_line' id='line_1_114' title="bbox 2039 5159 3636 5234; baseline 0.008 -21"><span class='ocrx_word' id='word_1_896' title='bbox 2039 5159 2299 5216; x_wconf 83' lang='lat' dir='ltr'><strong>rectionis</strong></span> <span class='ocrx_word' id='word_1_897' title='bbox 2325 5160 2554 5234; x_wconf 87' lang='lat' dir='ltr'><strong>gloriam</strong></span> <span class='ocrx_word' id='word_1_898' title='bbox 2573 5171 2630 5219; x_wconf 86' lang='lat' dir='ltr'><strong>et</strong></span> <span class='ocrx_word' id='word_1_899' title='bbox 2656 5164 2806 5234; x_wconf 89' lang='lat' dir='ltr'><strong>prior</strong></span> <span class='ocrx_word' id='word_1_900' title='bbox 2832 5164 3058 5231; x_wconf 83' lang='lat' dir='ltr'><strong>videret,</strong></span> <span class='ocrx_word' id='word_1_901' title='bbox 3084 5175 3142 5221; x_wconf 83' lang='lat' dir='ltr'><strong>et</strong></span> <span class='ocrx_word' id='word_1_902' title='bbox 3169 5167 3253 5222; x_wconf 89' lang='lat' dir='ltr'><strong>eis</strong></span> <span class='ocrx_word' id='word_1_903' title='bbox 3272 5181 3396 5222; x_wconf 84' lang='lat' dir='ltr'><strong>eam</strong></span> <span class='ocrx_word' id='word_1_904' title='bbox 3420 5183 3636 5225; x_wconf 85' lang='lat' dir='ltr'><strong>annun-</strong></span> 
     </span>
    </p>
   </div>
   <div class='ocr_carea' id='block_1_115' title="bbox 2041 5249 3637 5328">
    <p class='ocr_par' dir='ltr' id='par_1_115' title="bbox 2041 5249 3637 5328">
     <span class='ocr_line' id='line_1_115' title="bbox 2041 5249 3637 5328; baseline 0.008 -25"><span class='ocrx_word' id='word_1_905' title='bbox 2041 5249 2218 5304; x_wconf 88' lang='lat' dir='ltr'><strong>tiaret.</strong></span> <span class='ocrx_word' id='word_1_906' title='bbox 2253 5249 2310 5306; x_wconf 84' lang='lat' dir='ltr'><strong>in</strong></span> <span class='ocrx_word' id='word_1_907' title='bbox 2342 5262 2394 5308; x_wconf 90' lang='lat' dir='ltr'><strong>te</strong></span> <span class='ocrx_word' id='word_1_908' title='bbox 2417 5266 2633 5323; x_wconf 88' lang='lat' dir='ltr'><strong>quoque</strong></span> <span class='ocrx_word' id='word_1_909' title='bbox 2662 5252 2752 5308; x_wconf 90' lang='lat' dir='ltr'><strong>ille</strong></span> <span class='ocrx_word' id='word_1_910' title='bbox 2792 5253 3081 5311; x_wconf 84' lang='lat' dir='ltr'><strong>mundatus</strong></span> <span class='ocrx_word' id='word_1_911' title='bbox 3115 5264 3221 5322; x_wconf 92' lang='lat' dir='ltr'><strong>est,</strong></span> <span class='ocrx_word' id='word_1_912' title='bbox 3248 5256 3366 5327; x_wconf 91' lang='lat' dir='ltr'><strong>qui,</strong></span> <span class='ocrx_word' id='word_1_913' title='bbox 3392 5257 3550 5328; x_wconf 87' lang='lat' dir='ltr'><strong>juxta</strong></span> <span class='ocrx_word' id='word_1_914' title='bbox 3577 5267 3637 5315; x_wconf 88' lang='lat' dir='ltr'><strong>te</strong></span> 
     </span>
    </p>
   </div>
   <div class='ocr_carea' id='block_1_116' title="bbox 2040 5339 3636 5419">
    <p class='ocr_par' dir='ltr' id='par_1_116' title="bbox 2040 5339 3636 5419">
     <span class='ocr_line' id='line_1_116' title="bbox 2040 5339 3636 5419; baseline 0.005 -24"><span class='ocrx_word' id='word_1_915' title='bbox 2040 5339 2097 5395; x_wconf 90' lang='lat' dir='ltr'><strong>in</strong></span> <span class='ocrx_word' id='word_1_916' title='bbox 2128 5354 2293 5396; x_wconf 92' lang='lat' dir='ltr'><strong>cruce</strong></span> <span class='ocrx_word' id='word_1_917' title='bbox 2316 5342 2578 5411; x_wconf 89' lang='lat' dir='ltr'><strong>pendens,</strong></span> <span class='ocrx_word' id='word_1_918' title='bbox 2610 5342 2738 5398; x_wconf 89' lang='lat' dir='ltr'><strong>dum</strong></span> <span class='ocrx_word' id='word_1_919' title='bbox 2768 5352 2824 5398; x_wconf 91' lang='lat' dir='ltr'><strong>et</strong></span> <span class='ocrx_word' id='word_1_920' title='bbox 2850 5357 2911 5399; x_wconf 91' lang='lat' dir='ltr'><strong>se</strong></span> <span class='ocrx_word' id='word_1_921' title='bbox 2937 5344 3099 5417; x_wconf 90' lang='lat' dir='ltr'><strong>digna</strong></span> <span class='ocrx_word' id='word_1_922' title='bbox 3151 5344 3318 5401; x_wconf 82' lang='lat' dir='ltr'><strong>factis</strong></span> <span class='ocrx_word' id='word_1_923' title='bbox 3355 5348 3636 5419; x_wconf 87' lang='lat' dir='ltr'><strong>recepisse</strong></span> 
     </span>
    </p>
   </div>
   <div class='ocr_carea' id='block_1_117' title="bbox 2040 5432 3635 5506">
    <p class='ocr_par' dir='ltr' id='par_1_117' title="bbox 2040 5432 3635 5506">
     <span class='ocr_line' id='line_1_117' title="bbox 2040 5432 3635 5506; baseline 0.005 -20"><span class='ocrx_word' id='word_1_924' title='bbox 2040 5432 2377 5503; x_wconf 85' lang='lat' dir='ltr'><strong>recognovit,</strong></span> <span class='ocrx_word' id='word_1_925' title='bbox 2402 5441 2462 5488; x_wconf 89' lang='lat' dir='ltr'><strong>et</strong></span> <span class='ocrx_word' id='word_1_926' title='bbox 2490 5440 2541 5488; x_wconf 88' lang='lat' dir='ltr'><strong>te</strong></span> <span class='ocrx_word' id='word_1_927' title='bbox 2571 5434 2625 5488; x_wconf 92' lang='lat' dir='ltr'><strong>in</strong></span> <span class='ocrx_word' id='word_1_928' title='bbox 2660 5443 2755 5489; x_wconf 88' lang='lat' dir='ltr'><strong>tuo</strong></span> <span class='ocrx_word' id='word_1_929' title='bbox 2778 5449 2947 5506; x_wconf 82' lang='lat' dir='ltr'><strong>regno</strong></span> <span class='ocrx_word' id='word_1_930' title='bbox 2970 5437 3053 5491; x_wconf 88' lang='lat' dir='ltr'><strong>sui</strong></span> <span class='ocrx_word' id='word_1_931' title='bbox 3076 5436 3279 5492; x_wconf 87' lang='lat' dir='ltr'><strong>habere</strong></span> <span class='ocrx_word' id='word_1_932' title='bbox 3309 5437 3635 5494; x_wconf 82' lang='lat' dir='ltr'><strong>memoriam</strong></span> 
     </span>
    </p>
   </div>
   <div class='ocr_carea' id='block_1_118' title="bbox 2039 5519 3635 5597">
    <p class='ocr_par' dir='ltr' id='par_1_118' title="bbox 2039 5519 3635 5597">
     <span class='ocr_line' id='line_1_118' title="bbox 2039 5519 3635 5597; baseline 0.003 -22"><span class='ocrx_word' id='word_1_933' title='bbox 2039 5519 2218 5590; x_wconf 85' lang='lat' dir='ltr'><strong>petiit,</strong></span> <span class='ocrx_word' id='word_1_934' title='bbox 2241 5521 2425 5576; x_wconf 90' lang='lat' dir='ltr'><strong>statim</strong></span> <span class='ocrx_word' id='word_1_935' title='bbox 2454 5536 2485 5576; x_wconf 90' lang='lat' dir='ltr'><strong>a</strong></span> <span class='ocrx_word' id='word_1_936' title='bbox 2515 5531 2569 5578; x_wconf 91' lang='lat' dir='ltr'><strong>te</strong></span> <span class='ocrx_word' id='word_1_937' title='bbox 2596 5523 2785 5581; x_wconf 89' lang='lat' dir='ltr'><strong>audire</strong></span> <span class='ocrx_word' id='word_1_938' title='bbox 2808 5525 3026 5580; x_wconf 91' lang='lat' dir='ltr'><strong>meruit.</strong></span> <span class='ocrx_word' id='word_1_939' title='bbox 3057 5526 3222 5580; x_wconf 79' lang='lat' dir='ltr'><strong>Amen</strong></span> <span class='ocrx_word' id='word_1_940' title='bbox 3244 5525 3363 5580; x_wconf 82' lang='lat' dir='ltr'><strong>dico</strong></span> <span class='ocrx_word' id='word_1_941' title='bbox 3388 5526 3508 5597; x_wconf 83' lang='lat' dir='ltr'><strong>tibi,</strong></span> <span class='ocrx_word' id='word_1_942' title='bbox 3536 5525 3635 5583; x_wconf 69' lang='lat' dir='ltr'><strong>l0-</strong></span> 
     </span>
    </p>
   </div>
   <div class='ocr_carea' id='block_1_119' title="bbox 2041 5610 3638 5694">
    <p class='ocr_par' dir='ltr' id='par_1_119' title="bbox 2041 5610 3638 5694">
     <span class='ocr_line' id='line_1_119' title="bbox 2041 5610 3638 5694; baseline 0.006 -25"><span class='ocrx_word' id='word_1_943' title='bbox 2041 5614 2126 5672; x_wconf 85' lang='lat' dir='ltr'><strong>die</strong></span> <span class='ocrx_word' id='word_1_944' title='bbox 2154 5630 2353 5673; x_wconf 85' lang='lat' dir='ltr'><strong>mecum</strong></span> <span class='ocrx_word' id='word_1_945' title='bbox 2377 5617 2479 5674; x_wconf 81' lang='lat' dir='ltr'><strong>eris</strong></span> <span class='ocrx_word' id='word_1_946' title='bbox 2507 5610 2562 5673; x_wconf 81' lang='lat' dir='ltr'><strong>in</strong></span> <span class='ocrx_word' id='word_1_947' title='bbox 2593 5618 2846 5691; x_wconf 74' lang='lat' dir='ltr'><strong>paradiso</strong></span> <span class='ocrx_word' id='word_1_948' title='bbox 2869 5617 3026 5693; x_wconf 84' lang='lat' dir='ltr'><strong>(Luc.</strong></span> <span class='ocrx_word' id='word_1_949' title='bbox 3064 5634 3223 5691; x_wconf 80' lang='lat' dir='ltr'><strong>mu,</strong></span> <span class='ocrx_word' id='word_1_950' title='bbox 3254 5618 3374 5694; x_wconf 67' lang='lat'><strong>45).</strong></span> <span class='ocrx_word' id='word_1_951' title='bbox 3406 5618 3479 5678; x_wconf 82' lang='lat' dir='ltr'><strong>Et</strong></span> <span class='ocrx_word' id='word_1_952' title='bbox 3501 5627 3638 5694; x_wconf 82' lang='lat' dir='ltr'><strong>quot</strong></span> 
     </span>
    </p>
   </div>
  </div>
