3910 6018
282 234 344 287 τι
355 234 384 286 7

1627 239 2152 298 MEDITATIONES.

3441 257 3546 316 778

284 343 420 412 ejus.
477 343 652 413 Super
701 344 1036 402 altitudinem
1088 347 1378 416 etelorum,
1436 365 1596 422 super
1649 368 1866 408 omnem
1897 363 1942 420 Α
1974 356 2224 424 gaudium
2261 355 2426 420 sit,o
2467 355 2658 424 Maria,
2709 358 2975 431 virginum
3021 363 3170 434 virgo
3223 366 3550 438 singularis,

283 435 658 491 excellentiam
693 438 1037 507 angelorum,
1087 442 1302 512 propria
1353 443 1552 499 virtute
1597 448 1860 513 ascendit,

283 543 444 597 super
477 529 669 583 solium
700 529 991 600 singularis
1024 533 1204 602 gloria:
1232 535 1284 588 in
1316 535 1510 592 dextra
1547 535 1746 604 Patris,
1776 540 1863 593 cui

284 627 584 673 coaeternus
611 627 666 674 et
704 621 1182 678 consubstantialis
1212 624 1384 690 sedet,
1421 634 1477 680 et
1515 625 1696 682 divino
1723 629 1862 682 allii-

283 720 402 765 ctus
429 711 648 776 lumine,
681 724 974 768 coronatus
1021 715 1192 784 gloria
1238 725 1290 772 et
1337 718 1560 784 honore,
1608 728 1668 773 ut
1710 720 1865 776 decet

285 800 634 870 Unigenitum
660 801 777 868 Dei,
809 818 1033 860 serenus
1063 806 1115 860 in
1150 805 1357 872 laetitia,
1393 807 1584 877 plenus
1615 811 1862 880 omnipoo

283 901 514 960 tentatu,
558 893 816 950 Dominus
865 897 919 950 in
963 898 1102 954 coelo
1131 907 1184 953 et
1229 899 1279 952 in
1325 910 1488 954 terra.
1529 901 1603 956 lbi
1636 903 1866 958 adorant

281 999 401 1038 eum
427 1001 614 1040 omnes
642 987 814 1058 angeli
843 989 958 1055 Dei,
987 999 1042 1044 et
1069 991 1320 1046 universa
1351 993 1638 1048 multitudo
1665 995 1862 1050 civium

281 1073 516 1128 caelestis
549 1075 699 1129 Sion.
731 1076 786 1130 In
833 1079 946 1148 ipso
973 1081 1304 1134 unanimiter
1345 1081 1595 1138 laetantur
1623 1086 1862 1144 Omnium

279 1162 466 1226 corda,
505 1163 557 1216 in
589 1163 706 1231 ejus
747 1166 1088 1222 desiderabili
1125 1168 1258 1223 farie
1288 1182 1582 1239 pascuntur
1621 1175 1862 1229 omnium

279 1253 420 1308 oculi
448 1255 733 1311 bonorum.
757 1257 813 1311 In
845 1259 1017 1327 ipsum
1043 1262 1278 1329 undique
1299 1261 1572 1318 confluunt
1597 1267 1868 1326 desideria

279 1346 521 1398 onmium
577 1355 923 1416 sanctorum,
981 1351 1080 1420 ipsi
1128 1353 1353 1421 jubilat,
1411 1355 1510 1425 ipsi
1569 1357 1862 1425 applaudit,

281 1435 459 1503 ipsum
506 1439 814 1507 magnificat
856 1449 962 1494 tota
995 1444 1216 1498 nranica
1257 1445 1468 1508 civitas,
1507 1447 1738 1518 gloriosa
1772 1464 1867 1520 per

279 1542 496 1582 omnem
529 1532 746 1584 modum
781 1531 831 1585 in
863 1533 1236 1600 splendorihns
1263 1537 1396 1607 ejus.

353 1618 580 1674 Exsulta
615 1629 662 1674 et
694 1622 876 1688 lauda,
911 1624 1164 1679 habitatio
1207 1627 1357 1693 Sion,
1395 1629 1518 1706 quia
1555 1647 1774 1702 magnus
1813 1634 1866 1688 in

1967 463 2090 501 rosa
2119 447 2323 502 creticae
2353 450 2702 517 amoenitatis,
2733 453 3077 522 prazlucidum
3109 456 3258 512 sidus
3283 458 3424 515 inter
3448 464 3556 532 pri-

1966 553 2166 592 maevus
2209 539 2459 595 lucernas
2496 542 2661 597 divini
2713 543 2931 600 luminis
2976 549 3330 618 susceptivas.
3358 550 3416 606 In
3461 561 3552 609 tuo

1964 632 2090 688 Jesu
2119 633 2228 688 ﬁlio
2256 633 2574 692 dulcissimo
2603 637 2712 692 sola
2747 653 2856 708 prze
2879 641 3128 696 omnibus
3159 643 3332 712 gaude
3355 647 3554 716 gaudio

1967 740 2180 794 magno,
2209 727 2334 796 quia
2370 742 2530 796 quem
2575 737 2634 782 ut
2668 730 2942 786 hominem
2989 734 3271 802 peperisti,
3310 744 3366 790 et
3431 753 3558 808 pro-

1966 817 2100 886 priis
2123 817 2379 872 uberibus
2421 819 2689 885 enutrisli,
2723 822 2894 892 ipsum
2943 838 3066 878 eum
3093 825 3297 896 angelis
3340 835 3396 880 et
3434 830 3552 882 uni-

1967 907 2137 962 versis
2165 907 2373 964 civibus
2396 908 2518 962 cmli
2554 909 2747 966 adoras
2777 920 2832 965 ut
2857 913 3024 967 Deum
3059 915 3240 970 vivum
3265 927 3319 972 et
3343 933 3553 974 verum.

1966 999 2174 1064 Gaude,
2201 998 2326 1054 felix
2363 1009 2560 1068 mater,
2596 1005 2720 1072 quia
2758 1019 2916 1074 quem
2958 1007 3138 1064 vidisti
3182 1009 3233 1062 in
3259 1009 3404 1082 ligno
3425 1027 3554 1067 cru-

1967 1088 2048 1142 cis
2093 1091 2442 1158 pendentem,
2474 1093 2626 1149 vides
2663 1095 2714 1148 in
2763 1095 2902 1150 etelo
2935 1107 3249 1167 regnantem
3288 1117 3409 1156 cum
3441 1103 3556 1176 glo-

1969 1180 2045 1233 ria
2095 1197 2305 1250 magna,
2351 1184 2497 1240 vides
2544 1201 2760 1241 onmem
2813 1188 3150 1245 altitudinem
3203 1193 3504 1251 caelestium
3535 1239 3550 1262 ,

1970 1274 2328 1338 terrestrium,
2345 1283 2400 1329 et
2423 1275 2754 1332 infernorum
2782 1280 3048 1350 majestati
3073 1283 3190 1353 ejus
3211 1284 3553 1354 inclinatam,
3623 1285 3636 1294 “

1967 1372 2022 1416 et
2061 1377 2220 1418 omne
2266 1365 2431 1419 robur
2481 1365 2824 1422 inimicorum
2872 1370 2988 1438 ejus
3036 1375 3303 1430 attritum.
3347 1375 3555 1432 Gaudia

1969 1454 2288 1524 gaudiorum
2330 1465 2456 1510 sunt
2499 1457 2629 1522 tibi,
2666 1461 2843 1514 omnis
2883 1461 3160 1532 plenitudo
3209 1477 3548 1536 sanctorum,

1969 1545 2124 1600 beata
2175 1547 2512 1602 Hierusalem
2562 1559 2735 1604 mater
2787 1563 3004 1618 nostra,
3033 1571 3154 1626 qua:
3199 1575 3411 1614 sursum
3437 1577 3496 1617 es
3536 1581 3548 1615 :

1969 1635 2314 1693 festivitatem
2347 1653 2443 1710 age
2471 1639 2854 1712 hetabundam,
2879 1657 2948 1702 et
2973 1647 3366 1708 indesinentem
3395 1655 3447 1709 in
3477 1656 3556 1710 vi-

282 1711 454 1763 medio
501 1712 577 1765 tui
615 1723 828 1766 sanctus
867 1714 1040 1769 Israel
1076 1715 1211 1786 (Ira.
1245 1735 1340 1786 xu,
1372 1703 1449 1790 6).
1497 1721 1774 1777 Exsultate
1813 1725 1866 1778 in
1902 1703 1944 1758 Β
1972 1729 2122 1784 sicne
2146 1703 2477 1798 paciﬁca'tui
2515 1731 2641 1788 Jesu
2682 1735 2950 1796 libertatis
2989 1749 3092 1798 tute
3116 1745 3374 1800 auctoris.

283 1799 446 1853 nobili
483 1800 590 1855 tilio
623 1811 822 1868 vestro,
849 1819 944 1858 vos
972 1805 1206 1868 illustres
1233 1810 1574 1878 patriarelne,
1610 1813 1736 1882 quia
1769 1814 1870 1868 imo

281 1889 424 1957 pleta
456 1901 540 1945 est
583 1892 634 1946 in
661 1909 725 1948 eo
753 1897 927 1950 omnis
955 1900 1292 1967 exspectatio
1321 1911 1518 1969 vestra,
1545 1911 1600 1957 et
1630 1903 1743 1973 ipse
1775 1921 1860 1960 su-

285 1982 463 2038 blimis
492 1993 574 2039 est
605 1986 778 2052 valde,
805 1997 852 2041 et
885 1988 1254 2045 benedicentur
1280 1995 1332 2046 in
1361 1995 1493 2062 ipso,
1517 2005 1698 2050 vestro
1721 1999 1867 2052 vide-

284 2071 410 2128 licet
455 2078 678 2139 semine,
727 2095 902 2133 omnes
931 2091 1137 2150 gentes;
1173 2082 1252 2137 sic
1295 2084 1438 2138 enim
1483 2086 1754 2156 pollicitus
1787 2099 1869 2144 est

281 2177 462 2218 sermo
487 2165 724 2220 divinus:
743 2167 984 2225 Gaudete
1005 2171 1058 2224 in
1089 2171 1214 2228 Jesu
1239 2176 1502 2245 propheta
1529 2193 1744 2249 magno,
1773 2195 1868 2236 vos

279 2241 556 2324 prophetae
582 2256 682 2310 viri
711 2273 952 2325 veraces,
997 2262 1122 2331 quia
1155 2263 1382 2320 miritice
1411 2274 1466 2320 et
1498 2267 1732 2338 gloriose
1763 2271 1865 2326 im-

279 2345 422 2416 pleta
473 2347 663 2404 videtis
709 2352 908 2418 omnia,
958 2369 1078 2422 quae
1126 2354 1192 2410 de
1245 2355 1359 2426 ipso
1404 2361 1766 2418 annuntiastis
1813 2365 1866 2420 in

281 2437 488 2510 Spiritu
517 2452 728 2509 sancto,
762 2453 816 2498 et
858 2445 1044 2501 ﬁdeles
1077 2447 1283 2503 inventi
1309 2451 1442 2506 eStis
1471 2468 1567 2522 per
1596 2453 1770 2524 ipsum
1811 2457 1862 2512 in

278 2532 489 2587 cunctis
519 2536 858 2591 sermonibus
885 2540 1095 2594 vestris.
1129 2539 1370 2599 Gaudete
1397 2544 1449 2598 in
1481 2547 1708 2604 Domino
1733 2549 1864 2606 .lesu

279 2624 540 2692 magistro
583 2635 786 2694 vestro,
833 2643 932 2684 vos
978 2630 1160 2703 inclyti
1207 2649 1461 2704 proceres
1511 2640 1663 2706 coeli,
1723 2641 1862 2699 beati

278 2714 528 2783 apostoli,
577 2718 804 2784 gaudete
841 2719 892 2774 in
943 2721 1078 2791 ipso,
1111 2731 1166 2777 et
1211 2726 1404 2780 iterum
1451 2729 1591 2795 dico,
1638 2733 1864 2802 gaudete

277 2827 400 2868 cum
432 2813 649 2870 Christo
681 2815 932 2872 familiari
973 2819 1180 2875 laetitia.
1221 2821 1358 2877 Ecce
1387 2825 1531 2879 enim
1587 2842 1747 2896 quem
1780 2829 1861 2883 vi-

277 2908 435 2964 distis
469 2909 520 2963 in
558 2913 734 2967 medio
759 2914 924 2968 vestri
964 2915 1292 2971 esurientem
1327 2924 1382 2972 et
1418 2919 1710 2990 sitientem,
1741 2923 1864 2978 fati-

275 3008 483 3070 gatum,
516 3009 570 3056 et
613 3002 678 3056 iis
715 3003 912 3058 similia
963 3006 1142 3061 carnis
1177 3007 1392 3062 infirma
1441 3010 1756 3068 tolerantem
1794 3016 1862 3071 ab

273 3091 529 3146 omnibus
559 3095 859 3162 reprobari,
886 3104 940 3151 et
972 3111 1092 3151 cum
1123 3098 1404 3155 sceleratis
1440 3103 1702 3171 reputari,
1727 3119 1861 3176 quo-

275 3180 438 3234 modo
463 3181 612 3246 vicit,
639 3185 908 3253 quomodo
936 3197 1144 3258 regnat,
1170 3191 1440 3259 quomodo
1469 3193 1518 3246 ei
1548 3195 1728 3250 omnia
1758 3195 1860 3252 sub

273 3267 502 3337 pedibus
529 3281 676 3340 sunt,
701 3291 861 3345 quam
887 3277 1150 3348 gloriosus
1181 3279 1234 3333 in
1262 3295 1361 3336 suo
1391 3281 1628 3339 dominio
1660 3285 1860 3343 lumine

273 3360 463 3432 fulget,
487 3371 545 3417 et
587 3364 670 3419 sui
699 3367 899 3438 gaudii;
931 3385 1041 3440 sua:
1070 3369 1460 3442 inelihbilisque
1494 3375 1676 3446 gloriae
1715 3393 1858 3436 nunc

273 3465 373 3506 vos
402 3453 578 3508 socios
607 3455 786 3522 habet,
820 3458 910 3527 qui
941 3459 1066 3514 olim
1093 3463 1469 3530 permansistis
1498 3479 1619 3520 eum
1660 3468 1773 3538 ipso
1805 3471 1856 3524 in

275 3543 666 3600 tentationibus
712 3548 856 3616 suis,
909 3558 963 3602 et
1013 3553 1358 3608 vexationum
1415 3555 1531 3624 ejus
1577 3569 1858 3618 consortes

272 3632 473 3688 fuistis.
519 3637 755 3694 Adorate
785 3657 926 3696 nunc
955 3642 1130 3697 dulcia
1160 3645 1246 3698 illa
1281 3662 1454 3716 genua
1488 3663 1606 3716 qua:
1641 3665 1698 3704 se
1728 3667 1854 3704 cur-

273 3738 537 3781 vaverunt
562 3739 686 3785 ante
711 3745 806 3786 vos
831 3748 998 3803 usque
1025 3735 1092 3788 ad
1117 3745 1336 3803 terram,
1361 3740 1673 3795 sedentibus
1703 3743 1855 3798 vobis

275 3819 342 3872 ad
369 3823 764 3878 sanctissimam
795 3841 1029 3883 canam.
1057 3829 1294 3887 Adorate
1316 3847 1456 3888 nunc
1485 3845 1856 3894 sacrosanctus

273 3911 392 3966 illas
424 3929 634 3979 manus,
663 3917 858 3985 quibus
886 3919 1158 3988 pulverem
1185 3924 1378 3992 pedum
1408 3933 1708 3982 vestrorum
1739 3927 1854 3984 Rex

273 4018 460 4074 regum
494 4005 673 4062 lavare
700 4017 754 4062 et
794 4019 1077 4080 extergere
1115 4014 1362 4084 dignatus
1390 4025 1492 4071 est.
1523 4015 1765 4076 Gaudete
1799 4023 1852 4076 in

272 4092 424 4160 Jcsn‘,
461 4099 702 4168 principe
735 4101 940 4156 militiae
973 4113 1180 4171 vestra},
1231 4121 1325 4163 vos
1375 4119 1642 4182 martyres
1689 4113 1853 4168 victo-

273 4187 422 4251 riosi,
450 4191 540 4258 qui
569 4191 747 4260 ipsum
791 4209 889 4262 pro
931 4209 1038 4263 quo
1069 4197 1366 4254 tradidistis
1387 4201 1448 4260 in
1477 4213 1704 4258 mortem
1737 4206 1852 4260 ani-

271 4291 389 4332 mas
427 4290 652 4349 vestras,
701 4283 898 4353 ipsmn,
949 4287 1188 4356 inquam,
1235 4289 1440 4359 Jesum,
1487 4294 1682 4352 Filium
1729 4297 1846 4364 Dei,

2043 1821 2106 1875 Et
2131 1832 2186 1877 tu
2215 1841 2358 1882 nunc
2387 1844 2601 1884 rursum
2633 1829 2866 1896 elevare,
2903 1833 3080 1886 anima
3115 1849 3251 1898 mea,
3292 1837 3432 1906 quali
3461 1854 3558 1908 po-

1974 1921 2052 1967 tes
2081 1927 2296 1984 conatu,
2331 1928 2386 1974 et
2419 1924 2624 1978 sanctis
2657 1931 2708 1976 te
2743 1922 2928 1992 ingere
2967 1923 3204 1980 millibus
3253 1927 3551 1984 laetantium

1971 2003 2024 2056 in
2059 2004 2284 2062 Domino
2329 2007 2478 2065 Jesn.
2518 2012 2647 2068 llluc
2691 2012 2816 2068 fidei
2841 2022 2896 2068 et
2937 2015 3050 2084 spei
3087 2016 3337 2071 vehiculo
3367 2033 3552 2089 perge,

1971 2091 2041 2146 ibi
2073 2109 2168 2163 per
2211 2097 2492 2156 eharitatis
2524 2103 2772 2156 ardorem
2817 2117 3171 2172 conversare,
3201 2108 3290 2162 ubi
3316 2106 3554 2164 Christus

1969 2186 2117 2240 estin
2137 2188 2350 2244 dextera
2373 2173 2471 2246 Dei
2501 2194 2685 2250 sedens
2705 2193 2932 2265 (Coloss.
2959 2195 3123 2267 nt,l).
3161 2197 3380 2254 Intende
3403 2216 3556 2257 men-

1971 2276 2039 2332 tis
2061 2279 2276 2334 oculum
2307 2283 2361 2338 in
2385 2283 2588 2340 lumine
2639 2286 2813 2341 vultus
2839 2285 2974 2354 ejus.
3003 2287 3197 2344 Lustra
3223 2305 3288 2346 ac
3322 2292 3551 2348 deoscu-

1969 2365 2081 2424 lare
2125 2370 2517 2442 gratulabunda
2567 2376 2854 2434 devotione
2899 2379 3109 2450 singula
3149 2378 3265 2437 lcca
3313 2382 3552 2439 felicium

1967 2460 2244 2531 plagarum
2296 2464 2434 2534 ejus,
2463 2468 2530 2524 de
2562 2469 2761 2538 quibus
2805 2470 3010 2540 egressi
3058 2480 3186 2526 sunt
3223 2475 3442 2542 pretiosi
3473 2475 3550 2530 illi

1967 2549 2204 2622 liquores
2229 2557 2506 2626 sanguinis
2553 2558 2746 2623 sancti,
2775 2574 2882 2632 quo
2923 2568 2974 2612 te
3005 2561 3329 2630 appretiavit
3360 2579 3551 2635 unige-

1967 2641 2112 2698 nitus
2137 2641 2252 2710 Dei,
2275 2654 2330 2700 et
2357 2647 2718 2704 sanetiﬁcavit
2752 2665 2807 2703 tn
2847 2649 3011 2704 vitam
3061 2659 3344 2708 aeternam.
3394 2651 3546 2722 Jesu,

1965 2739 2056 2803 qui
2097 2750 2202 2791 non
2241 2747 2388 2792 amat
2431 2749 2502 2804 te,
2554 2741 2848 2796 anathema.
2869 2741 2956 2797 sit.
2995 2741 3099 2808 Qui
3141 2753 3192 2798 te
3223 2759 3328 2799 non
3383 2757 3548 2812 amat,

1966 2828 2421 2886 amaritudinibus
2447 2831 2736 2902 repleatur.
2763 2831 2959 2890 Castus
2982 2843 3067 2889 est
3089 2849 3242 2890 amor
3271 2845 3414 2904 tuus,
3444 2837 3551 2893 Do-

1966 2923 2132 2990 mine,
2157 2932 2211 2978 et
2241 2922 2376 2978 nihil
2425 2922 2754 2993 impnritatis
2781 2924 3036 2979 admittit.
3073 2926 3301 2983 Sobrius
3336 2937 3421 2983 est
3462 2943 3550 2984 sa-

1967 3027 2065 3082 por
2091 3013 2291 3068 amoris
2321 3013 2420 3078 tui,
2454 3022 2508 3067 et
2554 3011 2753 3067 nullam
2804 3021 3041 3068 mentem
3073 3016 3275 3071 alienat
3303 3033 3332 3072 a
3375 3025 3545 3072 recto.

1963 3103 2159 3160 Suavis
2189 3113 2270 3160 cst
2311 3119 2464 3160 amor
2494 3112 2636 3170 tuus,
2658 3115 2711 3160 et
2746 3107 2878 3161 nihil
2906 3109 3066 3163 habet
3093 3109 3264 3162 amari
3300 3126 3313 3162 :
3341 3125 3466 3162 nam
3492 3119 3547 3164 et

1961 3211 2083 3266 quae
2117 3211 2302 3251 amara
2341 3206 2467 3250 sunt
2517 3197 2728 3260 mundi,
2779 3198 3049 3264 indulcat;
3087 3207 3140 3254 et
3179 3199 3353 3254 dulcia
3386 3201 3502 3271 ejus
3529 3239 3543 3264 ,

1963 3289 2140 3344 reddit
2186 3303 2393 3344 amara.
2433 3287 2580 3344 Inter
2607 3291 2884 3360 angustias
2909 3301 3022 3355 non
3043 3301 3376 3358 eoaretatur,
3405 3293 3546 3348 inter

1961 3394 2245 3448 pressurus
2279 3394 2385 3434 non
2431 3380 2978 3449 comprimitur;non
3019 3384 3159 3452 perit
3189 3383 3290 3437 sub
3339 3383 3542 3452 inopia,

1959 3483 2066 3523 non
2122 3481 2356 3526 mmrore
2419 3471 2782 3526 contrahitur.
2829 3472 2886 3527 ln
2949 3473 3228 3529 laboribus
3286 3491 3542 3528 manuum

1958 3559 2299 3626 aequanimis,
2331 3560 2474 3614 inter
2508 3560 2681 3616 minas
2720 3577 2966 3629 securus,
3007 3565 3151 3618 inter
3175 3563 3542 3620 blandimenta

1959 3649 2322 3718 incorruptus,
2363 3651 2504 3704 inter
2539 3661 2810 3708 tormenta
2851 3664 3162 3723 perseverat
3201 3655 3454 3720 invictus,
3487 3655 3542 3710 in

1958 3748 2132 3792 morte
2160 3753 2373 3809 semper
2400 3749 2482 3795 est
2508 3742 2678 3797 vivus.
2729 3742 2880 3798 Sicut
2918 3745 2971 3798 in
3007 3746 3262 3800 thesauro
3318 3746 3543 3816 rupilus

1957 3829 2172 3899 gaudet,
2205 3839 2260 3883 et
2290 3830 2430 3884 sicut
2461 3831 2513 3884 in
2567 3847 2752 3887 amore
2786 3833 2930 3888 unici
2964 3835 3059 3890 ﬁlii
3099 3835 3400 3891 delectatur
3421 3852 3539 3890 ma-

1959 3929 2077 3986 ter;
2109 3921 2179 3975 ita
2211 3920 2462 3992 gaudium
2491 3931 2546 3976 et
2581 3921 2866 3978 delectatio
2896 3933 2978 3979 est
3003 3936 3153 3995 grata
3189 3926 3241 3980 in
3271 3926 3540 3982 charitate

1958 4021 2070 4079 tua,
2093 4013 2263 4069 dulcis
2297 4011 2421 4070 Jesu
2447 4055 2460 4078 ,
2484 4015 2678 4070 anima:
2708 4015 2908 4069 amanti
2950 4015 3042 4070 te.‘
3069 4016 3301 4072 Duleedo
3333 4017 3536 4082 mellis,

1956 4105 2195 4159 suavitas
2225 4106 2404 4172 laetis,
2439 4106 2550 4160 vini
2585 4106 2861 4161 inebrians
2889 4121 3068 4175 Sapor,
3100 4117 3416 4179 cunctaeque
3447 4109 3540 4164 de-

1957 4197 2091 4251 liciae
2122 4213 2224 4251 non
2255 4197 2334 4253 sic
2354 4197 2625 4253 oblectant
2653 4197 2830 4254 fauces
2857 4200 3185 4270 gnstantium
3217 4216 3297 4266 se,
3327 4211 3387 4256 ut
3414 4211 3535 4256 tuus

1954 4302 2105 4342 amor
2145 4299 2352 4342 mentes
2381 4288 2716 4359 diligentium
2747 4298 2816 4344 te.

271 4369 558 4434 possidetis
604 4373 883 4441 praemium
930 4379 1242 4434 certaminis
1285 4384 1471 4438 vestri.
1518 4383 1760 4442 Gaudete
1793 4387 1847 4442 in
1881 4384 1926 4437 D
2023 4377 2068 4435 Ο
2118 4379 2290 4434 dulcis
2327 4377 2478 4444 Jesn,
2511 4379 2631 4433 vive
2671 4379 2825 4448 panis
2879 4380 3039 4434 nimis
3079 4379 3532 4448 conCIIpiSt‘ibiliS.

271 4457 397 4514 Jesu
435 4477 644 4518 summo
676 4465 894 4522 doctore
923 4469 1188 4538 veritatis,
1231 4486 1266 4528 ο
1308 4478 1599 4532 venerandi
1639 4478 1851 4534 confes-

270 4563 424 4604 sores
468 4561 521 4606 et
555 4555 822 4621 doctores,
855 4559 978 4627 quia
1020 4575 1178 4630 quem
1219 4563 1344 4618 olim
1391 4565 1650 4622 doctrinis
1678 4570 1851 4626 sacris

269 4650 327 4694 et
371 4643 625 4711 operibus
665 4635 826 4716 justis
855 4649 1082 4706 confessi
1129 4652 1260 4706 estis
1293 4669 1475 4710 coram
1521 4657 1846 4725 hominibus,

271 4747 414 4786 nunc
447 4735 734 4790 confitetur
761 4753 853 4793 vos
893 4755 1072 4794 coram
1101 4742 1258 4798 Patre
1287 4760 1385 4800 suo
1419 4756 1473 4800 et
1515 4750 1718 4805 sanctis
1754 4766 1850 4805 an-

269 4821 402 4892 gelis
430 4823 565 4892 ejus.
601 4826 840 4886 Gaudete
867 4831 918 4885 in
954 4831 1076 4888 Jcsu
1109 4837 1316 4904 virgine
1351 4847 1404 4892 et
1433 4839 1698 4910 virginum
1724 4859 1851 4898 san-

268 4915 588 4984 ctiﬁcatore,
618 4915 1118 4991 vos'paradisicola:
1151 4929 1402 5002 virgines,
1428 4947 1522 4988 vos
1547 4937 1752 5005 angelis
1779 4939 1851 4993 si-

269 5006 444 5072 miles,
471 5010 594 5079 quia
625 5027 751 5069 ecce
775 5031 933 5084 quem
959 5021 1198 5084 amastis,
1229 5037 1386 5091 quem
1407 5015 1656 5094 optastis,
1686 5043 1846 5098 quem

269 5099 586 5158 ardentibus
629 5105 912 5164 desideriis
953 5113 1264 5181 expetistis,
1315 5130 1411 5184 pro
1455 5117 1612 5187 cujus
1663 5135 1850 5178 amore

269 5198 516 5248 terrenos
537 5209 764 5266 sponsos
787 5209 840 5254 et
869 5215 1080 5255 omnem
1118 5215 1366 5260 ornatum
1399 5210 1578 5263 saeculi
1607 5221 1852 5268 contem-

265 5285 480 5352 psistis,
530 5292 724 5346 summi
782 5293 944 5363 Regis
991 5295 1180 5350 Filium
1231 5312 1372 5352 nunc
1425 5299 1650 5368 videtis,
1705 5321 1848 5360 nunc

264 5371 428 5443 227
460 5379 676 5444 tenetis,
703 5396 848 5436 nunc
883 5384 936 5436 in
977 5383 1094 5452 ejus
1127 5385 1290 5440 castis
1332 5387 1668 5454 amplexibus
1696 5393 1848 5460 quie-

264 5467 440 5532 scitis,
479 5476 536 5523 et
571 5469 746 5524 divelli
789 5487 818 5526 a
863 5471 1018 5527 vobis
1057 5473 1200 5528 nulla
1251 5474 1584 5530 insidiatoris
1627 5477 1848 5532 fraudu-

262 5558 429 5614 lentia
455 5570 652 5629 potest.

345 5651 536 5710 Verum
598 5655 742 5709 inter
800 5671 991 5711 omnes
1039 5655 1310 5714 caelicolas
1359 5657 1693 5715 uberrimum
1745 5659 1840 5717 tibi

589 5749 859 5808 Ριτιιοιη
901 5747 1172 5810 CLVIII.

1952 4470 2108 4524 hotre
2148 4470 2348 4532 suavis,
2378 4467 2556 4523 oleum
2591 4469 2834 4534 mistum,
2859 4469 3004 4524 mitis
3027 4486 3182 4540 agne,
3219 4469 3376 4525 fortis
3423 4471 3530 4536 leo,

1953 4559 2186 4614 formosa
2214 4560 2500 4628 panthera,
2545 4557 2772 4630 simplex
2817 4560 3087 4628 columba,
3128 4565 3283 4617 velox
3327 4563 3529 4634 aquila,

1951 4649 2104 4704 stella
2155 4651 2444 4716 matutina,
2493 4649 2570 4704 sol
2611 4661 2832 4718 aeterne,
2872 4652 3059 4724 angele
3109 4654 3280 4724 pacis,
3330 4655 3533 4712 fontale

1951 4738 2132 4793 lumen
2173 4740 2627 4811 sempiternorum
2671 4741 2964 4810 luminum,
2997 4753 3048 4799 te
3074 4755 3237 4811 amet,
3265 4747 3318 4801 in
3353 4757 3404 4802 te
3435 4749 3530 4804 dc-

1951 4827 2198 4892 Iectetur,
2227 4839 2282 4884 te
2317 4830 2614 4885 admiretur
2638 4831 2814 4884 omnis
2847 4847 3035 4888 sensus
3071 4836 3242 4890 bonus
3276 4845 3376 4890 tute
3398 4853 3527 4892 con-

1950 4921 2171 4976 veniens
2198 4921 2362 4990 laudi,
2391 4921 2532 4977 Deus
2558 4922 2735 4978 cordis
2763 4923 2890 4992 mei,
2921 4933 2975 4978 et
3001 4941 3127 4995 pars
3164 4943 3282 4982 mea
3309 4927 3526 4982 Christe

1949 5009 2100 5080 Jesu,
2125 5013 2340 5069 deficiat
2367 5029 2460 5069 cor
2495 5029 2672 5070 meum
2709 5015 2899 5086 spiritu
2929 5031 3057 5080 suo,
3085 5025 3142 5071 et
3169 5033 3305 5072 caro
3325 5033 3354 5070 a
3392 5033 3524 5072 con-

1951 5107 2300 5175 cupiscentiis
2335 5107 2468 5172 suis,
2501 5116 2556 5162 et
2581 5107 2731 5163 vivas
2771 5119 2826 5162 tu
2858 5108 2912 5162 in
2943 5123 3051 5174 me,
3083 5119 3138 5164 et
3180 5107 3524 5164 concalescat

1951 5199 2003 5252 in
2025 5199 2218 5268 spiritu
2255 5213 2376 5252 meo
2401 5199 2556 5254 vivus
2597 5199 2764 5254 carbo
2805 5201 3007 5254 amoris
3039 5199 3136 5262 tui,
3167 5209 3222 5255 et
3243 5211 3528 5256 excrescat

1949 5290 2004 5342 in
2033 5291 2210 5358 ignem
2241 5289 2562 5358 perfectum.
2587 5289 2801 5362 “Foveat
2823 5297 2877 5344 et
2910 5291 3148 5345 enutriat
3171 5289 3318 5344 illum
3355 5291 3409 5346 in
3439 5305 3552 5346 me.

1949 5382 2121 5450 gratia
2153 5389 2264 5446 tua,
2294 5389 2352 5434 ut
2379 5381 2782 5452 ardeatjugiter
2809 5381 2862 5434 in
2893 5396 2987 5434 ara
3027 5381 3204 5438 cordis
3247 5381 3350 5438 mei
3377 5400 3391 5434 :
3420 5380 3529 5438 fer-

1951 5483 2073 5529 veat
2103 5475 2154 5528 in
2195 5473 2442 5529 medullis
2471 5475 2623 5540 meis,
2648 5475 2836 5546 ﬂagret
2865 5475 2918 5528 in
2951 5477 3280 5532 absconditis
3305 5475 3521 5544 animae,

1950 5567 2004 5620 in
2041 5566 2127 5622 die
2159 5568 2644 5624 consummationis
2679 5582 2812 5622 meae
2839 5575 3247 5624 consummatus
3283 5569 3528 5624 invenia-

1952 5668 2040 5717 tur
2065 5661 2204 5733 apud
2231 5667 2302 5718 te.
2334 5661 2388 5718 ln
2417 5661 2504 5718 dic
2529 5675 2633 5730 qua
2656 5659 2771 5716 erui
2805 5675 2890 5715 me
2917 5660 3123 5716 videbis
3151 5675 3180 5714 a
3212 5663 3390 5716 tunica
3421 5663 3522 5716 ista

3057 5753 3135 5812 ‘25
