3884 6052
348 202 445 260 ῗῖ9

689 200 746 257 S.
780 198 1080 255 ANSELMI
1109 194 1457 253 CANTUAR.
1502 190 1821 248 ARClllEP.
1860 188 2011 246 OPP.
2057 190 2237 247 PARS
2265 192 2327 247 ll.
2369 222 2438 235 -
2469 191 2838 250 PAIUENET.
2870 144 2961 249 ἘΤ
3010 192 3254 251 ASCET.

3508 197 3609 253 790

344 315 553 373 mortali
589 328 748 384 quam
785 325 926 366 nunc
976 308 1319 369 circumfero,
1361 302 1659 358 circumdet
1702 314 1790 355 me
1846 300 1928 355 di-
1956 302 2002 359 A
2029 316 2304 373 nunquam
2328 304 2577 361 amisisti.
2601 305 2884 377 Nunquam
2909 307 3087 377 inops,
3116 315 3170 362 et
3198 311 3401 377 gaudes
3423 307 3610 366 lucris,

344 409 502 464 lectio
535 416 652 472 tua,
689 405 760 459 sit
786 403 979 455 anima:
1007 412 1140 452 meze
1164 396 1316 465 quasi
1352 393 1731 449 vestimentum
1766 391 1926 446 dcco-

345 500 510 564 ris,ut
526 511 630 551 non
655 493 794 548 nuda
816 490 910 546 sed
925 488 1113 543 vestita
1134 484 1457 548 inveniatur,
1481 494 1534 537 et
1562 482 1756 537 habeat
1784 482 1926 535 unde

342 587 751 644 abscondantur
784 582 991 636 inlirma
1016 578 1132 648 ejus
1154 577 1220 631 ab
1245 575 1416 631 oculis
1446 573 1764 645 tuis.lgnem
1792 573 1924 627 alie-

345 693 494 742 num,
526 677 703 744 ignem
735 673 823 742 qui
859 687 957 741 per
997 668 1338 725 adversarios
1381 675 1502 721 tuos
1532 665 1743 729 ardeat,
1791 661 1927 717 Dile-

344 764 595 823 lectionis
627 773 730 817 tuae
783 760 965 816 fervor
1004 759 1220 829 elonget
1253 774 1282 811 a
1314 771 1401 811 me
1436 773 1451 809 :
1483 755 1717 810 animam
1748 766 1922 808 meam

342 860 409 914 ad
442 869 493 913 te
530 856 845 911 Creatorem
893 865 1051 905 suum
1102 846 1437 914 attollat;et
1485 852 1742 916 quantum
1793 843 1924 899 satis

275 1009 283 1013 _
341 958 446 1015 est,
476 958 567 1003 tuo
598 945 779 1002 divino
802 942 1002 997 lumine
1035 954 1153 995 eam
1181 940 1488 1008 immergat.
1530 936 1752 990 Domine
1772 933 1919 1000 Jesn,

340 1056 528 1098 omnes
560 1040 649 1110 qui
694 1048 746 1094 te
794 1037 1045 1107 diligunt,
1094 1032 1404 1104 repleantur
1457 1030 1924 1086 benedictionibus

344 1133 468 1188 tuis.
519 1129 853 1186 Acredentcs
915 1127 981 1181 ad
1019 1134 1090 1190 te,
1128 1125 1181 1178 in
1220 1122 1357 1177 coelo
1393 1121 1735 1185 scribantur,
1766 1129 1824 1173 nt
1853 1118 1925 1173 sit

339 1241 445 1295 pax
479 1224 636 1279 eisin
663 1220 946 1276 uelamento
995 1216 1202 1271 alarum
1254 1224 1464 1268 tuarum
1504 1211 1676 1285 (Psal.
1705 1228 1838 1276 mut,
1867 1210 1921 1282 8)

340 1332 436 1385 per
472 1329 666 1369 mvum.
699 1311 816 1366 Tibi
842 1317 1045 1371 autem,
1085 1307 1240 1361 unice
1287 1304 1413 1369 Dei,
1446 1304 1669 1358 sitcum
1721 1312 1923 1355 aeterno

347 1407 507 1461 Patre
537 1414 592 1460 et
621 1413 812 1459 sancto
846 1401 1050 1470 Spiritu
1089 1398 1203 1450 lans
1245 1394 1582 1458 indcticiens,
1618 1391 1924 1446 inviolabile

341 1501 528 1562 decus,
577 1506 631 1551 et
680 1493 911 1549 solidum
970 1505 1213 1561 regnum,
1263 1500 1590 1558 permanens
1631 1484 1684 1538 in
1728 1482 1922 1539 saecula

345 1588 685 1645 surculorum.
712 1586 903 1639 Amen.

811 1667 1183 1727 MEDITATIQ
1210 1667 1326 1722 XIV
1356 1667 1449 1721 Μ.

412 1768 708 1824 PROLOGUS.
734 1794 803 1804 ——
824 1761 1085 1826 Quoniam
1114 1760 1169 1813 in
1201 1757 1379 1813 medio
1411 1758 1725 1828 laqueorum
1758 1754 1920 1825 posui

341 1846 548 1921 sumus,
580 1855 735 1910 facile
761 1869 791 1907 a
820 1852 1029 1908 caelesti
1064 1849 1339 1905 desiderio
1366 1849 1729 1920 frigescimus.
1779 1849 1924 1915 Qua-

340 1959 561 2022 pr0pter
606 1947 824 2002 assiduo
871 1943 1172 2014 indigemus
1233 1942 1565 1997 monimento
1600 1941 1921 2013 [al.,muni-

342 2040 568 2113 mento],
597 2047 655 2093 ut
703 2034 1068 2106 expergefacti
1112 2034 1179 2088 ad
1229 2034 1398 2087 Deum
1446 2043 1688 2087 nostrum
1736 2047 1921 2088 verum

338 2143 394 2188 et
442 2144 712 2186 summum
752 2129 973 2190 bonum,
1018 2140 1143 2181 cum
1194 2121 1506 2189 deﬁnimus,
1556 2137 1916 2178 recurramus.

339 2225 545 2279 laicirco
590 2236 694 2275 non
738 2216 1174 2289 praesumptionis
1223 2213 1551 2281 temeritate,
1581 2212 1673 2267 sed
1728 2227 1919 2283 magna

343 2317 435 2371 Dei
490 2315 592 2369 mei
642 2312 927 2367 dilectione
978 2308 1101 2362 huic
1139 2304 1395 2376 opusculo
1439 2306 1507 2360 ad
1551 2304 1760 2359 laudem
1805 2298 1921 2374 ejus

338 2421 557 2477 operam
586 2403 728 2473 dedi,
757 2410 815 2456 ut
849 2416 913 2456 ex
952 2398 1372 2470 elegantior-ibus
1414 2395 1573 2451 dictis
1607 2405 1921 2451 sanctorum

343 2497 560 2565 Patrum
592 2496 756 2548 breve
784 2503 839 2546 et
878 2489 1126 2544 manuale
1165 2486 1389 2542 verbum
1414 2487 1480 2541 de
1507 2487 1617 2541 Deo
1645 2501 1766 2541 meo
1810 2501 1921 2542 me-

342 2603 464 2640 cum
517 2598 730 2652 semper
767 2581 1066 2643 haberem;
1097 2593 1162 2633 ex
1207 2578 1363 2648 cujus
1401 2576 1648 2631 lectionis
1673 2574 1803 2648 [al.,
1836 2577 1919 2631 di-

339 2671 607 2746 lectionis]
650 2674 803 2742 igne,
864 2670 1075 2739 quoties
1119 2677 1364 2739 tcpesco,
1406 2668 1459 2722 in
1501 2667 1616 2738 ejus
1654 2667 1921 2723 accendar

339 2764 599 2820 amorem.

418 2859 457 2913 l.
483 2856 635 2911 Nunc
664 2854 851 2911 adesto
874 2854 947 2885 ⁷⁸³
977 2853 1128 2920 mihi,
1155 2853 1294 2908 Deus
1324 2867 1492 2917 meus,
1521 2868 1680 2923 quem
1711 2867 1914 2924 quaaro,

339 2932 523 3020 quem"
550 2946 731 3017 diligo,
770 2959 928 3014 quem
966 2943 1129 2999 corde
1167 2951 1222 2998 et
1260 2957 1354 2999 ore
1394 2944 1677 3011 conﬁteor,
1707 2953 1763 2998 et
1810 2958 1913 3013 qua
1943 2975 1989 3038 ο

338 3040 490 3097 valeo
536 3038 735 3093 virtute
775 3036 933 3091 laudo
972 3043 1134 3105 atque
1163 3028 1351 3089 adoro.
1388 3032 1539 3089 Mens
1575 3049 1692 3090 mea
1722 3034 1917 3090 devota

339 3132 456 3197 tibi,
500 3131 574 3186 tui
608 3144 793 3201 amore
823 3141 1109 3193 succensa,
1145 3124 1241 3179 tibi
1271 3124 1507 3195 spirans,
1540 3124 1637 3179 tibi
1679 3123 1916 3189 inhians,

338 3234 390 3279 te
418 3223 589 3278 solum
623 3221 805 3277 videre
833 3219 1146 3274 desiderans
1169 3216 1303 3272 nihil
1326 3217 1488 3272 habet
1520 3216 1674 3273 dulce
1717 3218 1819 3273 nisi
1854 3219 1921 3274 de

339 3323 392 3368 te
416 3311 582 3381 loqui,
613 3310 679 3364 de
712 3319 764 3363 te
786 3308 994 3373 audire,
1020 3307 1087 3362 de
1119 3316 1168 3360 te
1190 3306 1452 3373 scribere,
1478 3306 1544 3360 de
1576 3315 1628 3361 te
1650 3307 1917 3375 conferre,

339 3412 488 3456 tuam
545 3400 772 3471 gloriam
812 3398 1127 3466 frequenter
1168 3398 1267 3452 sub
1302 3396 1467 3451 corde
1515 3395 1817 3463 revolvere,
1860 3407 1919 3452 nt

339 3494 416 3548 tui
451 3491 631 3546 suavis
684 3488 944 3543 memor’ia
995 3489 1065 3542 sit
1110 3488 1253 3541 inter
1297 3488 1399 3542 hos
1443 3488 1683 3542 turbines
1738 3489 1915 3558 aliqua

336 3583 642 3653 repausatio
670 3594 808 3636 mea.
844 3579 918 3635 Te
941 3594 1071 3650 ergo
1100 3580 1314 3648 invoco,
1340 3581 1820 3648 desideratissime,
1850 3582 1918 3637 ad

339 3684 390 3729 te
423 3674 599 3728 clamo
627 3671 863 3727 clamore
886 3685 1079 3740 magno
1101 3670 1154 3724 in
1183 3678 1294 3725 toto
1324 3671 1490 3728 corde
1527 3686 1668 3727 meo.
1693 3672 1760 3727 Et
1792 3688 1914 3727 cum

338 3775 392 3822 te
419 3766 629 3831 invoco,
656 3764 840 3834 utique
867 3762 919 3818 in
944 3764 1148 3833 meipso
1175 3764 1366 3819 invoco
1384 3780 1397 3831 ;
1414 3765 1668 3834 quoniam
1694 3765 1915 3821 omnino

340 3873 451 3913 non
482 3870 681 3921 essem,
706 3856 805 3911 nisi
833 3863 886 3909 tu
922 3869 1072 3910 esses
1112 3855 1163 3909 in
1206 3870 1330 3922 me;
1360 3865 1414 3911 et
1447 3856 1548 3911 nisi
1592 3871 1690 3927 ego
1740 3870 1914 3914 essent

337 3951 391 4003 in
425 3958 497 4017 te,
524 3964 627 4003 non
648 3961 800 4003 esses
828 3946 881 4001 in
906 3960 1009 4001 me.
1034 3946 1091 4000 In
1114 3962 1199 4002 me
1228 3962 1307 4013 es,
1337 3949 1596 4017 quoniam
1625 3948 1678 4002 in
1712 3963 1916 4003 memo-

338 4038 418 4093 ria
441 4052 561 4092 mea
594 4050 816 4103 manes;
860 4050 928 4090 ex
958 4050 1022 4090 ea
1061 4037 1284 4107 cognovi
1319 4046 1393 4102 te,
1422 4045 1478 4091 et
1511 4034 1565 4092 in
1593 4051 1656 4092 ea
1697 4037 1912 4094 invenio

341 4140 410 4195 te,
441 4143 566 4184 cum
613 4128 936 4183 reminiscor
981 4126 1076 4192 tui,
1105 4136 1162 4182 et
1203 4127 1443 4183 delector
1482 4129 1533 4183 in
1560 4138 1611 4184 te
1645 4128 1710 4184 de
1734 4139 1805 4199 te,
1843 4146 1910 4186 ex

336 4241 443 4295 quo
473 4225 675 4289 omnia,
696 4239 796 4295 per
823 4238 982 4294 quem
1026 4224 1231 4290 omnia,
1262 4232 1318 4278 et
1344 4224 1398 4278 in
1426 4239 1535 4294 quo
1565 4226 1766 4281 omnia.

2028 390 2309 463 Nunquam
2336 396 2502 467 228
2530 412 2746 462 avarus,
2778 407 2832 453 et
2864 413 3058 453 usuras
3087 398 3277 469 exigis.
3311 398 3608 470 Superero-

2027 497 2123 554 gas
2150 484 2236 538 cui
2262 499 2365 539 non
2388 488 2582 552 debes,
2606 487 2688 542 vel
2721 502 2934 558 semper
2953 498 3379 559 supererogatur
3412 490 3507 545 tibi
3551 501 3611 547 ut

2027 574 2240 631 debeas.
2266 575 2332 630 Et
2355 578 2476 647 quis
2501 579 2666 635 habet
2686 580 2757 612 ⁷⁸⁸
2786 581 3081 651 quidquam
3105 597 3212 636 non
3239 591 3388 636 tuum
3418 584 3441 637 ἵ
3465 583 3610 641 [ted-

2026 666 2110 723 dis
2132 668 2333 734 debita,
2357 669 2488 724 nulli
2517 670 2737 727 debens.
2763 673 2941 728 Donas
2961 672 3162 738 debita,
3189 673 3321 728 nihil
3345 678 3608 744 perdens.

2027 756 2127 826 Qui
2170 760 2367 830 ubique
2391 777 2467 826 es,
2497 771 2550 816 et
2573 763 2771 832 ubique
2798 772 2962 820 totus.
2995 762 3095 831 Qui
3119 766 3311 821 sentiri
3336 775 3512 837 potes.
3550 777 3611 825 et

2024 847 2196 903 videri
2222 865 2324 905 non
2358 861 2531 921 potes.
2569 852 2669 920 Qui
2710 869 2973 923 nusquam
3022 856 3170 921 deos,
3213 865 3269 911 et
3307 866 3484 914 tamen
3535 862 3610 917 ab

2026 935 2333 1006 iniquorum
2363 941 2777 1011 cogitationibus
2810 943 2966 1014 longe
2998 959 3074 999 cs.
3100 944 3201 1012 Qui
3233 962 3334 1002 nec
3358 947 3427 1002 ibi
3452 949 3609 1017 dces,

2025 1025 2112 1081 ubi
2139 1027 2294 1097 longe
2319 1045 2407 1096 es;
2435 1033 2560 1101 quia
2592 1032 2683 1087 ubi
2714 1049 2818 1088 non
2853 1050 2913 1089 es
2940 1049 3034 1103 per
3064 1037 3317 1106 gratiam,
3350 1039 3480 1094 ades
3508 1056 3611 1109 per
3662 1058 3676 1071 '

2025 1120 2339 1175 vindictam.
2372 1121 2471 1188 Qui
2507 1123 2705 1193 ubique
2741 1140 2983 1194 praesens
3012 1141 3092 1193 es,
3139 1136 3193 1182 et
3236 1129 3325 1182 vix
3372 1130 3608 1187 inveniri

2025 1221 2194 1281 potes.
2219 1215 2387 1281 Quem
2413 1224 2643 1271 stantem
2668 1217 2966 1287 sequimur,
2990 1228 3045 1273 et
3070 1221 3474 1291 apprehendere
3496 1239 3606 1279 non

2024 1303 2280 1359 valemus.
2311 1305 2410 1372 Qui
2444 1315 2593 1362 tenes
2615 1306 2818 1373 omnia,
2845 1307 3031 1376 imples
3056 1311 3256 1378 omnia,
3287 1312 3607 1384 circumple.

2025 1396 2191 1452 oleris
2225 1399 2429 1466 omnia,
2473 1399 2854 1469 superexcedis
2893 1402 3098 1468 omnia,
3139 1404 3374 1460 sustines
3400 1407 3604 1461 omnia.

2025 1487 2125 1557 Qui
2157 1489 2319 1544 corda
2362 1488 2600 1543 fidelium
2653 1489 2817 1545 doces
2859 1491 2976 1547 sine
3015 1493 3241 1562 strepitu
3289 1496 3602 1551 verborum.

2026 1579 2127 1646 Qui
2160 1578 2292 1634 locis
2320 1593 2426 1633 non
2474 1578 2823 1644 distenderis,
2855 1594 2954 1635 nec
2981 1584 3307 1652 temporibus
3349 1588 3603 1651 variaris.

2022 1686 2125 1727 nec
2154 1671 2321 1726 habes
2357 1685 2607 1725 accessus
2651 1679 2706 1725 et
2744 1685 3011 1728 recessus.
3039 1673 3140 1740 Qui
3191 1676 3396 1731 habitas
3431 1678 3605 1735 lucem

2019 1761 2423 1818 inaccessibilen-
2446 1802 2462 1829 ,
2486 1780 2635 1833 quem
2655 1762 2832 1817 nullus
2866 1765 3132 1819 hominum
3162 1767 3286 1820 vidit
3307 1784 3397 1822 nec
3426 1771 3605 1826 videre

2020 1862 2183 1925 potest
2226 1851 2276 1925 (I
2312 1851 2446 1907 Tim.
2475 1867 2556 1919 vr,
2584 1853 2692 1923 16).
2722 1853 2779 1908 In
2812 1864 2862 1909 te
2889 1871 3113 1912 manens
3139 1858 3372 1928 quietus,
3399 1861 3607 1931 ubique

2023 1946 2220 2003 circuis
2259 1954 2447 1999 totum.
2480 1944 2599 2017 Non
2624 1945 2770 2001 enim
2804 1947 2976 2001 scindi
2996 1956 3050 2002 et
3081 1948 3245 2004 dividi
3272 1959 3444 2022 potes,
3473 1954 3606 2023 quia

2023 2052 2149 2093 vere
2178 2052 2317 2091 unus
2344 2052 2433 2102 es;
2464 2052 2565 2091 nec
2606 2036 2658 2091 in
2705 2046 2887 2106 partes
2914 2037 3143 2094 afficeris
3163 2081 3177 2103 ,
3207 2043 3299 2096 sed
3349 2052 3494 2099 totus
3521 2053 3608 2099 to-

2024 2137 2136 2182 tum
2182 2135 2363 2192 tenes,
2410 2133 2578 2179 towm
2626 2127 2848 2198 lmples,
2889 2135 3057 2183 totum
3099 2128 3335 2186 illustras
3382 2139 3437 2187 et
3476 2147 3607 2202 pos-

2022 2219 2190 2274 sides.

2092 2310 2148 2365 Si
2189 2318 2359 2365 totum
2393 2310 2651 2365 mundum
2679 2310 2745 2342 7"
2774 2310 2894 2366 libri
2938 2309 3199 2381 repleant,
3233 2319 3322 2365 tua
3370 2311 3604 2367 scientia

2022 2403 2405 2458 inenarrabilis
2431 2418 2535 2457 non
2569 2411 2746 2473 potest
2775 2404 3037 2458 enarrari.
3064 2403 3327 2471 Quoniam
3362 2419 3491 2460 vero
3517 2407 3606 2460 in-

2021 2494 2251 2549 dicibilis
2280 2510 2358 2560 es,
2377 2494 2521 2548 nullo
2552 2494 2710 2549 modo
2740 2495 2901 2549 scribi
2930 2497 3170 2565 poteris,
3195 2511 3297 2551 nec
3323 2497 3603 2552 concludi.

2022 2581 2102 2637 Tu
2132 2598 2192 2638 es
2240 2582 2361 2637 fons
2407 2583 2542 2638 lucis
2572 2582 2785 2649 divina‘,
2823 2591 2878 2637 et
2924 2584 3002 2637 sol
3054 2582 3318 2639 claritatis
3358 2592 3602 2640 ueterum.

2020 2673 2245 2744 Magnus
2283 2691 2344 2732 es
2392 2676 2510 2731 sine
2555 2675 2856 2744 quantitate
2886 2673 2980 2740 "9,
3022 2683 3076 2730 et
3118 2675 3237 2731 ideo
3280 2676 3602 2732 immensus.

2019 2765 2200 2823 Bonus
2230 2766 2349 2821 sine
2370 2764 2662 2834 qualitate,
2688 2774 2742 2819 et
2771 2764 2890 2819 ideo
2919 2779 3042 2820 vere
3071 2774 3125 2819 et
3152 2780 3362 2822 summe
3389 2765 3601 2831 bonus;

2019 2865 2075 2912 ct
2102 2871 2260 2911 nemo
2284 2856 2457 2911 bonus
2485 2854 2585 2909 nisi
2613 2864 2665 2909 tu
2689 2854 2855 2910 solus.
2879 2854 3044 2925 Cujus
3064 2854 3312 2911 voluntas
3331 2871 3467 2927 opus
3487 2868 3603 2925 est,

2019 2946 2173 3016 cujus
2194 2945 2329 3002 velle
2360 2960 2516 3016 posse
2545 2954 2648 3001 est.
2676 2946 2776 3013 Qui
2808 2948 2990 3001 omnia
3020 2962 3139 3017 qua:
3163 2963 3228 3001 ex
3258 2948 3429 3004 nihilo
3445 2965 3606 3005 crea-

2023 3041 2115 3108 sti,
2167 3038 2279 3095 sola
2320 3039 2599 3094 voluntate
2643 3038 2839 3093 fecisti.
2878 3038 2979 3106 Qui
3022 3054 3236 3095 omnem
3285 3052 3602 3098 creaturam

2024 3138 2171 3184 tuam
2198 3127 2399 3196 absque
2430 3127 2723 3197 indigentia
2770 3128 2948 3196 aliqua
2979 3130 3239 3197 possides,
3271 3137 3325 3183 et
3364 3131 3481 3186 sine
3513 3131 3602 3185 la-

2020 3215 2154 3275 bore
2184 3223 2473 3289 gubernas,
2510 3227 2564 3273 et
2607 3218 2811 3287 absque
2857 3217 3014 3273 taedio
3056 3220 3218 3289 regis,
3250 3228 3304 3273 et
3349 3220 3483 3274 nihil
3513 3232 3605 3276 est

2020 3313 2163 3383 quod
2193 3310 2474 3367 conturbet
2507 3309 2750 3365 ordinem
2776 3310 2987 3380 imperii
3015 3310 3111 3377 tui,
3137 3311 3219 3365 vel
3257 3311 3309 3364 in
3345 3316 3601 3381 sunm's,

2021 3404 2106 3460 vel
2130 3405 2180 3458 in
2206 3403 2347 3457 imis.
2373 3400 2472 3469 Qui
2513 3402 2564 3455 in
2606 3401 2855 3456 omnibus
2889 3401 3021 3457 locis
3064 3401 3181 3456 sine
3209 3401 3326 3457 loco
3353 3403 3602 3470 haberk,

2019 3502 2073 3549 ct
2110 3493 2288 3549 omnia
2337 3491 2584 3547 contines
2619 3492 2737 3547 sine
2768 3492 2995 3559 ambitu,
3023 3501 3078 3547 et
3126 3494 3324 3563 ubique
3354 3510 3601 3565 praesens

2018 3600 2078 3641 es
2099 3584 2216 3640 sine
2246 3586 2350 3640 situ
2378 3595 2432 3642 et
2455 3594 2623 3641 motu.
2670 3582 2769 3650 Qui
2813 3596 2913 3637 nec
2956 3582 3080 3638 mali
3109 3593 3297 3639 auctor
3326 3599 3406 3650 es,
3448 3588 3600 3656 quod

2018 3677 2199 3735 facere
2221 3697 2326 3736 non
2367 3688 2541 3754 potes.
2569 3674 2671 3742 Qui
2701 3670 2832 3726 nihil
2872 3686 2979 3726 non
3025 3682 3201 3744 potes,
3232 3689 3330 3727 nec
3353 3689 3598 3744 unquam

2017 3764 2331 3841 quidquam‘
2354 3780 2405 3826 te
2441 3769 2633 3825 fecisse
2674 3766 2943 3838 paenituit.
2978 3763 3143 3834 Cujus
3180 3764 3420 3820 bonitate
3463 3765 3597 3819 facti

2016 3878 2223 3929 sumus,
2250 3870 2306 3917 et
2337 3860 2547 3932 justitia
2574 3872 2763 3930 ptenas
2800 3856 3016 3922 luimus,
3051 3864 3107 3910 et
3143 3854 3429 3909 clementia
3461 3853 3599 3909 libe-

2015 3966 2222 4008 ramur.
2256 3950 2421 4020 Cujus
2464 3948 2850 4020 omnipotentia
2897 3947 3078 4001 omnia
3130 3946 3422 4016 gubernat,
3455 3947 3601 4016 regit

2015 4051 2069 4099 et
2095 4042 2280 4113 implet
2318 4057 2437 4112 quae
2478 4041 2700 4097 creavit.
2734 4038 2846 4094 Nec
2872 4037 2993 4093 ideo
3031 4046 3083 4092 te
3138 4035 3363 4107 implere
3408 4040 3598 4113 omnia

2014 4132 2267 4197 dicimus,
2295 4140 2352 4186 nt
2385 4140 2437 4186 te
2471 4131 2825 4195 contineant;
2859 4130 2951 4185 sed
2983 4131 3095 4199 ipsa
3130 4130 3307 4198 potius
3331 4143 3361 4181 a
3390 4137 3443 4183 te
3464 4143 3601 4182 con-

2016 4225 2306 4279 tineantur.
2336 4222 2446 4278 Nec
2478 4221 2839 4293 particulatim
2874 4220 3062 4289 imples
3099 4220 3299 4283 omnia,
3332 4234 3431 4273 nec
3457 4219 3599 4272 ulla-

407 4318 508 4384 Tu,
540 4316 796 4382 Domine,
834 4314 1027 4371 coalum
1052 4313 1123 4348 ⁷⁸⁵
1146 4324 1201 4369 et
1233 4324 1431 4369 terram
1479 4316 1689 4387 imples,
1726 4319 1907 4374 omnia
1943 4309 1989 4364 D
2018 4325 2173 4373 tenus
2215 4316 2288 4370 ita
2320 4315 2612 4387 putandum
2646 4322 2748 4382 cst,
2783 4322 2841 4368 ut
2862 4326 3197 4383 unaquaeque
3236 4325 3324 4365 res
3347 4325 3446 4380 pro
3477 4326 3600 4365 ma-

335 4418 560 4478 portans
594 4410 712 4464 sine
734 4422 922 4473 onere,
950 4407 1130 4462 omnia
1168 4406 1396 4478 impleas
1425 4408 1543 4463 sine
1587 4408 1904 4466 inclusione.

338 4498 566 4568 Semper
609 4512 807 4567 agens,
859 4512 1070 4567 semper
1115 4498 1350 4566 quietus.
1397 4496 1669 4570 Colligens
1702 4508 1757 4554 et
1800 4515 1908 4554 non

336 4604 519 4660 egens.
557 4589 821 4656 Quan'ens
864 4603 987 4643 cum
1029 4588 1171 4642 nihil
1210 4589 1352 4646 desit
1381 4590 1500 4649 tibi.
1528 4591 1763 4656 Amans,
1809 4607 1910 4647 nec

335 4690 572 4736 aestuans
595 4681 708 4747 7";
747 4681 951 4746 zelans,
992 4690 1046 4736 ct
1089 4694 1313 4736 securus
1352 4696 1430 4737 es.
1470 4680 1704 4737 Paenitet
1752 4691 1826 4748 te,
1855 4693 1911 4739 ct

336 4787 445 4829 non
483 4772 652 4827 doles.
686 4771 961 4840 Irasceris,
996 4772 1319 4842 tranquillus
1361 4787 1440 4829 es.
1484 4772 1660 4844 Opera
1707 4785 1907 4844 mutas,

334 4864 430 4920 sed
472 4878 579 4919 non
609 4873 787 4919 mutas
815 4863 1118 4920 consilium.
1168 4863 1386 4933 Recipis
1424 4864 1567 4934 quod
1593 4865 1825 4934 invenis,
1857 4877 1911 4927 et

2017 4410 2295 4482 gnitudine
2346 4424 2457 4464 suae
2503 4408 2766 4478 portionis
2812 4407 2992 4477 capiat
3032 4414 3098 4467 te,
3134 4404 3185 4458 id
3214 4413 3298 4457 est
3352 4403 3596 4457 maxima

2016 4502 2210 4573 majus,
2234 4500 2452 4555 minima
2484 4500 2815 4562 minus,cum
2843 4496 3002 4552 sis?“
3024 4496 3199 4563 potius
3228 4496 3340 4565 ipse
3363 4502 3507 4549 totus
3538 4496 3595 4550 in

2016 4594 2287 4659 omnibus,
2316 4601 2370 4647 et
2411 4591 2590 4645 omnia
2624 4590 2677 4644 in
2704 4599 2773 4642 te.
2803 4587 2967 4657 Cujus
2997 4584 3382 4656 omnipotentia
3407 4585 3592 4639 omnia

2016 4685 2309 4751 concludit,
2333 4699 2431 4739 nec
2454 4681 2714 4738 evadendi
2739 4680 3030 4749 potentiam
3061 4686 3204 4731 tuam
3235 4677 3357 4745 quis
3384 4674 3592 4728 aditum

2018 4778 2258 4834 invenire
2293 4776 2507 4847 poterit.
2540 4773 2640 4842 Qui
2676 4772 2821 4827 enim
2856 4779 2910 4828 te
2949 4784 3055 4826 non
3095 4769 3259 4824 habet
3295 4767 3588 4838 placatum,

2017 4880 2359 4937 nequaquam
2390 4863 2582 4920 evadet
2609 4863 2830 4916 iratum.

1595 5020 1828 5079 VARIAE
1869 5021 2277 5084 LECTIONES.
3008 5041 3036 5059 ε·

400 5118 473 5152 ’δ’
500 5116 707 5173 Collala
737 5126 809 5171 est
835 5132 950 5170 cum
978 5113 1126 5186 Edil.
1158 5113 1305 5186 sont.
1342 5122 1388 5167 et
1420 5122 1546 5186 tom.
1574 5112 1642 5169 IX
1676 5116 1809 5186 Aug.
1847 5136 1952 5174 non
1973 5120 2192 5175 habetur
2214 5127 2350 5186 enim
2376 5110 2449 5186 _in
2489 5111 2679 5186 nostris
2722 5126 2849 5186 mea.
2871 5107 3054 5186 βαίη.
3076 5106 3312 5163 Anselmi
3341 5107 3501 5186 Liber
3524 5105 3593 5160 de

335 5188 506 5245 salute
524 5189 747 5259 animaz,
766 5187 865 5259 _qni
904 5195 960 5259 et
993 5184 1378 5259 Enchyridion,
1401 5184 1525 5259 sive
1552 5177 1800 5259 mannal'e
1838 5189 1941 5243 dici
1972 5197 2148 5259 potest
2196 5184 2331 5259 alias
2375 5181 2705 5234 inscribitur.
2737 5179 2979 5259 hibellus
3023 5178 3091 5232 de
3129 5177 3593 5259 contemplatione

334 5258 535 5314 Christi
560 5273 575 5323 ;
605 5259 719 5312 sive
734 5245 814 5311 'dé
838 5257 1006 5310 verbo
1031 5245 1278 5322 Deifquo
1300 5245 1475 5321 sopita
1503 5254 1736 5323 cmlestis
1772 5245 2022 5313 desiderii
2079 5253 2338 5323 memoria
2384 5261 2694 5323 renovetur.
2730 5250 2879 5323 Sani.
2905 5246 3177 5323 AManuale
3208 5249 3268 5323 ι).
3300 5245 3590 5323 Aiignstini

337 5343 435 5382 seu
474 5314 786 5397 libellusgde
804 5314 1268 5397 contemplatione
1306 5314 1489 5397 σιὰ-ιιι
1514 5324 1568 5397 in
1597 5321 1743 5397 Edit.
1788 5326 2050 5397 Raynatdi
2124 5324 2194 5358 ⁷⁸³
2219 5321 2370 5397 _Nunc
2394 5393 2404 5397 _
2426 5320 2630 5397 adesto-
2672 5330 2769 5397 etc.
2804 5318 2869 5397 Ln
2897 5317 3043 5397 Sam.
3078 5314 3436 5397 continuatur
3464 5314 3595 5397 Pro:

336 5397 485 5467 fagus
575 5396 647 5430 ’δι
676 5395 754 5450 Tu
790 5385 1244 5467 Domine'cmlum
1272 5402 1371 5467 etc.
1404 5391 1469 5444 1η
1506 5390 1649 5467 ng.
1668 5394 1765 5467 hic
1795 5385 1973 5466 incipit
2004 5398 2171 5467 Caput
2216 5395 2277 5467 j,
2322 5393 2417 5467 sui!
2443 5391 2538 5443 hoc
2566 5389 2785 5467 ﬁtﬁt):
2816 5388 3171 5467 De___mnirahili
3216 5388 3449 5467 essentia
3496 5385 3592 5467 Dei

335 5460 410 5502 "5
428 5465 539 5520 Nec
561 5475 757 5520 aestuas
780 5466 835 5518 in
867 5464 1014 5534 _Som.
1058 5477 1157 5517 nec
1183 5460 1463 5534 assumens
1550 5463 1620 5534 "f
1667 5463 1833 5534 Equis
1884 5460 2045 5522 habet
2081 5460 2165 5520 ’1η
2206 5464 2352 5534 89ης.
2378 5461 2445 5534 Et

2491 5462 2612 5528 quis
2647 5460 2805 5513 habet
2877 5457 2945 5490 ⁷⁸⁷
2979 5458 3036 5511 Si
3071 5466 3237 5528 totum
3276 5456 3493 5528 modum
3523 5452 3594 5509 In

340 5534 488 5588 Sam.
514 5535 598 5587 In'c
642 5536 819 5602 incipit
848 5531 1015 5602 Caput
1043 5534 1101 5598 2,
1129 5532 1311 5602 subeo
1340 5532 1538 5602 titulo:
1587 5532 1662 5588 De
1686 5526 1947 5594 indicibili
1970 5536 2195 5595 scientia
2234 5532 2327 5587 Dei
2422 5526 2653 5584 m'Sine
2692 5528 2954 5599 qualitate
2981 5528 3036 5583 in
3068 5526 3215 5583 Sam.
3263 5526 3385 5583 sine
3419 5540 3589 5598 quan-

341 5604 497 5658 titate
567 5603 635 5635 "’
665 5600 800 5656 Dum
833 5600 1000 5658 sis-in
1040 5602 1183 5658 Sam.
1216 5601 1341 5657 dum
1366 5600 1445 5656 sic
