3910 6018
212 315 307 368 781

1567 307 1612 362 Μ
1625 306 2098 364 EDITATIUNES.

3368 317 3472 374 782

281 427 436 482 ll"'°.
476 427 554 484 Te
579 428 770 499 igitur,
803 428 1225 486 clementissime
1271 427 1440 490 Deus,
1489 427 1680 482 invoco
1725 429 1780 480 in
1811 427 1856 483 A
1884 438 1976 478 ves
2019 424 2260 478 omnium
2311 425 2572 480 bonarum
2628 426 2860 497 dapum,
2903 443 3152 502 supernae
3202 431 3473 492 satietatis

213 517 447 571 animam
475 532 668 585 meam,
695 533 854 588 quam
883 531 1155 589 praeparas
1181 517 1248 572 ad
1276 515 1594 587 capiendum
1625 525 1700 582 te,
1723 531 1792 572 ex

209 609 478 666 desiderio
512 612 652 680 quod
697 612 928 682 inSpiras
964 613 1034 666 ei.
1077 611 1246 676 Intra,
1285 625 1444 682 rogo,
1485 611 1538 665 in
1567 625 1710 676 eam,
1740 617 1794 665 et

211 708 404 768 coapta
431 714 552 754 cam
585 700 704 766 tibi,
731 709 790 756 ut
831 702 1112 771 possideas
1141 701 1290 756 illam
1331 715 1492 770 quam
1523 699 1698 756 fecisti
1739 709 1795 754 et

211 789 484 854 refecisti;
517 800 576 844 ut
605 790 832 846 habeam
877 801 928 846 te
956 791 1102 846 velut
1148 789 1487 861 signaculum
1516 805 1680 860 super
1701 805 1795 844 cor

209 883 640 948 meum.Quaeso,
665 882 926 951 piissime,
953 882 1294 938 invocantem
1327 892 1380 938 te
1409 898 1514 938 non
1538 883 1792 948 deseras;

209 971 334 1039 quia
369 972 682 1042 priusquam
718 981 770 1026 te
799 973 1130 1038 invocarem,
1167 989 1252 1028 tne
1279 974 1482 1028 vocasti
1517 981 1572 1026 et
1603 972 1797 1040 quaesi-

208 1061 300 1124 sti,
333 1069 388 1114 ut
415 1077 514 1132 ego
559 1077 750 1118 servus
788 1070 910 1118 tuus
949 1073 1002 1118 te
1041 1078 1366 1132 quaererem,
1403 1061 1696 1134 quaerendo
1721 1062 1798 1116 in-

208 1151 470 1214 venirem,
495 1161 550 1206 et
577 1153 853 1207 inventum
879 1168 1143 1208 amarem.
1168 1151 1402 1219 Quaesivi
1423 1161 1476 1206 et
1506 1153 1686 1206 inveni
1721 1161 1795 1216 te,

211 1242 460 1308 Domine,
486 1251 539 1295 ct
567 1259 751 1298 amare
773 1245 1041 1298 desidero.
1064 1244 1214 1314 Auge
1237 1243 1562 1298 desiderium
1593 1257 1797 1308 meum,

209 1341 266 1386 et
313 1333 378 1387 da
418 1335 559 1402 quod
605 1345 760 1404 peto;
797 1335 1052 1406 quoniam
1107 1335 1150 1390 si
1193 1343 1388 1388 cuncta
1434 1349 1554 1404 qua:
1611 1333 1791 1389 fecisti

211 1426 344 1480 mihi
406 1426 639 1494 dederis,
679 1444 784 1482 non
829 1425 1022 1482 sufﬁcit
1060 1441 1218 1482 servo
1261 1436 1378 1490 tuo,
1423 1427 1524 1481 nisi
1568 1427 1796 1496 teipsum

209 1517 445 1573 dederis.
483 1519 556 1572 Da
600 1535 730 1590 ergo
770 1520 998 1589 teipsum
1051 1520 1204 1586 mihi,
1239 1519 1380 1574 Deus
1419 1533 1570 1573 meus
1596 1535 1610 1584 ;
1636 1517 1800 1572 redde

211 1621 268 1666 te
294 1611 442 1666 tnihi.
463 1611 538 1665 En
567 1627 688 1666 amo
715 1619 793 1678 te;
826 1621 878 1666 et
906 1613 949 1666 si
975 1627 1162 1680 parum
1202 1623 1306 1678 est,
1339 1627 1514 1667 autem
1548 1611 1796 1666 vali-lius.

213 1701 315 1758 Tui
370 1718 500 1772 ergo
548 1719 732 1757 amore
784 1713 1004 1768 teneor,
1042 1705 1116 1758 tui
1170 1703 1441 1760 desiderio
1489 1702 1676 1772 ﬂagro,
1719 1704 1796 1757 tui

1894 515 2298 586 opulentissime
2333 515 2560 586 largitor
2587 517 2748 584 Deus,
2773 519 2838 573 da
2879 527 3022 577 lasso
3052 523 3254 588 cibum,
3284 525 3476 596 colligo

1893 607 2219 677 dispersum,
2267 607 2436 660 libera
2467 609 2736 677 captivum
2781 619 2836 664 et
2876 611 3180 682 redintegra
3225 615 3472 670 scissum.

1895 697 1974 753 En
1993 707 2104 754 stat
2131 700 2199 752 ad
2227 699 2426 754 ostium
2453 711 2508 754 et
2531 700 2730 769 pulsat.
2755 700 2993 756 Obsecro
3023 717 3119 773 per
3147 705 3352 758 viscera
3377 707 3478 759 mi-

1895 791 2204 847 sericordiae
2245 801 2368 856 tute,
2407 791 2595 858 quibus
2651 793 2880 848 visitain
2925 809 3018 848 nos
3059 795 3234 850 oriens
3262 813 3328 850 ea:
3369 796 3476 850 afro

1896 885 2048 955 (an.
2081 901 2118 950 ι,
2150 883 2262 954 78),
2285 884 2416 954 jube
2443 885 2676 954 pulsanti
2717 887 2914 941 misero
2937 889 3156 958 aperiri,
3187 899 3246 944 ut
3293 889 3476 946 liberis

1895 975 2165 1044 gressibus
2199 974 2534 1044 ingrediatur
2553 974 2616 1028 ad
2647 983 2717 1036 te,
2737 983 2790 1030 et
2817 977 3122 1046 requiescat
3151 978 3202 1032 in
3230 987 3374 1044 te,et
3397 995 3479 1035 re-

1899 1065 2113 1119 ficiatur
2142 1065 2208 1120 de
2241 1075 2292 1120 te
2317 1079 2454 1134 pane
2476 1064 2680 1120 caelesti
2714 1082 2726 1116 :
2759 1075 2812 1119 tu
2845 1067 2988 1121 enim
3011 1083 3070 1124 es
3091 1069 3247 1138 panis
3275 1080 3330 1124 et
3357 1069 3480 1128 fons

1897 1154 2043 1220 vitae,
2075 1163 2132 1210 tu
2162 1155 2339 1210 lumen
2387 1155 2654 1210 claritatis
2700 1165 2934 1224 aeternae,
2962 1165 3016 1212 tu
3060 1158 3242 1214 omnia
3269 1175 3332 1216 ex
3358 1161 3482 1232 qui-

1899 1247 2000 1303 bus
2027 1247 2214 1302 vivunt
2243 1249 2374 1304 recti
2399 1249 2492 1318 qui
2517 1247 2748 1318 diligunt
2783 1257 2854 1303 te.

1969 1338 2036 1394 ιν
2067 1338 2157 1392 ⁷⁸³.
2199 1338 2342 1394 Deus
2365 1339 2542 1392 lumen
2581 1338 2826 1393 cordium
2869 1348 2920 1394 te
2945 1339 3261 1406 videntium,
3283 1349 3340 1398 et
3369 1342 3480 1398 vita

1901 1429 2202 1484 animarum
2235 1439 2286 1484 te
2321 1429 2640 1492 amantium,
2679 1439 2736 1482 et
2779 1429 2950 1484 virtus
2993 1431 3381 1502 cogitationum
3429 1442 3482 1488 te

1901 1520 2276 1589 quaerentium.
2295 1520 2360 1574 da
2389 1526 2448 1572 ut
2470 1526 2658 1574 sancto
2687 1527 2774 1573 tuo
2796 1521 2968 1574 amori
2993 1521 3481 1588 itili:eream.Vcni,

1902 1625 2053 1682 rogo,
2099 1612 2150 1666 in
2196 1627 2290 1665 cor
2321 1626 2520 1676 meum,
2557 1619 2614 1665 et
2655 1613 2724 1666 ab
2757 1612 3006 1668 ubertate
3037 1613 3330 1683 voluptatis
3379 1625 3484 1670 tua:

1905 1702 2110 1756 inebria
2167 1701 2326 1766 illud,
2359 1713 2418 1756 ut
2463 1701 2753 1757 obliviscar
2797 1702 2898 1756 ista
2943 1703 3276 1772 temporalia.
3315 1705 3485 1760 Pudet

215 1792 359 1846 dulci
395 1792 652 1848 memoria
705 1793 968 1849 delector.
1011 1795 1148 1849 Ecce
1195 1795 1322 1849 dum
1359 1795 1454 1850 tibi
1493 1809 1646 1850 mens
1677 1811 1798 1852 mea
1830 1780 1874 1840 Β
1902 1809 1966 1850 ac
1999 1795 2145 1864 piget
2171 1809 2256 1848 me
2289 1793 2414 1848 talia
2437 1795 2570 1862 pati,
2599 1793 2780 1863 qualia
2813 1794 3045 1848 mundus
3077 1795 3177 1849 iste
3201 1796 3334 1866 agit.
3366 1795 3485 1850 Tri-

215 1884 475 1954 SIlSpit‘al,
525 1894 578 1940 et
629 1895 775 1940 tuam
819 1885 1143 1940 ineffabilem
1189 1887 1446 1956 pietatem
1483 1887 1796 1953 meditatur,

123 1995 126 1998 ·
218 1974 332 2042 ipsa
359 1975 536 2030 carnis
576 1975 785 2030 sarcina
839 1975 1016 2031 minus
1041 1987 1256 2046 gravat,
1279 1977 1665 2046 cogitationum
1719 1985 1803 2030 tu-

217 2065 422 2120 multus
467 2078 664 2132 cessat,
699 2067 910 2138 pondus
961 2067 1310 2124 mortalitatis
1360 2075 1414 2121 et
1458 2055 1800 2128 miseriarum

217 2167 370 2208 more
417 2155 574 2211 solito
601 2172 708 2210 non
760 2157 1002 2224 hebetat,
1037 2158 1198 2212 silent
1242 2166 1470 2223 cuncta,
1515 2158 1802 2228 tranquilla

219 2255 348 2300 sunt
381 2249 582 2302 omnia.
610 2249 716 2304 Cor
742 2250 918 2314 ardet,
950 2251 1164 2305 animus
1194 2250 1412 2322 gaudet,
1437 2251 1696 2304 memoria
1725 2250 1804 2303 vi-

219 2345 332 2408 get,
364 2337 670 2394 iutellcctus
693 2338 858 2406 lucet,
885 2349 941 2394 et
983 2349 1128 2395 totus
1166 2339 1390 2410 spiritus
1425 2355 1489 2394 ex
1536 2338 1806 2394 desiderio

223 2431 448 2486 visionis
501 2443 604 2487 tuae
653 2447 937 2498 accensus,
963 2433 1335 2506 ‘invisibilium
1381 2445 1566 2486 amore
1603 2432 1712 2500 rapi
1747 2447 1806 2484 se

223 2525 390 2579 videt.
418 2525 677 2580 Assumat
703 2527 924 2598 spiritus
951 2541 1102 2581 meus
1135 2541 1347 2596 pennas
1375 2535 1434 2578 ut
1463 2523 1678 2592 aquilzc,
1713 2539 1806 2575 vo-

219 2617 295 2672 let
327 2626 380 2673 et
409 2633 514 2673 non
537 2618 752 2674 deficiat
783 2636 798 2688 ;
834 2619 996 2681 volet,
1019 2628 1076 2674 et
1102 2619 1384 2688 perveniat
1417 2633 1586 2688 usque
1613 2617 1678 2671 ad
1710 2616 1798 2668 dc.-

221 2725 410 2765 corem
457 2711 650 2766 domus
681 2719 804 2776 tuae,
845 2719 902 2766 et
939 2711 1190 2766 thronum
1231 2710 1416 2782 gloria:
1461 2719 1563 2764 tua:
1592 2727 1606 2762 :
1636 2717 1692 2764 ct
1735 2709 1808 2764 ibi

221 2819 390 2874 super
419 2819 656 2858 mensam
680 2803 991 2859 refectionis
1017 2805 1211 2860 civium
1247 2819 1600 2874 supernorum
1621 2817 1812 2872 pasca-

223 2905 318 2948 tur
357 2896 424 2950 de
454 2895 625 2950 oculis
657 2895 762 2948 tuis
805 2894 856 2948 in
891 2894 1008 2952 loco
1056 2909 1267 2965 pascua:
1291 2894 1444 2965 juxta
1471 2893 1670 2948 fluenta
1699 2891 1810 2963 ple-

223 2985 472 3040 nissima.
508 2985 586 3040 Tu
617 2995 731 3041 esto
771 2985 1061 3042 exsultatio
1099 2997 1302 3052 nostra,
1331 2985 1422 3056 qui
1461 3001 1522 3040 es
1551 3001 1673 3056 spes
1710 3001 1808 3040 no-

221 3085 361 3140 stra,
391 3075 535 3130 salus
567 3083 730 3145 atque
765 3077 1084 3146 redemptio.
1131 3077 1208 3131 Tu
1239 3085 1356 3131 esto
1385 3085 1628 3131 nostrum
1675 3091 1809 3147 gau-

223 3167 402 3235 dium,
432 3169 522 3237 qui
569 3183 628 3222 es
665 3169 876 3224 futurus
905 3170 1206 3240 praemium.
1239 3169 1314 3225 Te
1363 3183 1578 3240 semper
1605 3179 1812 3238 quaerat

221 3259 410 3312 anima
440 3273 580 3326 mea,
613 3268 668 3314 et
697 3269 750 3314 tu
795 3271 990 3330 praesta
1018 3271 1078 3316 ut
1105 3264 1394 3332 quaerendo
1437 3277 1543 3318 non
1575 3262 1808 3318 deficiat.

299 3349 364 3404 lll
387 3351 478 3404 7".
499 3350 588 3406 Va:
620 3351 832 3414 misera:
853 3355 1074 3409 animae!
1101 3370 1220 3424 qua:
1239 3354 1512 3410 Christum
1535 3369 1640 3410 non
1667 3369 1814 3425 quae-

223 3440 303 3494 rit
327 3455 428 3494 nec
475 3450 637 3506 amat,
673 3443 824 3498 arida
873 3453 1054 3498 manet
1101 3455 1155 3498 et
1197 3445 1412 3500 misera.
1443 3445 1626 3502 Perdit
1670 3447 1814 3515 quod

222 3534 386 3598 vivit,
415 3534 506 3604 qui
554 3543 605 3588 tc
636 3535 804 3591 Deum
837 3553 943 3591 non
971 3537 1162 3608 diligit.
1193 3537 1294 3604 Qui
1319 3549 1472 3593 curat
1495 3539 1675 3594 vivere
1705 3556 1812 3594 non

222 3637 454 3700 propter
483 3638 553 3694 te,
589 3631 838 3696 Domine,
869 3629 1002 3682 nihil
1026 3639 1130 3692 est,
1158 3637 1212 3684 et
1257 3645 1355 3699 pro
1381 3629 1550 3686 nihilo
1576 3639 1676 3686 est.
1711 3631 1814 3698 Qui

225 3723 332 3777 tibi
365 3723 544 3778 vivere
567 3733 804 3787 recusat,
837 3733 1081 3778 mortuus
1115 3737 1219 3780 est.
1253 3725 1352 3792 Qui
1385 3723 1478 3779 tibi
1509 3739 1614 3778 non
1651 3725 1813 3793 sapit,

225 3815 452 3884 desipit.
481 3814 1004 3880 Misericordissime,
1037 3817 1134 3870 tibi
1177 3831 1260 3870 me
1285 3815 1628 3881 commendo,
1655 3815 1819 3869 reddo

227 3917 290 3964 et
321 3909 579 3974 concedo,
613 3923 708 3979 per
738 3927 896 3981 quem
928 3927 1067 3974 sum,
1097 3910 1218 3963 vivo
1247 3917 1302 3962 et
1327 3909 1498 3978 sapio.
1527 3907 1582 3962 ln
1615 3917 1666 3962 te
1691 3922 1820 3962 cou-

230 3999 368 4066 fido,
408 4015 566 4069 spero
602 4010 656 4056 et
699 4011 865 4056 totam
919 4017 1070 4072 spem
1106 4016 1280 4056 meam
1315 4013 1486 4069 pono,
1515 4013 1614 4070 per
1658 4015 1822 4070 quem

231 4107 539 4162 resurgam,
569 4093 743 4147 vivam
773 4102 828 4148 et
860 4093 1218 4164 requiescam.
1263 4091 1342 4146 Te
1369 4091 1548 4160 cupio,
1578 4089 1741 4160 diligo
1770 4098 1824 4142 ct

231 4185 446 4250 adoro;
493 4199 614 4239 cum
658 4201 766 4255 quo
821 4187 1066 4252 manebo,
1111 4185 1346 4256 regnabo
1390 4194 1444 4238 et
1477 4183 1668 4238 beatus
1706 4196 1819 4236 ero.

232 4279 436 4333 Anima
467 4294 588 4347 quae
628 4289 684 4334 te
725 4293 830 4332 non
863 4279 1058 4347 quaerit
1097 4293 1196 4332 nec
1223 4275 1418 4346 diligit,
1447 4275 1706 4330 mundum
1739 4273 1822 4330 di-

233 4371 376 4440 ligit,
408 4369 648 4439 peccatis
693 4369 860 4424 servit
889 4377 944 4422 et
973 4368 1118 4422 vitiis
1145 4368 1386 4438 subjecta
1417 4376 1518 4432 est,
1549 4381 1824 4436 nunquam

1904 1891 1984 1938 ste
2013 1891 2098 1938 est
2127 1883 2256 1937 mihi
2297 1883 2440 1951 quod
2469 1882 2644 1946 video,
2687 1897 2853 1951 grave
2891 1891 2974 1937 est
3018 1899 3179 1938 omne
3225 1885 3368 1954 quod
3419 1885 3486 1940 de

1905 1973 2237 2028 transitoriis
2267 1973 2443 2027 audio.
2487 1972 2696 2041 Adjuva
2723 1989 2828 2039 me,
2859 1973 3084 2029 Domine
3124 1975 3266 2030 Deus
3302 1991 3482 2040 meus,

1905 2067 2046 2121 etda
2079 2067 2323 2122 laetitiam
2359 2067 2410 2120 in
2437 2069 2602 2121 corde
2633 2081 2774 2134 meo,
2807 2067 2927 2122 veni
2949 2067 3018 2122 ad
3059 2083 3146 2123 me
3183 2079 3240 2122 ut
3277 2069 3486 2125 videam

1908 2167 1978 2213 te.
2007 2159 2112 2215 Sed
2134 2169 2360 2229 angusta
2395 2167 2480 2214 est
2505 2159 2634 2213 mihi
2661 2160 2852 2214 domus
2879 2161 3072 2215 anima:
3103 2175 3256 2225 meae,
3285 2176 3486 2230 quous-

1907 2265 2013 2320 que
2039 2249 2226 2305 venias
2257 2251 2322 2306 ad
2361 2265 2506 2318 eam,
2539 2258 2593 2306 et
2634 2251 2888 2305 dilatetur
2928 2267 2956 2304 a
2993 2262 3063 2306 te.
3111 2251 3348 2306 Ruinosa
3383 2263 3484 2316 est,

1907 2343 2070 2398 refice
2085 2357 2226 2396 eam.
2251 2341 2423 2396 llabei
2451 2341 2680 2412 plurima
2703 2357 2824 2411 qua:
2849 2340 3126 2398 offendant
3141 2341 3324 2398 oculos
3347 2355 3484 2410 tuos,

1909 2433 2084 2488 fateor
2107 2443 2162 2487 et
2188 2432 2334 2498 scio;
2368 2432 2462 2486 sed
2502 2433 2624 2502 quis
2665 2431 2947 2486 mundabit
2974 2447 3122 2498 eam,
3146 2443 3240 2489 aut
3280 2433 3370 2489 cui
3411 2434 3490 2486 al-

1913 2523 2010 2578 teri
2031 2532 2226 2594 prmter
2251 2531 2302 2578 te
2332 2522 2574 2578 clamabo
2603 2523 2626 2576 ?
2657 2523 2732 2576 Ab
2767 2523 2982 2576 occuftis
3005 2525 3128 2578 meis
3161 2525 3358 2579 munda
3387 2541 3487 2588 me,

1913 2614 2153 2680 Domine,
2183 2623 2230 2668 et
2265 2615 2330 2668 ab
2368 2613 2552 2668 alienis
2586 2629 2740 2683 parce
2771 2630 2914 2668 servo
2956 2623 3065 2668 lno.
3126 2613 3298 2684 (f’sal.
3335 2631 3488 2680 xvnt,

1913 2707 2028 2777 15.)
2055 2705 2164 2762 Fac
2187 2721 2292 2772 me,
2311 2705 2485 2762 dulcis
2507 2705 2740 2768 Christe,
2758 2705 2897 2760 bone
2917 2704 3063 2772 Jesu,
3091 2704 3173 2762 fac
3199 2721 3308 2770 me,
3338 2721 3490 2778 rogo,

1915 2812 2099 2852 amore
2129 2805 2186 2852 et
2213 2797 2484 2853 desiderio
2511 2797 2586 2850 tui
2605 2797 2874 2864 deponere
2902 2811 3038 2851 onus
3067 2797 3370 2852 carnalium
3401 2779 3494 2852 de;

1915 2887 2263 2955 sideriorum,
2287 2897 2342 2944 et
2389 2898 2724 2943 terrenarum
2767 2888 3348 2956 concupiscentiarum.
3388 2889 3494 2944 Do-

1916 2981 2154 3038 mittetur
2191 2981 2346 3036 carni
2384 2980 2596 3042 anima,
2629 2978 2825 3034 anima:
2873 2979 3044 3046 ratio,
3085 2981 3280 3038 rationi
3320 2983 3494 3052 gratia

1921 3081 2030 3138 tua,
2061 3075 2254 3127 et‘ture
2284 3086 2372 3126 me
2413 3069 2642 3124 interius
2671 3077 2726 3123 et
2752 3069 2990 3124 exterius
3017 3072 3187 3128 subde
3210 3073 3494 3130 voluntati.

1915 3164 2118 3222 Tribue
2145 3165 2280 3218 mihi
2313 3173 2370 3217 ut
2406 3163 2584 3218 laudet
2615 3169 2666 3215 te
2691 3175 2785 3216 cor
2819 3177 3021 3226 meum,
3051 3171 3106 3215 et
3129 3161 3310 3234 lingua
3351 3179 3493 3227 mea,

1914 3267 1970 3312 et
1991 3257 2170 3314 omnia
2199 3271 2320 3312 ossa
2349 3272 2490 3311 mea.
2521 3257 2694 3312 Dilata
2727 3264 2960 3311 mentem
2999 3269 3196 3322 meam,
3229 3263 3284 3312 et
3309 3257 3496 3312 attolle

1917 3349 2172 3403 intuitum
2215 3347 2395 3403 cordis
2443 3348 2571 3414 mei,
2597 3357 2658 3402 ut
2689 3347 2774 3402 vel
2821 3347 3006 3416 rapida
3035 3345 3362 3414 cogitatione
3385 3349 3498 3417 spi-

1918 3442 2053 3496 ritus
2105 3455 2258 3494 meus
2297 3440 2529 3510 attingat
2570 3447 2620 3494 te
2658 3447 2918 3493 aeternam
2967 3435 3284 3507 sapientiam
3335 3452 3498 3507 super

1917 3532 2096 3586 omnia
2121 3541 2449 3586 manentem.
2475 3529 2719 3586 Dissolve
2747 3543 2851 3592 me,
2876 3544 2994 3594 oro,
3029 3545 3059 3584 a
3095 3529 3328 3585 vinculis
3380 3531 3500 3600 qui-

1917 3623 2018 3678 bus
2065 3623 2394 3678 constrictus
2434 3631 2658 3686 teneor,
2703 3631 2760 3674 ut
2809 3620 3120 3690 relinquens
3171 3621 3354 3675 omnia
3395 3619 3498 3674 ista

1919 3717 2014 3772 tibi
2059 3715 2312 3771 festinem
2341 3714 2458 3780 7“,
2485 3715 2578 3768 tibi
2617 3713 2715 3769 soli
2757 3713 3073 3778 inhzeream,
3123 3711 3220 3767 tibi
3260 3711 3362 3768 soli
3413 3713 3499 3768 in-

1923 3809 2155 3865 tendam.

1967 3899 2132 3970 229
2149 3897 2186 3952 V
2205 3899 2296 3951 ⁷⁸⁵.
2316 3896 2466 3953 Felix
2486 3895 2686 3962 anima,
2702 3909 2822 3965 quae
2839 3903 3054 3952 terreno
3065 3893 3304 3950 resoluta
3318 3909 3502 3952 carce-

1925 4007 1982 4046 re
2007 3993 2173 4046 tibera
2200 3989 2396 4046 cmlum
2411 3987 2568 4058 petit,
2597 4001 2715 4058 quae
2741 3995 2794 4040 te
2813 3985 3187 4041 dulcissimum
3217 3984 3502 4040 Dominum

1925 4083 2062 4140 faeie
2088 4083 2154 4138 ad
2187 4081 2380 4138 faciem
2411 4081 2610 4144 cernit,
2637 4095 2757 4149 qua:
2785 4078 2933 4134 nullo
2963 4085 3108 4132 metu
3147 4076 3340 4132 mortis
3386 4074 3506 4130 alli-

1927 4176 2094 4240 citur,
2121 4174 2218 4229 sed
2235 4173 2304 4229 de
2331 4171 2740 4242 incorruptione
2761 4179 3034 4241 perpetuae
3060 4167 3245 4239 gloriae
3269 4165 3502 4222 laetatur.

1930 4265 2246 4336 Trauquilla
2277 4273 2362 4320 est
2383 4271 2438 4319 et
2461 4277 2676 4330 secura,
2698 4261 2812 4332 jam
2844 4276 2952 4316 non
2987 4259 3139 4315 timet
3165 4258 3376 4314 hostem
3407 4267 3506 4310 nec

1930 4369 2182 4416 mortem.
2212 4357 2386 4414 Habet
2425 4365 2476 4413 te
2505 4355 2650 4425 pium
2679 4353 2984 4418 Dominum,
3010 4366 3172 4421 quem
3195 4349 3284 4404 diu
3315 4346 3508 4418 quaesi-

233 4439 580 4533 quiescit'”,
605 4475 882 4532 nunquam
905 4475 1092 4516 secura
1113 4468 1212 4514 est.
1231 4459 1542 4514 Famuletur
1563 4459 1656 4512 tibi
1685 4473 1823 4513 sem.
1859 4463 1904 4518 Ι)
1935 4455 2026 4517 vit,
2078 4462 2402 4521 semperque
2428 4446 2654 4512 amavit,
2694 4442 3020 4516 liymnidicis
3050 4439 3256 4533 sociata
3292 4439 3507 4533 choris,

237 4573 339 4628 per
365 4571 520 4611 mens
549 4571 690 4621 mea,
723 4554 982 4625 piissime.
1009 4553 1258 4624 Suspiret
1289 4552 1382 4607 tibi
1425 4565 1638 4622 semper
1667 4564 1822 4620 pere-

238 4651 478 4722 grinatio
521 4665 664 4714 mea,
694 4650 881 4702 ardeat
925 4647 977 4700 in
1025 4660 1210 4702 amore
1245 4645 1318 4699 tui
1349 4659 1446 4700 cor
1491 4657 1688 4696 meum.
1722 4641 1826 4696 Re—

237 4743 486 4811 quiescat
509 4741 564 4796 in
595 4749 668 4804 te,
699 4741 840 4794 Deus
861 4751 1034 4800 meus,
1059 4737 1236 4790 anima
1269 4749 1413 4798 mea,
1432 4731 1826 4800 contempletur

239 4844 298 4889 te
329 4835 380 4888 in
413 4833 610 4888 mentis
637 4846 884 4896 excessu,
916 4839 1096 4884 cantet
1129 4827 1315 4882 laudes
1347 4835 1468 4880 tuas
1485 4823 1826 4894 jubilatione,

237 4935 298 4980 et
325 4929 440 4982 haec
468 4925 540 4980 sit
563 4926 618 4978 in
653 4925 755 4979 hoc
784 4923 974 4978 exsilio
1006 4935 1126 4976 meo
1169 4918 1470 4975 consolatio
1515 4929 1656 4970 mea.
1685 4913 1828 4970 Con-

239 5017 416 5090 fugiat
447 5031 599 5071 mens
625 5031 742 5072 mea
775 5017 873 5072 sub
893 5017 1084 5070 umbra
1111 5013 1314 5068 alarum
1343 5021 1558 5066 tuarum
1590 5008 1659 5064 ab
1687 5006 1832 5062 resti-

239 5111 351 5164 bus
379 5108 762 5180 cogitationum
806 5107 986 5164 saeculi
1019 5107 1198 5177 hujus.
1237 5104 1510 5172 Repauset
1537 5101 1590 5156 in
1631 5109 1682 5155 te
1730 5113 1826 5156 cor

239 5217 456 5272 meum,
485 5221 578 5262 cor
601 5221 750 5264 mare
801 5217 1078 5273 magnum,
1119 5211 1331 5253 tumens
1377 5195 1648 5250 fluctibus.
1673 5189 1718 5246 Ο
1749 5189 1832 5246 di-

1927 4543 2182 4614 melliflua
2219 4551 2494 4614 perpetem
2533 4537 2845 4594 festivitatis
2896 4535 3140 4591 carmina
3193 4531 3262 4586 ad
3298 4529 3510 4585 laudem

1929 4639 2114 4709 gloriae
2174 4647 2302 4700 tute,
2355 4634 2468 4688 Rex
2497 4629 2718 4688 Christe
2767 4630 2906 4684 boue
2955 4625 3104 4694 Jesu,
3153 4623 3208 4678 in
3246 4630 3510 4678 aeternum

1931 4729 2190 4784 concinit.
2227 4725 2535 4781 lnebriatur
2563 4721 2708 4776 enim
2749 4719 2818 4774 ab
2859 4718 3106 4772 ubertate
3159 4713 3352 4767 domus
3386 4718 3512 4772 tute,

1933 4829 1988 4876 et
2019 4823 2260 4874 torrente
2285 4813 2580 4884 voluptatis
2605 4821 2708 4866 tuae
2727 4817 2880 4880 potas
2899 4823 3018 4864 eam
3039 4801 3213 4876 (Psal.
3239 4815 3406 4866 xxxv,
3433 4798 3512 4868 9).

1937 4909 2092 4966 Felix
2141 4907 2376 4962 societas
2427 4916 2785 4974 supernorum
2813 4899 3036 4962 civium,
3061 4904 3116 4949 et
3136 4891 3370 4964 gloriosa
3419 4905 3513 4944 s0-

1937 4999 2194 5058 lemuitas
2227 4996 2467 5052 omnium
2495 4993 2561 5048 ad
2597 5001 2650 5047 te
2681 4990 3016 5046 redeuntium
3039 4986 3108 5040 ab
3129 4983 3286 5052 hujus
3317 4989 3514 5036 nostra:

1935 5089 2391 5164 peregrinationis
2438 5087 2582 5142 tristi
2633 5084 2820 5138 labore
2860 5083 2928 5136 ad
2979 5078 3348 5135 amoenitatem
3399 5069 3515 5141 pul-

1935 5183 2275 5248 chritudinis,
2293 5181 2358 5234 ad
2389 5177 2786 5235 formositatem
2813 5173 2976 5230 totius
2996 5167 3322 5240 splendoris,
3353 5171 3530 5232 atque.

1635 5367 1870 5426 VARIIE
1911 5359 2314 5422 LECTIONES.

323 5505 396 5540 ⁷³⁸
457 5503 583 5558 Car.
637 5503 690 5556 2.
742 5501 810 5556 In
849 5499 992 5556 Sam.
1045 5496 1227 5566 Caput,
1261 5495 1324 5566 '5._
1379 5491 1452 5566 De
1503 5487 1789 5566 desiderio
1827 5485 2021 5539 auium

2071 5477 2303 5534 sitientis
2355 5473 2522 5528 Deum
2625 5469 2694 5500 ⁷⁵¹
2745 5467 2872 5524 CAP.
2931 5464 2984 5518 5.
3025 5461 3088 5534 In
3141 5459 3290 5515 Sam.
3346 5457 3516 5527 Caput

251 5577 311 5632 4.
365 5531 690 5630 De
712 5531 1350 5636 an'i‘rnglquaawfiuh.u;l.
1493 5531 1598 5636 non
1617 5629 1630 5636 _
1652 5565 1816 5636 amat,
1855 5570 1972 5636 .ncc
2003 5543 2650 5636 quierit“1‘:_§unq_ua:m
2675 5531 3209 5636 quiescifmitﬁnigzz
3239 5543 3514 5636 “milng

255 5648 436 5718 quinta

257 5717 312 5772 5.
345 5717 406 5770 In

509 5625 580 5676 "3
599 5625 726 5696 CAP.
755 5640 808 5694 4.
835 5639 900 5692 1η
925 5625 1072 5692 Sam.
1101 5635 1266 5702 Caput
1293 5633 1346 5688 5.
1376 5631 1452 5684 De
1481 5627 1752 5684 desiderio
1783 5625 1996 5679 animae.

453 5687 1514 5782 δοίη.νάᾙριῦ(ἶῦσξῗίὲιῖέίἶὲῐενδηὶιιιω
1541 5715 1570 5754 a
1617 5707 1828 5752 terreno
1859 5706 2076 5750 carcere
2117 5687 2363 5745 resolutae

2071 5599 2142 5650 iii
2175 5599 2291 5672 Tibi
2321 5599 2568 5670 festinem
2589 5613 2642 5666 in
2670 5599 2812 5664 Sam.
2857 5605 2950 5660 tibi
2979 5603 3210 5659 serviam
3285 5599 3355 5630 ⁷⁵⁸
3383 5599 3514 5654 Car.
