3910 6018
315 286 425 347 785

1694 271 2221 354 MEDITATIONES.

3459 260 3564 320 786

387 403 454 456 de
487 399 818 469 praesentium
849 397 1196 467 experientia,
1225 403 1271 448 et
1321 392 1701 460 exspectatione
1743 389 1890 457 futu-
1922 391 1969 446 Α
1995 386 2049 441 in
2080 383 2394 440 Bethlebem
2423 394 2772 454 prosequere,
2805 379 2936 434 etin
2964 376 3262 446 hospitium
3289 373 3566 431 divertens

388 488 446 526 το
453 488 590 525 rum.

389 583 554 652 23o
579 579 710 648 Quae
732 581 798 634 ad
823 578 1164 634 dilectionem
1197 578 1288 632 Del
1321 575 1582 639 excitant,
1611 573 1812 628 nullum
1841 581 1898 626 ut

317 675 504 727 audiat
539 672 740 726 taedere
790 670 977 735 debet;
1039 669 1236 739 legitur
1291 678 1468 722 autem
1521 666 1574 718 in
1608 662 1898 733 Evangelio

320 763 462 828 quod
490 764 610 817 duae
646 777 870 818 sorores
898 759 1206 817 vehementi
1240 774 1428 814 amore
1456 757 1762 812 dilexerunt
1790 754 1896 808 Do-

321 854 547 918 minum,
569 861 624 907 et
643 852 770 907 licet
792 864 1023 921 utraque
1050 851 1219 905 Deum
1250 848 1667 919 proximumque
1703 844 1899 899 dilexe-

322 946 416 1012 rit,
441 944 747 1014 specialiter
777 953 955 998 tamen
986 943 1131 997 circa
1177 939 1495 1009 obsequium
1526 935 1895 1007 proximorum

320 1037 686 1105 occupabatur
716 1034 951 1100 Martha,
971 1049 1038 1089 ex
1059 1033 1238 1088 divino
1264 1044 1390 1085 vero
1427 1029 1574 1084 fonte
1595 1025 1898 1082 dilectionis

321 1127 608 1182 hauriebat
655 1125 817 1180 Maria
846 1124 998 1196 (Luc.
1028 1140 1084 1187 ιι,
1125 1121 1339 1192 39-42).
1379 1120 1459 1175 Ad
1508 1120 1602 1174 Dei
1651 1132 1782 1172 vero
1818 1117 1898 1171 di-

321 1218 609 1273 lectionem
637 1219 744 1271 duo
767 1216 1034 1286 pertinent
1057 1233 1069 1268 :
1114 1214 1339 1270 allectus
1363 1213 1576 1277 mentis,
1601 1219 1654 1264 et
1675 1208 1897 1264 allectus

320 1309 521 1378 operis.
536 1309 596 1362 Et
611 1308 712 1362 hoc
723 1322 874 1377 opus,
893 1307 944 1361 in
963 1307 1220 1360 virtutum
1235 1303 1650 1368 exercitatione;
1673 1300 1897 1356 allectus

320 1412 451 1454 vero
475 1399 694 1463 mentis,
725 1399 775 1452 in
807 1397 1104 1468 spiritualis
1126 1405 1312 1468 gustus
1336 1394 1638 1460 dulcedine.
1669 1394 1896 1449 Exerci-

324 1489 459 1542 tatio
487 1489 751 1543 virtutum
791 1489 844 1542 in
875 1496 1027 1544 certo
1055 1487 1269 1542 vivendi
1297 1486 1475 1547 modo,
1516 1483 1819 1554 injejuniis,
1843 1483 1896 1537 in

321 1578 538 1649 vigiliis,
571 1580 623 1633 in
645 1581 896 1650 opere,in
923 1579 1174 1642 lectione,
1201 1579 1251 1632 in
1276 1578 1540 1641 oratione,
1575 1577 1626 1630 in
1659 1575 1892 1638 silentio,

324 1676 380 1730 in
405 1685 748 1747 paupertate,
774 1686 829 1731 et
865 1676 1077 1732 caeteris
1108 1673 1412 1743 hujusmodi
1456 1671 1894 1733 commendatur;

1999 491 2121 530 cum
2168 475 2258 529 illa
2294 473 2509 540 assiste,
2562 479 2616 526 et
2641 471 2940 538 obsequere
2988 467 3253 536 parienti;
3285 463 3568 532 locatoque

1999 569 2052 623 in
2078 566 2338 637 przesepio
2353 562 2593 634 parvulo,
2614 575 2835 631 erumpe
2865 560 2915 614 in
2964 571 3148 612 vocem
3173 552 3567 618 exsultationis,

1997 659 2240 715 clamans
2293 672 2416 712 cum
2462 655 2597 710 Isaia
2636 671 2648 706 :
2681 651 2939 706 Parvulas
2993 657 3147 702 natus
3199 655 3274 700 est
3313 644 3479 710 nobis,
3519 655 3568 698 et

1997 752 2139 821 ﬁlius
2193 752 2348 804 datus
2394 757 2467 803 est
2517 747 2662 801 nobis
2707 744 2842 815 (Isa.
2896 758 2977 806 Ix,
3041 741 3116 810 7),
3145 749 3200 794 et
3245 737 3572 806 amplectere

1998 843 2128 898 illud
2159 842 2316 898 dulce
2343 840 2689 911 praesepium.
2723 836 2930 906 Mitiget
2969 831 3351 888 verecundiam
3393 843 3570 892 amor,

2000 938 2250 991 timorem
2303 931 2536 1004 depellat
2575 927 2820 994 alIectus,
2851 934 2911 980 ut
2954 921 3318 981 sanctissimis
3345 918 3573 990 pedibus

1999 1029 2131 1098 ligas
2149 1027 2310 1094 labia,
2339 1034 2393 1080 et
2409 1023 2590 1080 oscula
2614 1021 2858 1091 genibus.
2881 1016 3087 1072 Exinde
3109 1024 3384 1084 pastorum
3411 1025 3574 1066 excu-

1997 1122 2115 1176 bias
2165 1129 2346 1176 mente
2391 1126 2688 1188 pertracta,
2722 1111 3035 1184 angelorum
3062 1107 3360 1164 exercitum
3401 1104 3574 1160 admi-

1998 1228 2142 1275 rare,
2189 1211 2398 1268 coelesti
2453 1206 2696 1262 melodiae
2742 1214 2860 1258 tuas
2903 1202 3188 1269 interpone
3234 1210 3444 1267 preces,
3500 1194 3574 1249 si-

1998 1304 2106 1359 mul
2139 1304 2303 1358 corde
2347 1312 2402 1357 et
2425 1318 2521 1357 ore
2550 1303 2846 1356 decantans
2880 1312 2894 1349 :
2925 1291 3106 1348 Gloria
3131 1292 3184 1345 in
3208 1287 3424 1344 excelsis
3467 1285 3572 1339 Deo

1999 1395 2149 1466 (Luc.
2179 1410 2241 1460 ιι,
2283 1395 2393 1464 14).

2069 1486 2183 1542 Noli
2213 1486 2266 1539 in
2299 1493 2386 1538 tua
2420 1481 2770 1539 meditatione
2793 1478 3068 1548 Magorum
3099 1485 3323 1528 munera
3355 1474 3572 1539 praeter-

2000 1579 2099 1643 ire,
2125 1593 2226 1634 nec
2269 1575 2565 1646 fugientem
2611 1575 2664 1627 in
2695 1571 2985 1643 Egyptum
3013 1567 3320 1635 relinquere
3346 1560 3576 1618 incomi-

2002 1679 2191 1724 tatum.
2222 1667 2482 1738 Inspiciat
2511 1665 2701 1721 oculus
2735 1661 3035 1718 devotionis
3066 1657 3348 1731 parvulum
3390 1655 3572 1710 Jesum

324 1738 552 1821 affectu-5
583 1738 804 1821 salutari
842 1738 1192 1821 meditatione
1220 1765 1472 1820 nutritur.
1496 1763 1683 1833 itaque
1719 1770 1780 1816 ut
1809 1761 1895 1816 ille
1929 1738 1973 1797 Β
2001 1760 2188 1815 dulces
2215 1758 2543 1814 mammillas
2582 1755 2830 1828 gloriosae
2860 1752 3098 1823 Virginis
3123 1749 3314 1804 matris
3346 1745 3576 1802 dulciter

324 1853 667 1909 dulcissimus
697 1869 849 1910 amor
879 1855 1002 1911 Jesu
1046 1855 1098 1909 in
1134 1864 1228 1910 tuo
1276 1863 1486 1910 crescat
1529 1852 1741 1915 allecto,
1799 1851 1896 1905 tri-

323 1945 452 2013 plici
486 1947 840 2002 meditatione
867 1961 1006 2016 opus
1037 1947 1224 2012 babes,
1255 1946 1322 2000 de
1345 1945 1634 2014 praeteritis
1667 1943 1893 2009 scilicet,

325 2034 689 2102 praesentibus
727 2043 782 2088 et
813 2033 1032 2100 futuris,
1059 2035 1109 2088 id
1138 2044 1220 2089 est
1273 2034 1340 2087 de
1383 2034 1780 2102 praeteritorum
1813 2046 1898 2086 re-

326 2121 665 2186 cordatione,
695 2123 762 2177 de
797 2123 1134 2192 experientia
1162 2122 1528 2192 praasentium,
1557 2122 1622 2176 de
1648 2122 1897 2176 conside-

327 2215 538 2268 ratione
558 2213 884 2270 l‘uturorum.
904 2215 1036 2269 (lum
1061 2231 1188 2286 ergo
1218 2230 1368 2269 mens
1391 2224 1478 2268 tua
1511 2213 1672 2268 fuerit
1697 2213 1898 2282 absque

324 2306 711 2377 cogitationum
756 2309 1012 2373 tumultu,
1062 2310 1320 2362 virtutum
1349 2305 1739 2362 exercitatione
1767 2321 1897 2375 pur-

325 2407 472 2466 gata,
505 2397 617 2466 jam
641 2399 827 2455 oculos
862 2399 1152 2454 delaecatos
1197 2399 1262 2454 ad
1291 2398 1588 2468 posteriora
1623 2407 1896 2466 retorque,

326 2505 391 2544 ac
439 2491 669 2560 primum
715 2507 836 2546 cum
894 2493 1045 2546 beata
1079 2491 1244 2545 Maria
1288 2491 1530 2558 ingressa
1579 2490 1893 2544 cubiculum

327 2578 513 2643 libros,
539 2581 736 2650 quibus
760 2580 996 2652 Virginis
1019 2590 1205 2651 partus
1229 2590 1283 2636 et
1313 2581 1510 2636 Christi
1544 2582 1901 2650 prophetatur

328 2672 612 2736 adventus,
655 2672 863 2728 evolve.
915 2673 990 2728 lbi
1023 2673 1312 2727 adventum
1352 2673 1526 2744 angeli
1565 2672 1898 2742 praestolare,

327 2770 386 2813 ut
420 2761 604 2817 videas
647 2762 962 2828 intrantem,
998 2763 1187 2818 auJias
1220 2762 1569 2828 salutantem,
1599 2771 1658 2816 ut
1700 2763 1780 2818 sic
1817 2748 1902 2817 re?

325 2851 467 2920 pleta
519 2860 742 2922 stupore
783 2862 839 2908 et
895 2855 1096 2908 exstasi
1146 2853 1513 2908 dulcissimam
1544 2853 1769 2907 Mariam
1802 2853 1902 2909 do-

327 2942 530 2996 minam
583 2952 724 2996 tuam
763 2958 886 2998 cum
946 2943 1134 3014 angelo
1185 2943 1450 2999 salutante
1498 2944 1718 3009 salutes,
1786 2943 1900 2999 cla-

287 3106 296 3113 .
327 3047 483 3086 mans
511 3040 566 3087 et
605 3033 790 3088 dicens
823 3048 839 3088 :
868 3033 990 3099 Ave,
1026 3034 1201 3088 Maria
1245 3035 1394 3104 (Luc.
1431 3051 1470 3102 ι,
1496 3035 1611 3102 9.7),
1637 3044 1744 3090 etc.
1791 3034 1902 3090 Hoc

326 3122 572 3176 crebrius
601 3131 856 3193 repetens
896 3139 1018 3194 quae
1052 3124 1122 3178 sit
1173 3125 1288 3178 lucc
1318 3123 1506 3194 gratiae
1535 3123 1810 3193 plenitudo
1835 3126 1900 3179 de

279 3286 286 3292 Ι
323 3228 432 3282 qna
464 3223 610 3269 totus
641 3215 874 3270 mundus
893 3216 1155 3270 mutuavit
1181 3216 1435 3286 gratiam,
1461 3216 1731 3285 quodnam
1761 3216 1896 3269 Ver-

325 3305 453 3359 bum
485 3320 613 3359 caro
643 3305 844 3361 factum
881 3316 964 3361 est
1006 3306 1374 3377 contemplare
1407 3316 1461 3361 et
1487 3305 1758 3361 admirare
1796 3305 1900 3362 Do-

326 3393 552 3458 minum,
600 3395 688 3464 qui
740 3405 939 3450 terram
989 3396 1174 3465 implet
1221 3403 1276 3450 et
1303 3395 1522 3463 caelum,
1559 3396 1697 3451 intra
1743 3397 1900 3450 unius

323 3487 518 3557 puellae
566 3487 776 3543 viscera
828 3487 1026 3550 claudi,
1080 3502 1240 3556 quam
1296 3486 1456 3542 Pater
1501 3487 1896 3552 sanctiﬁcavit,

328 3582 498 3637 Filius
549 3581 879 3645 fecundavit,
929 3581 1165 3651 Spiritus
1198 3589 1418 3637 sanctus
1455 3580 1815 3652 obumbravit.
1856 3580 1901 3637 Ο

327 3674 502 3729 dulcis
529 3673 768 3741 domina,
801 3680 1007 3743 quanta
1057 3671 1418 3727 inebriebaris
1463 3671 1768 3737 dulcedine,
1795 3686 1901 3740 quo

328 3763 537 3820 amoris
567 3765 689 3835 igne
716 3763 1158 3827 succendebaris,
1199 3777 1320 3816 cum
1359 3760 1593 3816 sentires
1636 3761 1688 3814 in
1722 3769 1902 3816 mente

329 3855 468 3910 etin
519 3863 710 3909 ventre
759 3863 918 3909 tantae
960 3851 1258 3928 majestatis
1281 3853 1652 3919 praesentiam,
1681 3866 1804 3904 cum
1837 3852 1902 3906 de

329 3955 421 4000 tua
453 3961 620 4002 carne
663 3946 766 4002 sibi
798 3958 1018 4000 carnem
1068 3953 1390 4008 assumeret,
1452 3951 1507 3999 et
1555 3943 1799 3996 membra
1848 3941 1900 3995 in

328 4039 524 4108 quibus
546 4037 901 4108 corporaliter
925 4037 1101 4093 omnis
1122 4035 1398 4107 plenitudo
1423 4034 1722 4090 divinitatis
1750 4034 1903 4088 inha-

329 4129 529 4184 bitaret
565 4129 704 4199 (Col.
736 4145 798 4194 ιι,
823 4128 901 4200 9),
939 4129 1006 4184 de
1051 4128 1157 4182 tuis
1180 4128 1389 4183 sanctis
1449 4127 1716 4182 membris
1746 4135 1902 4197 apta-

327 4222 439 4276 ret!
487 4221 613 4275 Haec
660 4221 843 4275 omnia
886 4227 1105 4290 propter
1150 4232 1218 4285 te,
1247 4234 1280 4274 ο
1308 4219 1478 4290 virgo,
1512 4228 1571 4272 ut
1602 4217 1900 4287 Virginem,

328 4327 490 4382 quam
517 4312 717 4366 imitari
746 4311 1095 4381 proposuisti,
1111 4311 1325 4380 diligas,
1345 4319 1400 4364 et
1424 4310 1660 4380 Virginis
1682 4308 1899 4374 Filium,

329 4411 416 4459 cui
449 4407 699 4475 nupsisti.

398 4495 516 4552 Jam
540 4513 683 4552 nunc
709 4513 832 4552 cum
861 4496 1168 4551 dulcissima
1191 4495 1416 4550 Domina
1447 4505 1534 4550 tua
1567 4497 1618 4550 in
1648 4505 1900 4552 montana

329 4589 655 4654 conscende,
687 4589 891 4644 sterilis
935 4597 989 4643 et
1031 4587 1264 4656 Virginis
1296 4590 1506 4642 intuere
1538 4588 1898 4658 complexum,

328 4693 384 4736 et
411 4681 755 4736 salutationis
806 4679 1062 4743 ollicium,
1099 4681 1152 4732 in
1183 4695 1290 4748 quo
1315 4680 1565 4734 servulus
1590 4680 1900 4745 Dominum,

328 4787 507 4842 praeco
555 4771 820 4834 Judicem,
877 4787 978 4825 vox
1016 4771 1272 4838 Verbum,
1317 4772 1464 4825 intus
1502 4771 1664 4825 anilia
1694 4771 1899 4826 viscera

329 4864 622 4921 conclusus
653 4846 706 4920 in
742 4864 982 4936 Virginis
1035 4873 1192 4919 utero
1219 4863 1460 4918 clausum
1504 4871 1560 4918 et
1581 4863 1821 4934 agnovit,
1848 4871 1903 4917 et

329 4953 592 5008 indicibili
632 4955 829 5024 gaudio
863 4953 1142 5009 salutavit.
1167 4951 1318 5008 Beati
1349 4962 1584 5016 ventres,
1623 4953 1675 5006 in
1705 4953 1902 5022 quibus

327 5047 496 5102 totius
544 5048 727 5102 mundi
766 5048 1017 5103 Salvator
1062 5047 1328 5114 exoritur,
1360 5045 1637 5115 pulsisque
1667 5047 1902 5100 tristitia:

330 5139 574 5193 tenebris
619 5140 946 5209 sempiterna
1005 5139 1188 5192 laetitia
1236 5139 1610 5206 prophetatur.
1639 5137 1898 5205 Accurre,

328 5243 536 5298 quaso,
564 5244 811 5296 accurre,
848 5229 1011 5284 tantis
1058 5228 1267 5299 gaudiis
1305 5228 1626 5293 admiscere,
1656 5239 1900 5298 proster-

329 5333 460 5374 nere
481 5319 548 5373 ad
569 5322 730 5389 pedes
753 5322 1054 5390 utriusque,
1077 5329 1132 5375 et
1161 5321 1214 5373 in
1245 5320 1404 5375 unius
1434 5331 1624 5375 ventre
1645 5337 1900 5392 sponsum

330 5419 481 5465 tuum
533 5413 878 5482 amplectere,
937 5414 1170 5467 amicum
1229 5427 1359 5466 vero
1413 5411 1528 5481 ejus
1577 5414 1629 5469 in
1680 5415 1903 5470 alterius

330 5511 484 5559 utero
511 5519 793 5559 venerare.
827 5503 960 5558 Hinc
989 5504 1212 5558 Matrem
1264 5518 1385 5557 cum
1430 5504 1576 5557 muni
1614 5504 1901 5559 devotione

1998 1862 2300 1925 sugentem,
2325 1862 2380 1907 et
2402 1865 2670 1920 mammas
2693 1856 2966 1903 maternas
2991 1843 3139 1900 liliali
3166 1855 3316 1898 more
3342 1847 3579 1894 tractan-

2001 1955 2128 2008 tem,
2163 1945 2330 2000 matri
2365 1943 2715 1998 arridentem.
2749 1940 2887 2006 Quid
2928 1939 3045 1993 visu
3082 1933 3408 2004 jucundius?
3438 1930 3577 1998 Quid

2000 2039 2372 2096 delectabilius
2383 2039 2410 2092 ?
2423 2037 2596 2093 Cerne
2612 2035 2759 2090 illum
2770 2075 2784 2098 ,
2807 2034 2898 2102 qui
2912 2034 3208 2086 immensus
3222 2036 3323 2091 est,
3339 2023 3576 2098 parvulis

1996 2132 2236 2185 brachiis
2283 2132 2350 2186 ad
2402 2136 2650 2183 materna
2686 2125 3218 2198 colla'pendentem,
3269 2128 3326 2174 et
3376 2118 3574 2174 dicas:

2000 2224 2147 2280 Felix
2178 2239 2319 2288 sum,
2339 2222 2677 2291 feliciorque,
2711 2220 2836 2274 dum
2861 2217 3022 2300 illum
3049 2214 3206 2269 video
3233 2225 3392 2282 quem
3425 2221 3579 2277 reges

1999 2323 2320 2385 optaverunt
2356 2315 2560 2376 videre,
2589 2320 2642 2365 et
2671 2325 2773 2365 non
2799 2298 3050 2363 viderunt
3079 2305 3296 2376 (Matth.
3327 2298 3573 2366 x1tt,l'i).

2003 2410 2204 2477 Dignus
2224 2417 2301 2462 est
2334 2408 2448 2460 visu
2469 2405 2558 2474 qui
2584 2404 2846 2472 speciosus
2877 2409 2950 2455 est
2989 2401 3160 2468 forma
3187 2413 3298 2468 prce
3325 2395 3453 2463 ﬁliis
3487 2395 3577 2448 Ito-

2001 2500 2197 2552 minum
2229 2494 2401 2566 (Psal.
2434 2510 2578 2559 xuv,
2605 2495 2683 2563 5).

2071 2587 2281 2657 Cogita,
2311 2595 2364 2640 et
2391 2584 2628 2654 recogita
2662 2597 2770 2652 quo
2807 2581 2990 2635 animo
3021 2585 3084 2634 et‘
3113 2593 3221 2648 qua
3251 2576 3581 2647 cogitatione

2003 2683 2290 2738 tenebatur
2339 2681 2427 2734 illa
2479 2679 2790 2734 dulcissima
2849 2677 3027 2731 Mater
3071 2675 3208 2748 ejus,
3265 2689 3386 2729 cum
3429 2673 3580 2727 illum

2002 2774 2268 2829 Dominun
2299 2783 2501 2828 tantum
2527 2786 2588 2827 ac
2613 2770 2881 2826 tantillum
2915 2771 2966 2824 in
2998 2769 3238 2824 brachiis
3260 2767 3373 2822 suis
3397 2765 3582 2822 exsul-

2005 2880 2125 2923 tans
2147 2883 2211 2922 ac
2248 2867 2369 2921 lana
2409 2874 2639 2931 teneret,
2678 2879 2801 2919 cum
2845 2863 2894 2917 ei
2925 2873 2984 2916 ut
3030 2860 3298 2916 infantulo
3327 2858 3580 2930 gestienti

2002 2958 2205 3013 osculis
2271 2955 2648 3026 frequentibus
2703 2954 3089 3025 congauderet,
3146 2966 3269 3006 cum
3330 2964 3453 3004 eum
3504 2949 3582 3002 la-

1929 3083 1973 3144 c
2006 3055 2342 3118 crymantem
2372 3059 2534 3116 super
2559 3059 2730 3117 genua
2756 3058 2875 3107 sua,
2907 3041 3103 3111 quibus
3127 3039 3302 3110 potuit
3328 3038 3579 3102 modulis,

2002 3137 2398 3202 consolaretur,
2431 3151 2552 3190 cum
2591 3134 2823 3202 denique
2868 3131 2990 3187 aliis
3029 3138 3192 3200 atque
3221 3129 3341 3184 aliis
3366 3129 3581 3190 studiis,

1999 3230 2068 3285 ad
2119 3245 2238 3299 quae
2285 3229 2397 3297 ipsa
2433 3234 2672 3282 materna
2708 3225 2882 3294 pietas
2910 3223 3237 3278 inlormabat
3281 3235 3426 3283 eum,
3482 3234 3582 3288 pro

2001 3319 2320 3391 qualitatum
2343 3317 2828 3380 vicissitudinibus,
2852 3314 3038 3370 sedula
3067 3311 3429 3368 blandiretur.
3460 3309 3584 3382 Opi-

2002 3428 2138 3468 nare
2165 3425 2354 3466 verum
2385 3423 2505 3464 esse
2527 3407 2671 3478 quod
2703 3407 2900 3462 dicitur
2931 3419 3053 3461 eum
3087 3420 3117 3460 a
3158 3403 3458 3459 latronibus
3487 3405 3582 3457 de-

2001 3503 2326 3574 prehensum
2352 3502 2403 3555 in
2432 3501 2538 3565 via,
2567 3511 2621 3555 et
2666 3497 3050 3555 adolescentuli
3083 3497 3362 3568 cujusdam
3412 3495 3581 3550 bene-

2001 3593 2125 3648 ﬁcio
2151 3601 2422 3662 ereptum.
2459 3591 2592 3646 Erat
2612 3591 2678 3655 is,
2709 3599 2768 3646 ut
2788 3590 2996 3656 dicunt,
3021 3590 3284 3659 principis
3306 3589 3580 3643 latronum

2003 3684 2168 3747 lilins,
2215 3683 2306 3752 qui
2355 3683 2532 3752 praeda
2563 3683 2768 3750 potitus
2809 3697 2934 3737 cum
2989 3681 3272 3750 parvulum
3311 3681 3362 3735 in
3395 3679 3584 3735 matris

2002 3772 2208 3842 gremio
2263 3771 2656 3840 conspexisset,
2707 3780 2861 3824 tanta
2911 3771 2966 3824 in
3016 3772 3134 3840 ejus
3186 3770 3585 3839 speciosissima

2001 3861 2151 3916 vultu
2177 3860 2482 3931 Splendoris
2504 3859 2760 3928 ntajestas
2781 3861 3032 3930 apparuit
3057 3870 3114 3914 ut
3145 3875 3267 3914 eum
3295 3875 3453 3930 supra
3484 3861 3583 3913 ho-

2003 3956 2203 4011 minem
2235 3969 2356 4010 esse
2397 3969 2502 4009 non
2533 3953 2837 4024 ambigens,
2880 3952 3219 4007 incalescens
3248 3964 3433 4004 amore
3471 3965 3585 4003 am-

2002 4045 2246 4116 plexatus
2275 4047 2347 4100 sit
2377 4060 2500 4101 eum
2541 4053 2620 4110 et,
2663 4059 2717 4109 ο,
2755 4044 2947 4114 inquit,
2981 4041 3292 4098 beatissime
3329 4039 3585 4109 parvulo-

2005 4152 2148 4202 rum,
2196 4136 2242 4191 si
2280 4136 2424 4190 aliud
2478 4150 2537 4191 se
2559 4143 2770 4206 tempus
2802 4132 3056 4189 obtulerit
3105 4131 3235 4186 mihi
3268 4131 3580 4194 miserendi,

2005 4235 2132 4280 tunc
2156 4233 2428 4280 memento
2453 4224 2583 4289 mei,
2605 4233 2662 4279 et
2701 4222 2860 4292 hujus
2891 4223 3147 4292 temporis
3178 4220 3286 4276 noli
3313 4219 3579 4276 oblivisci.

2004 4317 2206 4370 Ferunt
2243 4318 2385 4372 hunc
2415 4317 2578 4373 fuisse
2610 4316 2890 4380 latronem,
2943 4316 3032 4385 qui
3069 4316 3135 4369 ad
3185 4316 3457 4371 dexteram
3491 4315 3583 4370 Dei

1925 4416 1981 4477 Ι)
2004 4406 2295 4462 cruciﬁxus
2321 4407 2548 4461 alterum
2571 4405 3032 4474 blasphemantem
3060 4405 3322 4475 corripuit
3348 4404 3532 4460 dicens
3568 4423 3580 4458 :

2006 4496 2188 4567 Neque
2212 4507 2268 4550 tu
2292 4498 2439 4550 times
2468 4496 2635 4549 Deum
2659 4495 2843 4567 (Joan.
2877 4511 3031 4565 xxm,
3057 4496 3171 4566 40),
3204 4504 3332 4560 etc.,
3357 4511 3585 4551 conver-

2005 4602 2099 4642 sus
2120 4601 2250 4642 vero
2280 4587 2347 4641 ad
2375 4586 2683 4652 Dominum,
2719 4600 2840 4641 eum
2871 4587 2930 4657 in.
2953 4586 3040 4640 illa
3089 4601 3211 4656 quae
3267 4587 3320 4641 in
3363 4586 3588 4654 parvulo

2008 4681 2258 4752 apparuit
2295 4681 2511 4734 intuens
2537 4680 2818 4750 majestate
2844 4680 2984 4749 pacti
3013 4680 3096 4734 sui
3139 4695 3243 4736 non
3275 4680 3584 4744 immemor,

2007 4776 2289 4838 Memento,
2331 4775 2526 4844 inquit,
2561 4776 2682 4840 mei,
2722 4776 2846 4830 dum
2877 4779 3073 4831 veneris
3105 4777 3159 4830 in
3183 4793 3396 4846 regnum
3437 4787 3582 4829 tuum

2006 4868 2180 4938 (ibid.,
2228 4867 2342 4934 42).
2391 4867 2574 4936 Itaque
2620 4867 2685 4922 ad
2723 4869 3056 4924 incentivum
3089 4859 3287 4923 amoris
3340 4869 3441 4922 hac
3477 4882 3583 4920 non

2007 4959 2196 5012 inutile
2231 4959 2470 5012 arbitror
2512 4959 2589 5012 uti
2641 4960 2918 5028 opinione,
2967 4967 3177 5014 remota
3227 4959 3376 5013 omni
3443 4955 3584 5009 allir-

2005 5050 2183 5105 mandi
2211 5051 2450 5106 temerita
2460 5061 2528 5106 te.

2077 5139 2346 5196 Praeterea
2370 5142 2577 5198 nihilne
2609 5143 2894 5197 suavitatis
2929 5143 3165 5196 aestimes
3203 5139 3296 5193 tibi
3329 5147 3579 5192 accessu-

2005 5245 2145 5294 rum,
2172 5233 2214 5286 si
2243 5247 2366 5287 eum
2394 5233 2533 5300 apud
2562 5232 2828 5289 Nazarer
2867 5246 3091 5302 puerum
3122 5229 3262 5299 apud
3291 5241 3485 5297 pueros
3508 5227 3580 5259 '“

2006 5323 2388 5392 contempleris
2416 5323 2542 5388 '5",
2567 5325 2610 5379 si
2633 5325 3015 5393 obsequentem
3047 5319 3229 5382 matri,
3262 5319 3306 5373 si
3332 5317 3578 5386 operanti

2005 5415 2231 5468 nutritio
2256 5415 2595 5469 assistentem
2626 5414 2924 5469 intuearis?
2949 5412 3109 5478 Quid,
3151 5411 3197 5465 si
3239 5407 3578 5465 duodenuem

2007 5521 2127 5560 cum
2153 5506 2464 5574 parentibus
2486 5504 2875 5576 Jerosolymam
2891 5505 3293 5568 ascendentem,
3307 5510 3360 5559 et
3375 5501 3478 5558 illis
3496 5515 3582 5556 re-

1621 5616 1849 5672 VARUE
1887 5617 2286 5673 LECTIONES.

402 5711 470 5744 ’⁸³
500 5711 659 5766 Forte
691 5723 938 5781 parentes
1015 5711 1084 5742 7"
1111 5713 1126 5731 '
1153 5709 1309 5763 Forte
1341 5711 1565 5763 miratur
