3910 6018
359 224 461 282 787

705 218 764 275 S.
811 217 1107 275 ANSELMI
1145 216 1497 274 CANTUAR.
1531 215 1852 272 ARClllEP.
1894 216 2044 272 OPP.
2081 216 2258 274 PARS
2298 219 2434 276 ll.—
2465 222 2835 283 PARENET.
2860 226 2949 283 ET
2979 226 3221 283 ASCET.

3505 228 3612 285 788

352 331 643 389 deuntibus
687 341 744 385 et
786 328 1154 385 nescientibus
1202 330 1255 384 in
1289 330 1425 383 urbe
1474 339 1784 384 manentem
1839 347 1934 400 per
1964 335 2010 391 Α
2036 336 2315 390 mittuntur
2356 337 2452 389 tibi
2496 348 2708 405 peccata
2757 348 2849 392 tua
2886 337 3114 408 (Matth.
3151 353 3230 404 ιχ,
3259 338 3338 408 2).
3385 333 3431 393 Ο
3475 339 3614 395 mira

352 424 592 478 triduum
638 435 761 476 cum
821 428 996 473 matre
1058 421 1374 489 quaesieris?
1423 419 1467 475 0
1521 431 1724 490 quanta
1770 423 1925 492 copia

351 515 518 572 fluent
548 516 819 586 lacrymm,
845 533 966 573 cum
1002 519 1238 573 audieris
1269 517 1494 573 Matrem
1526 519 1666 574 dulci
1695 522 1927 588 quadam

351 609 720 679 increpatione
755 609 952 666 Filium
981 611 1357 668 verberantem
1394 630 1406 666 :
1441 612 1568 678 Fili,
1597 615 1721 685 quid
1761 615 1929 684 fecisti

351 701 499 754 nobis
517 702 590 754 sic
606 701 632 753 2
657 701 806 772 (Luc.
831 719 892 767 ll,
917 702 1032 772 48.)

422 789 481 844 Si
527 799 708 844 autem
757 792 910 860 sequi
963 793 1230 862 Sponsum
1291 793 1556 863 virginem
1609 807 1932 864 quocunque

350 883 476 937 ierit
501 884 686 954 (Apoc.
717 900 828 948 xiv,
859 885 914 957 ι)
938 886 1166 941 delectet
1191 887 1386 941 altiora
1417 887 1535 955 ejus
1564 896 1618 942 et
1638 887 1930 942 secretiora

351 985 624 1039 scrutare,
652 983 712 1029 ut
743 977 796 1030 in
821 975 1072 1031 Jordanis
1113 976 1332 1032 ﬂumine
1365 979 1553 1032 audias
1597 979 1649 1032 in
1683 993 1812 1032 voce
1833 977 1933 1032 Pa-

351 1070 514 1128 trem,
543 1062 599 1119 in
627 1078 790 1119 carne
815 1065 1032 1132 Filium,
1064 1066 1118 1120 in
1149 1065 1396 1121 columba
1448 1066 1632 1121 videas
1674 1066 1932 1136 Spiritum

351 1163 625 1210 sanctum.
648 1157 723 1212 lbi
747 1157 815 1212 ad
838 1158 1148 1227 spirituales
1171 1159 1386 1229 nuptias
1411 1159 1635 1214 invitata
1665 1159 1933 1229 Sponsum

353 1245 586 1307 suscipis
615 1246 798 1300 datum
835 1262 865 1300 a
893 1246 1074 1314 Patre,
1102 1247 1475 1318 purgationem
1507 1263 1537 1302 a
1560 1247 1716 1313 Filio,
1744 1249 1936 1318 pignus

357 1336 564 1391 amoris
588 1351 618 1390 a
647 1336 849 1406 Spiritu
884 1345 1092 1392 sancto.
1132 1337 1338 1392 Exinde
1370 1337 1751 1392 dilectissimus
1781 1337 1938 1393 Jesus

356 1426 662 1482 solitudinis
703 1427 797 1483 tibi
847 1436 1052 1483 secreta
1086 1428 1308 1493 dicavit,
1339 1435 1395 1483 et
1421 1426 1790 1482 sanctificavit
1842 1429 1934 1482 tibi

350 1521 610 1592 jejunium
662 1522 1035 1587 subeundum,
1090 1523 1290 1577 docens
1345 1536 1466 1575 cum
1524 1520 1722 1576 callido
1783 1522 1937 1576 hoste

2029 427 2345 481 clementia!
2389 443 2421 483 ο
2454 429 2745 485 indicibilis
2772 429 3174 484 misericordia!
3207 429 3432 499 Accepit
3477 430 3605 486 felix

2030 518 2404 595 remissionem
2429 529 2775 590 peccatorum
2805 536 3024 576 suorum
3049 536 3209 590 quam
3235 537 3342 575 non
3373 522 3615 590 petebat,

2029 621 2190 676 quam
2241 624 2347 662 non
2402 619 2756 678 praecesserat
2812 610 3126 675 confessio,
3185 627 3286 666 nec
3341 623 3621 668 meruerat

2031 698 2351 765 satisfactio,
2389 717 2495 754 non
2521 701 2774 772 exigebat
2808 703 3086 758 contritio.
3109 704 3366 772 Corporis
3390 703 3621 759 salutem

2031 789 2274 860 petebat,
2305 807 2411 846 non
2442 793 2660 859 animae,
2691 803 2748 848 et
2775 793 3003 848 salutem
3056 796 3303 864 corporis
3338 804 3395 850 et
3425 796 3623 852 anima:

2035 879 2258 949 recepit.
2292 881 2450 946 Vere,
2486 883 2744 946 Domine,
2793 886 2902 938 vita
2959 885 3010 939 in
3065 885 3342 940 voluntate
3395 896 3479 939 tua
3512 927 3530 951 ,
3571 888 3620 942 si

2035 969 2342 1026 decreveris
2387 971 2602 1028 Salvare
2648 989 2788 1040 nos,
2849 990 3007 1029 neruo
3058 975 3260 1047 poterit
3313 975 3620 1045 prohibere.

2037 1059 2092 1115 Si
2121 1060 2266 1115 aliud
2297 1061 2634 1130 decreveris,
2667 1079 2770 1117 non
2803 1073 2886 1119 est
2911 1065 3003 1134 qui
3031 1066 3230 1119 audeat
3260 1066 3443 1120 dicere
3471 1084 3485 1120 :
3511 1066 3624 1122 Cur

2037 1149 2111 1205 ita
2136 1148 2304 1204 facis?
2335 1151 2628 1216 Pharisaee,
2659 1153 2786 1222 quid
2813 1169 3121 1207 murrnuras
3143 1154 3166 1206 ?
3192 1154 3274 1208 An
3291 1155 3475 1208 oculus
3501 1166 3624 1209 tuus

2039 1259 2258 1313 nequam
2289 1255 2394 1309 est,
2428 1246 2550 1316 quia
2586 1247 2702 1316 ipse
2754 1246 2918 1301 bonus
2969 1249 3087 1301 est?
3127 1247 3346 1317 (Matth.
3395 1265 3470 1313 ix,
3511 1250 3624 1318 15.)

2038 1334 2198 1390 Certe
2234 1337 2528 1392 miseretur
2559 1338 2644 1394 cui
2680 1338 2913 1393 voluerit
2943 1338 3116 1398 (Rom.
3166 1357 3242 1404 rx,
3288 1341 3413 1410 18);
3453 1341 3623 1412 plore-

2041 1442 2160 1481 mus
2189 1436 2245 1482 et
2271 1442 2490 1483 oremus
2528 1437 2586 1482 ut
2632 1429 2779 1484 velit.
2821 1429 2984 1484 Bonis
3008 1431 3173 1483 etiam
3218 1433 3474 1500 operibus
3504 1433 3624 1502 pin-

2041 1529 2262 1588 guescat
2292 1520 2486 1582 oratio,
2520 1529 2783 1589 augeatur
2813 1522 3050 1587 devotio,
3083 1523 3353 1578 excitetur
3383 1524 3623 1579 dilectio.

355 1613 688 1670 conﬂictum.
744 1615 869 1669 llaec
900 1614 970 1668 ibi
1012 1614 1174 1678 facta,
1204 1629 1302 1683 pro
1334 1625 1385 1668 te
1413 1613 1580 1680 facta,
1611 1623 1667 1669 et
1698 1629 1934 1684 quonam
1971 1679 2008 1688 _
2041 1613 2316 1667 Leventur
2345 1628 2494 1682 pura:
2515 1628 2709 1669 manus
2732 1613 2785 1668 in
2813 1614 3079 1678 oratione,
3111 1630 3244 1684 quas
3273 1631 3378 1670 non
3411 1617 3628 1688 sanguis

358 1703 522 1757 modo
551 1701 694 1757 facta
727 1712 854 1757 sunt
897 1702 1180 1771 diligenter
1204 1679 1490 1760 attendas.
1519 1703 1687 1775 Dilige
1719 1679 1850 1759 eum
1905 1719 1934 1758 a
1969 1679 2013 1739 Β
2045 1679 2402 1758 immunditiae
2432 1705 2744 1770 maculavit,
2787 1715 2964 1761 tactus
2997 1679 3212 1762 illiciius
3248 1723 3352 1762 non
3381 1679 3624 1775 fmdavvit,

357 1809 466 1862 quo
496 1793 637 1848 facta
670 1801 869 1849 suntet
891 1793 1108 1850 imitare
1135 1810 1262 1877 quae.
1283 1795 1423 1850 facta
1455 1803 1599 1850 sunt.

428 1885 692 1942 Occurrat
711 1886 824 1956 jam
859 1903 1000 1942 nunc
1028 1889 1304 1942 memoriae
1329 1887 1634 1943 mulierilla
1658 1889 1708 1942 in
1736 1887 1940 1942 adulte-

357 1978 440 2034 rio
463 1978 826 2048 deprehensa,
850 1987 906 2034 et
931 1977 1088 2034 Jesus
1122 1987 1340 2049 rogatus
1371 1979 1439 2034 ad
1465 1981 1787 2035 sententiam
1811 1979 1940 2048 quid

357 2071 552 2142 egerit,
579 2071 776 2144 quidve
803 2071 1022 2136 dixerit,
1074 2071 1383 2126 recordare.
1416 2070 1474 2125 In
1507 2080 1706 2126 terram
1753 2071 1941 2127 oculos

353 2163 508 2232 jecit,
533 2178 600 2218 ne
631 2163 773 2219 forte
793 2171 1103 2219 accusatam
1133 2162 1428 2232 respiciens
1458 2163 1619 2218 nimis
1645 2159 1940 2218 confunde-

359 2264 460 2310 ret.
488 2255 623 2312 Cum
651 2257 796 2311 enim
829 2254 1074 2311 scribens
1116 2254 1167 2308 in
1201 2263 1369 2320 terra,
1416 2263 1660 2310 terrenos
1702 2270 1797 2309 eos
1834 2271 1937 2308 non

355 2348 610 2404 caelestes
655 2347 1003 2417 prodidisset,
1053 2346 1142 2416 qui
1182 2347 1296 2398 sine
1329 2357 1538 2414 peccato
1565 2357 1640 2400 est
1671 2361 1934 2412 vestrum,

359 2437 760 2507 iuquit,primus
788 2435 841 2488 in
863 2434 1010 2488 illam
1032 2433 1259 2503 lapidem
1282 2435 1455 2486 mittat
1499 2432 1682 2504 (Joan.
1708 2450 1827 2498 vni,
1863 2436 1937 2503 7).

357 2531 404 2582 0
428 2529 563 2582 mira
591 2535 645 2581 et
672 2524 1132 2594 inexstinguibilis
1161 2523 1365 2579 Christi
1402 2525 1737 2592 benignitas!
1767 2527 1940 2590 Quam

360 2621 728 2673 condemnare
747 2616 892 2684 juste
921 2614 1118 2684 potuit,
1140 2616 1360 2668 adverte
1386 2630 1550 2684 quam
1580 2616 1666 2684 pic
1695 2623 1750 2670 et
1777 2631 1941 2685 quam

360 2716 519 2763 caute
545 2707 814 2761 liberavit.
848 2705 981 2761 Cutn
1019 2705 1163 2760 enim
1192 2718 1382 2760 omnes
1402 2705 1674 2759 sententia
1706 2705 1943 2759 trivisset

360 2809 416 2855 ct
456 2799 754 2870 expulisset
784 2813 815 2854 e
847 2798 1067 2869 templo,
1109 2797 1406 2868 imaginare
1439 2797 1598 2868 231
1630 2813 1790 2867 quam
1825 2797 1942 2867 pios

359 2890 546 2947 oculos
576 2890 631 2945 in
663 2890 808 2945 illam
837 2890 1122 2955 levaverit,
1160 2904 1324 2960 quam
1355 2888 1498 2944 dulci
1529 2900 1583 2942 et
1621 2890 1773 2943 suavi
1809 2903 1942 2944 voce

361 2981 689 3036 sententiam
726 2981 1084 3037 absolutionis
1125 2979 1245 3050 ejus
1279 2979 1599 3050 protulerit?
1628 2979 1762 3034 Puta
1797 2981 1940 3051 quod
1969 3021 2013 3082 Ο

361 3070 680 3140 suspiravit,
737 3073 880 3140 quod
928 3071 1259 3142 lacrymatus
1300 3068 1482 3134 fuerit,
1533 3085 1655 3124 cum
1690 3071 1936 3126 diceret:

362 3161 532 3216 Nemo
555 3172 602 3217 te
629 3164 989 3217 condemnavit
1018 3161 1209 3216 mulier
1234 3161 1409 3233 (ibid.,
1435 3162 1542 3233 10),
1571 3171 1676 3216 etc.
1694 3163 1863 3228 Felix,
1891 3171 1948 3217 ut

363 3256 436 3308 ita
469 3255 665 3321 dicam,
698 3256 810 3310 haec
853 3255 1095 3310 adultera
1137 3255 1348 3321 mulier,
1397 3271 1516 3324 quce
1563 3256 1628 3310 de
1653 3256 1947 3325 praeteritis

363 3346 680 3411 absolvitur,
714 3360 905 3400 secura
929 3345 1160 3400 efﬁcitur
1193 3347 1258 3400 de
1293 3344 1510 3400 futuris.
1539 3345 1666 3400 Jesu
1701 3347 1857 3409 bone,
1895 3358 1946 3403 te

360 3436 596 3500 chente,
631 3451 722 3488 nec
747 3451 839 3502 ego
865 3444 914 3487 te
947 3435 1298 3488 condemnabo
1324 3435 1498 3505 (ibid.,
1531 3436 1642 3506 Η),
1667 3438 1788 3506 quis
1815 3454 1944 3492 con-

364 3522 676 3577 demnabit‘!
708 3522 850 3576 Deus
883 3532 957 3575 est
995 3523 1084 3590 qui
1117 3523 1401 3591 justiﬁcat,
1431 3525 1546 3592 quis
1594 3534 1668 3580 est
1702 3508 1791 3596 qui
1823 3543 1947 3580 con-

360 3612 600 3666 tlemuet?
625 3611 798 3683 (Rom.
830 3626 948 3676 vm,
972 3611 1062 3677 55,
1085 3612 1204 3682 54.)
1234 3614 1498 3668 Audiatur
1528 3617 1594 3669 de
1617 3626 1812 3673 cmtero
1843 3636 1942 3673 vox

337 3701 651 3770 ‘tua,Vade,
675 3714 722 3757 et
736 3703 852 3773 jam
881 3705 1105 3773 amplius
1120 3704 1453 3774 nolipeccare
1481 3705 1662 3778 (Joan.
1695 3725 1813 3775 vni,
1833 3711 1851 3763 l
1872 3712 1942 3779 l).

426 3791 546 3848 Jam
586 3809 726 3849 nunc
765 3794 1050 3869 ingredere
1074 3796 1290 3850 domum
1315 3795 1596 3864 Pharisazi,
1624 3801 1943 3855 recumben-

361 3899 467 3941 tem
499 3887 568 3942 ibi
595 3886 881 3942 Dominum
917 3898 1065 3942 tuum
1093 3889 1330 3950 attende.
1361 3891 1559 3946 accede
1587 3907 1708 3946 cum
1738 3893 1942 3948 beatis-

359 3981 496 4034 sima
543 3979 847 4048 peccatrice
882 3980 948 4034 ad
981 3981 1144 4049 pedes
1175 3979 1309 4048 ejus,
1344 3981 1459 4034 lava
1489 3981 1761 4054 lacrymis,
1794 3994 1942 4052 terge

358 4071 586 4141 capillis,
614 4071 860 4127 demulce
887 4071 1104 4136 osculis,
1133 4073 1252 4126 fove
1282 4073 1589 4140 unguentis.
1621 4074 1806 4130 Nonne
1829 4077 1940 4146 jam

359 4181 516 4219 sacro
538 4166 765 4233 liquoris
794 4164 938 4218 illius
959 4165 1125 4219 odore
1149 4163 1529 4233 perfunderis?
1560 4166 1615 4220 Si
1647 4167 1741 4221 tibi
1765 4169 1941 4223 adhuc

357 4270 487 4310 suos
516 4266 677 4326 negat
718 4256 902 4325 pedes,
939 4255 1109 4322 insta,
1157 4270 1284 4322 ora,
1313 4263 1366 4309 et
1401 4257 1653 4326 gravidos
1689 4258 1942 4331 lacrymis

355 4349 544 4404 oculos
569 4349 774 4414 attolle,
826 4344 1039 4419 tuisque
1075 4348 1347 4418 suspiriis,
1381 4349 1942 4424 inenarrabilibusque

355 4440 646 4505 gemitibus
668 4448 932 4509 extorque
950 4441 1091 4510 quod
1117 4441 1274 4511 petis.
1293 4437 1526 4496 Luctare
1553 4456 1673 4496 cum
1701 4459 1787 4511 eo,
1805 4446 1946 4500 sicut

357 4527 526 4585 Jacob
556 4530 708 4596 (Gen.
747 4547 932 4595 χχχιι.
961 4534 1088 4602 24),
1141 4547 1198 4590 ut
1255 4539 1370 4608 ipse
1426 4553 1484 4594 se
1514 4538 1745 4608 gaudeat
1788 4554 1946 4610 supe-

364 4620 491 4673 rari.
527 4619 808 4676 Videbitur
841 4622 934 4677 tibi
974 4624 1267 4694 aliquando
1298 4629 1441 4696 quod
1459 4638 1686 4686 ,avertat
1732 4630 1938 4692 oculos,

359 4711 500 4779 quod
528 4724 689 4764 aures
718 4711 960 4777 claudat,
989 4716 1132 4782 quod
1155 4717 1495 4772 desideratos
1525 4719 1685 4788 pedes
1715 4720 1944 4774 abscon-

356 4803 467 4860 dat.
510 4799 589 4857 Tu
624 4801 975 4860 nihilominus
1001 4808 1139 4861 insta
1184 4819 1508 4878 opportune,
1537 4812 1829 4878 importune
1855 4811 1940 4880 (II

356 4896 490 4952 Tim.
521 4896 698 4965 n32),
727 4897 899 4956 clama
928 4916 941 4950 :
970 4895 1243 4968 Usquequo
1267 4900 1538 4965 clamabo,
1566 4912 1612 4954 et
1652 4918 1755 4955 non
1778 4918 1943 4956 exau-

354 4991 509 5046 dies?
540 4990 704 5062 (llub.
731 5007 784 5056 r,
823 4990 904 5061 2.)
937 4988 1114 5044 Redde
1140 4991 1266 5044 mihi
1292 5031 1306 5055 ,
1334 4989 1458 5046 Jesu
1503 4992 1659 5055 bone,
1703 4992 1940 5046 lcetitiam

351 5083 602 5138 salutaris
635 5085 712 5136 tui
739 5081 909 5153 (Psal.
942 5098 991 5149 L,
1023 5082 1148 5150 M);
1180 5083 1306 5152 quia
1337 5083 1430 5135 tibi
1454 5083 1588 5136 dixit
1615 5098 1704 5135 cor
1734 5099 1938 5150 meum,

325 5179 567 5246 ’συαυεὶιοὶ
611 5177 800 5245 [aciem
845 5187 1016 5239 tuam,
1053 5177 1240 5246 faciem
1286 5188 1431 5231 luant
1460 5181 1721 5248 requiram
1753 5178 1936 5247 (Psal.

353 5283 505 5330 xxvr,
537 5268 788 5336 8).Certe
819 5282 924 5323 non
957 5269 1176 5336 negabit
1209 5268 1373 5337 pedes
1401 5283 1529 5324 suos
1554 5269 1774 5340 virgini,
1803 5285 1938 5338 quos

353 5358 676 5413 osculandos
698 5357 925 5426 przcbuit
952 5358 1264 5425 peccatrici.

427 5451 534 5506 Sed
564 5461 619 5506 et
644 5451 862 5504 domum
891 5449 1034 5505 illam
1065 5464 1169 5504 non
1197 5449 1520 5520 praeteribis,
1544 5451 1632 5506 ubi
1662 5465 1756 5519 per
1785 5461 1936 5521 teguo

354 5540 436 5594 las
472 5543 805 5611 paralyticus
851 5552 980 5596 ante
1027 5541 1194 5610 pedes
1245 5540 1362 5610 ejus
1409 5543 1792 5607 submittitur,
1847 5544 1936 5598 ubi

355 5633 529 5699 pietas
556 5645 608 5685 et
654 5645 888 5700 potestas
917 5636 1272 5691 obviaverunt
1304 5633 1426 5689 sibi.
1463 5633 1590 5700 Fili,
1623 5636 1816 5704 inquit,
1852 5653 1930 5690 re.

2044 1797 2271 1851 avaritia
2310 1811 2418 1852 non
2465 1798 2829 1867 exasperavit,
2861 1799 3069 1853 levetur
3094 1807 3149 1854 et
3189 1814 3284 1853 cor
3311 1799 3430 1854 sine
3459 1800 3535 1853 ira
3576 1808 3630 1852 et

2042 1887 2472 1956 disceptatione,
2511 1889 2656 1956 quod
2705 1889 3075 1958 tranquillitas
3127 1890 3369 1957 sedavit,
3415 1898 3472 1944 et
3524 1907 3630 1960 pax

2042 1980 2350 2049 composuit
2422 1980 2633 2051 puritas
2658 1980 3006 2035 conscientia:
3034 1980 3183 2035 lavit.
3223 1979 3328 2035 Sed
3366 1981 3500 2034 nihil
3529 1981 3629 2034 ho-

2044 2086 2162 2124 rum
2193 2070 2526 2142 paralyticos
2555 2072 2658 2126 iste
2703 2071 2900 2141 legitur
2941 2072 3292 2141 praemisisse,
3323 2073 3414 2142 qui
3450 2083 3630 2127 tamen

2039 2161 2240 2233 legitur
2284 2164 2661 2219 remissionem
2692 2165 2931 2218 omnium
2960 2174 3308 2234 peccatorum
3342 2165 3629 2219 meruisse.

2045 2251 2172 2307 Haec
2200 2262 2282 2308 est
2311 2264 2492 2307 autem
2539 2251 2826 2308 inell'abilis
2865 2254 3248 2309 misericordia:
3275 2254 3392 2323 ejus
3423 2255 3628 2319 virtus,

2043 2342 2130 2398 cui
2165 2345 2306 2397 sicut
2340 2343 2713 2413 blasphemum
2745 2353 2832 2398 est
2877 2344 3166 2414 derogare.
3204 2346 3275 2399 ita
3307 2354 3363 2400 et
3395 2347 3497 2400 hoc
3525 2345 3630 2398 sibi

2044 2452 2395 2508 praisumere,
2422 2434 2828 2490 stultissimum.
2847 2436 3030 2490 Potest
3057 2437 3363 2506 cuicunque
3392 2435 3505 2490 vult
3532 2436 3633 2490 hoc

2047 2528 2221 2598 ipsum
2251 2525 2548 2582 efficaciter
2575 2525 2758 2580 dicere
2787 2525 2930 2596 quod
2980 2526 3118 2581 dixit
3167 2527 3462 2596 paralytico
3489 2544 3502 2580 :
3531 2525 3632 2579 Di-

2044 2617 2434 2671 ntittunturtibi
2453 2628 2664 2687 peccata
2691 2626 2784 2669 tua
2809 2614 3024 2686 (Matth.
3049 2632 3126 2680 rx,
3151 2616 3230 2684 5).
3265 2615 3371 2670 Sed
3403 2616 3636 2685 quicun-

2043 2721 2147 2776 que
2167 2707 2283 2762 sine
2311 2722 2410 2762 suo
2443 2706 2646 2772 labore,
2669 2705 2751 2761 vel
2775 2707 3120 2770 contritione,
3150 2706 3232 2760 vel
3263 2705 3637 2770 confessione,

2042 2796 2126 2852 vel
2175 2798 2337 2854 etiam
2375 2797 2642 2862 oratione,
2695 2796 2796 2852 sibi
2863 2797 2962 2851 hoc
3006 2797 3291 2852 dicendum
3320 2803 3636 2866 exspectat,

2043 2903 2318 2958 nunquam
2348 2889 2397 2944 ei
2428 2890 2775 2944 remittuntur
2799 2897 3038 2958 peccata.

2117 2978 2222 3034 Sed
2247 2979 2551 3033 exeundum
2583 2987 2670 3033 est
2701 2978 2849 3041 hinc,
2881 2989 2935 3032 et
2961 2979 3027 3032 ad
3073 2977 3388 3032 Bethaniam
3413 2977 3640 3032 venien-

2052 3071 2204 3135 dum,
2237 3071 2327 3125 ubi
2371 3070 2740 3126 sacratissima
2788 3069 2994 3124 foedera
3025 3069 3279 3124 amicitiae
3313 3069 3640 3124 auctoritate

2051 3163 2264 3217 Domini
2313 3171 2724 3218 consecrantur.
2779 3162 3038 3233 Diligebat
3097 3163 3239 3218 enim
3285 3161 3440 3214 .lesus
3483 3159 3638 3212 Mar-

2049 3255 2229 3318 tham,
2279 3254 2508 3308 Mariam
2550 3265 2597 3308 et
2643 3253 2907 3308 Lazarum
2939 3253 3120 3324 (Joan.
3150 3271 3229 3318 xr,
3265 3253 3342 3322 5).
3376 3253 3530 3320 Quod
3564 3251 3638 3304 ob

2049 3345 2282 3415 speciale
2313 3345 2564 3400 amicitiae
2605 3346 2968 3415 privilegium,
3019 3360 3126 3414 quo
3167 3344 3241 3398 illi
3292 3340 3639 3397 faruiliariori

2049 3438 2401 3492 adhaerebant
2447 3437 2642 3492 affectu
2689 3438 2891 3492 dictum
2926 3453 3085 3492 nemo
3116 3445 3199 3492 est
3251 3437 3339 3506 qui
3371 3434 3636 3500 ambigat.

2050 3529 2242 3584 Testes
2268 3537 2393 3582 sunt
2414 3527 2664 3599 lacrymre
2692 3527 2794 3582 illa:
2817 3527 3024 3591 dulces,
3057 3527 3254 3595 quibus
3277 3525 3640 3593 coliacryma-

2052 3629 2142 3676 tus
2166 3631 2248 3675 est
2288 3619 2710 3690 lacryuiantibus
2743 3633 2881 3687 quas
2924 3629 3067 3672 totus
3100 3618 3325 3688 populus
3357 3618 3631 3686 interpre-

2048 3714 2264 3768 tabatur
2292 3711 2493 3765 amoris
2523 3710 2802 3763 indicium.
2845 3708 3047 3774 Videte,
3080 3702 3350 3778 inquiens,
3373 3706 3640 3778 quomodo

2047 3808 2254 3861 amabat
2278 3821 2392 3859 eum
2426 3803 2607 3872 (Joan.
2638 3819 2712 3866 χι,
2740 3801 2851 3870 56).
2890 3801 2955 3856 Ει
2983 3817 3110 3856 ecce
3133 3802 3336 3870 faciunt
3366 3803 3414 3855 ei
3438 3818 3639 3856 canam

2045 3897 2141 3960 ibi,
2163 3906 2209 3950 et
2235 3894 2446 3948 Mart/ta
2477 3894 2842 3956 ministrabat;
2879 3892 3112 3947 Lazarus
3144 3903 3322 3946 autem
3358 3911 3492 3946 unus
3523 3901 3637 3946 erat

2045 4004 2109 4041 ea:
2163 3985 2624 4040 discumbentibus.
2669 3984 2842 4037 Maria
2880 3971 3114 4051 sumpsit
3173 3983 3496 4037 alabastrum
3538 3999 3640 4034 un-

2045 4079 2220 4148 guenti
2253 4075 2432 4146 (Joan.
2455 4089 2529 4128 xtl
2551 4115 2566 4141 ,
2593 4073 2648 4137 2,
2675 4075 2752 4143 5),
2783 4083 2890 4128 etc.
2921 4074 3126 4137 Gaude,
3158 4090 3363 4142 quaiso,
3398 4071 3523 4125 huic
3553 4072 3638 4124 in-

2049 4178 2251 4224 teresse
2278 4168 2545 4222 convivio.
2571 4167 2918 4236 Singulorum
2967 4167 3239 4236 distingue
3263 4165 3460 4220 ollicia.
3493 4164 3638 4218 Illar-

2048 4261 2136 4314 tha
2163 4259 2528 4320 ministrabat,
2553 4257 2936 4313 discumbebat
2967 4243 3227 4324 Lazarus,
3261 4257 3413 4328 ungit
3440 4255 3633 4309 Maria.

1976 4389 2022 4447 ο
2057 4354 2168 4407 lloc
2199 4351 2445 4406 ultimum
2485 4361 2630 4406 tuum
2661 4361 2772 4413 est;
2808 4349 2997 4420 frange
3027 4351 3097 4404 ibi
3135 4351 3468 4404 alabastrum
3511 4364 3638 4402 cor-

2051 4445 2164 4509 dis,
2193 4452 2249 4498 et
2289 4442 2548 4512 quidquid
2579 4441 2748 4497 habes
2772 4442 3094 4508 devotionis,
3119 4441 3378 4511 quidquid
3407 4438 3636 4504 amoris,

2050 4536 2310 4605 quidquid
2357 4534 2631 4598 desiderii,
2669 4534 2931 4602 quidquid
2961 4533 3291 4598 affectionis,
3343 4542 3513 4586 totum
3552 4532 3638 4584 ef-

2048 4628 2210 4682 funde
2238 4643 2401 4697 super
2437 4633 2598 4696 caput
2646 4624 2838 4694 Sponsi
2890 4627 2988 4692 tui,
3019 4627 3253 4680 adorans
3307 4625 3360 4678 in
3413 4623 3638 4678 lmmine

2050 4721 2238 4782 Deum,
2260 4727 2315 4772 et
2337 4718 2606 4773 hominem
2649 4717 2701 4771 in
2737 4718 2862 4771 Deo.
2892 4718 2948 4771 Si
2983 4718 3184 4782 fremit,
3217 4718 3260 4771 si
3301 4725 3630 4781 murmurat,

2047 4811 2093 4866 si
2144 4811 2350 4864 invidet
2386 4810 2649 4879 proditor,
2682 4809 2726 4862 si
2783 4810 3140 4878 perditionem
3174 4819 3330 4862 vocat
3379 4807 3630 4862 devotio-

2047 4916 2200 4966 nem,
2234 4915 2339 4954 non
2370 4901 2442 4955 sit
2472 4899 2566 4953 tibi
2603 4914 2767 4954 curae.
2804 4898 2868 4953 Ut
2911 4901 3060 4969 quid,
3094 4901 3190 4960 ait,
3224 4901 3454 4968 perditio
3477 4898 3638 4951 [ια’εέ

2043 5001 2243 5060 poterat
2269 4991 2366 5043 Itoc
2395 5000 2716 5060 unguentum
2743 4991 3032 5044 renuntiari
3062 4990 3225 5042 multo
3265 4988 3460 5059 (Marc.
3509 5002 3626 5053 xiv,

2021 5065 2098 5154 ’4)
2133 5127 2148 5149 ,
2187 5094 2292 5140 etc.
2330 5084 2637 5138 Phariszeus
2691 5095 2994 5138 murmurat
3041 5084 3290 5138 invidens
3318 5081 3624 5152 pter-itcnti,

2045 5186 2349 5231 murmurat
2397 5177 2563 5230 Judas
2611 5175 2860 5231 invidens
2908 5175 3156 5230 ellusioni
3202 5175 3483 5244 unguenti.
3516 5172 3628 5228 Sed

2041 5268 2214 5323 Judex
2260 5268 2660 5322 accusationem
2701 5284 2804 5322 non
2861 5268 3090 5338 recipit,
3156 5275 3467 5320 accusatam
3529 5264 3631 5318 ab-

2044 5361 2220 5417 ευιγίι.
2277 5359 2484 5423 Sinite,
2546 5360 2758 5428 inquit,
2805 5359 2992 5424 illam;
3057 5360 3248 5412 bonum
3298 5361 3434 5411 enim
3495 5373 3628 5427 opus

2043 5455 2216 5523 (ibid.,
2261 5454 2348 5522 6),
2385 5463 2488 5507 etc.
2545 5451 2778 5507 Laborct
2824 5451 3076 5516 Martha,
3125 5451 3424 5514 ministret,
3471 5458 3628 5523 paret

2039 5547 2330 5617 hospitium
2375 5547 2686 5614 peregrino,
2739 5545 2998 5601 esurienti
3028 5546 3237 5610 cibum,
3289 5545 3490 5601 sitienti
3522 5559 3623 5612 po-

2044 5649 2178 5700 tum,
2217 5647 2422 5693 vestem
2465 5637 2682 5708 algenti.
2721 5637 2831 5710 Ego
2861 5639 3006 5696 solus
3030 5639 3210 5694 Maria:
3246 5648 3301 5702 et
3346 5637 3434 5692 illa
3467 5633 3622 5690 mihi.
