3910 6018
321 293 425 351 789

1696 298 2224 357 MEDITATIONES.

3469 301 3572 357 790

321 409 518 466 Totum
546 419 766 480 praestat
815 415 959 482 quod
1001 414 1194 480 habet;
1225 430 1253 468 a
1293 429 1376 469 me
1423 414 1688 484 quidquid
1724 423 1898 485 optat,
1933 415 1976 472 Α
2003 413 2166 466 sudor
2193 410 2344 482 (Luc.
2373 426 2512 476 xxn,
2539 411 2660 480 44),
2691 409 2945 477 etc.Quid
2973 417 3085 465 stas
3113 423 3356 482 accurre,
3383 417 3435 466 et
3456 427 3580 468 sua-

320 513 617 574 exspcctet.
647 505 784 573 Quid
823 509 999 562 enim?
1043 509 1194 564 Tune
1224 509 1404 565 Marias
1439 511 1674 566 consulis
1695 553 1709 576 ,
1737 511 1899 566 relin-

319 595 534 662 quendo
574 599 738 664 pedes
784 615 921 668 quos
968 600 1196 655 dulciter
1246 602 1563 667 osculatur,
1608 601 1900 656 avertendo

317 685 504 740 oculos
531 689 600 742 ab
627 688 714 742 illa
762 691 1164 760 speciosissima
1205 691 1340 747 lacie
1370 709 1532 763 quam
1570 694 1900 762 contempla-

321 786 432 844 tur,
461 781 763 836 amovendo
798 783 1036 837 auditum
1067 784 1136 838 ab
1177 784 1293 854 ejus
1335 786 1486 838 suavi
1519 800 1766 839 sermone
1794 800 1900 854 quo

319 870 594 925 reﬁcitur?

391 961 496 1017 Sed
512 962 624 1030 jam
657 975 942 1036 surgentes
962 983 1150 1022 eamus
1171 969 1317 1024 hinc.
1343 969 1494 1036 Quo?
1523 969 1721 1040 inquis.
1742 968 1900 1026 Certe

318 1061 374 1107 ut
401 1055 722 1110 insidentem
757 1058 926 1112 asello
953 1060 1074 1114 cmli
1125 1069 1394 1130 terrasque
1423 1061 1708 1116 Dominum
1734 1061 1899 1116 comi-

317 1144 470 1208 teris,
503 1155 768 1217 tantaque
813 1148 927 1203 fieri
973 1166 1070 1220 pro
1099 1160 1150 1204 te
1174 1153 1584 1222 obstupescens,
1609 1169 1898 1223 parvorum

311 1232 561 1292 laudibus
593 1245 710 1293 tuas
738 1240 966 1305 inseras,
990 1241 1234 1296 clamans
1274 1254 1328 1299 et
1359 1246 1547 1300 dicens
1583 1264 1596 1298 :
1640 1246 1896 1301 Ilosanna

313 1325 424 1390 [ilio
453 1325 619 1381 David
651 1327 866 1398 (Matth.
893 1346 1004 1392 XXI,
1035 1333 1123 1400 9),
1152 1343 1260 1388 etc.

383 1417 500 1472 Jam
532 1435 676 1476 nunc
717 1425 950 1478 ascende
978 1439 1100 1478 cum
1127 1441 1192 1480 eo
1229 1425 1280 1479 in
1309 1427 1632 1480 ewnaeulum
1677 1429 1896 1497 grande,

311 1517 534 1560 stratum
567 1509 760 1577 (Marc.
787 1528 900 1578 xiv,
933 1513 1020 1583 15)
1041 1554 1055 1580 ,
1079 1523 1134 1568 et
1160 1513 1415 1570 salutaris
1439 1529 1609 1571 creua:
1636 1517 1898 1573 interesse

311 1595 522 1654 deliciis
545 1601 842 1669 gratulare.
871 1604 1068 1658 Vincat
1112 1607 1494 1661 verecundiam
1528 1623 1702 1674 amor,
1737 1609 1896 1663 timo-

311 1703 426 1742 rem
469 1693 724 1747 excludat
763 1693 1012 1762 alfectus,
1051 1705 1108 1750 ut
1147 1697 1340 1752 saltem
1385 1699 1452 1754 de
1503 1700 1662 1755 micis
1695 1715 1895 1756 mensa:

2003 501 2254 555 vissimas
2283 499 2402 554 illas
2431 507 2612 568 guttas
2657 499 2861 562 lambe,
2893 507 2944 554 et
2979 499 3252 567 pulverem
3279 500 3474 569 pedum
3507 501 3576 554 il-

2001 593 2104 644 lius
2147 590 2309 660 linge.
2356 588 2474 644 Noli
2518 590 2756 644 dormire
2807 604 2932 644 cum
2981 589 3175 651 Petro,
3207 604 3273 643 ne
3321 591 3581 646 merearis

2001 684 2190 737 atnlire
2230 701 2244 737 :
2279 681 2366 736 Sic
2407 699 2510 736 non
2541 683 2756 752 potestis
2788 698 2892 734 una
2941 681 3071 734 liora
3103 680 3316 749 vigilare
3345 682 3584 736 mecum?

2003 773 2214 846 (Matth.
2251 788 2376 828 xxv-‘1
2396 814 2410 839 ,
2441 772 2558 840 40.)
3437 823 3445 834 ,

2071 867 2232 937 232
2256 866 2360 920 Sed
2389 880 2516 921 ecce
2531 865 2644 934 jam
2673 865 3006 934 proditorem
3031 874 3359 934 prmeuntem
3393 864 3584 933 impio-

2001 974 2120 1012 rum
2149 961 2304 1013 turba
2349 957 2713 1028 prosequitur,
2750 965 2806 1010 et
2853 955 3096 1011 osculum
3143 955 3416 1026 praebente
3445 953 3582 1011 Juda

2001 1065 2192 1104 manus
2231 1048 2480 1118 iniicinnt
2528 1049 2580 1102 in
2632 1047 2838 1111 Jesnm,
2871 1047 3156 1100 Dominum
3197 1061 3350 1100 suum
3401 1053 3586 1102 tenent

2001 1141 2244 1210 ligatum,
2293 1149 2348 1194 et
2387 1141 2508 1194 illas
2562 1139 2744 1194 dulces
2786 1153 2980 1192 manus
3027 1137 3259 1194 vinculis
3283 1138 3582 1206 stringunt.

2001 1233 2132 1298 Quis
2163 1233 2337 1286 ferat?
2389 1231 2537 1296 Scio,
2565 1241 2796 1300 occupat
2841 1245 2984 1284 nunc
3033 1244 3128 1284 cor
3177 1238 3326 1284 tuum
3365 1230 3542 1298 pietas
3568 1269 3583 1292 ,

1999 1326 2183 1382 Omnia
2211 1326 2421 1380 viscera
2456 1333 2544 1378 tua
2577 1324 2729 1378 zelus
2758 1322 3078 1377 inﬂammat.
3114 1321 3274 1386 Sine,
3309 1335 3457 1391 rogo,
3489 1335 3586 1390 pa-

2001 1419 2184 1482 tiatur,
2217 1419 2310 1488 qui
2341 1431 2438 1486 pro
2469 1425 2522 1471 te
2549 1415 2774 1485 patitur.
2807 1414 2946 1481 Quid
2967 1423 3121 1484 optas
3143 1413 3420 1485 gladium?
3453 1411 3585 1482 quid

2001 1511 2290 1566 irasceris?
2310 1509 2439 1580 quid
2467 1507 2800 1578 indignaris?
2831 1506 2887 1561 Si
2922 1506 3096 1561 instar
3121 1505 3270 1560 Petri
3299 1503 3589 1571 cujuslibet

2001 1611 2180 1655 autem
2213 1599 2528 1663 abscideris,
2561 1598 2604 1654 si
2657 1596 2800 1651 ferro
2847 1593 3128 1650 brachium
3161 1592 3370 1656 tuleris,
3402 1591 3446 1646 si
3493 1605 3587 1660 pe-

2001 1697 2124 1749 dem
2155 1693 2491 1747 truncaveris
2511 1731 2526 1755 ,
2559 1689 2676 1760 ipse
2712 1687 2960 1743 restituet
2987 1685 3189 1742 omnia.
3221 1683 3322 1751 Qui
3353 1682 3515 1738 etiam
3541 1681 3584 1736 si

311 1779 456 1836 illius
478 1781 874 1854 eleemosynam
900 1760 1138 1856 praibeat
1162 1789 1513 1843 mendicanti.
1548 1790 1641 1846 Vel
1674 1806 1702 1844 a
1735 1791 1894 1861 longe
1928 1760 1973 1818 Β
2002 1798 2162 1853 quem
2216 1781 2506 1846 Occideris,
2542 1781 2748 1848 absque
2793 1777 2958 1832 dubio
3007 1773 3310 1832 SUSCilabil-
3347 1771 3588 1842 δείιιιετθ

311 1882 417 1936 sta,
455 1881 508 1926 et
533 1875 686 1942 quasi
711 1877 1222 1946 pauperatteudeus
1246 1877 1300 1932 in
1331 1879 1572 1946 divitem,
1603 1891 1660 1934 ut
1687 1881 1890 1950 aliquid

313 1966 550 2034 accipias
595 1969 827 2023 extende
873 1985 1114 2036 manum,
1159 1969 1356 2026 famem
1411 1971 1666 2043 lacrymis
1703 1973 1887 2042 prode.

308 2056 444 2112 Cum
477 2069 658 2114 autem
700 2077 926 2132 surgens
956 2079 986 2117 a
1017 2080 1172 2119 coena
1198 2065 1366 2120 linteo
1405 2080 1462 2121 se
1497 2068 1844 2135 praecinxerit
1867 2109 1882 2134 ,

306 2148 624 2220 miseritque
651 2167 844 2222 aquam
878 2155 928 2208 in
957 2155 1154 2224 pelvim
1181 2155 1359 2225 (Jama.
1381 2173 1499 2225 xm,
1527 2158 1578 2222 4,
1615 2157 1690 2228 5),
1716 2161 1890 2229 cogita

307 2253 430 2306 quae
460 2241 736 2311 majestas,
767 2259 886 2313 qua:
925 2253 1164 2314 potestas
1209 2248 1487 2301 hominum
1519 2250 1684 2319 pedes
1721 2251 1889 2305 abluit

307 2341 364 2383 et
389 2333 648 2403 extergit,
673 2350 794 2404 qua:
823 2336 1127 2406 benignitas
1158 2338 1450 2406 proditoris
1473 2341 1694 2411 vestigia
1722 2342 1894 2398 sacris

306 2421 560 2476 manibus
591 2425 785 2493 tangit.
829 2422 1048 2492 Specta,
1074 2435 1130 2480 et
1174 2437 1455 2497 ex5pecta,
1483 2437 1538 2483 et
1566 2429 1753 2484 ultimo
1777 2445 1894 2485 om-

305 2514 454 2567 nium
485 2523 604 2570 tuos
627 2516 674 2570 ei
698 2517 878 2584 praebe
910 2518 1074 2586 pedes
1104 2519 1416 2580 abluendos.
1439 2521 1562 2590 quia
1593 2537 1750 2591 quem
1779 2521 1894 2593 ipse

305 2620 412 2658 non
445 2605 656 2673 laverit,
687 2624 792 2662 non
845 2609 1066 2664 habebit
1108 2620 1314 2678 partem
1355 2627 1478 2667 cum
1511 2628 1575 2667 eo
1607 2613 1782 2684 (ibid.,
1812 2615 1888 2684 8).

305 2697 445 2763 Quid
496 2699 656 2754 modo
700 2699 926 2756 festinas
973 2702 1157 2757 exire?
1201 2703 1420 2760 Sustine
1451 2705 1750 2774 paululum.
1807 2709 1896 2762 Vi-

305 2789 476 2843 desne
501 2789 753 2860 quisnam
799 2792 890 2848 ille
919 2803 1004 2848 est
1027 2835 1042 2860 ,
1081 2809 1212 2863 rogo
1262 2805 1344 2862 te,
1393 2797 1484 2866 qui
1518 2811 1680 2866 super
1706 2807 1894 2866 pectus

302 2879 420 2946 (jus
453 2883 702 2936 recubuit
746 2883 921 2954 (ibid.,
965 2885 1092 2956 9.5),
1137 2897 1193 2941 et
1239 2887 1290 2940 in
1339 2887 1518 2941 sinum
1565 2887 1680 2956 ejus
1731 2898 1894 2960 caput

307 2973 568 3027 reclinat?
594 2974 770 3040 Felix,
797 2977 1109 3048 quicunque
1137 2987 1220 3034 est
1252 2979 1360 3034 ille.
1389 2979 1433 3034 Ο
1463 2989 1610 3035 certe
1629 2997 1755 3038 ecce
1779 2982 1892 3052 jam

305 3064 492 3118 video!
523 3063 760 3122 Joannes
785 3076 867 3122 est
897 3084 1097 3124 nomen
1122 3069 1260 3140 ejus.
1290 3069 1332 3126 Ο
1359 3068 1613 3137 Joannes,
1642 3074 1768 3143 quid
1795 3075 1888 3128 tibi
1917 3107 1959 3164 ε

303 3156 622 3225 dulcedinis,
669 3161 796 3228 quid
824 3161 1014 3231 gratiae
1065 3171 1119 3217 et
1158 3163 1465 3230 suavitatis,
1502 3164 1629 3234 quid
1671 3165 1889 3221 luminis

301 3257 356 3300 et
385 3247 684 3308 devotionis
711 3253 1000 3310 hauriebas
1027 3255 1094 3310 ab
1127 3254 1218 3308 illo
1255 3253 1440 3311 fonte?
1469 3255 1544 3310 lbi
1586 3265 1736 3312 certe
1767 3273 1886 3312 om-

306 3353 402 3391 nes
447 3339 684 3396 thesauri
718 3343 1000 3413 sapientiae
1043 3353 1099 3399 et
1149 3345 1390 3399 scientias
1421 3345 1724 3402 absconditi
1765 3355 1890 3403 sunt

303 3426 439 3496 (Col.
489 3445 547 3496 ιι,
591 3431 668 3494 5).
697 3433 774 3488 lbi
823 3435 942 3489 fons
990 3435 1400 3502 misericordiae,
1433 3435 1507 3491 ibi
1553 3436 1888 3493 domicilium

305 3519 541 3586 pietatis,
585 3521 655 3576 ibi
712 3521 865 3577 favus
912 3533 1129 3578 interna:
1174 3525 1480 3579 suavitatis.
1517 3524 1670 3580 Unde
1713 3527 1829 3592 tibi,
1856 3541 1889 3582 ο

302 3609 562 3677 Joannes,
600 3614 786 3667 omnia
819 3615 957 3684 ista?
1005 3613 1256 3684 Nunquid
1299 3625 1352 3670 tu
1398 3616 1678 3672 sublimior
1707 3617 1886 3684 Petro,

303 3699 518 3754 Audrea
572 3704 838 3771 sanctior,
889 3711 982 3758 aut
1018 3713 1165 3758 certe
1199 3705 1454 3759 omnibus
1485 3706 1740 3775 apostolis
1771 3721 1887 3776 gra-

293 3791 537 3846 tiosior?
569 3791 816 3864 Speeiale
863 3795 965 3850 hoc
997 3795 1328 3867 virginitatis
1359 3798 1721 3868 privilegium,
1761 3801 1889 3868 quia

309 3885 461 3954 virgo
497 3899 580 3954 es,
640 3885 843 3941 electus
892 3902 924 3942 a
975 3887 1224 3952 Domino,
1259 3899 1424 3959 atque
1471 3889 1616 3944 inter
1664 3901 1890 3947 caeteros

307 3974 478 4043 magis
497 3973 748 4030 dilectus.
776 3975 894 4030 1am
925 3993 1066 4032 nunc
1091 3978 1502 4049 exsulta,virgo,
1534 3983 1734 4036 accede
1761 3997 1888 4052 pro-

306 4066 454 4133 pius,
501 4073 553 4119 et
582 4065 818 4135 aliquam
847 4067 1006 4136 hujus
1049 4069 1350 4126 dulcedinis
1379 4071 1681 4142 portionem
1713 4073 1892 4128 vindi-

307 4169 434 4209 rare
481 4169 586 4208 non
637 4153 898 4221 differas,
951 4159 994 4211 si
1027 4160 1241 4228 potiora
1295 4175 1403 4215 non
1457 4171 1633 4232 potes,
1683 4163 1892 4218 dimitte

305 4243 497 4300 Joanui
525 4255 734 4315 pectus,
767 4247 856 4300 ubi
888 4263 946 4302 se
971 4264 1094 4303 cum
1125 4251 1250 4306 vino
1271 4251 1472 4306 laetitiae
1499 4253 1556 4307 in
1596 4253 1892 4309 divinitatis

307 4336 638 4405 cogitatione
691 4337 954 4404 inebriat;
1020 4349 1074 4393 tu
1133 4355 1360 4396 currens
1412 4343 1480 4396 ad
1537 4344 1893 4402 humanitatis

1993 1879 2174 1950 potius
2202 1893 2324 1932 eum
2353 1890 2523 1947 usque
2570 1875 2635 1928 ad
2666 1873 2866 1928 atrium
2923 1870 3188 1941 principis
3217 1869 3582 1934 sacerdotum,

1996 1978 2052 2024 et
2079 1968 2540 2038 speciosissimam
2568 1965 2762 2020 faciem
2795 1962 2912 2031 ejus
2940 1975 3102 2031 quam
3145 1960 3319 2029 sputis
3349 1958 3583 2026 illimmt,

1997 2069 2050 2114 tu
2083 2060 2340 2131 lacrymis
2373 2059 2517 2112 lava.
2565 2058 2782 2112 Intuere
2829 2067 2990 2124 quam
3033 2053 3137 2124 piis
3167 2051 3375 2116 oculis,
3421 2067 3581 2122 quam

1997 2151 2467 2216 misericorditer,
2520 2164 2682 2219 quam
2738 2145 3036 2202 ellicaciter
3095 2145 3254 2199 tertio
3301 2151 3585 2212 negantem

1999 2243 2302 2314 reSpexerit
2331 2242 2574 2306 Petrum,
2608 2239 2829 2310 quando
2877 2238 2968 2292 ille
2999 2251 3295 2292 conversus
3328 2245 3386 2290 et
3427 2235 3482 2290 in
3527 2250 3586 2290 se

1997 2349 2252 2388 reversus
2283 2331 2429 2387 ﬂevit
2455 2345 2660 2386 amare.
2713 2329 2956 2393 Utinam,
2985 2329 3124 2383 bone
3165 2325 3317 2391 Jesu,
3345 2335 3470 2381 tuus
3499 2341 3584 2380 me

1996 2425 2171 2479 dulcis
2199 2422 2390 2479 oculus
2429 2401 2705 2493 reSpiciat,
2759 2420 2850 2489 qui
2885 2430 2937 2474 te
2983 2417 3144 2472 toties
3171 2419 3238 2470 ad
3267 2430 3453 2470 vocem
3481 2430 3584 2469 an-

1995 2513 2130 2570 cillae
2176 2513 2442 2584 procacis,
2487 2511 2668 2568 carnis
2716 2509 2924 2565 scilicet
2987 2522 3142 2574 meae,
3179 2505 3426 2576 pessimi
3451 2518 3580 2574 ope-

1995 2606 2146 2660 ribus
2177 2603 2571 2672 aﬂ'ectibusque
2601 2602 2819 2672 negavi.
2863 2599 2968 2655 Sed
2993 2597 3106 2668 jam
3132 2639 3147 2663 ,
3189 2613 3350 2652 mane
3397 2595 3544 2652 facto
3565 2637 3580 2661 ,

2001 2697 2234 2752 traditur
2289 2693 2486 2760 Pilato’,
2543 2693 2620 2749 ibi
2668 2701 2979 2756 accusatur,
3009 2701 3064 2746 et
3113 2699 3276 2755 tacet,
3323 2689 3580 2758 quoniam

1997 2797 2246 2857 tanquam
2285 2786 2391 2840 ouis
2415 2785 2484 2839 ad
2521 2785 2834 2838 occisionem
2861 2783 3047 2836 ductus
3084 2789 3158 2836 est
3185 2781 3320 2850 (Isa.
3365 2795 3482 2846 Lm,
3509 2779 3540 2834 7
3568 2796 3582 2845 ;

1996 2881 2114 2932 Act.
2139 2894 2260 2944 Vill,
2288 2877 2402 2940 52).
2420 2876 2578 2942 Vide,
2611 2875 2831 2931 attende
2864 2873 3138 2944 quomodo
3159 2883 3270 2929 stat
3295 2883 3421 2929 ante
3445 2887 3584 2943 prae-

1996 2971 2170 3026 sidem
2196 2969 2482 3039 (inclinato
2512 2968 2715 3038 capite,
2749 2966 3002 3022 demissis
3050 2963 3243 3028 oculis,
3278 2963 3432 3018 vultu
3469 2961 3584 3032 pla-

1996 3061 2142 3126 cido,
2167 3075 2417 3116 sermone
2444 3074 2590 3124 raro,
2618 3066 2842 3129 paratus
2873 3057 2940 3111 ad
2965 3055 3276 3126 approbria,
3301 3065 3582 3126 promptus

1991 3153 2058 3208 ad
2089 3152 2335 3206 verbera.
2360 3150 2507 3216 Scio,
2537 3164 2642 3204 non
2669 3149 2872 3219 poteris
2899 3147 3126 3203 ulterius
3165 3147 3456 3211 sustinere,
3483 3161 3582 3200 nec

1992 3243 2368 3298 dulcissimum
2402 3243 2622 3298 dorsum
2654 3240 2770 3309 ejus
2797 3239 3024 3311 ﬂagellis
3053 3239 3236 3306 atteri,
3257 3255 3357 3296 nec
3385 3238 3580 3295 faciem

1991 3333 2164 3404 alapis
2190 3333 2344 3402 caedi,
2381 3349 2482 3389 nec
2514 3343 2763 3389 tenerum
2813 3332 2943 3388 illud
2996 3341 3158 3403 caput
3198 3332 3370 3403 spinis
3417 3347 3579 3389 coro-

1991 3428 2134 3492 nari,
2167 3443 2267 3482 nec
2302 3427 2604 3490 dexteram,
2641 3441 2761 3496 quae
2803 3425 3004 3481 cmlum
3057 3426 3196 3498 regit
3239 3435 3294 3480 et
3341 3435 3577 3490 terram,

1992 3521 2256 3576 arundine
2318 3519 2692 3588 dehonestari,
2727 3519 2836 3574 tuis
2872 3518 3046 3574 oculis
3076 3519 3323 3588 aspicere
3355 3520 3580 3588 poteris.

1992 3613 2134 3669 Ecce
2161 3613 2429 3679 educitur,
2463 3611 2771 3684 ﬂagellatur
2801 3619 3024 3682 portans
3055 3611 3297 3682 spineam
3325 3625 3580 3665 coronam

1991 3713 2046 3758 et
2089 3719 2420 3774 purpureum
2445 3705 2852 3768 vestimentum,
2886 3711 2942 3759 et
2986 3702 3192 3758 Pilatus
3221 3703 3348 3758 dicit
3384 3718 3398 3757 :
3448 3702 3583 3758 Ecce

1993 3795 2146 3848 homo
2174 3793 2358 3864 (Joan.
2394 3810 2507 3860 xxx,
2539 3795 2616 3864 5).
2663 3793 2804 3848 Vere
2851 3795 3014 3848 homo
3044 3801 3150 3859 est,
3180 3795 3303 3862 quis
3331 3793 3582 3848 dubitet?

1991 3885 2184 3940 Testes
2209 3892 2335 3938 sunt
2361 3883 2530 3954 plagae
2557 3885 2849 3959 virgarum,
2899 3881 3036 3936 livor
3065 3883 3350 3937 vulnerum
3369 3923 3384 3947 ,
3411 3882 3574 3937 foedi-

1993 3983 2076 4032 tas
2123 3983 2427 4046 sputornm.
2471 3973 2591 4029 Jam
2641 3987 2786 4028 nunc
2834 3987 3126 4042 cognosce,
3158 3971 3386 4038 Zabule,
3417 3974 3579 4028 homo

1994 4057 2094 4122 est.
2129 4067 2268 4122 Vere
2301 4066 2462 4120 homo
2503 4072 2588 4119 est
2627 4065 2754 4130 iste,
2783 4063 2986 4133 inquis.
3016 4063 3124 4119 Sed
3173 4065 3302 4133 quid
3333 4074 3418 4120 est
3453 4064 3577 4130 iste,

1995 4157 2195 4226 inquis.
2225 4155 2330 4210 Sed
2358 4155 2486 4224 quid
2516 4164 2620 4220 est,
2645 4155 2788 4226 quod
2817 4155 2868 4209 in
2903 4163 2982 4210 tot
3003 4154 3216 4225 injuriis
3254 4169 3358 4208 non
3387 4153 3577 4208 irasci-

1997 4257 2081 4303 tur
2109 4257 2168 4303 ut
2191 4249 2376 4314 homo,
2407 4263 2514 4303 non
2564 4258 2813 4304 movetur
2841 4257 2901 4304 ut
2930 4249 3112 4312 homo,
3149 4265 3256 4303 non
3301 4249 3416 4304 suis
3443 4245 3580 4302 indi-

1995 4349 2190 4413 gnatur
2244 4340 2542 4397 tortoribus
2592 4349 2652 4396 ut
2703 4341 2907 4396 homo?
2961 4341 3101 4412 Ergo
3141 4341 3260 4410 plus
3292 4353 3376 4395 est
3421 4355 3580 4410 quant

309 4429 474 4480 ubera
507 4425 589 4482 lac
617 4429 882 4499 exprime,
925 4443 1032 4498 quo
1063 4431 1342 4486 nutriaris.
1396 4432 1542 4486 Inter
1571 4435 1684 4488 haec
1709 4475 1722 4501 ,
1769 4450 1890 4489 cum
1923 4445 1970 4504 ι)
1997 4433 2178 4488 homo.
2209 4430 2318 4488 Sed
2347 4433 2470 4503 quis
2517 4433 2794 4502 cognoscit
2827 4432 3014 4486 illum?
3039 4431 3398 4500 Cognoscitur
3435 4441 3582 4486 certe

309 4520 656 4574 sanctissima
711 4521 800 4575 illa
863 4524 1113 4576 oratione
1167 4524 1462 4594 discipulos
1513 4527 1895 4581 commendans

309 4607 454 4662 Patri
486 4609 686 4664 dixerit
716 4625 730 4664 :
767 4608 948 4676 Pater,
979 4629 1125 4666 serva
1153 4629 1240 4668 eos
1269 4615 1322 4668 in
1367 4617 1572 4669 nomine
1598 4626 1686 4669 tuo
1711 4615 1890 4687 (Joau.

309 4715 450 4762 xvu,
481 4701 604 4772 ll),
637 4703 836 4757 inclina
859 4715 1022 4772 caput
1051 4714 1201 4780 tuum
1222 4746 1236 4770 ,
1271 4715 1330 4759 ut
1366 4719 1543 4760 nterea
1559 4708 1632 4761 ris
1657 4707 1846 4762 audire
1877 4727 1889 4761 :

324 4787 448 4843 Volo
470 4800 525 4845 ut
548 4793 635 4845 ubi
666 4809 757 4863 ego
771 4809 908 4860 simi,
931 4805 976 4848 et
1007 4795 1084 4849 illi
1109 4797 1210 4849 sint
1237 4813 1436 4850 mecum
1465 4797 1639 4866 (ibid.,
1666 4797 1779 4866 24).

389 4879 595 4936 Βοηυιιι
619 4892 703 4937 est
739 4884 834 4938 tibi
863 4884 950 4939 hic
971 4899 1122 4952 esse,
1149 4887 1244 4941 sed
1272 4887 1575 4942 exeundum
1602 4895 1704 4942 est.
1745 4885 1894 4942 Prte-

313 4973 470 5028 cedet
499 4975 612 5046 ipse
640 4977 706 5032 ad
753 4987 992 5036 montem
1025 4978 1220 5034 Oliveti
1242 5020 1257 5042 ,
1291 4989 1346 5034 tu
1379 4993 1500 5034 eum
1534 4995 1783 5049 sequere.
1829 4979 1897 5034 Et

311 5066 442 5123 licet
485 5079 760 5140 assumpto
815 5070 979 5127 Petro
1031 5083 1088 5128 et
1134 5075 1344 5128 duobus
1393 5073 1518 5129 filiis
1553 5073 1794 5128 Zebedaei
1826 5073 1893 5140 ad

313 5168 522 5214 secreta
551 5161 868 5227 secesserit,
901 5162 984 5218 vel
1030 5177 1059 5216 a
1101 5163 1258 5233 longe
1303 5163 1513 5219 intuere
1541 5161 1812 5232 quomodo
1837 5161 1890 5215 in

311 5265 372 5308 se
399 5261 638 5307 nostram
669 5253 1006 5310 transtulerit
1033 5253 1430 5311 necessitatem.
1462 5254 1594 5310 Vide
1623 5251 1894 5326 quomodo

313 5340 404 5396 ille
458 5341 611 5411 cujus
641 5352 784 5397 .sunt
821 5345 1042 5409 omnia,
1103 5359 1300 5415 pavere
1359 5346 1524 5415 erepit
1561 5355 1616 5400 et
1673 5347 1890 5400 tmdere.

316 5430 502 5487 Tristis
526 5443 618 5498 est,
637 5434 905 5504 inquiens,
928 5436 1104 5489 anima
1129 5451 1239 5490 mea
1265 5435 1476 5506 (Matth.
1493 5451 1644 5502 xxvt,
1656 5436 1770 5508 38),
1783 5447 1888 5491 etc.

317 5523 474 5580 Unde
495 5527 622 5593 hoc,
645 5525 786 5582 Deus
806 5528 992 5584 meus?
1020 5527 1096 5582 Ita
1121 5527 1445 5598 compateris
1474 5528 1608 5582 mihi
1631 5529 1894 5590 exhibens

315 5617 614 5684 hominem,
657 5628 717 5674 ut
765 5619 1166 5688 quodammodo
1201 5618 1436 5676 videaris
1487 5619 1698 5674 nescire
1753 5621 1894 5688 quod

320 5705 469 5764 Deus
497 5723 574 5764 es.
607 5707 920 5764 Prostratus
960 5711 1012 5765 in
1054 5709 1246 5765 faciem
1297 5725 1420 5765 oras
1447 5749 1460 5774 ,
1499 5719 1545 5762 et
1605 5707 1776 5776 factus
1821 5717 1892 5764 est

1999 4525 2160 4579 homo
2197 4523 2484 4594 impiorum
2541 4533 2701 4577 terrae
2750 4521 2956 4592 judicia
2998 4522 3295 4586 sustinens,
3345 4521 3436 4576 sed
3494 4536 3581 4576 co-

1998 4624 2288 4684 gnoscetur
2313 4613 2454 4669 Deus
2483 4613 2684 4684 judicia
2710 4613 2938 4668 faciens.
2964 4611 3106 4668 Sero
3131 4611 3582 4672 animadvertisu,

1997 4705 2216 4760 Zabule.
2259 4704 2396 4772 Quid
2430 4705 2524 4760 tibi
2559 4720 2656 4776 per
2683 4705 2964 4760 mulierem
2999 4720 3164 4774 agere
3193 4705 3365 4760 visum
3397 4713 3498 4768 est,
3525 4713 3582 4762 nl

1997 4795 2344 4850 dimittatur?
2383 4795 2560 4851 Tarde
2607 4796 2818 4851 locutus
2868 4810 2948 4851 es.
2984 4795 3148 4851 Sedet
3197 4811 3293 4865 pro
3330 4794 3580 4850 tribunali

1991 4885 2177 4954 judex,
2210 4885 2420 4956 prolata
2470 4895 2554 4941 est
2582 4885 2874 4941 sententia.
2904 4885 3022 4940 Jam
3052 4885 3326 4956 propriam
3360 4892 3581 4953 portans

1997 4989 2214 5030 crucem
2245 4975 2462 5030 ducitur
2487 4977 2554 5030 ad
2587 4986 2839 5032 mortem.
2887 4976 2932 5032 0
2961 4975 3365 5047 spectaculum!
3394 4972 3579 5027 Vides-

1995 5067 2102 5120 ne?
2136 5065 2272 5120 Ecce
2309 5067 2632 5136 principatus
2679 5069 2792 5139 ejus
2821 5083 2979 5138 super
3003 5069 3275 5120 humerum
3297 5065 3412 5134 ejus
3443 5061 3576 5133 (Isa.

1999 5172 2074 5220 Ix,
2108 5156 2182 5228 6).
2233 5157 2358 5212 Hcce
2391 5166 2475 5213 est
2521 5158 2676 5229 virga
2732 5158 3025 5228 mquitatis,
3078 5157 3232 5225 virga
3279 5153 3428 5222 regni
3471 5151 3578 5208 sui.

1995 5250 2168 5305 Datur
2195 5251 2244 5304 ei
2275 5251 2458 5304 vinum
2491 5249 2616 5306 felle
2639 5249 3112 5317 mistum,exuitur
3137 5244 3496 5310 vestimentis,
3521 5253 3582 5302 et

1997 5341 2140 5395 inter
2169 5339 2368 5395 milites
2399 5340 2736 5394 dividuntur.
2783 5337 2986 5395 Tunica
3025 5353 3131 5394 non
3173 5336 3456 5400 scinditur,
3483 5335 3580 5392 sed

1996 5439 2143 5487 sorte
2173 5432 2368 5485 transit
2405 5431 2469 5484 ad
2499 5447 2688 5486 unum.
2735 5429 2930 5484 Dulces
2963 5443 3156 5484 manus
3181 5427 3297 5497 ejus
3322 5437 3378 5482 et
3413 5427 3578 5499 pedes

1997 5523 2168 5578 clavis
2197 5521 2564 5592 perferantur,
2604 5532 2660 5578 et
2691 5531 2952 5578 extensus
2975 5523 3030 5576 in
3054 5537 3216 5578 cruce
3255 5523 3396 5576 inter
3417 5521 3580 5576 latro-
3609 5561 3622 5582 .

1997 5629 2096 5671 nes
2135 5615 2500 5686 suspenditur.
2533 5613 2802 5669 Mediator
2852 5613 2944 5668 Dei
2987 5622 3042 5668 et
3089 5615 3387 5678 hominum,
3439 5613 3576 5668 inter

1999 5707 2198 5766 emtum
2223 5718 2276 5766 et
2303 5719 2502 5763 terram
2535 5703 2744 5761 medius
2783 5705 3043 5776 pendens,
3068 5705 3170 5760 ima
3201 5705 3410 5775 superis
3439 5704 3574 5766 unit,
