3884 6052
359 295 457 358 ⁸191.

588 253 595 260 .
681 295 742 351 S.
781 292 1080 352 ANSELMI
1120 297 1470 356 CANTUAR.
1510 297 1827 354 ARClllEP.
1860 297 1959 352 ΟΡ]

2062 295 2234 352 PARS
2274 295 2336 350 ll.
2381 327 2448 336 —
2485 293 2854 350 ΡΑῐὶίΕΝΕΤ.
2899 295 2984 350 ΕΤ
3011 295 3256 351 ‘ASCET.

3531 263 3656 356 79-2.

357 409 671 465 cmlestibus
707 418 918 463 terrena
947 409 1243 478 conjungit.
1291 412 1486 482 Stupet
1531 413 1752 474 coelum,
1798 422 1938 466 terra
1971 421 2012 476 Α
2045 413 2235 481 spiritu
2267 425 2490 467 cernere
2523 413 2784 468 merearis
2808 427 2947 466 nunc
2978 427 3140 481 super
3162 413 3391 483 lapidem
3420 417 3633 472 revolu-

362 503 657 558 miseratur
682 501 771 553 ⁷⁸³.
821 499 956 566 Quid
991 500 1092 554 tu?
1131 501 1244 556 Non
1279 504 1474 557 mirum
1521 505 1604 568 si,
1649 504 1763 559 sole
1811 520 1943 558 con-

363 594 600 656 tristato,
635 601 688 646 tu
719 592 1098 656 contristaris;
1136 593 1180 646 si
1213 604 1354 648 terra
1380 596 1857 659 contretuiscente,
1891 605 1944 647 tu

362 683 736 738 contrerniscis
772 701 784 735 :
829 683 872 737 si
908 685 1094 740 scissis
1127 686 1293 750 saxis,
1323 702 1420 741 cor
1449 695 1598 741 tuum
1640 688 1943 752 scinditur;

361 775 406 826 si
456 772 706 827 flentibus
751 775 905 843 juxta
962 791 1179 830 crucem
1228 776 1564 841 mulieribus,
1623 786 1676 830 tu
1731 777 1948 831 concla-

363 865 548 920 maris.
608 865 734 921 lnde
785 867 837 921 in
898 869 1150 922 erunibus
1201 869 1604 936 iisjconsidera
1655 869 1784 923 illud
1833 869 1948 922 dul-

361 956 641 1010 cissimum
683 968 871 1026 pectus
919 974 1080 1028 quam
1137 960 1580 1029 tranquillitatem
1651 959 1950 1014 servaverit

363 1048 599 1117 pietatis.
646 1048 759 1103 Non
792 1065 942 1104 suam
979 1052 1211 1106 attendit
1245 1052 1501 1121 injuriam
1531 1092 1544 1116 ,
1594 1065 1698 1104 non
1735 1065 1948 1120 poenam

367 1149 599 1209 reputat,
650 1157 754 1196 non
793 1143 960 1196 sentit
994 1142 1375 1196 contumelias.
1413 1143 1516 1196 Sed
1552 1142 1682 1211 ipsis
1713 1141 1890 1209 potius
1919 1155 1948 1192 a

365 1231 560 1297 quibus
592 1233 816 1300 patitur,
845 1233 931 1286 ille
953 1233 1312 1302 compatitur;
1345 1248 1376 1288 a
1401 1233 1595 1302 quibus
1619 1231 1949 1295 vulneratur,

367 1324 454 1378 ille
481 1326 753 1390 medetur;
786 1325 874 1380 ille
904 1326 1066 1380 vitam
1097 1334 1418 1395 procurat,a
1450 1325 1644 1394 quibus
1665 1323 1950 1378 occiditur.

367 1415 499 1468 Cum
541 1431 643 1484 qua
678 1415 873 1468 mentis
921 1415 1226 1478 dulcedine,
1258 1428 1378 1469 cum
1427 1428 1535 1483 qua
1583 1412 1812 1481 spiritus
1862 1410 1954 1466 de-

369 1508 745 1572 votione,cum
773 1521 878 1576 qua
907 1507 1196 1561 charitatis
1215 1506 1550 1576 plenitudine
1564 1505 1764 1559 clamat
1792 1519 1806 1558 :
1842 1503 1954 1556 Pa-

371 1611 466 1663 ter,
497 1601 705 1667 ignosce
731 1597 876 1650 illis?
901 1595 1052 1665 (Luc.
1079 1582 1372 1665 sxnt,54.)
1401 1597 1540 1652 Ecce
1561 1611 1682 1667 ego,
1706 1595 1953 1660 Domine,

371 1697 475 1739 tute
529 1685 825 1755 majestatis
878 1687 1164 1751 adorator,
1226 1702 1328 1740 non
1382 1688 1455 1740 tui
1496 1687 1738 1756 corporis
1789 1686 1954 1740 inter-

2049 510 2156 555 tutu
2181 503 2249 556 ab
2274 504 2417 558 ostio
2437 505 2772 558 monumenti
2807 503 3056 574 angelum
3088 505 3628 578 residentemUlarc.

2048 608 2161 655 xvt,
2194 593 2339 662 5—5);
2372 609 2516 648 nunc
2556 594 2696 648 intra
2728 603 3131 648 monumentum
3163 610 3326 649 unum
3356 597 3422 650 ad
3448 607 3630 668 caput,

2054 700 2222 738 unum
2255 687 2321 740 ad
2346 681 2521 756 ’pedcs
2553 686 2971 742 resurrectionis
3006 687 3232 756 gloriam
3273 689 3636 757 prmdicantes

2049 771 2234 842 (Joan.
2255 791 2344 840 sx,
2378 775 2488 845 l2);
2512 792 2657 831 nunc
2676 777 2846 845 ipsum
2879 777 3153 832 Christum
3175 777 3394 832 Mariam
3419 779 3634 834 flentem

2048 880 2101 924 et
2145 869 2350 922 tristem
2406 881 2512 924 tatu
2549 871 2690 923 dulci
2734 872 3060 925 reficientem
3105 872 3282 934 oculo,
3337 882 3442 926 tam
3482 875 3634 927 suavi

2048 976 2180 1018 voce
2210 963 2474 1018 dicentem
2520 981 2532 1015 :
2593 962 2767 1016 Maria
2807 963 3129 1034 (ibid.,16).
3175 963 3517 1033 Rumpuntnr
3569 968 3638 1020 ad

2051 1057 2192 1111 hanc
2235 1072 2421 1112 vocem
2453 1072 2643 1111 omnes
2673 1058 2866 1126 capitis
2910 1068 3219 1126 cataractae,
3252 1059 3318 1113 ab
3364 1059 3494 1128 ipsis
3524 1076 3639 1114 me-

2049 1149 2209 1204 dullis
2238 1149 2530 1204 eliciuntur
2571 1149 2848 1219 Iacrymze,
2881 1150 3148 1220 singultus
3189 1159 3243 1204 et
3289 1153 3523 1220 suspiria
3570 1154 3640 1207 ab

2053 1240 2175 1294 imis
2222 1241 2509 1294 trahuntur
2557 1241 2879 1296 visceribus.
2927 1241 3126 1296 Maria.
3162 1243 3206 1298 O
3254 1243 3408 1299 beata
3439 1285 3452 1309 ,
3507 1247 3630 1315 (μήτ

2056 1330 2150 1384 tibi
2183 1331 2380 1385 mentis
2408 1331 2527 1397 fuit,
2555 1331 2683 1400 qttid
2715 1332 2906 1395 animi,
2935 1349 3058 1387 cum
3100 1335 3167 1388 ad
3197 1336 3335 1390 hanc
3360 1351 3546 1390 vocem
3587 1346 3643 1390 te.

2053 1431 2423 1492 prosternens,
2457 1432 2511 1476 et
2551 1422 2782 1477 reddens
2809 1423 2982 1477 vicem
3032 1424 3311 1490 salutanti,
3349 1425 3637 1491 clamarrs,

2056 1511 2329 1565 Rabboni?
2359 1511 2534 1583 (ibid)
2579 1511 2717 1579 Quo,
2763 1529 2914 1584 rogo,
2952 1514 3169 1578 affectu,
3213 1531 3319 1584 quo
3347 1518 3634 1582 desiderio,

2055 1605 2360 1673 mentisque
2383 1606 2576 1658 ardore
2595 1604 2862 1670 clamasti,
2897 1604 3134 1659 Rabboni
3149 1608 3172 1659 ?
3193 1605 3345 1661 Nunc
3374 1608 3524 1676 plura
3555 1609 3640 1662 di-

2058 1710 2182 1752 cere
2221 1695 2475 1765 lacryma:
2524 1695 2854 1765 prohibent,
2897 1711 3019 1750 cum
3053 1711 3240 1751 vocem
3287 1697 3526 1752 excludit
3562 1697 3644 1752 af-

372 1777 574 1844 fector;
619 1787 722 1832 tuae
758 1779 949 1833 mortis
1007 1789 1322 1844 venerator,
1371 1795 1479 1834 non
1533 1789 1632 1833 tua:
1687 1778 1953 1848 passionis

2062 1787 2249 1852 fectus,
2276 1801 2574 1861 omnesque
2608 1787 2805 1841 animae
2846 1788 3199 1857 corporisque
3226 1803 3416 1843 sensus
3442 1790 3644 1844 nimius

371 1869 612 1936 derisor;
657 1877 760 1924 tute
803 1871 1189 1926 misericordia:
1218 1871 1631 1939 contemplator,
1667 1888 1772 1927 non
1803 1870 1953 1924 infir-

373 1962 580 2017 mitatis
611 1972 969 2032 contemptor.
1016 1963 1326 2033 lnterpellet
1368 1964 1548 2033 itaque
1594 1978 1692 2032 pro
1741 1979 1827 2018 me
1865 1973 1952 2017 tua

375 2053 550 2108 dulcis
577 2053 907 2119 humanitas,
933 2057 1273 2110 commendet
1298 2070 1382 2110 me
1407 2055 1554 2109 Patri
1591 2065 1679 2108 tuo
1703 2065 1788 2108 tua
1817 2054 1953 2108 inef-

374 2143 552 2199 fabilis
592 2145 786 2214 pietas.
841 2146 935 2201 Dic
981 2146 1166 2217 igitur,
1209 2146 1382 2201 dulcis
1433 2147 1656 2201 Domine
1711 2165 1721 2199 :
1773 2145 1952 2210 Pater,

371 2237 578 2304 ignosce
600 2235 699 2289 illi.

444 2325 517 2380 At
545 2334 622 2390 tu,
655 2327 830 2398 virgo,
859 2329 946 2383 cui
986 2327 1162 2397 major
1192 2339 1275 2385 est
1321 2332 1464 2401 apud
1504 2331 1737 2402 Virginis
1762 2331 1954 2386 Filium

375 2416 699 2471 confidentia
730 2434 895 2488 quam
927 2420 1246 2476 mulieribus
1279 2403 1411 2491 ‘quze
1440 2421 1595 2492 longe
1637 2431 1800 2489 stant,
1833 2436 1955 2477 cum

377 2515 548 2562 matre
564 2505 782 2580 Virgine
806 2520 860 2564 et
890 2511 1152 2580 discipulo
1173 2513 1381 2582 virgine
1409 2515 1606 2568 accede
1628 2513 1692 2566 ad
1716 2529 1956 2577 crucem,

379 2605 432 2651 et
458 2598 734 2668 perfusum
770 2601 974 2670 pallore
1012 2602 1217 2656 vultum
1265 2604 1516 2657 cominus
1559 2605 1787 2658 intuere.
1821 2603 1958 2669 Quid

380 2691 544 2760 ergo?
572 2691 649 2744 Tu
677 2692 793 2746 sine
823 2691 1099 2762 lacrymis,
1135 2695 1530 2759 amantissima,
1574 2694 1814 2750 Dominae
1858 2705 1960 2750 tua:

379 2781 650 2853 lacnymas
676 2783 920 2839 videbis?
947 2785 1026 2840 Tu
1073 2785 1234 2842 siccis
1265 2803 1452 2843 manes
1502 2788 1674 2842 oculis
1698 2827 1714 2853 ,
1765 2799 1820 2844 et
1846 2788 1962 2857 ejus

377 2872 616 2928 animam
648 2876 940 2943 pertransit
970 2876 1181 2947 gladius
1208 2878 1444 2934 doloris?
1475 2879 1624 2950 (Luc.
1654 2897 1713 2946 ιι,
1740 2881 1852 2950 55.)
1881 2881 1961 2935 Tu

380 2964 500 3019 sine
532 2965 766 3036 singultu
813 2968 1000 3024 audies
1047 2967 1314 3025 dicentem
1345 2970 1501 3026 Matri
1533 2987 1548 3025 :
1581 2970 1776 3026 Mulier
1802 3013 1818 3040 ,
1848 2989 1963 3028 ecce

380 3054 524 3123 ﬁlius
551 3065 706 3121 tuus;
732 3064 788 3112 et
827 3055 1020 3113 Joanni
1047 3076 1059 3112 :
1089 3056 1222 3114 Ecce
1263 3069 1432 3114 mater
1457 3062 1588 3115 tua?
1620 3061 1809 3133 (Joan.
1847 3078 1961 3127 ιιι,

381 3146 473 3212 26,
510 3146 622 3218 27.)
648 3137 912 3204 Similiter
955 3167 1078 3205 cum
1100 3152 1379 3222 discipulo
1402 3152 1628 3207 Matrem
1655 3155 1962 3209 committe-

384 3249 496 3304 ret,
525 3239 723 3296 latroni
752 3240 1059 3313 paradisum
1105 3245 1482 3314 promitteret,
1538 3255 1664 3301 tunc
1715 3262 1855 3302 unus
1896 3259 1963 3301 ex

383 3329 642 3386 militibus
691 3330 874 3389 lancea
913 3333 1061 3403 latus
1111 3334 1228 3404 ejus
1283 3335 1578 3406 perforavit
1625 3336 1798 3403 (ibid.,
1849 3336 1962 3406 54).

385 3419 624 3485 Festina,
658 3437 726 3477 ne
779 3425 1100 3489 tardaveris,
1134 3427 1357 3482 comede
1407 3427 1587 3481 favum
1637 3410 1790 3482 tuum
1841 3441 1963 3482 cum

387 3515 546 3568 melle
581 3523 672 3569 tuo
719 3516 895 3586 (Cant.
919 3531 972 3582 v,
1008 3517 1078 3586 l).
1107 3517 1235 3572 Bibe
1265 3519 1449 3573 vinum
1484 3528 1632 3574 tuum
1664 3535 1784 3575 cum
1826 3520 1966 3576 laete

393 3613 482 3659 tuo
514 3606 710 3676 (ibid).
750 3607 984 3678 Sanguis
1024 3609 1119 3663 tibi
1169 3611 1221 3663 iu
1274 3611 1454 3665 vinum
1500 3613 1859 3679 convertitur,
1907 3621 1966 3668 ut

390 3695 694 3752 inebrieris.
725 3698 781 3752 ln
826 3699 908 3754 lae
937 3715 1074 3770 aqua
1107 3711 1369 3767 mutatur,
1398 3713 1455 3757 ut
1483 3704 1765 3760 nutriaris.
1802 3704 1965 3760 Facta

387 3796 514 3841 sunt
537 3789 630 3843 tibi
659 3789 711 3844 in
743 3799 894 3860 petra
926 3791 1169 3859 flumlna,
1202 3793 1255 3848 iu
1293 3794 1550 3849 membris
1581 3795 1696 3864 ejus
1720 3796 1962 3864 vulnera,

387 3887 442 3934 et
469 3880 521 3934 in
545 3883 790 3952 corporis
812 3884 928 3954 ejus
955 3887 1472 3951 maceria,caverna.
1493 3887 1550 3942 In
1572 3889 1768 3958 quibus
1797 3890 1968 3944 instar

388 3971 650 4028 columba:
676 3973 893 4030 latitans
921 3985 976 4030 et
1003 3976 1321 4032 deosculans
1350 3978 1582 4048 singula,
1610 3995 1675 4032 es
1709 3982 1968 4051 sanguine

388 4063 504 4132 ejus
534 4063 666 4118 ﬁant
709 4065 842 4118 sicut
893 4067 1013 4119 uitta
1038 4067 1249 4120 coccina
1288 4067 1429 4120 labia
1479 4079 1592 4132 tua,
1631 4078 1678 4122 et
1707 4069 1966 4140 eloquium

388 4163 536 4204 tuum
581 4152 731 4205 dulce
758 4152 934 4223 (Cant.
960 4170 1032 4218 tv,
1055 4155 1134 4224 5).

461 4243 569 4298 Sed
609 4244 787 4298 adhuc
816 4254 1071 4314 exspecta
1098 4288 1113 4310 ,
1162 4247 1336 4302 donec
1372 4249 1566 4305 nobilis
1614 4250 1701 4306 ille
1748 4252 1967 4306 decurio

391 4337 612 4391 veniens
653 4337 910 4392 extractis
941 4337 1110 4394 clavis
1139 4353 1330 4393 manus
1369 4341 1639 4410 pedesque
1685 4343 1961 4396 dissolvat.

2055 1890 2207 1930 amor
2228 1876 2534 1931 absorbeat.
2569 1875 2744 1939 Sed,o
2768 1877 2941 1931 dulcis
2973 1876 3124 1941 Jesu,
3152 1893 3250 1932 cur
3271 1893 3299 1932 a
3325 1881 3556 1933 sacratis
3579 1894 3645 1933 ac

2057 1965 2533 2020 desideratissimis
2580 1965 2807 2034 pedibus
2855 1967 2960 2020 tuis
3005 1967 3085 2021 sic
3128 1983 3283 2021 arces
3321 1980 3592 2022 atltanletn
3621 1969 3646 2021 *ἒ

2060 2055 2212 2120 Noli,
2257 2056 2438 2124 inquis
2465 2096 2478 2121 ,
2511 2073 2593 2110 me
2631 2069 2842 2127 tangere
2889 2059 3064 2127 (ibid.,
3097 2059 3204 2129 l7).
3256 2058 3324 2113 Ut
3357 2061 3508 2128 quid,
3544 2061 3646 2113 Du-

2058 2147 2239 2202 mine?
2262 2129 2440 2213 Quare
2463 2163 2568 2202 non
2603 2161 2816 2218 tangam
2849 2149 2939 2204 illa
2965 2151 3267 2205 desiderata
3308 2153 3530 2222 vestigia
3557 2161 3645 2206 tua

2058 2254 2154 2308 pro
2186 2255 2271 2295 me
2302 2239 2575 2310 perforata
2609 2241 2798 2305 clavis,
2838 2241 3054 2311 perfusa
3081 2244 3366 2313 sanguine,
3399 2260 3504 2298 non
3531 2253 3648 2298 tan-

2058 2346 2200 2402 gam,
2231 2346 2330 2386 nec
2365 2331 2753 2386 deosculabor?
2790 2333 2871 2385 An
2899 2333 3236 2394 ,iuimicitior
3283 2335 3460 2396 solito,
3497 2337 3626 2405 quia

2059 2420 2380 2490 gloriosior?
2410 2420 2547 2475 Ecce
2577 2435 2680 2474 non
2706 2421 2972 2475 dimittam
3006 2431 3076 2486 te,
3103 2437 3202 2477 nec
3239 2419 3486 2478 recedam
3516 2441 3545 2478 a
3574 2435 3644 2486 te.

2061 2526 2165 2564 non
2202 2525 2424 2580 parcam
2477 2510 2750 2582 lacrymis,
2781 2521 2971 2579 pectus
3004 2513 3329 2583 singultibus
3376 2516 3648 2584 suspiriis—

2061 2615 2166 2670 que
2221 2610 2520 2669 rumpetur,
2554 2601 2654 2655 nisi
2698 2610 2936 2670 tangam.
2973 2601 3040 2656 Et
3095 2602 3185 2656 ille
3239 2603 3461 2672 inquit:
3520 2601 3647 2656 Noli

2061 2695 2262 2747 timere.
2291 2692 2405 2746 Non
2437 2692 2711 2747 auferetur
2747 2693 2839 2747 tibi
2885 2695 2985 2747 hoc
3019 2694 3243 2758 bonum,
3291 2695 3334 2748 si
3367 2694 3645 2761 differtur;

2064 2785 2196 2838 vade
2247 2793 2448 2849 tamen,
2478 2793 2536 2838 et
2566 2783 2754 2836 nuntia
2785 2783 3046 2838 fratribus
3092 2785 3226 2838 meis
3255 2785 3380 2854 quia
3430 2787 3644 2840 surrexi

2065 2875 2260 2946 (ibid).
2305 2873 2560 2928 Cucurrit
2585 2873 2720 2938 cito,
2745 2875 2856 2927 cito
2883 2873 3069 2929 volens
3101 2874 3300 2929 redire.
3334 2876 3523 2942 Redit;
3555 2877 3650 2931 sed

2064 2983 2187 3022 cum
2219 2965 2339 3021 aliis
2369 2966 2710 3029 mulieribus,
2757 2966 2957 3035 quibus
2994 2967 3110 3035 ipse
3147 2966 3306 3022 Jesus
3356 2983 3650 3023 occurrens

2067 3057 2259 3112 blanda
2289 3055 2882 3125 salutationedejectas
2905 3057 3088 3127 erigit,
3127 3059 3307 3112 tristes
3337 3059 3652 3114 consolatur

2067 3149 2280 3221 (Matth.
2313 3165 2503 3213 xxvm,
2527 3148 2605 3220 9).
2625 3149 2889 3203 Advorte:
2911 3157 3039 3205 tunc
3063 3160 3145 3205 est
3165 3150 3348 3204 datum
3375 3154 3520 3222 quod
3550 3152 3651 3207 fuit

2065 3249 2191 3295 ante
2228 3240 2473 3294 dilatum.
2517 3239 2854 3294 Accesserant
2887 3240 3032 3295 enim
3059 3281 3073 3305 ,
3108 3251 3156 3296 et
3183 3252 3460 3296 tenuerunt
3499 3245 3650 3314 pedes

2065 3331 2177 3397 ejus
2197 3330 2371 3401 (ibid.)
2396 3330 2493 3384 llic
2518 3330 2754 3399 quandiu
2778 3338 2952 3400 potes,
2969 3330 3389 3400 virgo,morare.
3407 3330 3522 3386 Non
3553 3333 3648 3387 has

2068 3423 2292 3495 delicias
2323 3432 2446 3477 tuus
2476 3437 2699 3477 somnus
2731 3423 3058 3494 interpellet,
3088 3425 3265 3479 nullus
3306 3425 3543 3479 exterior
3567 3435 3649 3478 tu-

2069 3513 2268 3567 multus
2315 3514 2594 3583 impediat.
2651 3513 2851 3570 Verum
2888 3517 3013 3585 quia
3055 3516 3110 3571 in
3161 3517 3262 3572 hac
3291 3519 3399 3572 vita
3452 3520 3646 3572 misera

2068 3603 2202 3658 nihil
2233 3605 2444 3671 stabile,
2475 3604 2606 3659 nihil
2629 3615 2891 3660 aeternum
2925 3616 3039 3671 est;
3072 3623 3170 3663 nec
3193 3624 3428 3677 unquam
3461 3608 3648 3662 eodem

2068 3706 2207 3752 statu
2257 3709 2535 3766 permanet
2563 3700 2747 3762 homo,
2782 3714 3000 3753 necesse
3030 3709 3114 3754 est
3145 3701 3404 3776 utanima
3442 3713 3646 3766 nostra,

2069 3791 2195 3845 tlum
2245 3791 2498 3856 vivimus,
2543 3793 2773 3863 quadam
2813 3794 3078 3848 varietate
3124 3805 3400 3864 pascatur.
3445 3795 3648 3850 Undea

2069 3884 2466 3951 prmteritorum
2516 3885 2910 3948 recordatione,
2965 3885 3030 3939 ad
3070 3885 3459 3953 experientiam
3516 3901 3649 3955 pne-

2071 3977 2304 4030 seutium
2344 3986 2702 4039 transeamus,
2739 3985 2796 4029 ttt
2824 3992 2889 4029 ex
2935 3976 3020 4030 his
3055 3992 3288 4046 quoque,
3326 3988 3586 4047 quantum
3618 3994 3648 4031 τι

2070 4068 2226 4122 nobis
2249 4067 2551 4137 diligendus
2582 4067 2654 4122 sit
2681 4067 2822 4121 Deus
2841 4108 2855 4122 .
2889 4067 3271 4129 intelligamus.

2575 4177 2946 4234 MEDITATIO
2989 4179 3123 4233 XVI.

2071 4270 2186 4326 Sive
2231 4271 2579 4323 meditationis
2623 4269 2817 4338 quian
2878 4270 3093 4322 decimw
3128 4286 3249 4337 pars
3297 4270 3545 4323 secunda.
3580 4297 3648 4308 —

2424 4341 2502 4393 De
2523 4341 2864 4409 prwsentibus
2891 4341 3148 4408 beneﬁciis
3179 4341 3292 4393 Dei.

392 4427 524 4482 Vide
547 4430 814 4498 quomodo
837 4430 1163 4500 felicissimis
1191 4433 1428 4487 brachiis
1461 4449 1657 4502 corpus
1683 4435 1964 4504 atuplectl-
1999 4456 2043 4510 ι)
2140 4432 2298 4504 233
2338 4432 2453 4487 Non
2485 4447 2710 4502 parvum
2742 4431 2951 4486 :estimo
2980 4431 3322 4493 beneficium,
3361 4447 3472 4500 quo
3511 4431 3652 4485 Deus

393 4528 500 4584 tur,
532 4534 596 4573 ac
642 4535 740 4574 suo
793 4520 1044 4591 astringit
1082 4523 1308 4592 pectori.
1341 4523 1491 4578 Tunc
1541 4527 1714 4593 potuit
1754 4527 1833 4580 vir
1879 4528 1966 4581 iile

391 4611 766 4666 sanctissimus
816 4613 996 4668 dicere
1045 4627 1060 4667 :
1109 4612 1423 4669 Fasciculus
1470 4619 1696 4686 myrrlur
1749 4619 1965 4672 dilectus

389 4717 534 4755 meus
566 4701 742 4770 (Cant.
788 4719 830 4767 ι,
860 4703 981 4773 12),
1023 4715 1127 4760 etc.
1163 4706 1401 4775 Sequere
1433 4717 1488 4762 tu
1518 4710 1963 4778 pretiOSFSsitnnm

394 4792 519 4848 εαξη
573 4805 835 4861 terrteque
879 4795 1236 4862 thesaurum,
1287 4806 1340 4852 et
1371 4801 1452 4854 vel
1483 4811 1636 4868 porta
1669 4804 1854 4870 petes,
1883 4801 1968 4854 vel

394 4901 588 4940 manus
634 4884 966 4962 brachiaque
1011 4898 1283 4955 sustenta,
1339 4892 1420 4947 vel
1475 4902 1623 4947 certe
1673 4893 1967 4948 detinentes

392 4978 704 5033 minutatim
753 4980 1138 5049 pretiosissimi
1170 4985 1452 5054 sanguinis
1478 4995 1657 5057 guttas
1704 4989 1968 5043 curiosius

389 5069 602 5141 collige,
629 5079 683 5124 et
722 5070 1002 5139 pulverem
1039 5082 1235 5142 pedum
1275 5075 1391 5142 ejus
1425 5077 1587 5146 tinge.
1633 5078 1805 5133 Cerne
1835 5095 1970 5148 pra:-

391 5174 539 5218 terea
571 5179 732 5232 qualn
787 5162 1036 5231 dulciter,
1085 5181 1247 5234 quam
1297 5168 1582 5237 diligenter
1628 5169 1970 5224 beatissimus

390 5255 721 5312 Nicodemus
747 5253 1093 5310 sanctissima
1123 5258 1238 5323 ejus
1271 5258 1510 5312 membra
1547 5266 1744 5312 tractat
1768 5260 1966 5328 digitis,

390 5346 536 5405 fovet
561 5352 868 5422 unguentis,
887 5360 942 5406 et
969 5366 1091 5408 cum
1115 5350 1174 5404 S.
1205 5347 1401 5418 Joseph
1425 5349 1720 5404 involutum
1745 5351 1970 5405 sindone

392 5441 622 5497 collocat
647 5442 700 5496 in
733 5443 981 5511 sepulcro
1007 5441 1162 5513 (Luc.
1204 5457 1318 5506 xix,
1343 5429 1573 5512 5842).⁴

462 5533 577 5590 Noli
617 5545 876 5605 praeterea
915 5535 1098 5590 Mariae
1120 5534 1444 5605 Magdalena?
1467 5537 1716 5590 deserere
1749 5535 1972 5589 comita-

396 5632 528 5687 tum,
561 5627 652 5678 sed
680 5635 884 5693 parans
907 5627 1240 5682 aromatibus
1259 5641 1382 5680 cum
1413 5640 1474 5680 ea
1516 5626 1852 5680 Dominicum
1889 5641 1973 5680 se-

397 5713 641 5780 pulcrum
673 5717 894 5773 visitare
926 5730 1214 5773 memento.
1251 5718 1294 5774 Ο
1322 5719 1463 5774 sicut
1491 5717 1578 5772 illa
1609 5717 1799 5774 oculis.
1831 5729 1884 5771 tu
1916 5720 1968 5771 in

2071 4527 2206 4581 bene
2234 4534 2387 4578 utens
2408 4523 2549 4577 malo
2572 4530 2855 4591 parentum
2886 4530 3191 4575 nostrorum
3219 4521 3427 4574 creavit
3454 4537 3552 4575 nos
3586 4521 3652 4574 de

2069 4633 2230 4673 carne
2254 4618 2553 4681 illorum,et
2583 4615 2864 4684 inspiravit
2892 4614 2944 4668 in
2971 4613 3128 4668 nobis
3157 4613 3489 4683 spiraculum
3506 4615 3649 4677 vitzr,

2070 4711 2383 4765 discernens
2430 4722 2528 4762 nos
2567 4707 2632 4760 ab
2673 4705 2776 4760 illis
2846 4704 2940 4773 qui
2995 4703 3076 4758 vel
3146 4702 3374 4757 abortivi
3425 4703 3651 4772 projecti

2070 4812 2195 4858 sunt
2218 4802 2286 4854 ab
2314 4809 2490 4863 utero,
2515 4797 2594 4854 vel
2621 4798 2710 4866 qui
2742 4798 2880 4851 inter
2903 4803 3148 4848 materna
3170 4797 3380 4849 viscera
3404 4793 3650 4848 suffocati

2071 4909 2241 4964 pmnae
2273 4892 2522 4945 videntur
2552 4888 2794 4957 concepti
2831 4902 2935 4940 non
2967 4889 3107 4940 vitae.
3139 4886 3292 4953 Quod
3319 4887 3483 4940 etiam
3517 4887 3653 4939 inte-

2070 4999 2164 5053 gra
2193 4981 2346 5038 nobis
2373 4990 2430 5035 et
2471 4995 2598 5034 sana
2628 4978 2868 5033 membra
2898 4978 3124 5044 creavit,
3162 4993 3230 5030 ne
3268 4992 3516 5031 essemus
3557 4991 3656 5030 no-

2070 5074 2198 5128 stris
2229 5070 2629 5135 dolori,alienis
2648 5069 2964 5138 opprobrio.
2991 5067 3239 5137 Magnum
3265 5077 3346 5121 est
3366 5068 3468 5121 hoc
3481 5076 3649 5122 certe.

2072 5163 2178 5218 Sed
2205 5161 2476 5232 quomodo
2499 5159 2626 5212 illud
2647 5168 2930 5228 quantmve
2951 5157 3208 5212 bonitatis
3236 5159 3648 5222 aestimabimus,

2072 5255 2213 5324 quod
2237 5269 2300 5307 eo
2329 5264 2568 5320 tempore
2596 5261 2650 5305 et
2675 5251 2817 5304 inter
2847 5249 2980 5304 tales
3004 5251 3151 5304 nasci
3172 5251 3363 5315 voluit,
3391 5267 3486 5320 per
3515 5267 3652 5321 quos

2072 5346 2139 5398 ad
2173 5344 2330 5398 fidem
2367 5358 2519 5397 suam
2545 5350 2600 5396 et
2624 5348 2958 5395 sacramenta
2987 5342 3367 5409 pervenimus?
3397 5343 3654 5397 Videmus

2074 5433 2870 5492 innumerabilibushominibus
2897 5433 2999 5488 hoc
3022 5444 3300 5504 negatum,
3329 5435 3472 5505 quod
3496 5435 3654 5488 nobis

2072 5529 2407 5600 gratulamur
2447 5541 2567 5581 esse
2597 5540 2935 5590 concessum,
2979 5541 3104 5580 cum
3136 5526 3332 5597 quibus
3357 5543 3460 5581 una
3489 5537 3577 5582 est
3601 5535 3658 5580 et

2077 5624 2231 5678 nobis
2263 5621 2520 5677 conditio.
2553 5620 2627 5673 llli
2660 5616 2902 5674 derelicti
2935 5627 3063 5673 sunt
3094 5635 3191 5690 per
3227 5619 3522 5688 justitiam,
3555 5632 3655 5672 nos

2079 5717 2247 5770 vorati
2299 5730 2483 5769 sumus
2524 5728 2618 5784 por
2667 5715 2915 5784 gratiam.
2961 5714 3324 5770 Pt'ocedamus
3375 5711 3654 5766 intuentes
