3910 6018
321 263 430 320 ’195

1711 253 2240 312 MEDITATlONES.

3492 255 3592 314 795

325 387 522 428 munus
549 368 666 437 ejus
695 367 882 434 fuisse,
905 367 1048 437 quod
1068 367 1284 422 educati
1311 382 1338 422 a
1368 369 1688 438 parentibus
1711 367 1912 423 fuimus
1943 374 1987 430 Α
2018 369 2158 437 quod
2187 367 2484 438 fugientem
2511 375 2827 438 persecutus
2859 375 2962 432 est,
2993 367 3249 422 metuenti
3278 365 3582 424 blandieba-

323 461 670 518 Christiauis.
701 459 852 526 Quod
883 474 982 513 nos
1024 456 1238 512 flamma
1271 473 1372 512 non
1401 457 1559 524 laesit,
1595 458 1734 526 quod
1763 471 1912 526 aqua

321 570 432 610 non
462 552 762 616 absorbuit,
809 551 950 622 quod
997 566 1101 604 non
1149 551 1320 604 vorati
1371 565 1400 602 a
1449 551 1712 616 daemone,
1758 551 1903 620 quod

321 660 428 702 non
461 644 702 716 percussi
739 659 766 696 a
807 642 1012 710 bestiis,
1041 643 1182 712 quod
1213 642 1506 712 praecipitio
1553 659 1660 698 non
1701 644 1898 710 necati,

320 737 464 808 quod
517 749 684 804 usque
731 735 796 788 ad
837 749 1128 804 congruam
1169 743 1382 788 tetatem
1422 735 1476 789 in
1522 735 1638 806 ejus
1693 735 1796 790 fide
1845 742 1902 790 et

319 827 460 881 bona
487 825 760 880 voluntate
801 824 1008 878 nutriti.
1043 823 1158 878 llue
1195 839 1364 894 usque
1405 841 1468 880 ea
1513 827 1896 895 percurrimus,

319 931 498 980 soror,
530 915 726 984 quibus
775 913 874 968 fuit
919 914 1075 969 nobis
1112 931 1218 970 una
1263 917 1524 982 conditio,
1573 933 1708 988 quos
1755 919 1897 974 idem

317 1017 472 1078 pater
500 1007 708 1078 genuit,
755 1021 819 1060 ac
857 1005 998 1060 idem
1023 1015 1213 1062 venter
1238 1009 1552 1080 complexus
1577 1019 1680 1076 est,
1709 993 1898 1068 eadem

316 1098 528 1152 viscera
559 1097 934 1168 profuderunt.

384 1185 503 1240 Jam
552 1204 714 1252 nunc,
764 1204 938 1252 soror,
987 1191 1042 1244 in
1087 1205 1174 1246 me
1221 1191 1442 1248 adverte
1467 1203 1670 1264 quanta
1711 1194 1898 1252 fecerit

315 1278 456 1333 Deus
497 1281 692 1334 anima:
720 1288 844 1336 ture.
873 1281 1068 1338 Divisit
1101 1284 1245 1338 enim
1281 1284 1419 1340 inter
1443 1301 1530 1342 me
1564 1295 1618 1342 et
1645 1297 1714 1351 te,
1741 1289 1898 1356 quasi

315 1371 459 1426 inter
482 1372 654 1428 lucem
686 1383 742 1428 et
763 1373 1036 1444 tenebras,
1059 1375 1158 1432 sibi
1187 1385 1238 1432 te
1267 1393 1512 1444 servans,
1541 1395 1628 1436 me
1653 1381 1784 1436 mihi
1808 1397 1894 1438 re-

315 1463 582 1534 linquens.
617 1465 756 1522 Dcus
787 1483 956 1532 meus,
981 1483 1088 1537 quo
1114 1469 1257 1524 abii?
1283 1485 1389 1540 quo
1413 1471 1560 1543 fugi?
1582 1489 1690 1543 quo
1709 1475 1897 1530 evasi?

313 1553 529 1622 Ejectus
557 1572 586 1610 a
615 1555 755 1613 facie
788 1570 872 1612 tua
905 1560 1045 1614 sicut
1079 1559 1232 1628 Cain,
1268 1563 1502 1618 habitavi
1533 1565 1586 1618 in
1627 1574 1770 1620 terra
1802 1581 1896 1622 va-

311 1661 411 1716 gus
437 1657 490 1702 et
531 1649 812 1721 profugus,
845 1662 898 1707 et
923 1653 1232 1723 quicunque
1259 1654 1524 1710 invenerit
1555 1673 1659 1724 me,
1685 1661 1896 1715 occidet

311 1755 419 1794 me.
453 1740 590 1807 Quid
639 1744 782 1797 enim
821 1755 1006 1815 ageret
1049 1747 1376 1803 miserabilis
1420 1759 1696 1818 creatura,
1733 1769 1762 1808 a
1797 1770 1896 1812 suo

310 1831 564 1889 derelicta
601 1837 896 1894 Creatore?
929 1839 1046 1906 Quo
1072 1841 1194 1916 iret,
1220 1856 1396 1910 quove
1427 1842 1624 1900 lateret
1655 1845 1773 1900 ovis
1803 1862 1894 1902 er-

311 1939 474 1978 rones
503 1941 600 1979 suo
629 1929 880 1985 destituta
907 1931 1166 2000 pastore?
1209 1930 1254 1986 Ο
1289 1947 1462 1997 soror,
1504 1933 1618 1990 fera
1657 1938 1894 2005 pessima

309 2011 588 2069 devoravit
609 2015 830 2072 fratrem
863 2027 1032 2074 tuum.
1059 2021 1113 2074 lu
1147 2037 1233 2077 me
1259 2037 1388 2094 ergo
1413 2039 1595 2090 cerne.
1633 2039 1894 2097 quantum

309 2104 381 2159 ibi
406 2107 694 2164 contulerit
717 2111 806 2178 qui
837 2120 888 2164 te
917 2127 946 2164 a
977 2112 1064 2166 tali
1093 2112 1262 2168 bestia
1288 2118 1888 2175 conservavitillzesam.

308 2195 669 2262 Quammiser
691 2214 789 2267 ego
810 2215 950 2268 sum,
985 2201 1072 2270 qui
1101 2218 1272 2256 meam
1305 2205 1618 2274 pudicitiam
1649 2211 1888 2276 perdidi;

309 2296 418 2340 tam
451 2286 604 2342 beata
639 2297 718 2354 tu,
738 2291 890 2362 cujus
913 2293 1280 2362 virginitatem
1308 2296 1678 2352 misericordia
1707 2299 1894 2357 divina

308 2381 564 2446 protexit.
595 2380 818 2446 Quoties
857 2393 1080 2448 tentata,
1121 2389 1334 2457 quoties
1373 2390 1612 2460 impetita
1659 2403 1746 2446 tua
1793 2395 1894 2450 tibi

308 2469 532 2522 castitas
554 2481 1032 2544 estservata,_cum
1057 2492 1156 2548 ego
1178 2479 1352 2535 libens
1381 2481 1432 2536 in
1464 2483 1636 2551 turpia
1666 2499 1892 2554 quaeque

308 2561 679 2629 progrediens,
729 2568 1047 2621 coaeervavi
1088 2570 1218 2624 mihi
1269 2574 1558 2628 materiam
1607 2575 1746 2646 ignis
1783 2592 1892 2646 quo

308 2653 680 2720 eomburerer,
729 2658 1010 2712 materiam
1051 2659 1242 2718 fetoris
1271 2679 1380 2732 quo
1421 2681 1670 2730 necarer,
1719 2680 1890 2723 mate-

309 2743 446 2797 riam
484 2747 748 2802 vermium
777 2764 804 2802 a
839 2750 1036 2818 quibus
1076 2755 1433 2810 corroderer?
1461 2755 1659 2814 Recole
1695 2761 1738 2814 si
1777 2761 1889 2830 pla-

307 2846 394 2890 cet
441 2836 563 2892 illas
609 2837 882 2897 fteditates
915 2859 1064 2899 meas
1089 2860 1188 2915 pro
1233 2849 1430 2916 quibus
1466 2852 1778 2923 plangebas,
1835 2865 1890 2910 et

307 2929 640 2999 corripiebas
665 2947 828 3002 saepe,
860 2935 1032 3004 puella
1081 2940 1388 3007 parvulum,
1425 2942 1626 2998 femina
1677 2960 1889 3000 mascu-

2008 470 2116 526 tur,
2148 462 2290 528 quod
2333 461 2507 516 erexit
2549 461 2602 514 in
2649 475 2796 530 spem
2831 460 2993 514 totius
3033 460 3400 528 desperatum,
3448 463 3589 530 quod

2005 552 2117 606 Suis
2146 552 2326 606 obruit
2357 552 2632 606 beneﬁciis
2657 553 2948 622 ingratum,
2972 551 3113 620 quod
3135 562 3289 620 gustu
3315 553 3590 608 interioris

2003 641 2322 720 dulcedinis,
2367 643 2658 696 immundis
2709 650 2980 696 assuetum
3011 641 3457 696 delectationibus
3492 651 3592 696 at-

2007 734 2164 788 traxit
2193 743 2246 788 et
2287 733 2474 796 illexit,
2514 734 2655 802 quod
2691 733 3080 787 indissolubilia
3110 733 3265 787 mala:
3301 739 3592 788 consuetu-

2003 823 2144 879 diuis
2181 823 2393 878 vincula
2423 824 2685 888 dissolvit,
2725 833 2780 878 et
2818 825 3148 879 abstractmn
3185 825 3384 879 smeulo
3439 825 3592 880 beni-

2001 931 2104 986 gne
2129 917 2398 985 suscepit?
2425 915 2602 972 Taceo
2647 917 2837 980 multa,
2869 927 2922 972 et
2951 933 3158 987 magna:
3199 917 3589 973 misericordia:

2001 1024 2112 1063 suae
2135 1010 2279 1063 circa
2310 1025 2394 1063 me
2415 1023 2602 1078 opera,
2634 1023 2699 1064 ne
2721 1008 2924 1078 aliquid
2951 1008 3136 1079 gloriae
3163 1025 3296 1074 sure,
3327 1025 3445 1079 quae
3477 1020 3588 1064 tota

2001 1098 2146 1154 illius
2175 1107 2277 1166 est,
2309 1101 2376 1155 ad
2408 1115 2494 1156 me
2525 1101 2770 1155 videatur
2799 1103 3050 1156 transire.
3085 1102 3160 1155 Ita
3192 1102 3355 1156 etiam
3385 1119 3586 1157 secun-

2001 1189 2128 1244 dum
2175 1192 2452 1246 hominum
2504 1177 2918 1247 aestimationem
2974 1193 3076 1248 sibi
3129 1195 3368 1268 cohreret
3412 1197 3588 1264 gratia

2001 1279 2178 1336 dantis
2208 1291 2262 1336 et
2301 1280 2530 1338 felicitas
2563 1283 2892 1353 recipientis,
2927 1291 2988 1337 ut
3027 1301 3132 1338 non
3181 1285 3352 1339 solum
3404 1285 3589 1342 laude-

2001 1380 2112 1436 tur,
2147 1373 2272 1442 quia
2323 1373 2470 1427 solus
2517 1373 2820 1428 laudandus
2853 1383 2998 1429 esset
3028 1375 3114 1428 ille
3149 1376 3239 1444 qui
3278 1377 3444 1440 dedit,
3487 1379 3586 1432 sed

1997 1463 2162 1519 etiam
2195 1465 2282 1520 ille
2306 1465 2398 1535 qui
2442 1464 2653 1534 recipit.
2686 1465 2817 1533 Quis
2846 1467 2987 1521 enim
3021 1467 3180 1521 habet
3210 1467 3412 1536 aliquid
3439 1470 3586 1537 quod

1997 1574 2104 1614 non
2135 1557 2438 1626 receperit?
2491 1555 2548 1610 Si
2599 1565 2778 1610 autem
2807 1557 2974 1627 gratis
3005 1557 3232 1626 accepit,
3263 1573 3432 1626 quare
3473 1558 3585 1611 lau-

1999 1651 2162 1707 datur
2211 1651 2808 1721 velut.promeruerit?
2860 1651 2978 1706 Tibi
3037 1651 3196 1721 igitur
3253 1652 3388 1714 laus,
3442 1653 3586 1706 Deus

1927 1717 1972 1778 Β
1999 1755 2175 1805 meus,
2209 1740 2304 1795 tibi
2331 1717 2521 1812 gloria,
2565 1742 2659 1796 tibi
2689 1717 3200 1816 gratiarIIIIractio;
3241 1743 3368 1796 mihi
3403 1755 3585 1794 autem

1997 1832 2244 1888 confusio
2272 1832 2429 1888 faciei
2461 1847 2592 1888 mere
2623 1833 2784 1905 (Dan.
2817 1849 2896 1896 ιχ,
2923 1833 2998 1904 7),
3035 1832 3126 1902 qui
3157 1841 3234 1888 tot
3275 1833 3414 1888 mala
3457 1832 3582 1898 feci,

1997 1935 2052 1982 et
2075 1934 2156 1980 tot
2192 1926 2332 1979 bona
2363 1925 2552 1994 recipi.
2582 1925 2720 1992 Quid
2745 1919 2907 1994 igitur
2933 1925 3156 1995 (inquis)
3187 1941 3271 1980 me
3295 1926 3472 1979 minus
3495 1941 3584 1981 ac-

1996 2017 2220 2088 cepisti?
2248 2016 2292 2072 Ο
2321 2033 2498 2082 soror,
2533 2019 2664 2087 quia
2693 2017 2906 2072 felicior
2937 2028 3022 2072 est
3049 2017 3157 2081 ille,
3193 2016 3348 2085 cujus
3385 2033 3580 2072 navem

1993 2114 2212 2182 plenam
2237 2111 2507 2167 mercibus
2535 2122 2590 2164 et
2617 2119 2866 2164 onustam
2893 2110 3094 2164 divitiis
3115 2109 3271 2164 ﬂatus
3297 2119 3582 2164 ventorum

1996 2205 2263 2274 integram
2293 2204 2502 2258 revexit
2535 2205 2600 2258 ad
2633 2211 2868 2274 portum,
2902 2216 3062 2270 quam
3093 2203 3182 2268 qui
3217 2218 3408 2271 passus
3445 2219 3582 2257 nau-

1994 2295 2230 2364 fragium
2263 2295 2439 2348 nudus
2467 2295 2640 2349 evasit
2671 2301 2919 2348 mortem.
2957 2293 3034 2346 Tu
3071 2308 3199 2363 ergo
3225 2293 3276 2346 in
3313 2294 3419 2358 his,
3450 2309 3584 2364 quas

1997 2387 2092 2442 tibi
2123 2389 2302 2440 divina
2325 2387 2498 2457 gratia
2526 2386 2888 2450 conservavit,
2917 2386 3158 2440 exsultas
3183 2387 3416 2452 divitiis;
3447 2387 3582 2440 mihi

1993 2482 2263 2536 maximus
2319 2481 2472 2542 labor
2521 2480 2785 2534 incumbit
2839 2489 2898 2532 ut
2949 2479 3120 2533 fracta
3179 2480 3580 2548 redintegrem,

1993 2572 2190 2626 amissa
2217 2585 2556 2639 rccuperem,
2579 2571 2748 2626 scissa
2774 2571 3086 2626 resarciam.
3113 2569 3497 2625 Verumtamen
3525 2579 3583 2625 et

1993 2679 2080 2718 me
2109 2663 2230 2718 volo
2254 2671 2310 2716 ut
2333 2662 2622 2724 temuleris,
2657 2662 2920 2736 valdeque
2945 2671 3100 2730 putes
3123 2662 3576 2726 erubescendum,

1993 2756 2036 2810 si
2086 2764 2211 2826 post
2245 2764 2324 2810 tot
2379 2753 2580 2824 ﬂagitia
2633 2755 2686 2808 in
2723 2753 2810 2808 illa
2848 2754 2956 2808 vita
3002 2753 3094 2808 tibi
3131 2752 3382 2808 inventus
3429 2753 3582 2808 fuero

1989 2847 2236 2916 tequalis,
2263 2863 2382 2902 cum
2403 2861 2543 2916 saepe
2567 2846 2892 2916 virginitatis
2907 2845 3132 2914 gloriam
3159 2845 3580 2900 intervenientia

1993 2938 2240 3006 quaedam
2271 2937 2401 2992 vitia
2427 2938 2688 2998 minuant,
2720 2945 2776 2991 et
2803 2938 3002 2992 veteris
3031 2935 3463 2990 conservationis
3483 2951 3580 3005 op-

307 3020 440 3075 lum.
475 3021 580 3078 Sed
607 3039 712 3078 non
745 3025 878 3078 fallit
905 3027 1188 3098 Scriptura
1214 3046 1332 3100 quae
1365 3033 1439 3088 ait
1481 3051 1495 3087 ε
1523 3034 1692 3090 Nemo
1720 3047 1887 3104 pom;
1915 3063 1956 3118 Ο
1991 3028 2266 3095 probrium
2299 3042 2508 3082 morum
2555 3027 2785 3082 imitatio
2819 3037 2872 3081 et
2902 3027 3253 3082 succedentes
3286 3027 3439 3080 vitiis
3469 3027 3578 3080 vir-

307 3116 584 3186 corrigere,
633 3133 784 3187 quem
837 3117 977 3173 Deus
1019 3121 1250 3192 despexit
1296 3124 1494 3196 (Eccle.
1547 3141 1644 3192 vn,
1691 3128 1801 3198 14).
1845 3129 1890 3186 Ο

307 3221 470 3274 quam
501 3207 799 3278 diligendus
827 3218 910 3266 est
931 3227 960 3266 a
998 3220 1068 3276 te,
1095 3215 1188 3283 qui
1217 3230 1340 3270 eum
1385 3231 1470 3271 me
1499 3217 1806 3286 repelleret,
1837 3229 1889 3276 te

307 3297 562 3362 attraxit;
591 3305 646 3352 et
669 3313 791 3352 cum
819 3316 969 3368 aequa
1011 3303 1250 3358 conditio
1290 3303 1428 3359 foret
1460 3309 1760 3377 utriusque,
1803 3321 1888 3366 ta-

307 3403 431 3443 men
475 3405 559 3444 me
599 3391 924 3460 despexerit,
986 3403 1038 3450 te
1085 3395 1354 3452 dilexerit.
1391 3399 1588 3456 Recole
1619 3417 1780 3466 nunc,
1829 3413 1890 3459 ut

301 3479 439 3542 dixi,
471 3483 846 3551 corruptiones
875 3498 1042 3547 meas,
1092 3501 1212 3540 cum
1243 3489 1577 3544 exaltaretur
1599 3493 1794 3547 nebula
1821 3493 1886 3547 li—

307 3568 504 3624 bidiuis
551 3585 616 3625 ex
663 3571 938 3628 luxuriosa
965 3575 1404 3645 concupiscentia
1445 3581 1646 3648 carnis,
1689 3591 1742 3636 et
1779 3598 1888 3638 non

306 3671 448 3717 esset
477 3665 568 3734 qui
607 3667 844 3735 eriperet
877 3678 934 3722 et
967 3667 1174 3722 salvum
1209 3669 1414 3724 faceret
1450 3671 1624 3742 (Psal.
1685 3689 1780 3740 vn,
1807 3677 1886 3744 ὅ).

315 3748 486 3805 Verba
507 3753 650 3806 enim
689 3753 986 3824 iniquorum
1009 3757 1392 3826 prtevaluerunt
1416 3777 1574 3831 super
1600 3778 1680 3817 me
1713 3761 1882 3832 (Psal.

305 3857 452 3907 Lxrv,
489 3843 570 3914 4),
613 3846 704 3916 qui
749 3846 802 3900 in
846 3847 998 3902 suavi
1048 3848 1240 3917 poculo
1284 3853 1486 3907 amoris
1529 3855 1888 3922 propinahant

305 3937 434 3990 mibi
461 3953 724 3994 venenum
767 3939 1016 3997 luxuriae.
1057 3942 1451 4002 Convenieutes
1479 3947 1532 4000 in
1563 3963 1728 4002 unum
1759 3948 1888 4002 affe-

225 4048 238 4054 ·
304 4030 499 4084 ctionis
543 4034 780 4088 suavitas
829 4042 882 4088 et
909 4033 1220 4103 cupiditatis
1261 4036 1566 4106 impuritas,
1606 4040 1888 4107 rapiebant

305 4122 626 4180 imbecillem
663 4125 840 4180 adhuc
877 4133 1089 4182 aetatem
1119 4143 1294 4182 meam
1331 4111 1426 4197 pler
1455 4129 1684 4198 abrupta
1727 4133 1886 4186 vitio-

304 4229 448 4278 rum,
486 4223 649 4284 atque
693 4217 1013 4288 mergebant
1041 4207 1267 4288 'gurgite
1313 4217 1660 4289 ﬂagitiorum.
1712 4223 1887 4278 Vene—

303 4317 434 4362 runt
485 4323 650 4378 super
675 4325 764 4364 me
795 4311 872 4364 ira
915 4319 970 4364 et
1001 4311 1298 4382 indignatio
1339 4321 1448 4377 tua,
1499 4314 1657 4382 Deus,
1707 4325 1760 4368 et
1787 4330 1887 4386 ego

1997 3127 2139 3174 tutes
2185 3118 2520 3174 oblitterent.
2567 3117 2672 3173 Sed
2707 3117 2820 3186 jam
2855 3117 2962 3183 illa,
3013 3119 3064 3171 in
3101 3117 3297 3186 quibus
3343 3118 3436 3172 tibi
3465 3117 3578 3172 sola

1992 3210 2206 3264 conscia
2247 3225 2308 3264 es
2349 3210 2546 3264 divinae
2584 3209 2859 3272 bonitatis,
2907 3208 3112 3276 inspice
3147 3223 3294 3262 nunc
3327 3223 3574 3272 munera,

1992 3317 2150 3372 quam
2193 3300 2430 3370 jucunda
2469 3302 2609 3354 facie
2649 3301 3050 3354 abrcmmtianli
3086 3300 3282 3354 smculo
3327 3299 3578 3354 Christus

1992 3394 2312 3460 occurrerit,
2361 3393 2558 3462 quibus
2606 3391 2932 3446 esurientem
2971 3391 3178 3444 deliciis
3225 3391 3394 3460 pavit,
3443 3405 3578 3458 quas

1992 3485 2400 3540 miserationqu
2443 3497 2660 3538 suarum
2691 3483 2903 3536 divitias
2949 3482 3207 3547 ostendit,
3239 3495 3374 3550 quos
3403 3480 3572 3550 inspi-

1993 3576 2133 3630 ravit
2162 3575 2408 3642 affectus,
2434 3590 2541 3644 quo
2572 3585 2622 3629 te
2649 3575 2930 3630 charitatis
2947 3575 3138 3644 poculo
3165 3567 3416 3629 ebriuvit.
3437 3571 3574 3628 Nam

1992 3670 2036 3725 si
2083 3670 2370 3737 fugitivum
2415 3685 2629 3723 servum
2663 3681 2717 3723 et
2748 3667 3002 3723 rebellem
3047 3667 3160 3722 sola
3205 3681 3302 3722 sua
3345 3667 3574 3720 misera-

1993 3761 2138 3816 tione
2167 3765 2474 3814 r'cvocatum
2503 3759 2860 3829 spiritualium
2887 3758 3320 3812 consolationum
3351 3773 3456 3812 non
3483 3771 3572 3811 re-

1992 3854 2148 3922 liquit
2177 3852 2550 3919 iuexpertum;
2583 3850 2710 3919 quid
2742 3849 3042 3904 dulcedinis
3081 3849 3406 3904 crediderim
3449 3863 3574 3902 eum

1989 3944 2184 4015 virgini
2209 3943 2531 4000 contulisse?
2560 3943 2614 3998 Si
2643 3942 2961 4006 tentabaris,
2996 3941 3084 3994 ille
3116 3939 3488 4004 sustentabat;
3527 3940 3574 3993 si

1989 4037 2312 4103 fluctuabas,
2344 4039 2432 4093 ille
2472 4036 2762 4092 solidabat.
2806 4035 3030 4101 Quoties
3072 4049 3180 4104 pra:
3219 4035 3414 4087 timore
3449 4048 3573 4088 are-

1989 4131 2158 4185 sceuti
2189 4131 2308 4200 pius
2333 4129 2642 4184 consolator
2667 4127 2915 4180 astabat?
2945 4125 3168 4193 Quoties
3190 4125 3438 4180 mstuanti
3463 4139 3572 4193 pra:

1990 4239 2199 4287 amore,
2239 4225 2352 4292 ipse
2382 4237 2441 4277 se
2483 4222 2587 4275 tuis
2617 4219 2915 4273 visceribus
2953 4217 3301 4272 infundebat?
3346 4216 3570 4283 Quoties

1991 4316 2302 4385 psallentem
2350 4313 2435 4368 vel
2477 4313 2739 4381 legentem
2791 4309 3150 4380 spiritualium
3193 4325 3445 4364 sensuum
3491 4307 3568 4360 lu-

305 4401 637 4456 nesciebam.
668 4401 810 4456 ibam
841 4402 1050 4472 longius
1092 4417 1120 4456 a
1167 4412 1232 4464 te,
1269 4411 1322 4457 et
1347 4405 1580 4460 sinebas.
1605 4406 1880 4474 Jactabar,
1917 4399 1962 4458 Ι)
1993 4407 2137 4459 mine
2166 4395 2498 4459 illustrabat?
2528 4403 2750 4468 Quoties
2778 4409 3023 4454 orantem
3053 4400 3104 4453 in
3135 4399 3403 4469 quoddam
3435 4399 3577 4454 inel-

305 4502 360 4548 et
385 4493 716 4562 effundebar,
758 4505 814 4549 et
851 4495 1123 4550 deﬂuebar
1168 4513 1264 4566 per
1295 4498 1662 4554 immunditias
1691 4503 1842 4556 meas
1869 4543 1884 4566 ,

303 4595 358 4644 et
388 4589 626 4644 taeebas.
661 4589 776 4654 Eia,
805 4603 986 4654 soror,
1010 4588 1291 4658 diligenter
1313 4591 1534 4644 attende
1571 4592 1752 4646 omnia
1783 4593 1884 4646 ista

305 4681 480 4750 turpia
513 4690 566 4736 et
591 4679 844 4746 nefanda,
877 4679 930 4735 in
955 4697 1074 4750 qum
1103 4697 1188 4735 me
1215 4682 1574 4752 praecipitavit
1597 4697 1773 4737 meum
1803 4698 1888 4738 ar-

302 4771 559 4836 bitrium;
587 4779 642 4825 et
666 4771 802 4826 scito
827 4772 968 4840 quod
1001 4772 1050 4824 in
1077 4773 1192 4826 haec
1221 4773 1542 4838 corruisses,
1577 4773 1620 4828 si
1651 4782 1702 4828 te
1733 4773 1889 4828 Chri-

303 4863 374 4917 sti
397 4863 764 4918 misericordia
793 4879 898 4918 uon
933 4873 1221 4918 servasset.
1261 4863 1376 4918 Non
1423 4866 1538 4920 haec
1581 4867 1701 4920 dico
1733 4869 1886 4935 quasi

305 4953 440 5008 nihil
473 4954 602 5008 mihi
645 4953 934 5007 contulerit
959 4953 1104 5017 boni,
1132 4952 1258 5006 dum
1291 4955 1533 5023 exceptis
1563 4955 1628 5010 iis
1653 4970 1772 5024 qua:
1797 4970 1888 5008 su-

303 5048 489 5116 perius
541 5047 776 5102 diximus
835 5047 1118 5116 utriusque
1164 5047 1382 5112 collata,
1437 5049 1573 5102 mira
1625 5051 1886 5120 patientia

303 5155 456 5194 meas
494 5139 812 5194 sustinuerit
841 5139 1174 5208 iniquitates.
1211 5138 1309 5194 Cui
1352 5140 1521 5194 debeo
1553 5142 1696 5212 quod
1743 5151 1886 5197 terra

303 5247 412 5286 non
440 5249 526 5288 me
569 5233 870 5298 absorbuit,
903 5245 1008 5284 nec
1049 5230 1602 5299 fulminavitemlum,
1649 5249 1748 5288 nec
1785 5234 1888 5288 llu-

303 5327 448 5379 mina
475 5325 915 5380 submerscrunt?
941 5323 1218 5389 Quomodo
1237 5324 1382 5378 enim
1405 5327 1697 5380 sostineret
1727 5343 1885 5380 crea-

305 5430 426 5473 tura
459 5429 662 5474 tantam
691 5417 941 5489 iniuriam
965 5415 1238 5470 Creatoris
1267 5418 1370 5477 sui,
1406 5417 1450 5471 si
1489 5433 1595 5471 non
1629 5421 1885 5487 impetum

304 5517 424 5586 ejus
469 5517 744 5570 cohiberet
791 5514 880 5568 ille
927 5511 1041 5578 ipse
1079 5510 1169 5577 qui
1217 5511 1477 5574 condidit,
1512 5511 1604 5579 qui
1637 5527 1740 5564 non
1776 5511 1887 5563 vult

307 5621 520 5664 mortem
545 5613 852 5685 peccatoris,
885 5610 976 5664 sed
1003 5607 1175 5678 magis
1201 5616 1256 5660 ut
1279 5613 1612 5659 convertatur
1635 5612 1680 5656 et
1709 5603 1842 5656 vivat
1861 5601 1887 5655 .’

316 5699 538 5760 (Haesit.
573 5717 763 5763 χχχιιι,
821 5700 934 5759 ll.)
967 5699 1046 5754 Ad
1085 5698 1214 5752 illud
1255 5705 1470 5765 quanta‘
1524 5695 1622 5748 fuit
1673 5693 1878 5760 gratiae.

1991 4499 2155 4553 fahile
2193 4497 2520 4552 desiderium
2570 4511 2726 4548 suum
2767 4494 3042 4562 rapiebat?
3082 4491 3304 4559 Quoties
3335 4501 3572 4547 mentem

1993 4599 2138 4644 tuam
2169 4604 2196 4641 a
2225 4586 2454 4640 terrenis
2497 4585 2856 4649 subtractam,
2892 4584 2958 4636 ad
2988 4584 3240 4638 caelestes
3267 4582 3487 4637 delicias
3519 4589 3576 4636 et

1990 4682 2224 4752 paradisi
2262 4678 2611 4740 ammuitates
2647 4677 3084 4746 transportabat?
3111 4675 3237 4730 Haec
3272 4661 3452 4730 omnia
3489 4689 3576 4729 re-

1993 4775 2146 4828 volve
2177 4772 2372 4832 animo,
2407 4777 2465 4822 ut
2500 4769 2552 4822 in
2581 4784 2704 4823 eum
2739 4778 2861 4824 tuus
2892 4767 3036 4822 toius
3081 4767 3392 4823 revolvatur
3437 4764 3568 4821 alie-

1991 4876 2128 4920 ctus.
2169 4863 2407 4918 Vilescat
2457 4861 2552 4916 tibi
2604 4861 2856 4926 mundus,
2907 4863 3084 4916 onmis
3134 4876 3285 4915 amor
3331 4855 3572 4915 carnalis

1990 4958 2226 5016 sordeat.
2257 4955 2465 5009 nescias
2498 4963 2547 5007 te
2567 4969 2689 5008 esse
2723 4956 2772 5007 in
2805 4955 3004 5008 mundo
3042 4954 3176 5017 hoc;
3213 4951 3467 5020 quoniam
3502 4947 3572 5002 ad

1991 5047 2108 5101 illos
2137 5046 2227 5116 qui
2263 5047 2315 5097 in
2350 5043 2489 5097 coelo
2520 5051 2646 5096 sunt
2690 5053 2746 5097 et
2770 5043 2881 5098 Deo
2919 5047 3127 5104 vivunt,
3158 5051 3306 5093 tuum
3334 5045 3574 5091 transtu-

1990 5139 2094 5194 listi
2127 5138 2478 5208 propositum.
2512 5129 2611 5189 Ubi
2639 5147 2711 5190 est
2745 5136 3018 5187 thesaurus
3043 5137 3186 5194 tutis,
3212 5130 3282 5182 ibi
3313 5129 3380 5182 sit
3411 5137 3458 5180 et
3481 5143 3573 5182 cor

1990 5241 2134 5286 tuum
2167 5231 2383 5303 (Matth.
2412 5246 2489 5296 vl,
2511 5231 2626 5300 2i).
2672 5227 2788 5281 Noli
2819 5240 2940 5280 cum
2965 5221 3234 5292 argenteis
3261 5218 3572 5275 simulacris

1989 5326 2080 5380 vili
2133 5321 2406 5393 marsupio
2443 5331 2534 5377 tuo
2593 5331 2740 5376 tuum
2789 5315 3063 5372 includere
3115 5312 3386 5376 animum;
3437 5309 3568 5380 quia

1989 5429 2262 5483 nunquam
2294 5429 2417 5468 cum
2444 5423 2782 5466 nummorum
2817 5405 3053 5475 pondere
3083 5401 3286 5472 poteris
3317 5409 3567 5455 transvo-

1990 5510 2102 5564 lare
2131 5509 2198 5562 ad
2227 5508 2446 5562 cmlum.
2494 5507 2624 5560 Puta
2677 5513 2726 5558 te
2773 5499 3015 5572 quotidie
3045 5497 3386 5562 morituram,
3417 5505 3472 5551 et
3501 5496 3570 5550 de

1990 5599 2228 5654 crastino
2259 5615 2363 5652 non
2387 5595 2670 5666 cogitabis.
2699 5591 2814 5647 Non
2849 5601 2898 5645 te
2934 5585 3096 5660 234
3125 5585 3288 5640 futuri
3313 5585 3570 5656 temporis

1990 5692 2250 5748 sterilitas
2289 5699 2510 5754 terreat,
2559 5703 2664 5744 non
2717 5685 2908 5738 fotum
2952 5682 3109 5738 laniis
3137 5681 3298 5737 timor
3333 5687 3574 5736 mentem
