3910 6018
325 230 434 291 795

684 232 745 289 S.
784 231 1085 288 ANSELMI
1124 226 1484 285 CANTUAR.
1527 221 1848 280 ARCHIEP.
1889 220 2045 278 OPP.
2085 221 2265 279 PARS
2302 224 2442 279 ll.-—
2477 224 2844 283 PARIENET.
2884 224 2973 280 ΕΤ
3013 221 3259 280 ASCET.

3474 218 3588 278 796

326 340 475 404 tuam
524 346 760 419 dejiciat,
809 347 902 400 sed
946 360 1015 399 ex
1066 344 1182 414 ipso
1233 349 1343 395 tota
1393 339 1585 393 liducia
1635 339 1722 390 tua
1768 351 1901 407 pen-
1930 335 1972 391 A
2005 333 2205 404 duplici
2235 337 2392 401 stola,
2416 338 2623 394 scilicet
2648 352 2890 409 corporis
2910 347 2965 392 et
2989 337 3184 390 animae
3219 343 3478 405 perpetua
3504 336 3589 391 fe-

327 436 570 504 deat‘qui
609 449 736 489 aves
768 434 966 502 pascit,
1014 430 1122 484 lilia
1166 430 1348 484 vestit.
1397 428 1513 497 Ipse
1542 428 1615 482 sit
1646 427 1897 480 horreum

325 537 513 592 tuum,
546 526 660 593 ipse
709 524 992 593 apotheca,
1026 522 1140 590 ipse
1188 519 1519 587 marsupium
1565 527 1737 580 tuum,
1787 516 1900 584 ipse

325 620 551 679 diViliilB,
613 617 726 685 ipse
770 614 979 670 deliciae
1037 622 1180 679 tum;
1241 611 1387 667 solus
1441 609 1534 663 tibi
1596 608 1668 664 sit
1715 607 1898 680 omnia

324 711 377 763 iu
429 708 695 763 oumibus.
764 705 891 761 llzn‘c
944 705 1163 760 interim
1222 703 1289 759 de
1348 700 1705 773 pra-sentibus
1766 699 1900 754 satis

322 800 445 855 sint.

822 909 1196 967 MEDITATIO
1233 907 1396 966 XVII.

321 1049 442 1106 Sive
470 1049 825 1104 meditationis
870 1051 1066 1120 quinta:
1105 1050 1332 1120 decima:
1363 1061 1487 1120 pars
1518 1044 1694 1099 tertia.
1724 1073 1796 1084 -—
1827 1042 1900 1098 De

789 1118 982 1188 futuris
1009 1120 1268 1187 beneﬁciis
1299 1118 1416 1172 Dei.

386 1256 488 1324 Qui
519 1264 699 1312 autem
728 1263 949 1327 praestat
976 1255 1088 1311 suis
1130 1263 1280 1308 tanta
1320 1254 1372 1309 in
1404 1250 1659 1324 praesenti
1698 1257 1899 1321 quanta

316 1350 424 1404 illis
447 1358 629 1405 servat
658 1349 710 1404 in
740 1349 960 1404 futuro?
989 1344 1319 1417 Principium
1351 1346 1656 1401 futurorum
1696 1353 1750 1399 et
1776 1342 1900 1396 ﬁnis

316 1441 687 1509 praesentium,
719 1454 867 1494 mors
910 1448 1013 1493 est.
1059 1437 1210 1492 Hanc
1258 1437 1410 1506 cujus
1443 1445 1636 1491 natura
1665 1449 1771 1488 non
1805 1432 1902 1487 ab-

316 1531 536 1585 horret?
566 1529 717 1599 cujus
749 1545 854 1584 non
886 1529 1196 1598 expavescit
1236 1526 1493 1582 aﬁ‘ectus?
1541 1527 1674 1580 Nam
1715 1526 1900 1581 bestiae

313 1620 463 1692 fuga,
507 1621 762 1685 latibulis,
803 1630 858 1676 et
898 1620 1020 1675 aliis
1050 1620 1195 1674 mille
1225 1619 1397 1673 modis
1425 1628 1658 1674 mortem
1681 1626 1897 1683 cavent,

2002 426 2207 483 licitatc
2248 428 2517 484 fruantur.

2069 517 2186 573 Jam
2246 536 2389 574 nunc
2439 522 2650 576 intuere
2693 520 2838 576 illius
2887 520 2989 575 diei
3038 527 3327 581 terrorem,
3362 517 3586 587 quando

2001 612 2260 666 caelorum
2282 614 2509 668 virtutes
2536 614 2916 675 movebuntur,
2942 612 3208 667 elementa
3237 610 3379 681 ignis
3398 610 3585 666 calore

2000 704 2299 770 solventur,
2331 707 2589 775 patebunt
2621 705 2804 771 inferi,
2833 704 3044 759 occulta
3081 703 3264 758 omnia
3293 702 3583 756 nudabun-

2003 805 2117 863 tur;
2144 797 2321 851 veniet
2350 797 2581 866 desuper
2610 797 2784 851 iratus
2817 795 3014 861 Judex,
3045 796 3242 850 ardens
3267 792 3416 848 furor
3434 791 3578 862 ejus,

2000 899 2055 943 et
2077 900 2128 941 ut
2158 897 2433 957 tempestas
2462 904 2648 942 currus
2669 888 2784 958 ejus
2807 886 2942 957 (Jer.
2973 902 3048 951 tv,
3080 886 3192 955 15),
3222 894 3283 938 ut
3313 884 3505 939 reddat
3526 884 3583 939 in

2001 980 2079 1034 ira
2112 980 2403 1033 vindictam
2433 988 2489 1034 et
2518 980 2827 1034 vastitatem
2860 978 2916 1033 in
2949 971 3162 1032 ﬂamma
3191 977 3351 1047 ignis.
3378 974 3583 1032 Beatus

1998 1079 2080 1125 est
2110 1071 2200 1140 qui
2230 1080 2450 1140 paratus
2471 1080 2555 1125 est
2580 1085 2868 1126 occurrere
2912 1069 3006 1124 illi.
3040 1069 3178 1136 Quid
3205 1077 3335 1123 tunc
3364 1067 3583 1123 miseris

2001 1162 2281 1215 animabus
2311 1161 2449 1216 erit?
2474 1161 2644 1229 Quam
2675 1172 2803 1218 tunc
2834 1161 3016 1216 miseri
3058 1169 3243 1227 erunt,
3272 1174 3407 1229 quos
3437 1173 3583 1214 nunc

2000 1251 2210 1307 luxuria
2254 1251 2443 1321 foedat,
2488 1254 2715 1309 avaritia
2763 1254 3009 1323 dissipat,
3052 1252 3262 1308 extollit
3301 1251 3579 1322 superbia.

1956 1374 1963 1381 ι
1999 1344 2232 1421 Exibunt
2267 1347 2459 1417 angeli,
2499 1356 2547 1401 et
2580 1346 2896 1416 separabunt
2922 1346 3091 1400 malos
3116 1346 3181 1399 de
3212 1345 3382 1400 medio
3407 1345 3584 1414 justo—

2000 1454 2117 1492 rum
2139 1438 2356 1509 (Matth.
2385 1453 2506 1506 xm,
2538 1437 2653 1505 49),
2682 1438 2801 1494 illos
2828 1452 2857 1492 a
2886 1438 3114 1502 dextris,
3143 1436 3265 1492 illos
3286 1452 3317 1491 a
3345 1433 3583 1491 sinistris

1999 1539 2318 1586 statuentes.

2070 1622 2254 1692 Cogita
2286 1630 2339 1677 te
2368 1637 2510 1677 nunc
2537 1630 2662 1678 ante
2697 1620 2934 1678 tribunal
2968 1620 3170 1676 Christi
3202 1620 3344 1674 inter
3367 1628 3581 1672 utram-

316 1714 479 1765 vitam
510 1720 746 1765 tuentur.
777 1708 894 1764 Jam
923 1725 1064 1765 nunc
1094 1709 1380 1780 diligenter
1408 1708 1627 1763 attende
1655 1708 1782 1778 quid
1807 1719 1897 1761 tua
1930 1702 1973 1761 Β
2002 1729 2106 1785 que
2128 1715 2268 1769 hanc
2289 1714 2602 1769 societatem
2633 1714 2909 1777 assistere,
2935 1723 2989 1768 et
3011 1713 3239 1768 necdum
3271 1713 3322 1765 in
3351 1709 3580 1765 alteram

316 1802 412 1857 tibi
465 1802 787 1870 respondeat
829 1800 1184 1867 conscientia,
1229 1800 1360 1869 quid
1405 1807 1696 1869 praesumat
1742 1798 1894 1864 ﬁdes,

314 1894 442 1963 quid
477 1908 600 1962 spes
640 1892 942 1962 promittat,
975 1891 1104 1962 quid
1145 1899 1368 1960 expetat
1411 1889 1657 1945 aﬂectus.
1691 1888 1749 1943 Si
1788 1890 1897 1945 vita

316 1993 403 2038 tua
431 1984 527 2038 tibi
552 1983 703 2038 oneri
732 1992 834 2048 est,
864 1982 911 2037 si
937 1983 1168 2037 mundus
1203 1980 1440 2046 fastidio,
1471 1980 1516 2034 si
1543 1995 1673 2034 caro
1702 1980 1895 2045 dolori,

315 2076 554 2147 profecto
582 2076 854 2131 desiderio
897 2090 1044 2131 mors
1086 2084 1173 2129 est
1217 2074 1335 2138 tibi,
1371 2072 1703 2144 qurejugum
1740 2072 1900 2140 hujus

314 2168 497 2223 oneris
544 2167 786 2238 deponit,
841 2167 982 2221 tollit
1030 2164 1326 2232 fastidium,
1378 2166 1625 2236 corporis
1653 2165 1895 2221 dolorem

314 2264 706 2318 assumitulioc
733 2279 898 2317 unum
931 2264 1051 2318 dico
1080 2264 1333 2319 omnibus
1361 2263 1523 2332 hujus
1550 2264 1733 2318 mundi
1760 2279 1900 2334 prae-

315 2362 461 2406 stare
496 2351 730 2417 deliciis,
761 2351 1061 2407 honoribus
1091 2361 1256 2422 atque
1308 2352 1535 2418 divitiis,
1575 2354 1619 2407 si
1663 2352 1732 2407 ob
1769 2367 1901 2408 con-

314 2444 555 2499 scientia:
583 2445 954 2508 serenitatem,
989 2445 1110 2500 ﬁdei
1142 2446 1476 2509 ﬁrmitatem,
1527 2447 1642 2517 spei
1673 2448 1898 2503 certitu-

319 2536 501 2590 dinem
530 2546 757 2591 mortem
780 2551 886 2589 non
913 2537 1124 2591 timeas.
1147 2535 1300 2604 Quod
1324 2537 1417 2592 ille
1442 2539 1645 2608 poterit
1663 2540 1899 2596 maxime

314 2627 545 2695 experiri
576 2627 688 2695 qui,
721 2626 902 2695 aliquo
925 2635 1168 2695 tempore
1190 2627 1289 2682 sub
1315 2627 1418 2683 hac
1440 2628 1704 2685 servitute
1726 2631 1901 2701 suspi-

316 2730 465 2777 rans,
508 2714 561 2768 in
609 2714 889 2770 liberiores
930 2716 1277 2772 conscientiae
1325 2733 1489 2773 auras
1526 2720 1720 2774 evasit.
1771 2719 1898 2776 Haec

314 2813 441 2858 sunt
487 2803 681 2859 futuwe
724 2805 1076 2861 beatitudinis
1109 2817 1212 2861 tuae
1241 2808 1495 2877 primitiae
1522 2809 1809 2877 salutares,
1840 2820 1900 2867 ut

315 2904 488 2951 morte
515 2898 927 2966 superveniente
966 2899 1269 2956 naturalem
1313 2900 1594 2957 horrorem
1630 2902 1765 2958 ﬁdes
1803 2918 1898 2959 su-

316 2997 486 3058 peret,
520 3004 645 3059 spes
698 2998 984 3060 temperet,
1015 2991 1348 3048 conscientia
1382 3008 1514 3062 pura
1543 2994 1799 3063 repellat;
1840 3004 1899 3051 et

316 3080 439 3135 inde
462 3082 858 3151 quodammodo
881 3097 1028 3137 mors
1055 3092 1139 3137 est
1158 3083 1483 3152 principium
1503 3085 1722 3155 quietis,
1751 3084 1895 3142 laboo

316 3188 434 3227 rum
469 3182 635 3236 meta,
660 3174 1018 3243 peremptoria
1052 3173 1329 3229 vitiorum.
1352 3173 1444 3231 Sic
1463 3177 1607 3232 enim
1632 3178 1896 3247 scriptum

313 3272 396 3318 est
426 3281 439 3317 :
474 3264 621 3319 Beati
649 3266 863 3333 mortui,
904 3266 993 3335 qui
1029 3266 1085 3320 in
1115 3265 1340 3321 Domino
1369 3267 1668 3322 moriuntur
1708 3268 1893 3339 (Apoc.

316 3369 427 3418 xiv,
462 3354 572 3425 15).
626 3353 780 3409 Unde
823 3356 1084 3424 propheta
1136 3356 1489 3426 reproborum
1547 3367 1779 3414 mortem
1829 3360 1899 3414 ab

313 3445 607 3499 electorum
645 3455 819 3500 morte
859 3447 1198 3512 discernens,
1236 3449 1449 3514 Omnes,
1500 3450 1701 3520 inquit,
1754 3468 1896 3522 reges

312 3534 637 3587 dormierunt
683 3535 739 3587 in
775 3536 967 3604 gloria,
1008 3539 1365 3608 unusquisque
1404 3540 1461 3593 in
1499 3540 1655 3594 domo
1681 3557 1815 3608 sua;
1842 3553 1899 3597 tu

314 3631 486 3673 autem
518 3613 782 3690 prbjectus
811 3640 863 3677 es
892 3624 957 3677 de
986 3625 1227 3694 sepulcro
1257 3637 1367 3693 tuo,
1399 3629 1551 3699 quasi
1571 3630 1749 3699 stirpis
1778 3631 1898 3686 inu-

314 3703 439 3773 tilis,
469 3711 699 3780 pollutus
728 3724 774 3768 et
806 3715 1076 3772 obvolutus
1118 3717 1256 3789 (Isa.
1309 3737 1424 3788 xw,
1472 3722 1562 3785 18,
1603 3722 1715 3796 19).
1764 3724 1902 3780 Dor-

318 3801 553 3857 mierunt
586 3804 785 3874 quippe
823 3806 877 3860 in
907 3806 1074 3878 gloria
1106 3823 1333 3879 quorum
1364 3821 1593 3868 mortem
1622 3828 1900 3871 commen-

315 3890 407 3945 dat
433 3891 571 3946 bona
611 3895 968 3962 conscientia,
1008 3897 1132 3967 quia
1164 3902 1391 3968 pretiosa
1422 3911 1498 3957 est
1531 3904 1587 3957 in
1624 3916 1900 3973 compertu

315 3980 525 4036 Domini
564 4000 703 4038 mors
743 3997 1045 4042 sanctorum
1084 3989 1199 4059 ejus
1238 3991 1413 4062 (Psal.
1442 4009 1566 4060 cxv,
1604 3993 1714 4064 15).
1759 3996 1899 4051 Dor-

316 4073 549 4129 inierunt
584 4091 714 4132 sane
750 4078 803 4131 in
835 4079 1006 4147 gloria
1030 4095 1263 4153 quorum
1295 4083 1607 4139 dormitioni
1641 4087 1902 4143 assistunt

316 4166 512 4237 angeli,
537 4179 832 4223 occurrunt
858 4172 1055 4235 sancti,
1087 4173 1297 4227 concivi
1332 4189 1430 4229 suo
1468 4178 1774 4244 praebentes
1798 4194 1901 4233 au-

316 4257 525 4323 xilium,
554 4265 609 4313 et
653 4258 1025 4327 impartientes
1054 4260 1337 4327 solatium;
1370 4263 1617 4320 hostibus
1646 4280 1706 4321 se
1730 4281 1899 4338 oppo-

1924 3041 1972 3105 C

2001 1815 2204 1877 partem
2227 1816 2552 1877 separatam.
2576 1804 3010 1871 Deflecteoculos
3033 1818 3175 1858 nunc
3198 1804 3265 1857 ad
3296 1802 3580 1857 sinistram

1998 1899 2225 1967 Judicis,
2238 1909 2292 1954 et
2315 1900 2569 1955 miseram
2594 1899 2741 1954 illam
2765 1899 3168 1954 multitudinem
3191 1892 3581 1966 contemplare.

2000 1993 2185 2060 Qualis
2230 1993 2300 2048 ibi
2343 1992 2555 2057 horror,
2588 1993 2709 2063 quis
2754 1992 2951 2063 pudor,
2991 1993 3114 2062 quis
3152 1991 3311 2056 fetor,
3357 1990 3479 2060 quis
3514 1991 3586 2044 ti-

1998 2100 2140 2149 mor,
2165 2085 2286 2155 quis
2311 2085 2499 2140 dolor?
2524 2084 2681 2140 Stant
2709 2085 2890 2140 miseri
2919 2093 2973 2139 et
2997 2083 3261 2147 infelices,
3292 2082 3585 2138 stridentes

2000 2176 2271 2242 dentibus,
2304 2176 2450 2230 nudo
2476 2176 2649 2231 latere
2688 2175 3035 2246 palpitantes,
3080 2184 3304 2245 aspectu
3352 2174 3584 2228 horribi-

1999 2265 2100 2331 les,
2138 2267 2285 2320 vultu
2315 2265 2607 2332 deformes,
2632 2266 2826 2336 dejecti
2852 2281 2962 2337 prae
2985 2266 3212 2335 pudore,
3248 2280 3360 2335 prae
3387 2279 3584 2332 corpo-

1998 2356 2076 2412 ris
2105 2356 2436 2426 turpitudine
2463 2364 2517 2411 et
2541 2355 2784 2410 nuditate
2813 2354 3042 2410 confusi.
3076 2353 3272 2409 Latere
3299 2354 3506 2418 volunt,
3530 2363 3586 2408 et

1999 2464 2107 2504 non
2130 2449 2317 2515 datur;
2347 2447 2537 2519 fugere
2568 2454 2803 2509 tentant,
2840 2461 2942 2502 nec
2981 2446 3334 2517 permittitur.
3369 2444 3426 2501 Si
3457 2460 3588 2499 ocu-

1999 2538 2081 2595 los
2113 2539 2293 2594 levant
2333 2538 2583 2606 desuper,
2615 2534 2820 2591 Judicis
2845 2535 3093 2591 imminet
3118 2536 3303 2599 furor;
3341 2533 3386 2589 si
3423 2533 3588 2603 depo-

1999 2642 2157 2696 nunt,
2188 2629 2474 2686 infernalis
2501 2628 2648 2699 putei
2674 2628 2756 2683 eis
2778 2627 3044 2697 ingeritur
3065 2626 3281 2681 horror.
3309 2623 3425 2679 Non
3460 2638 3590 2692 sup-

1999 2726 2135 2797 petit
2181 2724 2473 2780 criminum
2516 2721 2818 2785 excusatio,
2881 2734 2981 2775 nec
3031 2720 3098 2775 de
3148 2718 3334 2788 iniquo
3376 2716 3589 2784 judicio

1999 2831 2124 2885 erga
2156 2814 2323 2869 Deum
2355 2811 2535 2882 aliqua
2577 2811 2780 2881 poterit
2808 2824 2930 2866 esse
2957 2808 3222 2875 causatio,
3255 2822 3379 2862 cum
3421 2806 3587 2876 quid-

2000 2906 2129 2977 quid
2153 2904 2425 2959 decretum
2449 2901 2636 2965 fuerit,
2654 2901 2861 2971 justum
2898 2913 3021 2954 esse
3045 2898 3216 2969 ipsam
3239 2911 3426 2953 eorum
3451 2909 3588 2949 con-

2002 2996 2287 3053 scientiam
2328 3008 2432 3049 non
2476 2992 2686 3048 latebit.
2728 2990 2904 3047 Cerne
2937 3005 3081 3045 nunc
3112 3003 3277 3058 quam
3321 2984 3592 3040 amandus

2004 3087 2097 3142 tibi
2132 3087 2227 3152 sit,
2254 3086 2344 3156 qui
2384 3093 2436 3140 te
2466 3085 2535 3139 ab
2577 3084 2682 3139 hac
2717 3083 2972 3138 damnata
3010 3080 3271 3135 societate
3301 3075 3585 3148 praedesti-

2000 3177 2179 3231 nando
2201 3173 2479 3240 discrevit,
2515 3172 2762 3228 vocando
2787 3169 3080 3241 separavit,
3110 3166 3462 3238 justiﬁeando
3488 3178 3591 3234 pu-

2002 3268 2252 3324 rificavit.

2071 3358 2344 3428 Retorque
2378 3371 2522 3412 nunc
2557 3356 2626 3411 ad
2672 3355 2952 3411 dexteram
2982 3352 3188 3416 oculos,
3221 3359 3276 3404 et
3298 3349 3498 3420 quibus
3531 3354 3592 3403 te

2000 3450 2351 3521 gloriﬁcaudo
2385 3451 2457 3504 sit
2481 3449 2785 3503 inserturus
2824 3447 3064 3502 adverte.
3107 3443 3239 3511 Quis
3279 3442 3350 3496 ibi
3396 3440 3589 3504 decor,

2000 3540 2122 3611 quis
2147 3540 2319 3595 honor
2363 3548 2566 3608 etquae
2596 3536 2848 3604 felicitas,
2894 3544 2949 3590 et
2987 3550 3107 3605 quae
3133 3531 3436 3589 securitas?
3480 3530 3591 3585 Alii

1994 3628 2279 3702 judiciaria
2317 3629 2445 3683 sede
2475 3627 2757 3693 sublimes,
2786 3625 2876 3680 alii
2903 3638 3101 3679 corona
3136 3621 3380 3692 martyrii
3408 3618 3592 3690 splen-

2001 3726 2206 3789 dentes,
2237 3722 2323 3777 alii
2353 3721 2485 3777 ﬂore
2510 3718 2840 3791 virginitatis
2883 3717 3122 3780 candidi,
3152 3715 3242 3770 alii
3282 3714 3591 3783 eleemosy-

2001 3828 2193 3868 narum
2239 3812 2524 3881 largitione
2567 3808 2805 3874 fecundi,
2861 3807 2953 3862 alii
3004 3805 3247 3862 doctrina
3300 3814 3355 3858 et
3393 3801 3590 3862 .erudi-

2004 3904 2147 3956 tione
2195 3901 2477 3972 praeclari,
2532 3900 2585 3955 in
2638 3914 2803 3953 unum
2871 3896 3155 3952 charitatis
3200 3894 3378 3952 fcedus
3425 3909 3589 3964 copu-

2002 3994 2201 4050 lantur.
2246 3993 2415 4048 Lucet
2458 3993 2539 4048 eis
2583 3992 2763 4046 vultus
2810 3989 2961 4054 Jesu,
3002 4003 3111 4043 non
3162 3987 3443 4051 terribilis,
3492 3982 3586 4039 sed

2002 4084 2282 4151 amabilis;
2313 4099 2420 4139 non
2452 4066 2697 4148 amarus,
2726 4082 2819 4138 sed
2852 4080 3061 4147 dulcis;
3093 4093 3199 4134 non
3227 4088 3461 4143 terrens,
3492 4075 3586 4131 sed

2001 4177 2303 4234 blandiens.

2074 4268 2170 4323 Sta
2202 4282 2345 4321 nunc
2372 4266 2526 4336 quasi
2554 4266 2604 4319 in
2638 4264 2835 4326 medio,
2860 4261 3110 4343 nesciens
3138 4259 3335 4329 quibus
3363 4268 3414 4313 te
3440 4256 3587 4311 Judi-

319 4356 453 4409 nunt
478 4387 494 4415 ,
539 4348 867 4406 obsistentes
903 4351 1188 4422 repellunt,
1244 4351 1489 4410 refellunt
1555 4369 1897 4424 accusantes,
1933 4382 1978 4437 ι)
2004 4359 2084 4415 cis
2107 4358 2372 4414 sententia
2395 4357 2695 4426 deputabit.
2723 4353 2767 4411 Ο
2792 4355 2926 4409 dura
2949 4351 3313 4423 exspectatio!
3343 4348 3524 4402 Timor
3540 4355 3588 4400 et

315 4450 372 4495 et
417 4441 499 4496 sic
540 4456 712 4513 usque
752 4443 819 4497 ad
864 4443 1042 4500 sinum
1087 4445 1321 4502 Abrahze
1365 4456 1613 4503 sanctam
1658 4450 1895 4506 animam

317 4533 639 4591 comitantes
686 4535 740 4589 in
780 4535 899 4590 loco
944 4536 1094 4606 pacis
1121 4536 1390 4595 collocant
1428 4547 1485 4594 et
1516 4539 1736 4610 quietis.
1779 4540 1897 4597 Non

316 4623 395 4677 sic
424 4622 596 4693 impii,
630 4639 734 4680 non
765 4627 867 4692 sic,
898 4641 1035 4697 quos
1064 4626 1132 4682 de
1168 4642 1397 4698 corpore
1425 4631 1578 4699 quasi
1610 4631 1678 4686 de
1705 4630 1898 4688 fetenti

316 4716 566 4788 sepulcro
596 4720 810 4787 pessimi
840 4720 1062 4790 spiritus
1086 4735 1206 4776 cum
1244 4721 1620 4779 instrumentis
1662 4723 1900 4781 inferna-

318 4808 457 4863 Iibus
482 4809 851 4873 extrahentes,
882 4811 1113 4879 pollutos
1148 4812 1389 4881 libidine,
1421 4815 1704 4871 obvolutos
1746 4817 1900 4887 cupi-

319 4899 487 4955 ditate
530 4898 778 4970 injiciunt
809 4901 1022 4973 ignibus
1050 4905 1379 4969 exurendos,
1420 4906 1613 4961 avibus
1655 4906 1900 4963 laceran-

318 4989 436 5057 dos,
484 4989 700 5045 aeternis
754 4990 1014 5047 fetoribus
1062 4993 1320 5063 deputant
1364 4993 1727 5051 suﬁbcaudos.
1770 4994 1901 5052 Vere

317 5081 631 5151 exspectatio
666 5081 937 5151 justorum
977 5083 1190 5150 laetitia;
1238 5102 1352 5156 spes
1402 5097 1575 5141 autem
1620 5088 1901 5158 impiorum

320 5175 501 5243 peribit
533 5172 717 5245 (Prov.
759 5190 814 5237 x,
853 5174 968 5244 28).
1023 5173 1169 5230 Sane
1196 5177 1373 5247 qualis
1413 5178 1483 5232 sit
1522 5178 1610 5233 illa
1664 5179 1899 5249 requies,

318 5283 441 5338 qua:
472 5284 578 5339 pax
606 5270 717 5335 illa,
744 5285 864 5340 qua:
892 5268 1204 5341 jucunditas
1242 5269 1296 5324 in
1344 5270 1465 5325 sinu
1502 5271 1751 5337 Abralue,
1782 5286 1903 5342 quae

320 5357 429 5413 illis
452 5361 855 5433 quiescentibus
891 5360 1245 5432 promittitur,
1282 5369 1337 5416 et
1374 5371 1722 5431 exspectatur
1769 5361 1906 5418 laeti-

325 5446 419 5512 tia,
468 5450 592 5517 quia
641 5451 975 5520 experientia
1017 5466 1125 5506 non
1173 5450 1375 5515 docuit,
1414 5451 1588 5522 stylus
1632 5453 1905 5523 explicare

324 5555 432 5593 non
481 5541 701 5608 poterit.
758 5541 1090 5612 Exspectant
1143 5542 1329 5599 felices
1384 5543 1559 5600 donec
1618 5544 1906 5614 impleatur

324 5642 584 5686 numerus
614 5630 841 5688 fratrum
889 5648 1131 5705 suorum,
1173 5644 1231 5691 ut
1269 5634 1322 5690 in
1360 5635 1447 5692 die
1490 5636 1905 5694 resurrectionis

2001 4466 2194 4508 ινεηιοι·
2221 4460 2467 4506 venerunt
2494 4464 2650 4518 super
2692 4464 2794 4512 me,
2824 4456 2872 4500 et
2895 4452 3235 4500 contexerant
3257 4458 3339 4497 me
3367 4438 3590 4495 tenebrte

2000 4542 2173 4613 (Psal.
2211 4557 2319 4606 LIV,
2347 4540 2424 4611 6).
2456 4539 2513 4595 Si
2548 4555 2634 4595 me
2662 4538 2900 4594 sinistris
2929 4535 3238 4598 sociaverit,
3264 4548 3371 4587 non
3397 4544 3587 4587 causa-

1998 4635 2100 4690 bor
2125 4634 2414 4704 iujustum;
2443 4632 2487 4687 si
2516 4630 2725 4686 dextris
2755 4629 3096 4698 ascripserit,
3133 4625 3322 4696 gratiae
3345 4623 3464 4692 ejus
3485 4624 3588 4677 hoc

2000 4739 2106 4779 non
2153 4723 2290 4779 meis
2335 4721 2545 4777 meritis
2583 4730 2667 4775 est
2699 4718 3095 4790 imputandum.
3130 4714 3289 4778 Vere,
3339 4712 3586 4775 Domine,

1998 4817 2110 4872 vita
2141 4817 2193 4871 in
2223 4815 2497 4871 voluntate
2526 4823 2637 4868 tua.
2672 4812 2836 4868 Vides
2877 4827 3010 4884 ergo
3054 4818 3317 4881 quantum
3368 4808 3422 4862 in
3472 4804 3589 4875 ejus

2001 4923 2185 4964 amore
2209 4916 2335 4962 tuus
2357 4905 2574 4961 extendi
2602 4904 2796 4961 debeat
2817 4904 3051 4968 animus,
3082 4903 3200 4972 qui,
3221 4916 3343 4956 cum
3374 4898 3589 4967 injustis

2000 5009 2181 5071 posset
2219 4999 2272 5053 in
2306 5007 2357 5053 te
2382 4996 2648 5067 prolatam
2697 5004 3014 5066 retorquere
3043 4993 3391 5055 sententiam,
3427 4989 3588 5060 justis

2005 5100 2055 5146 te
2084 5089 2274 5144 maluit
2302 5089 2368 5142 ad
2412 5086 2731 5142 salvandum
2771 5088 3030 5142 inserere.
3068 5083 3189 5139 Jam
3223 5094 3274 5138 te
3307 5093 3435 5153 puta
3464 5097 3582 5137 san-

2003 5192 2103 5237 cta:
2146 5181 2220 5236 illi
2248 5179 2494 5235 societati
2533 5161 2874 5248 conju..\etam
2909 5178 3061 5234 vocis
3090 5176 3235 5231 illius
3271 5175 3461 5230 audire
3490 5174 3586 5228 de-

2004 5282 2256 5329 cretum:
2303 5270 2505 5338 Venite,
2545 5272 2802 5327 benedicti
2846 5269 3027 5324 Patris
3062 5270 3187 5333 mei,
3227 5267 3475 5338 percipite
3511 5281 3584 5320 re-

2004 5383 2163 5437 gnum
2217 5367 2357 5439 quod
2401 5366 2541 5421 vobis
2598 5377 2842 5435 paratum
2886 5372 2961 5419 est
3019 5362 3085 5416 ab
3150 5363 3352 5430 origine
3406 5357 3591 5413 mundi

2007 5458 2221 5531 (Matth.
2255 5474 2388 5528 xxv,
2429 5459 2543 5523 '54).
2579 5458 2706 5513 lude
2736 5456 2950 5512 miseris
2987 5454 3337 5511 audientibus
3365 5451 3592 5507 verbum

2008 5550 2219 5606 Domini
2242 5549 2460 5620 plenum
2492 5550 2586 5605 irae
2615 5556 2670 5604 et
2697 5546 2899 5603 furoris
2925 5564 2938 5600 :
2966 5546 3228 5601 Discedite
3247 5562 3279 5599 a
3302 5559 3407 5608 me,
3427 5541 3600 5595 male-

2009 5640 2157 5709 dicti,
2188 5642 2242 5697 in
2289 5644 2460 5714 ignem
2506 5651 2760 5697 a'ternum
2800 5639 2975 5711 (ibid.,
3007 5639 3120 5710 41).
3156 5638 3300 5694 Tunc
3337 5636 3485 5691 ibunt
3524 5634 3566 5688 ii
3580 5664 3595 5687 ο
