3910 6018
313 266 413 323 79?

1714 257 2248 319 HEDI'I‘ATIONES.

3481 250 3585 309 798

313 376 509 446 inquit,
539 373 594 428 in
623 370 941 443 supplicium
967 383 1253 441 retentum,-
1271 373 1406 445 justi
1438 382 1615 428 autem
1654 374 1710 427 in
1737 374 1894 427 vitam
1923 377 1970 433 Α
1999 379 2059 427 ιιι
2088 385 2188 427 nec
2216 368 2439 425 satietas
2464 358 2801 449 desiderium
2820 411 2833 438 ,
2870 385 2968 427 nec
2997 369 3323 427 desiderium
3358 371 3581 428 satieta-

311 475 563 520 (sternam
594 463 770 535 (ibid.,
798 464 910 536 46).
937 463 983 520 Ο
1013 466 1145 520 dura
1172 465 1473 535 separatio!
1507 479 1540 518 ο
1573 463 1899 521 miserabilis

310 555 583 609 conditio!
615 554 855 610 Sublatis
895 556 1039 610 enim
1080 556 1260 627 impiis
1303 570 1372 610 ne
1414 555 1631 610 videant
1673 554 1897 626 gloriam

311 646 436 712 Dei;
461 647 527 701 de
546 644 712 714 justis
736 662 865 701 vero
894 647 1120 718 singulis
1151 649 1451 702 secundum
1488 648 1712 718 gradum
1743 661 1897 702 suum

310 747 365 791 et
416 738 669 792 meritum
723 738 983 808 angelicis
1031 738 1313 813 ordinibus
1376 737 1619 803 insertis,
1666 736 1760 792 lict
1811 735 1898 790 illa

309 831 543 901 gloriosa
590 830 887 900 processio,
935 829 1153 885 Christo
1208 829 1548 900 praecedente
1587 829 1764 898 capite
1804 841 1901 882 no-

310 932 443 987 stro,
500 921 860 991 omnibusque
914 922 1026 975 suis
1081 920 1342 976 membris
1399 918 1780 989 sequentibus,
1843 922 1900 971 et

311 1014 554 1068 tradetur
583 1027 807 1083 regnum
853 1012 964 1067 Deo
994 1012 1169 1079 Patri,
1209 1021 1267 1065 nt
1312 1012 1429 1082 ipse
1470 1019 1658 1082 regnet
1695 1010 1749 1064 in
1796 1011 1895 1074 eis,

306 1114 363 1160 et
402 1104 503 1174 ipsi
541 1105 593 1159 in
638 1120 726 1169 eo,
766 1120 987 1175 regnum
1026 1104 1155 1158 illud
1203 1105 1584 1174 percipienles,
1620 1104 1760 1174 quod
1799 1120 1899 1174 pa-

307 1206 482 1250 ratum
511 1207 586 1251 est
616 1196 721 1251 illis
768 1199 833 1250 ab
876 1196 1075 1266 origine
1103 1197 1313 1263 mundi,
1350 1198 1504 1267 cujus
1535 1196 1685 1268 regni
1727 1205 1899 1251 status

307 1301 377 1342 ne
399 1287 623 1358 cogitari
653 1286 869 1356 quidem
902 1302 930 1340 a
961 1287 1120 1341 nobis
1153 1295 1355 1356 potest,
1386 1286 1556 1341 multo
1582 1286 1763 1341 minus
1790 1285 1896 1341 dici

306 1379 392 1434 vel
418 1379 603 1435 scribi.
644 1377 756 1435 Hoc
785 1379 899 1435 scio
923 1379 1067 1451 quod
1095 1379 1228 1435 nihil
1269 1379 1491 1435 omnino
1535 1379 1712 1435 aberit
1756 1378 1899 1450 quod

306 1470 443 1525 velis
470 1472 681 1526 adesse.

378 1560 567 1616 Nullus
596 1562 760 1631 igitur
788 1560 860 1617 ibi
885 1560 1085 1627 luctus,
1109 1561 1287 1617 nullus
1306 1561 1486 1626 ﬂetus,
1512 1560 1694 1616 nullus
1720 1558 1895 1626 dolor,

307 1655 488 1710 nullus
517 1656 695 1710 timor.
728 1654 845 1710 Non
877 1657 1116 1723 tristitia,
1155 1672 1262 1712 non
1289 1656 1583 1720 discordia,
1622 1673 1728 1712 non
1761 1658 1896 1710 invi-

2002 472 2110 517 tem
2144 462 2418 531 impediat.
2448 456 2585 528 Quid
2626 470 2711 517 est
2738 462 2872 517 hoc?
2900 462 3058 519 Certe
3088 463 3226 533 quod
3257 462 3442 518 oculus
3479 480 3583 521 non

2001 555 2158 620 uidit,
2191 570 2283 608 nec
2309 555 2453 607 auris
2483 554 2682 606 audivit
2703 593 2716 617 ,
2750 570 2842 606 nec
2876 554 2931 607 in
2973 570 3063 607 cor
3096 555 3320 609 hominis
3353 556 3586 612 ascendit

1999 662 2118 718 quae
2146 645 2461 715 praeparavit
2492 643 2633 698 Deus
2663 642 2993 713 diligentibus
3019 660 3075 698 se
3102 643 3151 715 (l
3183 643 3305 699 Cor.
3338 662 3402 710 ιι,
3432 646 3510 718 9).

2073 736 2199 791 Haec
2244 735 2380 799 tibi,
2419 749 2596 799 soror,
2645 734 2711 788 de
2752 734 3149 804 praeteritorum
3198 736 3582 792 beneficiorum

1998 826 2201 882 Christi
2249 826 2510 880 memoria
2538 864 2554 889 ,
2602 825 2667 879 de
2709 826 3052 895 praesentium
3098 827 3431 895 experientia
3459 868 3474 892 ,
3519 829 3586 883 de

1997 919 2397 990 exspectatione
2454 918 2795 982 futurorum,
2861 919 3107 989 quaedam
3170 919 3583 975 meditationnm

1999 1011 2360 1082 spiritualium
2394 1011 2598 1067 semina
2631 1013 2999 1082 proseminare
3026 1013 3245 1077 curavi,
3285 1028 3351 1067 ex
3390 1013 3585 1082 quibus

1999 1103 2167 1159 divini
2202 1103 2409 1159 amoris
2446 1103 2710 1159 fructibus
2738 1102 2957 1158 uberior
2989 1104 3199 1158 oriatur
3240 1114 3295 1158 et
3332 1114 3582 1160 crescat:

1998 1204 2058 1249 ut
2100 1194 2381 1250 meditatio
2426 1192 2677 1248 affectum
2718 1195 2955 1260 excitet,
2992 1193 3218 1250 aﬂ‘ectus
3259 1195 3585 1251 desiderium

1998 1290 2194 1359 pariat,
2220 1288 2486 1359 lacrymas
2509 1287 2835 1343 desiderium
2860 1297 3179 1358 extorqueat
3207 1306 3222 1344 :
3253 1298 3308 1343 ut
3333 1289 3427 1344 tibi
3479 1288 3588 1345 sint

2001 1379 2250 1452 lacryma:
2280 1389 2384 1435 tua:
2409 1397 2569 1448 panes
2595 1381 2680 1434 die
2702 1396 2764 1434 ac
2792 1390 2939 1435 nocte
2964 1380 3135 1447 (Psal.
3165 1398 3276 1446 xu,
3304 1381 3383 1450 4),
3415 1382 3588 1436 donec

1997 1486 2261 1541 appareas
2306 1471 2359 1524 in
2401 1479 2690 1540 conspectu
2733 1470 2878 1537 ejus,
2924 1480 2978 1526 et
3020 1472 3333 1542 suscipiaris
3363 1472 3430 1525 ab
3466 1488 3586 1525 am-

1996 1561 2243 1631 plexibus
2270 1560 2416 1630 ejus,
2452 1561 2710 1634 dicasque
2738 1562 2864 1616 illud
2912 1562 3052 1631 quod
3086 1562 3137 1616 in
3176 1561 3415 1617 Canticis
3451 1564 3587 1618 scri-

1997 1665 2145 1726 ptum
2165 1664 2249 1710 est
2281 1672 2294 1706 :
2328 1653 2559 1707 Dilectus
2588 1669 2729 1707 meus
2758 1653 2903 1716 mihi,
2933 1663 2980 1706 et
3010 1669 3102 1721 ego
3134 1638 3248 1718 illi;
3269 1655 3401 1707 inter
3427 1656 3587 1707 ubera

309 1747 542 1812 dia,non
564 1746 866 1814 tribulatio,
895 1764 1002 1804 non
1022 1750 1268 1816 tentatio,
1296 1764 1399 1803 non
1416 1749 1897 1803 aerismutatiovel
1929 1728 1974 1788 Β
2001 1748 2549 1815 τηοα,οοιπιιιοναὺἱιυι·
2576 1744 2752 1816 (Cant.
2784 1762 2826 1809 ι,
2858 1745 2965 1814 i2).
3004 1744 3156 1811 Quod
3187 1746 3299 1814 ipse
3329 1743 3420 1798 tibi
3451 1762 3588 1814 prse-

308 1838 608 1909 corruptio,
654 1854 760 1893 non
801 1840 1059 1911 suspicio,
1090 1854 1196 1894 non
1222 1838 1469 1902 ambitio,
1499 1854 1605 1895 non
1633 1838 1895 1904 adulatio,

308 1944 415 1984 non
442 1929 728 1993 detractio.
746 1945 854 1986 non
873 1931 1159 2001 aegritudo,
1178 1947 1284 1986 non
1300 1940 1572 1997 senectus,
1598 1945 1706 1985 non
1727 1945 1895 1996 mors,

308 2036 414 2075 non
444 2030 757 2091 paupertas,
794 2038 899 2077 non
932 2039 1060 2089 nox,
1106 2038 1211 2079 non
1256 2023 1512 2086 tenebrze,
1553 2038 1659 2077 non
1701 2004 1898 2078 edendi

307 2112 396 2166 vel
442 2113 658 2169 bibendi
693 2114 776 2169 vel
812 2114 1115 2169 dormiendi
1155 2113 1262 2168 ulla
1295 2113 1617 2180 necessitas,
1654 2114 1899 2184 fatigatio

306 2202 475 2258 nulla.
523 2203 663 2272 Quid
708 2218 838 2276 ergo
885 2206 957 2261 ibi
1001 2206 1128 2261 boni
1173 2206 1295 2260 est?
1339 2205 1439 2262 Ubi
1478 2220 1655 2275 neque
1700 2206 1895 2272 luctus,

306 2294 468 2366 235
497 2310 672 2366 neque
701 2295 876 2364 ﬂetus,
910 2311 1088 2367 neque
1125 2296 1296 2363 dolor,
1329 2312 1431 2352 nec
1465 2296 1688 2351 triStitia
1713 2338 1728 2363 ,
1768 2297 1899 2367 quid

302 2395 481 2457 potest
507 2403 628 2443 esse
660 2389 761 2443 nisi
796 2390 1038 2458 perfecta
1068 2389 1293 2444 laetitia?
1337 2389 1438 2445 Ubi
1472 2389 1617 2443 nulla
1648 2390 1895 2456 tentatio,

305 2481 392 2537 vel
420 2482 718 2549 tribulatio,
745 2485 885 2538 mdla
910 2494 1216 2556 temporum
1241 2488 1496 2555 mutatio,
1519 2489 1601 2544 vel
1622 2488 1898 2557 corruptio

306 2575 470 2639 aeris,
498 2584 662 2631 aestus
692 2577 1082 2644 vehementior,
1125 2594 1225 2635 nec
1265 2581 1442 2635 hiems
1472 2582 1734 2652 asperior,
1769 2581 1899 2652 quid

304 2674 486 2738 petest
508 2682 629 2723 esse
651 2669 753 2725 nisi
779 2686 990 2726 summa
1020 2674 1267 2742 quaedam
1300 2688 1478 2728 rerum
1506 2675 1811 2745 temperies,
1843 2683 1899 2730 et

306 2761 504 2815 mentis
532 2769 586 2815 et
623 2766 804 2818 carnis
841 2778 967 2819 vera
1006 2773 1063 2819 et
1107 2780 1319 2819 summa
1353 2767 1761 2837 tranquillitas?
1792 2766 1895 2823 Ubi

306 2848 441 2903 nihil
477 2860 561 2906 est
599 2853 740 2922 quod
774 2855 988 2918 timeas,
1031 2855 1161 2925 quid
1193 2864 1369 2925 potest
1398 2871 1518 2913 esse
1553 2860 1653 2914 nisi
1683 2874 1895 2914 summa

304 2942 602 2997 securitas?
630 2943 730 3000 Ubi
771 2945 914 2999 nulla
956 2946 1246 3010 discordia,
1292 2948 1434 3002 nulla
1485 2948 1719 3015 invidia,
1764 2950 1895 3020 quid

1999 1849 2146 1897 stare
2190 1838 2465 1909 dignetur,
2496 1836 2588 1907 qui
2621 1837 2753 1892 vivit
2791 1844 2845 1891 et
2894 1846 3083 1905 regnat
3120 1833 3258 1889 Deus
3294 1833 3346 1888 in
3394 1833 3587 1889 saecula

2000 1935 2342 1992 smeulorum.
2375 1934 2568 1989 Amen.

2497 2021 2870 2078 MEDITATIO
2907 2020 3088 2075 XVIII.

1999 2138 2306 2196 Gratiarum
2329 2138 2557 2205 actiones
2577 2153 2670 2205 pro
2694 2136 2955 2198 beneﬁciis
2967 2136 3153 2188 dicina:
3175 2134 3547 2189 misericordiae

2421 2218 2468 2261 et
2498 2208 2676 2277 petilio
2703 2207 2866 2261 divini
2894 2205 3164 2275 adjutorii.

2000 2299 2140 2370 Spes
2169 2313 2309 2363 mea,
2334 2296 2549 2353 Christe
2574 2296 2737 2359 Deus,
2766 2294 3045 2349 hominum
3073 2303 3126 2346 tu
3153 2293 3326 2349 dulcis
3350 2301 3588 2361 amator,

2000 2391 2118 2446 Lux
2145 2404 2285 2456 mea,
2311 2388 2440 2453 vita,
2469 2386 2639 2452 salus,
2666 2402 2768 2455 pax
2792 2394 2848 2440 et
2873 2386 3035 2439 decus
3057 2398 3217 2438 omne
3246 2392 3479 2450 tuorum,

1999 2484 2192 2541 Omnia
2222 2497 2319 2553 pro
2347 2495 2576 2550 quorum
2608 2478 2824 2533 voluisti
2860 2477 3001 2532 ferre
3026 2477 3228 2544 salute,

2000 2580 2267 2643 Carnem,
2300 2575 2498 2637 vincla,
2530 2589 2770 2639 crucem,
2802 2574 3012 2637 vulnus,
3043 2583 3378 2642 mortemque
3409 2571 3589 2641 sepul-

3319 2666 3515 2738 [crum.

1997 2765 2127 2820 Post
2158 2774 2267 2819 tres
2294 2763 2418 2818 inde
2446 2761 2560 2816 dies
2590 2760 2801 2814 devicta
2832 2766 3005 2814 morte
3035 2774 3323 2829 resurgens

1982 2856 2290 2929 Discipulis
2320 2854 2491 2917 visus,
2522 2851 2765 2906 nutantia
2799 2851 2963 2904 corda
2994 2848 3322 2914 reformans,

1998 2949 2125 3004 Inde
2156 2946 2486 3017 quaterdena
2523 2943 2782 2999 caelorum
2816 2958 3025 2996 summa
3058 2942 3277 3011 petisti,

306 3040 483 3099 potest
522 3048 644 3089 esse
686 3035 789 3090 nisi
821 3050 1030 3090 summa
1063 3047 1118 3091 et
1161 3050 1288 3092 vera
1329 3038 1583 3093 dilectio?
1618 3039 1716 3094 Ubi
1748 3039 1893 3094 nulla
1922 3072 1969 3136 ο
2000 3041 2151 3097 Vivis
2185 3039 2236 3093 in
2268 3047 2552 3100 aeternum,
2590 3048 2734 3089 nunc
2762 3042 2815 3087 et
2847 3048 2942 3102 per
2971 3032 3164 3088 sarcula
3196 3047 3408 3105 regnas.

306 3119 643 3189 deformitas,
666 3125 794 3194 quid
825 3133 1003 3195 potest
1029 3140 1149 3182 esse
1180 3127 1281 3183 nisi
1309 3142 1521 3182 summa
1544 3138 1601 3183 et
1626 3145 1751 3183 vera
1778 3131 1894 3200 pul-

311 3213 601 3269 chritudo?
630 3215 728 3271 Ubi
759 3217 902 3271 nulla
933 3228 1241 3288 paupertas,
1267 3220 1398 3290 quid
1443 3229 1621 3291 potest
1646 3235 1767 3277 esse
1793 3222 1900 3277 nisi

302 3305 493 3386 omnis
515 3304 826 3373 plenitudo?
849 3306 949 3362 Ubi
979 3309 1158 3364 nullus
1189 3310 1345 3365 labor
1372 3311 1455 3366 vel
1485 3310 1739 3379 defectio,
1768 3313 1900 3382 quid

313 3394 419 3448 erit
461 3395 562 3451 nisi
594 3411 804 3451 sunnna
834 3399 1047 3469 requies
1084 3409 1141 3454 et
1175 3399 1475 3456 fortitudo?
1507 3402 1606 3458 Ubi
1640 3403 1774 3458 nihil
1816 3410 1900 3458 est

312 3486 455 3555 quod
510 3497 698 3558 gravet
749 3488 833 3543 vel
886 3499 1108 3556 oneret,
1165 3492 1293 3562 quid
1353 3495 1459 3549 erit
1520 3494 1622 3550 nisi
1686 3512 1899 3551 summa

314 3573 580 3631 felicitas?
612 3577 711 3633 Ubi
739 3594 841 3635 nec
870 3591 1121 3636 senectus
1151 3592 1519 3651 exspectatun,
1551 3601 1653 3641 nec
1680 3586 1900 3642 morbus

315 3668 553 3736 timetur,
583 3670 709 3739 quid
744 3680 925 3742 potest
954 3688 1072 3728 esse
1102 3673 1203 3729 nisi
1237 3690 1361 3729 vera
1396 3676 1638 3731 sanitas?
1673 3677 1770 3733 Ubi
1804 3694 1901 3734 nec

314 3774 442 3824 nox,
480 3775 581 3815 nec
632 3761 889 3827 tenebrae,
919 3761 1049 3835 quid
1095 3773 1180 3818 est
1208 3763 1309 3817 nisi
1359 3764 1448 3818 lux
1496 3766 1768 3835 perfecta?
1803 3766 1900 3822 Ubi

313 3866 463 3907 mors
489 3859 544 3919 et
573 3854 876 3910 mortalitas
898 3855 1076 3910 onmis
1103 3857 1382 3927 absorpta,
1408 3858 1534 3927 quid
1557 3868 1641 3914 est
1664 3861 1766 3915 nisi
1796 3861 1903 3916 vita

314 3943 554 3999 aeterna?

388 4035 527 4103 Quid
559 4043 643 4091 est
686 4036 825 4092 ultra
864 4039 1008 4109 quod
1047 4038 1397 4109 quaeramus?
1435 4037 1617 4106 Certe,
1653 4040 1795 4110 quod
1838 4041 1905 4098 iis

318 4128 571 4184 omnibus
597 4129 950 4185 excellentius
979 4140 1095 4196 est,
1136 4133 1347 4187 scilicet
1380 4131 1547 4194 visio,
1586 4132 1824 4204 cognitio
1852 4142 1907 4188 et

316 4218 535 4274 dilectio
573 4219 864 4275 Creatoris.
898 4222 1180 4278 Videbitur
1206 4225 1257 4277 in
1286 4238 1374 4289 se,
1408 4224 1676 4278 videbitur
1700 4226 1752 4277 in
1783 4240 1903 4278 om-

317 4310 479 4364 nibus
498 4310 765 4365 creaturis
790 4311 925 4377 suis,
952 4327 1144 4384 regens
1165 4313 1346 4368 omnia
1375 4314 1493 4368 sine
1517 4313 1904 4379 sollicitudine,

2072 3129 2151 3184 Tu
2188 3144 2247 3183 es
2286 3127 2426 3183 Deus
2462 3141 2615 3181 meus
2644 3124 2798 3177 vivus
2820 3162 2835 3183 .
2868 3123 3118 3179 Christus
3149 3139 3302 3178 meus
3341 3131 3589 3187 sanctus,

2003 3222 2267 3278 Dominus
2299 3234 2450 3275 meus
2476 3219 2617 3288 pius,
2648 3233 2740 3295 rex
2772 3231 2924 3270 meus
2951 3230 3195 3283 magnus,
3222 3224 3407 3284 pastor
3437 3230 3590 3270 mens

1962 3348 1964 3352 ι
2002 3318 2209 3380 bonus,
2242 3313 2502 3382 magister
2540 3324 2693 3363 meus
2728 3322 2891 3362 verax
2914 3346 2928 3370 ,
2960 3306 3174 3375 adjulor
3214 3320 3365 3361 meus
3393 3320 3593 3376 oppor-

2005 3416 2188 3471 tunus,
2219 3404 2444 3459 dilectus
2472 3415 2624 3455 meus
2661 3398 3095 3469 pulcherrimus,
3124 3397 3278 3467 panis
3316 3412 3470 3452 meus
3509 3397 3590 3451 vio

2002 3514 2133 3563 vus,
2170 3495 2426 3552 sacerdos
2454 3506 2608 3546 meus
2643 3490 2695 3544 in
2726 3497 3019 3551 aeternum,
3059 3489 3164 3543 dux
3208 3502 3360 3543 meus
3400 3487 3466 3541 ad
3496 3502 3592 3557 pa-

2004 3593 2183 3657 triam,
2216 3589 2304 3643 lux
2335 3602 2452 3641 mea
2478 3599 2662 3642 verax,
2693 3582 2917 3637 dulcedo
2941 3596 3057 3636 mea
3089 3588 3302 3644 sancta,
3328 3579 3438 3634 vita
3469 3593 3591 3633 mea

2004 3690 2175 3744 recta,
2209 3676 2470 3748 sapientia
2498 3689 2615 3729 mea
2641 3673 2919 3741 praeclara,
2948 3672 3264 3742 simplicitas
3287 3686 3404 3727 mea
3432 3686 3590 3741 pura,

2003 3768 2288 3827 concordia
2330 3781 2448 3822 mea
2480 3763 2738 3835 pacifica,
2788 3763 3032 3816 custodia
3078 3776 3193 3815 mea
3227 3770 3338 3814 tnta
3365 3803 3379 3828 ,
3411 3758 3593 3828 portio

2006 3880 2121 3917 mea
2155 3862 2316 3921 bona,
2347 3856 2490 3912 salus
2529 3868 2645 3907 mea
2676 3853 3036 3920 sempiterna,
3069 3851 3438 3906 misericordia
3468 3864 3590 3905 mea

2006 3964 2199 4017 magna
2224 3988 2239 4012 ,
2279 3941 2539 4016 patientia
2580 3953 2700 3994 mea
2750 3940 3122 3993 robustissima
3151 3981 3166 4005 ,
3211 3939 3430 3994 victima
3472 3954 3594 3995 mea

2006 4035 2368 4101 immaculata,
2400 4034 2700 4107 redemptio
2727 4047 2844 4088 mea
2874 4038 3081 4093 sancta,
3109 4044 3233 4099 spes
3258 4044 3376 4084 mea
3409 4030 3587 4098 firma,

2006 4132 2243 4188 charitas
2276 4143 2393 4183 mea
2432 4128 2695 4199 perfecta,
2727 4125 3056 4183 resurrectio
3083 4138 3200 4177 mea
3234 4131 3443 4187 sancta,
3479 4123 3593 4177 vita

2006 4237 2125 4278 mea
2155 4231 2357 4277 aeterna
2380 4261 2396 4286 ,
2425 4220 2715 4276 exsultatio
2757 4228 2811 4274 et
2837 4219 2942 4272 vita
2983 4231 3101 4271 mea
3132 4215 3444 4272 beatissima
3475 4216 3595 4271 sine

2011 4317 2113 4369 line
2138 4328 2412 4368 mansura.
2446 4311 2522 4367 Te
2549 4312 2829 4381 deprecor,
2860 4309 3102 4380 supplico
3156 4316 3210 4363 et
3237 4324 3334 4365 oro
3372 4317 3431 4363 ut
3465 4322 3594 4379 per-

316 4408 634 4455 sustentans
666 4401 851 4455 omnia
889 4402 1004 4457 sine
1046 4401 1254 4464 labore,
1289 4401 1604 4471 impertiens
1644 4402 1905 4470 quodam-
1930 4413 1981 4472 1)
2012 4405 2161 4461 licias
2204 4404 2256 4458 in
2294 4418 2381 4459 me
2418 4418 2552 4472 opus
2594 4410 2830 4471 coeptum
2869 4400 3257 4456 misericordiae
3300 4406 3407 4457 tua:
3439 4415 3456 4454 :
3492 4414 3597 4471 ego

318 4490 479 4546 modo
510 4506 570 4545 se
602 4490 828 4562 singulis
872 4509 969 4563 pro
1011 4508 1107 4548 sua
1144 4493 1477 4562 capacitate,
1520 4493 1639 4549 sine
1674 4494 1905 4547 diminu-

316 4582 465 4638 tione
490 4581 576 4636 vel
620 4581 901 4638 divisione.
934 4582 1213 4638 Videbitur
1239 4584 1327 4638 ilie
1359 4584 1536 4639 vultus
1562 4583 1812 4640 amabilis
1849 4593 1904 4638 et

317 4674 714 4741 desiderabilis,
743 4675 797 4728 in
824 4690 983 4744 quem
1016 4674 1186 4747 angeli
1217 4675 1523 4731 desiderant
1552 4675 1862 4746 prOSpicere
1888 4693 1902 4730 :

317 4767 386 4821 de
411 4767 565 4835 cujus
593 4767 948 4837 plenitudine,
977 4768 1044 4822 de
1074 4766 1228 4836 cujus
1255 4768 1477 4832 lumine,
1512 4768 1579 4823 de
1605 4768 1757 4839 cujus
1782 4782 1907 4823 sua-

317 4860 484 4913 vitate
512 4858 636 4929 quis
670 4859 857 4914 dicet?
887 4857 1170 4914 Videbitur
1199 4859 1363 4914 Pater
1388 4860 1440 4913 in
1466 4858 1623 4926 Filio,
1645 4869 1697 4913 et
1737 4858 1906 4914 Filius

320 4950 373 5004 in
423 4950 629 5017 Patre,
676 4949 912 5020 Spiritus
957 4959 1176 5005 sanctus
1214 4951 1267 5004 in
1322 4958 1572 5019 utroque.
1627 4948 1910 5004 Videbitur

318 5043 464 5099 enim
494 5043 654 5097 sicuti
684 5050 790 5105 est,
820 5042 1039 5113 impleta
1070 5041 1188 5111 ejus
1216 5044 1573 5112 promissione
1600 5057 1704 5111 qua
1729 5042 1861 5097 dicit
1890 5059 1905 5097 :

322 5134 427 5200 Qui
451 5134 623 5204 diligit
654 5151 757 5199 me,
785 5133 1026 5204 diligitur
1058 5151 1089 5187 a
1116 5131 1275 5187 Patre
1320 5151 1452 5200 meo,
1489 5141 1537 5188 et
1563 5150 1656 5204 ego
1690 5133 1909 5203 diligant

321 5242 461 5289 eum,
491 5235 538 5280 et
575 5226 924 5294 manifestabo
953 5227 998 5280 ei
1024 5227 1276 5295 meipsum
1312 5225 1493 5296 (Joan.
1532 5243 1639 5291 xtv,
1679 5226 1793 5298 2i).
1830 5227 1907 5281 Ex

324 5317 427 5372 hac
463 5318 668 5373 visione
698 5318 784 5373 illa
817 5316 1057 5388 procedit
1093 5316 1359 5386 cognitio,
1391 5318 1457 5370 de
1492 5331 1597 5385 qua
1638 5316 1752 5387 ipse
1790 5316 1903 5372 ait:

326 5405 459 5463 Ha’c
492 5418 571 5462 est
602 5410 708 5463 vita
742 5418 938 5463 (eterna
958 5450 972 5474 ,
1012 5416 1066 5460 ut
1099 5414 1409 5476 cognoscant
1448 5416 1496 5460 te
1526 5407 1693 5460 solum
1732 5423 1908 5461 verum

325 5503 496 5557 Deum
533 5500 713 5572 (Joan.
745 5516 887 5564 xvn,
929 5500 1006 5569 3).
1052 5500 1127 5554 Ex
1168 5498 1253 5553 his
1296 5506 1442 5552 tanta
1488 5508 1740 5553 nascetur
1770 5498 1911 5553 dile-

326 5592 458 5659 ctio,
491 5602 671 5648 tantus
696 5591 859 5649 ardor
883 5590 953 5662 pii
981 5590 1214 5656 amoris,
1247 5596 1392 5643 tanta
1426 5588 1650 5643 dulcedo
1676 5590 1911 5643 clurin-

330 5684 420 5741 tis.
453 5691 603 5739 tanta
635 5681 847 5740 fruendi
875 5681 1230 5763 copia,gtanta
1258 5680 1511 5739 desiderii
1549 5681 1909 5746 vehementia,

2007 4497 2175 4564 enim,
2208 4496 2429 4551 ultimus
2457 4508 2741 4550 servorum
2771 4500 3007 4556 tuorum,
3041 4509 3148 4548 non
3190 4493 3475 4548 immemor
3499 4493 3595 4548 he—

2010 4587 2328 4643 neliciorum
2378 4585 2746 4640 miserationis
2794 4593 2937 4650 tute,
2976 4600 3097 4654 quae
3143 4585 3276 4640 mihi
3322 4584 3596 4655 peccaturi

2008 4679 2203 4736 collata
2233 4685 2379 4744 sunt,
2410 4677 2614 4747 gratias
2642 4676 2737 4731 tibi
2759 4692 2890 4747 ago,
2920 4677 3046 4748 quia
3073 4690 3160 4731 me
3190 4678 3466 4746 indignum
3497 4688 3609 4746 pr0‘

2011 4779 2100 4824 tua
2133 4767 2246 4823 sola
2294 4766 2582 4822 clementia
2614 4782 2680 4820 ex
2727 4766 3057 4822 Christianis
3096 4767 3413 4838 parentibus
3448 4765 3596 4820 nasci

2008 4857 2216 4917 fecisti.
2258 4869 2312 4911 et
2346 4871 2443 4926 per
2472 4870 2668 4924 aquam
2705 4857 2878 4909 sancti
2911 4856 3252 4925 baptismatis
3279 4865 3332 4910 et
3368 4869 3607 4910 renova-

2010 4952 2215 5007 tionem
2245 4949 2416 5004 sancti
2442 4947 2677 5019 Spiritus
2700 4949 2767 5001 ab
2790 4948 3145 5016 originalibus
3174 4948 3403 5003 vinculis
3433 4963 3598 5016 expe-

2011 5043 2168 5111 disti,
2205 5049 2261 5098 et
2299 5042 2352 5096 in
2389 5050 2511 5096 tuos
2548 5041 2856 5112 adoptionis
2902 5041 3040 5095 ﬁlios
3070 5040 3415 5111 aggregasti;
3461 5053 3599 5109 quo-

2010 5138 2155 5192 niam
2186 5134 2318 5190 mihi
2364 5143 2566 5190 rectam
2602 5133 2759 5188 iidem
2791 5131 3037 5196 donasti,
3082 5144 3307 5198 eamque
3345 5129 3396 5184 in
3431 5127 3600 5183 corde

2012 5243 2135 5284 meo
2171 5242 2388 5298 semper
2428 5239 2627 5296 augere
2673 5232 2726 5279 et
2764 5221 3088 5278 confirmare
3124 5219 3373 5290 dignatus
3405 5234 3463 5276 es
3503 5232 3601 5289 per

2012 5321 2460 5379 illuminationem
2484 5316 2672 5387 gratias:
2696 5324 2816 5376 tute,
2845 5323 2900 5370 et
2927 5330 3022 5384 per
3048 5314 3367 5368 documenta
3396 5319 3601 5367 sancta:

2012 5413 2205 5469 matris
2235 5410 2517 5474 Ecclesite;
2552 5410 2887 5477 obsecroque
2924 5415 2998 5471 te,
3032 5405 3281 5467 Domine,
3311 5412 3365 5458 et
3399 5402 3599 5474 suppli-

2014 5505 2149 5561 citer
2177 5517 2327 5572 rogo,
2358 5500 2565 5573 adauge
2596 5515 2811 5571 semper
2841 5499 2892 5554 in
2928 5514 3012 5553 me
3042 5498 3180 5552 hanc
3211 5495 3404 5559 ﬁdem,
3437 5493 3598 5548 fidem

2015 5609 2198 5649 veram
2221 5602 2277 5649 et
2307 5593 2464 5648 iidem
2493 5602 2761 5657 sanctam,
2789 5591 3114 5647 catholicam
3143 5597 3199 5644 et
3221 5588 3596 5652 orthodoxam,

2021 5687 2176 5742 fidem
2221 5687 2697 5760 prudentissimum
2737 5694 2791 5741 ct
2821 5685 3264 5746 invictissimum,
3304 5681 3459 5737 bonis
3486 5694 3596 5736 om-
