3884 6052
319 230 419 285 799

635 229 695 287 S.
737 227 1037 285 ANSELMI
1078 225 1428 283 CANTUAR.
1472 218 1790 280 ARCHI'EP.
1832 223 1920 281 ΟΡ

2027 214 2204 283 PARS
2239 218 2300 273 ll.
2341 248 2410 259 -—
2447 215 2817 273 ΡΑΚᾸΞΝΕΤ.
2844 215 2935 271 ΕΤ
2972 212 3236 286 ΑΞΟΕῊ

3483 210 3600 266 800

319 343 483 399 nibus
511 342 831 412 cunctisque
861 339 1151 393 virtutibus
1177 337 1527 401 adornatam,
1557 351 1677 406 quae
1702 350 1799 406 per
1826 336 1906 390 di-
1935 338 1980 397 Α
2010 329 2254 407 operaris
2283 342 2470 398 magna
2502 327 2555 381 in
2584 327 2838 382 minimis.
2874 330 2990 381 Erit
3020 336 3168 381 certe
3205 334 3295 381 tua
3324 324 3444 381 laus
3472 326 3601 381 dul-

321 433 609 491 lectionem
636 439 889 502 operetur
918 428 970 482 in
1010 442 1096 481 me
1123 426 1263 496 quod
1296 426 1388 481 tibi
1422 425 1623 496 placet;
1658 442 1780 496 quae
1810 442 1903 481 nc-

321 535 488 593 queat
516 522 653 575 vinei
680 520 819 572 inter
847 516 1009 570 verba
1042 515 1411 570 altercationis
1436 515 1488 569 in
1516 524 1757 586 tempore
1781 530 1904 585 per-

322 612 640 674 secutionis,
669 610 753 664 vel
781 608 831 661 in
875 606 961 661 die
989 606 1331 661 necessitatis
1355 616 1408 660 et
1439 606 1645 660 mortis.
1671 606 1906 661 Cuncta-

326 718 447 758 rum
478 700 599 755 fons
626 709 680 754 et
713 700 884 770 origo,
917 699 1140 768 largitor
1167 707 1223 752 et
1247 705 1596 754 conservator
1624 699 1903 762 virtutum,

328 792 509 854 Deus,
551 804 715 860 auge,
761 804 972 859 quzeso,
1022 790 1074 842 in
1125 802 1211 844 me
1256 788 1420 842 fidem
1468 796 1669 843 rectam
1701 829 1716 854 ,
1757 802 1905 857 spem

327 882 747 945 inconcussam,
799 881 1115 935 eharitatem
1164 880 1499 949 perfectam,
1551 880 1906 936 humilitatem

329 971 649 1042 profundam
674 1013 688 1039 ,
730 972 1046 1042 patientiam
1086 971 1529 1037 invictissimam,
1577 972 1819 1051 corporis
1857 982 1911 1028 et

331 1062 527 1118 animae
554 1065 858 1119 castitatem
900 1072 1235 1134 perpetuam.
1267 1063 1341 1118 Da
1374 1063 1502 1118 mihi
1534 1064 1871 1132 prudentiam
1891 1103 1907 1132 ,

325 1152 616 1221 justitiam,
660 1152 1028 1208 fortitudinem
1068 1162 1122 1207 et
1161 1153 1599 1224 temperantiam,
1632 1155 1912 1210 discretio-

335 1258 457 1296 nem
504 1243 558 1297 in
597 1243 872 1310 omnibus,
911 1252 966 1300 et
1002 1259 1217 1300 sensum
1261 1245 1599 1315 pervigilem,
1626 1255 1684 1301 ut
1710 1248 1912 1316 possim

336 1335 478 1388 inter
509 1335 646 1389 bona
676 1345 731 1391 et
754 1336 926 1404 mala,
961 1337 1103 1391 inter
1129 1338 1376 1391 dextram
1402 1346 1454 1391 et
1480 1336 1756 1393 sinistram
1786 1355 1912 1409 pru-

334 1426 528 1480 denter
561 1427 891 1483 discernere.
930 1428 1038 1485 Fac
1077 1444 1161 1484 me
1204 1445 1333 1501 ergo
1372 1431 1589 1487 divitem
1633 1446 1914 1488 sacrarum

335 1515 623 1583 virtutum,
657 1533 726 1573 ex
760 1520 956 1590 quibus
985 1521 1080 1576 tibi
1117 1523 1346 1577 serviam
1372 1563 1387 1586 ,
1428 1537 1525 1592 per
1567 1539 1702 1593 quas
1735 1525 1827 1579 tibi
1861 1525 1914 1580 in

334 1606 565 1661 veritate
596 1608 836 1679 placeam
866 1628 879 1663 :
914 1620 1126 1667 amator
1150 1612 1293 1667 enim
1331 1612 1503 1669 factus
1529 1629 1645 1669 sum
1677 1616 1917 1685 pulchri-

338 1695 539 1750 tudinis
564 1710 748 1752 earum
785 1715 884 1768 per
920 1702 1149 1771 gratiam
1196 1713 1358 1756 tuam.
1396 1704 1469 1757 Da
1498 1705 1628 1760 mihi
1666 1721 1761 1762 cas
1797 1724 1922 1777 pro-

337 1877 463 1934 fitlei
502 1895 665 1945 mete,
702 1893 760 1936 ut
794 1884 903 1938 sint
941 1884 990 1938 ei
1034 1885 1322 1941 individua:
1363 1886 1588 1942 comites
1627 1903 1723 1957 per
1761 1906 1922 1948 omne

341 1976 550 2040 tempus
576 1971 698 2027 vita:
729 1989 886 2040 meae;
919 1975 1090 2042 unde,
1124 1992 1272 2047 rogo,
1322 1976 1407 2031 fac
1435 1994 1521 2034 me
1562 1996 1656 2049 per
1694 1983 1920 2051 gratiam

339 2067 484 2112 tuam
515 2075 727 2132 semper
752 2072 807 2118 et
838 2063 894 2118 in
937 2066 1037 2120 fide
1072 2066 1319 2121 stabilem
1348 2108 1361 2130 ,
1402 2076 1455 2122 et
1486 2069 1537 2122 in
1576 2071 1718 2123 omni
1759 2087 1924 2142 apere

339 2150 637 2220 ellicacem,
668 2164 725 2210 ut
754 2158 911 2211 tidem
947 2167 1112 2223 tuam,
1141 2175 1300 2229 quam
1331 2160 1511 2231 lingua
1542 2178 1657 2217 mea
1685 2163 1922 2234 loquitur

342 2252 398 2299 et
428 2261 586 2301 manu
617 2263 732 2304 mea
763 2252 962 2321 scripta
996 2261 1282 2321 testantur,
1309 2256 1604 2325 probabilis
1634 2259 1741 2314 vita
1769 2261 1923 2318 bonis

339 2334 582 2390 moribus
615 2336 866 2394 fateatur.

410 2424 624 2482 Gratias
648 2430 740 2483 tibi
769 2445 889 2500 ago,
921 2432 1162 2496 Domine,
1195 2435 1317 2504 quia
1346 2451 1433 2490 me
1459 2453 1554 2493 vas
1582 2454 1832 2506 vacuum,
1869 2450 1925 2497 et

340 2513 585 2572 inutilem
624 2520 843 2576 idiotam
886 2524 1100 2592 replesti
1139 2526 1397 2592 scientia,
1440 2528 1828 2600 intelligentia;
1872 2544 1927 2589 et

342 2605 535 2660 dedisti
565 2622 778 2677 semper
816 2612 1070 2666 humilem
1102 2614 1404 2682 scientiam,
1432 2632 1551 2686 qua:
1573 2620 1822 2677 aedificet.
1850 2624 1922 2678 Da

343 2696 473 2749 mihi
506 2705 559 2749 et
587 2699 930 2753 mitissimam
964 2711 1019 2755 et
1050 2700 1347 2774 sapientem
1377 2706 1773 2778 eloquentiam,
1807 2728 1927 2783 quae

343 2788 552 2841 nesciat
582 2788 777 2857 inﬂari,
810 2802 865 2847 et
890 2794 956 2849 de
988 2795 1092 2851 tuis
1122 2796 1276 2855 bonis
1305 2815 1468 2870 super
1497 2802 1687 2858 fratres
1717 2805 1923 2860 extolli.

342 2871 525 2941 Pone,
567 2891 778 2945 quasso,
820 2880 871 2935 in
907 2896 1000 2937 ore
1035 2899 1156 2944 meo
1182 2886 1404 2942 verbum
1454 2890 1836 2948 consolatioais
1872 2901 1930 2948 et

344 2962 719 3023 azdificationis
752 2978 807 3024 et
835 2971 1226 3030 exhortationis
1258 2991 1355 3047 per
1384 2976 1642 3048 Spiritum
1680 2990 1925 3038 sanctum

340 3063 521 3123 tuum,
563 3064 623 3111 ut
652 3067 707 3113 et
738 3060 906 3118 bonos
935 3064 1140 3120 valeam
1184 3067 1251 3123 ad
1284 3070 1506 3126 meliora
1535 3074 1839 3142 exhortari,
1872 3087 1925 3133 et

342 3159 477 3211 eos,
527 3147 617 3215 qui
663 3153 890 3211 adverse
932 3157 1274 3226 gradiuntur,
1327 3160 1392 3215 ad
1438 3170 1544 3218 tuae
1588 3165 1926 3223 rectitudinis

339 3234 535 3292 lineam
567 3255 822 3298 revocare
850 3246 1012 3299 verbo
1036 3256 1089 3301 et
1118 3248 1384 3319 exemplo.
1426 3250 1548 3306 Sint
1579 3242 1774 3321 verba,
1806 3272 1926 3326 qua:

342 3329 556 3386 dederis
581 3348 738 3389 servo
772 3345 859 3391 tuo
888 3347 1141 3408 tanquam
1172 3341 1681 3411 acutiSsimajacnla
1700 3387 1715 3412 ,
1742 3357 1795 3402 et
1838 3364 1927 3401 ar-

344 3418 531 3474 dentes
563 3424 771 3493 sagittte
793 3466 808 3489 ,
850 3442 969 3495 qute
997 3439 1280 3496 penetrent
1309 3442 1364 3486 et
1398 3432 1689 3503 incendant
1719 3447 1926 3495 mentes

345 3510 678 3567 audientium
710 3516 775 3569 ad
811 3517 1057 3573 timorem
1086 3529 1140 3573 et
1168 3538 1407 3577 amorem
1438 3533 1607 3581 tuutn.
1636 3527 1713 3581 Tu
1745 3540 1927 3598 pastor

342 3611 397 3656 et
439 3611 621 3659 rector
659 3607 896 3662 omnium
925 3651 939 3673 ,
983 3608 1197 3668 Christe
1229 3614 1370 3671 Deus
1394 3656 1409 3682 ,
1448 3619 1538 3687 qui
1580 3620 1743 3678 nullis
1792 3626 1928 3681 meis

348 3692 585 3760 meritis,
625 3697 719 3750 sed
750 3698 862 3752 sola
899 3699 1208 3771 dignatione
1246 3704 1633 3765 misericordiae
1673 3719 1804 3779 tuae,
1836 3730 1927 3769 vo-

347 3784 482 3839 casti
517 3788 837 3857 parvitatem
868 3792 1032 3865 236
1062 3810 1235 3850 meam
1276 3796 1341 3850 ad
1374 3798 1476 3855 hoc
1511 3804 1780 3870 pastorale
1815 3804 1930 3861 olli—

343 3877 527 3946 cium;
564 3891 783 3952 propter
824 3893 874 3939 te
908 3893 964 3941 et
1009 3902 1201 3941 nomen
1238 3896 1385 3943 tuum
1418 3889 1503 3947 fac
1546 3909 1631 3950 me
1675 3894 1925 3952 idoneum

348 3970 414 4023 ad
442 3970 545 4026 hoc
573 3973 965 4041 ministerium,
1015 3985 1069 4031 et
1096 3978 1369 4048 sapienter
1399 3981 1615 4037 domum
1664 3992 1811 4041 tuam
1842 4003 1928 4043 re—

347 4075 509 4130 gain,
556 4072 611 4118 et
662 4063 716 4118 in
765 4067 1014 4122 omnibus
1070 4070 1367 4124 secundum
1418 4071 1757 4129 voluntatem
1784 4084 1927 4132 tuam

346 4167 562 4224 gregem
595 4163 744 4210 tuum
770 4172 994 4226 pascere
1026 4159 1263 4237 valeam.
1292 4161 1488 4217 Tribue
1516 4179 1615 4235 pro
1648 4166 1846 4235 pietate
1875 4176 1930 4223 et

346 4241 587 4299 bonitate
622 4252 730 4309 tua,
761 4253 819 4300 ut
846 4244 1044 4301 ellieiar
1073 4247 1124 4302 in
1170 4248 1330 4303 domo
1360 4258 1447 4304 tua
1477 4250 1697 4307 lucerna
1735 4255 1928 4311 ardens

2004 420 2142 486 cier,
2177 428 2232 475 et
2275 419 2546 489 copiosior
2594 419 2648 473 in
2696 433 2791 473 ore
2839 419 3118 473 hominum
3143 457 3161 483 ,
3197 434 3322 473 cum
3364 433 3461 487 per
3505 433 3603 475 me

2006 509 2274 564 tantillum
2305 509 2521 579 operari
2548 509 2742 580 dignus
2767 507 2934 563 fueris
2971 523 3164 579 magna
3196 509 3264 564 de
3286 523 3452 580 grege
3477 518 3600 564 tuo.

2007 602 2158 657 Mitte
2180 618 2310 673 ergo
2331 604 2383 656 in
2406 601 2665 657 auxilium
2694 616 2872 656 meum
2894 610 3144 656 sanctum
3167 600 3418 672 angelum
3444 610 3602 655 tuum

2009 693 2073 747 de
2096 692 2247 747 etnlis
2274 691 2447 762 (Psal.
2476 708 2593 757 χιιι,
2622 694 2700 759 '5),
2726 691 2817 762 qui
2845 706 2930 746 me
2957 691 3221 761 adjuvans
3245 692 3298 746 in
3318 693 3605 757 omnibus,

2007 782 2318 853 prosperari
2348 783 2491 838 istud
2515 797 2651 853 opus
2678 781 2844 838 faciat
2873 783 2925 837 in
2954 798 3115 837 manu
3134 797 3282 847 mea;
3310 783 3383 837 ita
3406 791 3465 836 ut
3487 782 3608 853 glo-

2011 872 2256 927 rificetur
2281 887 2480 929 nomen
2508 881 2654 927 tuum
2683 872 3025 928 benedictum
3057 870 3111 926 in
3137 886 3228 926 me
3250 875 3452 927 misero
3474 887 3609 941 pec—

2011 978 2216 1024 catore.
2253 969 2411 1024 Dives
2441 970 2493 1023 in
2526 968 2922 1032 misericordia,
2951 965 3136 1037 largus
3161 966 3215 1020 in
3257 963 3603 1029 muneribus,

2012 1060 2101 1129 qui
2136 1062 2389 1117 omnibus
2418 1061 2600 1116 omnia
2639 1059 2834 1115 tribuis
2858 1067 2914 1114 et
2940 1058 3075 1114 nihil
3102 1056 3311 1128 perdis,
3351 1057 3422 1111 da
3464 1057 3607 1111 mihi

2013 1150 2250 1206 ctelcstia
2279 1159 2332 1206 et
2360 1160 2575 1207 terrena
2596 1150 2835 1207 subsidia
2861 1149 2928 1205 ad
2959 1163 3173 1205 omnem
3196 1146 3604 1213 sulllcientiam,

2013 1252 2075 1297 ut
2101 1243 2350 1317 habeam
2393 1242 2538 1299 unde
2581 1257 2798 1314 gregem
2842 1250 2992 1297 tuum
3037 1241 3237 1312 possim
3282 1253 3506 1311 pascere
3546 1238 3613 1294 et

2015 1344 2325 1391 sustentare
2348 1346 2455 1390 tam
2477 1335 2835 1406 spiritualitcr
2854 1350 3015 1406 quam
3037 1332 3413 1404 corporaliter,
3437 1341 3609 1401 atque

2017 1426 2294 1481 venientes
2324 1426 2379 1480 in
2413 1434 2502 1481 tuo
2531 1426 2750 1482 nomine
2779 1426 3054 1495 suscipere
3080 1425 3284 1501 absque
3308 1423 3413 1477 ulla
3442 1422 3610 1476 haesi-

2021 1517 2249 1584 tatione,
2278 1516 2545 1588 simulque
2570 1517 2687 1573 loca
2713 1516 3003 1572 commissa
3029 1514 3286 1570 ordinare
3314 1522 3369 1567 et
3398 1526 3610 1583 praepa-

2021 1624 2143 1663 rare
2168 1611 2235 1667 ad
2267 1610 2502 1679 quietem
2536 1616 2591 1664 et
2619 1609 2847 1664 salutem
2879 1606 3133 1673 fratrum,
3163 1605 3306 1660 sicut
3343 1604 3499 1660 decet
3550 1611 3611 1657 et

1952 1682 2256 1772 Boportet.
2311 1700 2505 1758 Omnia
2551 1716 2582 1756 a
2630 1711 2682 1756 te
2725 1700 2842 1756 haec
2886 1697 3138 1769 postulo,
3192 1696 3420 1752 Domine
3466 1696 3614 1752 Deus

334 1794 458 1854 pter
486 1787 743 1845 honorem
771 1801 825 1847 et
853 1791 1078 1861 gloriam
1110 1795 1343 1848 nominis
1372 1796 1477 1860 tui;
1510 1797 1776 1868 conjunge
1802 1800 1920 1855 illas
1966 1826 1979 1839 ο

2024 1802 2227 1859 noster,
2272 1794 2397 1863 quia
2441 1803 2636 1849 cuncta
2677 1793 2817 1848 bona
2864 1799 3049 1847 nostra
3077 1830 3093 1856 ,
3135 1791 3275 1845 dona
3321 1796 3411 1843 tua
3458 1797 3610 1843 sunt.

2023 1884 2137 1941 Non
2165 1886 2310 1941 enim
2343 1885 2560 1941 aliunde
2592 1898 2881 1956 possumus
2915 1883 3009 1939 tibi
3056 1882 3263 1938 servire
3291 1894 3467 1950 neque
3496 1879 3615 1950 pla—

2023 1978 2168 2043 cere,
2198 1977 2301 2031 nisi
2335 1976 2402 2031 de
2431 1984 2521 2029 tuo
2548 1990 2795 2031 munere.

2092 2069 2164 2124 At
2191 2068 2236 2123 si
2268 2082 2374 2122 non
2407 2067 2542 2124 forte
2576 2076 2663 2123 est
2700 2066 2757 2122 in
2811 2064 3036 2122 consilio
3068 2072 3284 2120 aeterna:
3320 2062 3617 2118 voluntatis

2026 2168 2150 2225 tuae,
2181 2168 2240 2213 ut
2264 2159 2431 2216 facias
2457 2175 2555 2230 per
2576 2174 2662 2214 me
2685 2159 2751 2215 de
2776 2159 2968 2214 ovibus
2996 2157 3100 2212 tuis
3142 2154 3379 2210 fructum
3411 2157 3618 2211 bonum

2025 2252 2081 2307 et
2104 2267 2388 2320 magnum,
2418 2252 2646 2307 obsecro
2670 2259 2725 2307 et
2751 2249 3066 2321 suppliciter
3096 2263 3250 2318 rogo,
3274 2248 3509 2303 dissolve
3530 2261 3621 2302 me

2025 2357 2057 2397 a
2102 2356 2244 2396 nexu
2287 2342 2418 2396 tanti
2449 2341 2635 2408 oﬂicii,
2677 2341 2852 2397 modis
2891 2341 3088 2410 quibus
3119 2339 3216 2395 tibi
3257 2339 3492 2404 videtur,
3528 2353 3629 2395 or—

2025 2434 2151 2490 dine
2177 2449 2286 2503 quo
2319 2434 2411 2491 tibi
2441 2433 2635 2504 placet”.
2683 2430 2805 2488 Scis
2831 2432 2975 2487 enim
2999 2429 3204 2496 omnia,
3232 2437 3287 2485 et
3321 2437 3477 2499 potes
3503 2444 3621 2483 om-

2027 2523 2134 2578 nia.
2168 2521 2306 2589 Quid
2336 2523 2428 2578 hic
2455 2522 2643 2580 facio?
2682 2522 2819 2589 Quid
2850 2537 3038 2579 moror
3076 2521 3129 2577 in
3164 2522 3250 2577 his
3278 2519 3622 2579 tumultibus.

2026 2614 2071 2669 si
2103 2613 2350 2670 facturus
2378 2629 2485 2669 non
2519 2629 2637 2669 sum
2678 2628 2777 2684 per
2803 2614 3035 2685 gratiam
3057 2621 3206 2669 tuam
3247 2611 3448 2682 aliquid
3491 2611 3623 2667 boni

2027 2704 2094 2760 de
2117 2704 2344 2759 fratrum
2371 2705 2593 2761 salute?
2624 2704 2739 2760 Duo
2762 2720 2791 2759 a
2836 2715 2887 2760 te
2915 2712 3037 2775 peto
3063 2720 3082 2760 :
3110 2720 3275 2758 unum
3303 2703 3497 2759 borum
3522 2717 3627 2771 pro

2028 2806 2118 2852 tua
2148 2796 2435 2853 clementia
2467 2812 2535 2853 ne
2564 2798 2798 2869 deneges
2837 2797 2991 2851 mihi.
3032 2795 3183 2857 Rogo
3228 2804 3281 2851 te
3305 2810 3402 2867 per
3430 2810 3627 2851 omnes

2028 2885 2408 2942 miserationes
2436 2895 2588 2954 tuas,
2631 2886 2698 2941 da
2728 2886 2860 2941 mihi
2883 2885 3307 2942 consolationem
3333 2893 3483 2940 tuam
3507 2900 3619 2940 etne

2030 2978 2221 3035 lestem
2254 2980 2311 3035 in
2342 2978 2524 3034 multis
2553 2978 2996 3035 tribulationibus
3035 2978 3191 3033 meis.
3220 2976 3435 3033 Pondus
3475 2977 3618 3032 enim

2030 3069 2174 3125 istud
2196 3068 2602 3141 gravissimum,
2643 3069 2788 3140 quod
2813 3069 3122 3139 impositum
3145 3077 3230 3123 est
3262 3082 3426 3137 super
3446 3067 3613 3123 cervi-

2029 3176 2120 3219 ces
2141 3176 2312 3228 meas,
2336 3161 2480 3218 ferre
2502 3177 2608 3217 non
2631 3161 2804 3226 valeo,
2831 3161 3102 3230 deponere
3126 3160 3293 3216 timeo
3320 3177 3333 3213 :
3360 3158 3623 3230 angustia

2030 3251 2160 3307 mihi
2197 3260 2321 3306 sunt
2360 3251 2631 3322 undique,
2661 3260 2716 3307 et
2742 3252 2871 3322 quid
2901 3251 3097 3321 eligam
3142 3250 3353 3319 ignoro.
3394 3250 3623 3317 Adjutor

2028 3345 2268 3401 onmium
2293 3345 2347 3400 in
2381 3353 2432 3401 te
2459 3346 2793 3415 sperantium
2819 3345 2982 3412 Deus,
3009 3359 3078 3400 ne
3100 3359 3187 3399 me
3214 3344 3427 3399 deserat
3448 3344 3623 3414 pietas

2033 3443 2147 3501 tua,
2177 3450 2247 3489 ne
2277 3449 2362 3489 me
2394 3427 2737 3504 derelinquat
2761 3433 2935 3505 gratia
2968 3441 3081 3488 tua.
3129 3431 3186 3486 In
3213 3441 3265 3487 te
3306 3441 3618 3502 sperantem

2029 3524 2194 3590 Deus,
2224 3534 2279 3579 et
2304 3523 2356 3578 in
2384 3533 2472 3578 tua
2502 3523 2877 3579 misericordia
2899 3522 3238 3579 solummodo
3260 3522 3619 3579 confidentem

2032 3616 2223 3687 adjuva
2255 3632 2341 3672 me
2367 3634 2380 3682 ;
2407 3616 2531 3685 quia
2559 3616 2676 3671 sine
2707 3624 2757 3671 te
2784 3616 2878 3670 tibi
2904 3614 3123 3686 placere
3150 3630 3255 3669 non
3285 3614 3462 3669 valeo.
3490 3613 3622 3682 Quis

2028 3724 2263 3780 unquam
2309 3708 2548 3779 speravit
2591 3709 2646 3763 in
2695 3717 2768 3773 te,
2817 3715 2871 3762 et
2917 3706 3211 3782 derelictus
3260 3703 3618 3774 est?(Eccli.

2029 3816 2090 3864 ιι,
2132 3799 2243 3871 ll.)
2296 3798 2418 3855 Non
2445 3810 2517 3855 est
2555 3800 2797 3854 auditum
2826 3816 2856 3852 a
2902 3798 3095 3853 uacula
3143 3797 3326 3869 (Joan.
3368 3811 3424 3853 ιι
3452 3837 3468 3863 ,
3498 3796 3612 3865 52).

2037 3891 2179 3947 Deus
2231 3900 2283 3945 ιιι
2325 3907 2383 3946 es
2418 3891 2655 3961 optimus
2694 3890 2925 3946 infinitae
2980 3888 3199 3960 pietatis
3248 3897 3304 3943 et
3343 3889 3619 3943 immensa;

2030 3981 2316 4048 bonitatis,
2357 3982 2447 4050 qui
2479 3980 2530 4035 in
2576 3992 2625 4035 te
2658 3990 2940 4051 sperantes
2969 3993 3248 4049 nunquam
3284 3977 3615 4033 consuevisti

2032 4069 2354 4139 relinquere.
2385 4069 2642 4134 Ostende,
2669 4084 2853 4140 quaeso
2874 4110 2889 4135 ,
2931 4069 3361 4126 misericordiam
3395 4079 3543 4123 tuam
3566 4069 3619 4123 in

2032 4178 2138 4227 me,
2168 4160 2295 4230 quia
2335 4160 2404 4214 ad
2430 4170 2478 4214 te
2501 4160 2744 4231 confugi,
2790 4170 2846 4214 ut
2886 4161 3091 4216 videant
3119 4161 3211 4232 qui
3251 4176 3335 4215 me
3360 4161 3581 4215 oderunt
3601 4201 3616 4226 ,

2031 4263 2076 4307 et
2109 4252 2534 4321 confundantur;
2573 4254 2824 4320 quoniam
2863 4263 2941 4320 tu,
2975 4251 3215 4319 Domine,
3264 4251 3515 4321 adjuvistt'
3542 4268 3620 4306 nu

347 4342 404 4388 et
441 4333 655 4403 lucens;
687 4337 920 4394 concede
945 4348 1166 4410 propter
1206 4339 1462 4395 honorem
1490 4352 1545 4397 et
1577 4343 1800 4414 gloriam
1830 4361 1928 4400 no-
1959 4359 2006 4417 ο
2032 4351 2078 4395 et
2106 4340 2409 4395 consolatus
2436 4356 2489 4393 es
2522 4356 2602 4395 me
2633 4338 2806 4412 (Psal.
2836 4356 3063 4408 Lxxxm,
3096 4340 3206 4412 l7).

348 4425 512 4483 minis
543 4429 640 4495 tui,
674 4437 731 4483 ut
752 4445 874 4485 cum
907 4430 1075 4487 multo
1100 4432 1240 4488 bono
1266 4433 1440 4488 fructu
1477 4433 1731 4492 fraternae
1758 4439 1921 4494 socie-

351 4519 505 4584 tatis,
538 4535 751 4576 merear
795 4525 1075 4592 pervenire
1115 4526 1180 4578 ad
1212 4510 1435 4596 gloriam
1480 4535 1625 4582 tuam
1664 4547 1675 4582 :
1713 4545 1816 4584 non
1846 4541 1930 4586 est

350 4608 445 4662 tibi
473 4610 615 4664 enim
643 4612 932 4683 quidquam
958 4614 1194 4680 diﬂicile,
1220 4631 1326 4670 non
1354 4616 1553 4688 aliquid
1578 4618 1923 4689 impossibile.

354 4698 500 4755 Velle
537 4709 708 4767 tuum,
741 4702 951 4772 facere;
984 4705 1230 4762 voluntas
1259 4716 1347 4761 tua
1372 4750 1386 4776 ,
1417 4724 1551 4779 opus
1581 4719 1683 4764 est.
1716 4710 1781 4764 Et
1808 4711 1929 4766 ideo

351 4792 718 4859 corde'credo,
747 4804 801 4850 et
826 4811 921 4852 ore
949 4798 1213 4854 confiteor
1252 4798 1430 4871 (Rom.
1462 4819 1493 4856 ιι
1521 4843 1534 4868 ,
1571 4802 1656 4874 10)
1698 4805 1839 4872 quod
1872 4813 1928 4858 tu

350 4891 508 4953 potes
536 4892 593 4940 et
630 4885 710 4940 vis
749 4901 884 4957 opus
919 4887 1046 4944 illud
1079 4891 1362 4961 magnifice
1398 4892 1689 4963 adimplere
1721 4910 1818 4964 per
1844 4911 1930 4950 me

352 4975 621 5030 tantillum
650 4994 662 5030 :
696 4977 915 5059 scio,'et
941 4991 1124 5037 certus
1151 4999 1267 5037 sum
1297 4985 1437 5054 quod
1468 4995 1520 5038 ttt
1550 4986 1695 5040 vales
1721 4986 1929 5042 fructus

349 5068 523 5125 bonos
544 5077 599 5125 et
623 5085 844 5140 magnos
864 5071 1042 5129 facere
1064 5074 1129 5129 de
1157 5090 1318 5147 grege
1343 5084 1432 5130 tuo
1455 5090 1550 5146 per
1572 5092 1655 5131 me
1677 5077 1927 5148 exiguum

351 5171 407 5215 et
445 5161 740 5218 infirmum.
769 5165 1031 5221 Parvulus
1056 5166 1255 5237 quippe
1290 5184 1429 5232 sum,
1463 5177 1515 5222 et
1546 5169 1742 5224 nullius
1767 5170 1932 5223 virtu-

353 5248 424 5305 tis
462 5252 784 5321 homuncio,
820 5256 954 5310 nihil
997 5256 1201 5312 habens
1238 5258 1289 5312 in
1332 5274 1418 5314 me
1457 5259 1598 5328 quod
1638 5261 1927 5329 expediat,

352 5339 439 5394 vel
470 5344 612 5412 quod
643 5345 861 5416 dignum
894 5347 961 5401 sit
1000 5348 1134 5402 tanti
1167 5347 1345 5414 ollicii,
1393 5349 1593 5403 ideirco
1633 5350 1931 5420 desperans

353 5434 679 5491 omnimodis
716 5438 782 5493 de
828 5440 1092 5509 parvitate
1118 5481 1133 5507 ,
1174 5456 1278 5496 non
1327 5440 1533 5511 respiro
1573 5442 1672 5497 nisi
1715 5443 1767 5497 in
1818 5444 1927 5500 sola

356 5522 729 5582 misericordia
769 5539 876 5584 tua.

429 5610 536 5667 Sed
566 5614 690 5671 licet
715 5619 789 5674 sis
827 5637 1050 5691 magnus
1081 5626 1131 5679 in
1163 5625 1391 5694 magnis,
1431 5623 1715 5696 gloriosius
1755 5634 1929 5682 tamen

2100 4432 2317 4488 Gratias
2342 4431 2435 4486 tibi
2461 4447 2589 4503 ago,
2620 4431 2870 4498 Domine,
2898 4433 3023 4502 quia
3049 4447 3135 4487 me
3157 4442 3213 4488 et
3238 4447 3266 4486 a
3293 4448 3431 4486 vano
3458 4430 3618 4500 hujus

2032 4525 2215 4579 mundi
2245 4524 2520 4579 consortio
2560 4524 2845 4594 separasti,
2871 4534 2926 4579 et
2953 4524 3017 4579 ad
3049 4534 3198 4579 tuum
3234 4532 3479 4579 sanctum
3505 4521 3617 4578 olli-

2031 4618 2172 4671 cium
2196 4616 2522 4688 perduxisti,
2554 4616 2718 4672 nullis
2748 4617 2883 4672 meis
2911 4617 3139 4684 meritis,
3172 4615 3267 4672 sed
3291 4615 3405 4670 sola
3434 4616 3621 4686 digna-

2035 4705 2177 4760 tione
2223 4704 2607 4761 misericordia:
2642 4714 2764 4760 tuae.
2793 4705 3061 4762 Benedico
3103 4715 3182 4772 te,
3223 4705 3450 4761 Domine
3477 4704 3618 4760 Deus

2032 4806 2234 4862 noster,
2262 4798 2351 4863 qui
2380 4798 2507 4851 mihi
2532 4798 2629 4852 (las
2653 4798 2873 4867 indigno
2896 4812 3181 4853 servorum
3207 4805 3420 4851 tuorum
3446 4797 3616 4852 socie-

2035 4896 2142 4942 tate
2163 4898 2217 4942 et
2239 4888 2507 4969 charitate
2530 4887 2755 4958 perfrui.
2778 4889 2852 4943 Da
2876 4889 3005 4943 mihi
3029 4889 3290 4959 quietem,
3313 4897 3367 4943 et
3389 4888 3616 4943 salutem

2031 4979 2276 5050 corporis
2301 4990 2355 5036 et
2384 4981 2609 5049 animat,
2653 4980 2921 5051 simulque
2947 4991 3309 5053 opportunam
3336 4982 3404 5037 ad
3433 4989 3486 5035 te
3526 4996 3617 5035 va-

2032 5072 2318 5127 cationem.
2357 5070 2550 5127 Libera
2580 5087 2665 5126 me
2708 5088 2737 5126 a
2764 5073 3076 5128 vanissimis
3106 5071 3266 5142 hujus
3296 5072 3480 5128 mundi
3513 5073 3613 5126 im-

2031 5162 2413 5233 plicationibus
2440 5162 2506 5217 ad
2531 5162 2829 5232 profectum
2858 5163 3056 5218 animae
3087 5178 3239 5227 meat,
3272 5172 3493 5233 propter
3523 5162 3617 5218 ho-

2033 5270 2218 5310 norem
2264 5262 2321 5309 et
2351 5252 2576 5325 gloriam
2628 5254 2861 5310 nominis
2907 5254 3030 5321 tui;
3089 5264 3144 5311 et
3169 5255 3293 5326 quia
3344 5253 3604 5325 scriptum

2032 5355 2117 5401 est
2157 5362 2169 5399 :
2206 5344 2374 5398 Nemo
2404 5344 2636 5399 militans
2668 5344 2772 5398 Deo
2795 5343 3023 5415 implicat
3061 5361 3117 5400 se
3144 5345 3489 5400 swculan'bus
3521 5362 3613 5399 ne-

2032 5438 2186 5508 gotiis
2220 5436 2305 5509 (Il
2340 5436 2476 5492 Tim.
2515 5454 2576 5503 tt,
2619 5436 2699 5508 4),
2737 5446 2793 5493 et
2825 5438 2894 5493 ab
2936 5437 3187 5493 omnibus
3230 5453 3485 5493 curarum
3529 5445 3612 5491 tu-

2035 5530 2294 5585 multilms
2318 5545 2536 5600 separas
2559 5530 2770 5584 animas
2792 5530 3145 5586 servientium
3174 5530 3366 5595 tibi,ut
3397 5530 3490 5585 tibi
3518 5529 3615 5585 soli

2036 5624 2266 5680 Domino
2302 5632 2496 5680 vacent
2545 5621 2633 5679 die
2696 5638 2758 5678 ac
2806 5635 2993 5691 nocte;
3048 5624 3113 5681 da
3168 5624 3505 5680 fructuosum
3560 5630 3615 5678 et
