3910 6018
336 233 433 289 8M

1718 233 1973 293 MEDITA
1984 233 2252 293 TlONES.

3504 249 3610 308 802

334 342 578 415 spiritale
618 343 788 400 otium
839 343 1349 403 abrenuntiantibus
1406 348 1627 415 mundo,
1672 357 1732 404 ut
1790 352 1914 421 ipso
1946 353 1994 408 A
2018 348 2304 424 angtlstiis,
2333 347 2791 417 tribulationibus,
2831 352 3232 413 calamitatibus
3275 367 3332 414 et
3360 360 3598 421 infirm!-

334 439 515 493 cordis
564 438 743 509 palato
798 448 1017 510 gnstent
1073 451 1130 498 et
1170 442 1386 514 sapiant
1438 443 1689 513 quoniam
1743 440 1915 495 dulcis

332 528 386 597 (Ι
447 529 591 583 Petr.
640 545 701 594 ιι,
757 529 812 600 5)
868 540 923 586 et
968 533 1149 587 suavis
1206 548 1288 599 es,
1340 534 1587 601 Domine,
1637 533 1779 589 sicut
1816 543 1918 589 tua

331 619 618 691 Scriptura
654 622 933 688 admonet,
979 624 1205 679 dicens:
1242 621 1442 679 Vacate.
1485 634 1532 678 et
1568 623 1755 689 videte,
1787 641 1920 695 quo-

330 712 474 765 niam
499 729 593 783 ego
619 729 735 767 sum
758 712 1087 785 Deus(Psal.
1114 730 1221 781 Liv,
1248 714 1357 787 ll).
1385 715 1452 768 Et
1490 716 1617 770 alibi
1646 733 1659 769 :
1691 715 1919 785 Sapien-

329 805 458 860 tiam
515 806 700 860 discite
741 806 798 861 in
838 816 1068 877 tempore
1096 808 1209 869 otii.
1240 818 1288 861 et
1338 810 1426 878 qui
1456 809 1750 862 minoratur
1796 818 1917 862 actu

331 899 439 968 ipse
469 898 713 969 percipiet
742 915 860 952 eam
886 896 1081 968 (Eccli.
1116 915 1345 966 xxxvm,
1373 900 1492 970 25).
1520 899 1629 956 Sed
1659 910 1713 956 et
1733 916 1919 957 sacra-

330 990 543 1045 tissima
566 990 834 1045 sententia
863 1000 954 1045 tua
979 1003 1075 1046 ore
1100 1000 1192 1045 tuo
1220 993 1308 1060 pio
1342 992 1552 1062 prolata
1580 993 1794 1062 plenius
1825 995 1920 1049 in-

328 1077 532 1134 format
563 1094 683 1144 nos,
718 1089 772 1133 et
797 1094 826 1132 a
863 1079 1150 1134 mundanis
1193 1080 1338 1135 curis
1383 1096 1607 1150 prorsus
1643 1082 1916 1151 prohibet,

326 1170 512 1226 dicens
563 1188 576 1225 :
635 1169 759 1225 Non
825 1172 1037 1241 potestis
1111 1172 1220 1225 Deo
1268 1174 1462 1228 servire
1513 1183 1561 1227 et
1607 1190 1919 1229 mammona:

328 1261 543 1332 (Matth.
599 1278 678 1328 vi,
731 1263 832 1328 ‘24;
868 1262 999 1318 Luc.
1026 1265 1278 1336 xvi,15).
1328 1266 1395 1320 Ει
1442 1281 1657 1322 rursum
1694 1283 1708 1319 :
1745 1266 1916 1320 Nemo

324 1356 536 1409 mittens
582 1371 798 1409 manum
829 1372 980 1410 suam
1017 1355 1086 1409 ad
1114 1367 1375 1423 aratrum,
1398 1367 1446 1412 et
1474 1358 1732 1427 aspiciens
1756 1368 1917 1423 retro,

325 1457 480 1517 optas
513 1458 588 1502 est
628 1465 784 1520 regno
821 1450 1067 1504 calorum
1100 1450 1265 1521 (Luc.
1304 1468 1379 1518 lx,
1410 1451 1523 1523 62).
1551 1452 1616 1506 Et
1647 1452 1772 1507 alibi
1818 1467 1916 1507 nos

323 1540 560 1595 evidenti
603 1541 853 1610 exemplo
906 1544 1189 1598 retrahere
1232 1543 1497 1613 dignaris,
1536 1543 1768 1601 dicens:
1804 1545 1915 1600 He-

323 1642 548 1686 mentote
575 1633 753 1688 uxoris
798 1631 902 1687 Lot
937 1633 1083 1706 (Luc.
1115 1651 1248 1699 xvtt,
1276 1635 1392 1705 5‘2).

395 1718 611 1777 Gratias
649 1721 744 1776 tibi
790 1737 911 1792 ago,
962 1724 1467 1781 misericordissime
1517 1725 1767 1790 Domine.
1818 1727 1912 1796 qui

323 1826 411 1866 me
435 1814 690 1869 miserum
729 1814 1063 1885 multumque
1096 1816 1455 1887 negligentem
1494 1828 1833 1897 peccatorem
1880 1834 1910 1874 a

326 1904 614 1974 principio,
645 1913 700 1959 et
729 1920 759 1959 a
792 1905 1073 1961 cunabulis
1096 1921 1193 1977 per
1224 1908 1478 1963 universa
1515 1923 1653 1978 pene
1690 1909 1821 1963 vitia
1858 1918 1914 1965 et

324 2005 553 2065 peccata
607 1997 1011 2063 decurrentem,
1055 1995 1289 2066 benigne
1335 2006 1390 2052 et
1417 1998 1689 2067 patienter
1732 1999 1911 2054 adhuc

323 2088 392 2141 ad
432 2088 807 2157 paenitentiam
848 2096 1154 2158 eXSpectas,
1185 2088 1376 2144 nolens
1421 2105 1509 2145 me
1529 2090 1756 2160 perdere
1786 2106 1910 2146 cum

324 2178 585 2247 peccatis,
618 2178 786 2245 vitiis,
821 2179 995 2250 culpis
1018 2188 1073 2235 et
1101 2180 1445 2252 negligentiis
1484 2181 1640 2238 meis.
1672 2181 1730 2236 Si
1762 2183 1910 2238 enim

326 2271 482 2337 mihi,
513 2272 763 2339 Domine,
814 2275 1115 2329 secundum
1151 2282 1377 2344 peccata
1426 2289 1546 2330 mea
1590 2274 1771 2331 facere
1812 2290 1912 2332 vo-

325 2361 543 2427 luisses,
572 2363 701 2418 olim
756 2380 841 2420 me
869 2374 1014 2421 terra
1058 2367 1240 2421 vivum
1286 2367 1581 2423 absorbere
1610 2367 1906 2424 debuisset.

326 2452 435 2509 Sed
476 2469 626 2525 rogo,
658 2455 744 2525 pie
773 2456 1022 2524 Domine,
1055 2473 1123 2513 ne
1150 2466 1238 2512 tua
1275 2459 1328 2513 in
1369 2474 1457 2515 me
1483 2461 1816 2529 exspectatio
1840 2462 1912 2515 sit

323 2561 518 2613 vacua,
548 2547 620 2602 sit
649 2549 790 2617 quod
823 2549 984 2616 absit,
1030 2549 1384 2605 infructuosa.
1428 2551 1505 2606 Tu
1537 2552 1626 2623 qui
1679 2568 1786 2606 non
1828 2541 1910 2606 vis

322 2646 553 2693 mortem
595 2641 897 2709 peccatoris
927 2640 1146 2710 (Ezeclt.
1180 2658 1378 2708 χχχιιι,
1422 2642 1532 2711 ll),
1565 2644 1632 2699 da
1686 2642 1816 2698 mihi
1844 2644 1911 2698 de

321 2731 614 2800 praeteritis
648 2731 807 2785 malis
834 2733 972 2787 meis
1003 2734 1425 2805 indulgentiam;
1461 2734 1526 2790 de
1552 2736 1912 2805 praesentibus

323 2821 560 2874 concede
581 2821 1053 2890 emendationem;
1097 2824 1164 2879 de
1193 2823 1394 2880 futuris
1422 2839 1552 2883 vero
1605 2824 1801 2895 largire
1821 2827 1910 2897 ju-

319 2908 463 2978 giter
483 2910 781 2966 custodiam
804 2921 969 2983 atque
991 2913 1276 2969 cautelam.
1305 2916 1381 2969 Da
1400 2916 1573 2971 locum
1599 2926 1654 2971 et
1675 2918 1909 2988 spatium

324 2998 394 3053 ad
450 2998 644 3071 dignos
692 3003 1028 3071 poenitentia:
1072 3003 1280 3059 fructus
1325 3005 1477 3076 (Luc.
1514 3023 1601 3072 ιιι,
1628 3007 1707 3077 8).
1746 3007 1908 3078 Aperi

323 3094 511 3151 oculos
560 3097 743 3152 cordis
789 3097 892 3151 mei
936 3112 1034 3167 per
1065 3096 1327 3169 Spiritum
1357 3108 1607 3154 sanctum
1639 3108 1814 3166 tuum,
1849 3109 1911 3156 ut

323 3186 536 3242 videam
551 3196 603 3241 et
617 3187 864 3259 plangam
886 3189 1065 3244 omnia
1088 3200 1312 3260 peccata
1344 3206 1484 3246 mea.
1514 3191 1762 3258 Domine,
1781 3201 1914 3246 tem-

323 3297 422 3350 pus
451 3287 537 3334 est
566 3281 899 3351 acceptabile,
922 3290 972 3336 et
985 3282 1095 3336 dies
1118 3292 1237 3336 sunt
1261 3283 1446 3337 salutis
1486 3283 1568 3352 (II
1600 3283 1906 3351 Cor.vr,2).

323 3370 581 3425 Miserere
608 3370 738 3436 mei,
756 3371 1002 3435 Domine,
1019 3382 1160 3426 etne
1185 3373 1380 3441 perdas
1409 3387 1495 3426 me
1521 3389 1644 3429 cum
1673 3374 1911 3443 peccatis

308 3462 463 3538 _meis
485 3460 659 3535 (Prol.
691 3478 817 3527 xxv,
847 3462 926 3533 9),
954 3478 1020 3518 ne
1045 3478 1292 3520 reserves
1323 3465 1462 3519 mala
1492 3480 1610 3520 mea
1639 3465 1909 3535 punienda

325 3556 379 3611 in
407 3556 497 3612 illa
526 3556 705 3612 futura
742 3557 872 3622 vita,
909 3558 961 3611 in
991 3557 1095 3612 illis
1131 3554 1486 3613 infernalibus
1527 3559 1824 3629 suppliciis,
1854 3559 1909 3614 in

325 3648 417 3703 illo
456 3648 740 3704 tremendo
778 3648 1028 3703 examine
1087 3658 1200 3705 tuo.
1243 3650 1473 3720 Propter
1506 3666 1755 3720 magnam
1795 3650 1909 3704 cle-

324 3737 583 3792 mentiam
614 3747 758 3792 tuam
802 3737 949 3793 solve
989 3739 1233 3794 omnium
1273 3748 1621 3809 peccatorum
1663 3755 1907 3794 ineorum

324 3824 558 3891 vincula,
590 3826 903 3896 priusquam
934 3827 1002 3882 ab
1053 3828 1154 3883 hac
1180 3828 1292 3883 vita
1331 3829 1600 3899 egrediar.
1656 3829 1733 3883 Da
1775 3829 1909 3884 mihi

324 3932 422 3971 cor
441 3916 735 3973 contritum
782 3925 837 3973 et
867 3918 1229 3985 humiliatum,
1274 3920 1339 3975 da
1374 3920 1508 3974 mihi
1546 3921 1775 3991 gratiam
1827 3924 1907 3973 la-
1968 3976 1969 3979 η

325 4022 657 4079 crymarum.
689 4009 761 4064 Da
788 4009 970 4066 lumen
996 4011 1050 4066 in
1081 4012 1278 4080 corde,
1316 4011 1383 4067 da
1406 4011 1552 4067 vires
1574 4012 1627 4066 in
1660 4027 1907 4082 corpore,

326 4107 388 4155 ut
409 4115 528 4169 quae
557 4101 765 4171 agenda
796 4109 924 4157 sunt
947 4102 1183 4169 videam,
1211 4111 1265 4157 et
1292 4103 1357 4158 ad
1388 4117 1452 4157 ea
1480 4100 1764 4172 implenda,
1791 4118 1912 4172 qua:

325 4191 532 4255 videro,
586 4191 800 4247 fortiter
856 4191 1234 4248 convalescam
1280 4194 1492 4248 cunctis
1539 4193 1729 4248 diebus
1789 4194 1913 4248 vita:

328 4299 482 4340 mete.
503 4284 751 4340 Miserere
764 4284 885 4350 mei,
906 4283 1141 4363 Domine,
1154 4286 1396 4339 miserere
1407 4284 1693 4356 mei(Psal.
1710 4286 1910 4357 131,2).

2025 438 2258 505 tatibus;
2321 441 2387 495 de
2434 440 2622 497 multis
2663 442 2858 508 foveis,
2914 443 3146 514 laqueis,
3195 450 3492 519 seandalo,
3548 467 3611 513 et

2021 531 2283 601 peccatis;
2316 530 2382 587 de
2411 532 2594 588 multis
2620 533 2827 589 insidiis
2866 536 3150 593 visibilium
3174 548 3231 595 et
3260 541 3609 600 invisibilium

2023 620 2403 688 inimicorum;
2447 624 2514 679 de
2561 625 2747 681 multis
2780 626 2961 693 malis,
2992 636 3049 683 et
3084 631 3426 701 gravissimis
3468 637 3613 704 peri-
3649 650 3657 659 '

2022 713 2158 769 culis
2188 715 2460 770 hactenus
2490 716 2727 772 liberare
2758 718 3012 789 dignatus
3051 736 3130 786 es,
3165 724 3405 795 dirigens
3440 728 3610 783 mira-
3704 768 3709 773 -

2026 801 2206 859 biliter
2241 814 2297 859 et
2325 805 2756 863 misericorditer
2784 809 2952 864 vitam
2995 826 3170 868 meam
3214 815 3357 870 inter
3379 819 3607 877 adversa

2021 902 2078 949 et
2107 909 2395 965 prospera;
2435 897 2508 952 ita
2552 905 2610 951 ut
2638 914 2735 953 nec
2776 903 3005 957 adversa
3035 918 3123 958 me
3152 904 3469 974 dejicerent,
3496 889 3611 966 nec

2022 997 2283 1054 prospera
2332 986 2679 1043 extollerent.
2719 989 2954 1047 Posuisti
3005 994 3151 1049 enim
3190 996 3401 1052 frenum
3454 1008 3603 1059 tuum

2023 1074 2077 1129 in
2116 1076 2353 1130 maxillis
2396 1077 2554 1141 meis,
2588 1086 2642 1133 et
2673 1094 2779 1134 non
2817 1080 3156 1153 dereliquisti
3187 1102 3273 1140 me
3307 1089 3520 1158 penitus
3551 1091 3606 1148 in

2024 1181 2187 1245 manu
2234 1168 2448 1222 arbitrii
2488 1169 2619 1235 mei,
2671 1172 2878 1228 habens
2954 1189 3141 1230 curam
3218 1180 3323 1234 mei
3381 1190 3606 1251 paterna

2024 1258 2246 1326 pietate,
2277 1269 2329 1314 et
2356 1274 2461 1313 non
2489 1261 2815 1331 permittens
2844 1265 3077 1335 amplius
3114 1271 3311 1325 tentari
3350 1287 3510 1342 supra
3551 1274 3605 1329 id

2022 1348 2167 1419 quod
2197 1358 2389 1419 potero
2414 1351 2685 1407 sustinere
2712 1351 2764 1422 (1
2795 1352 2917 1408 Cor.
2948 1371 3003 1423 ι,
3038 1356 3147 1425 15).
3177 1357 3276 1414 Ubi
3329 1360 3479 1416 locus
3503 1363 3606 1419 fuit

2021 1443 2300 1511 peccandi,
2345 1444 2674 1514 quandoque
2699 1461 2806 1500 non
2842 1445 3250 1517 fuitvoluntas;
3287 1454 3370 1510 vel
3392 1454 3605 1525 quando

2021 1531 2293 1601 voluntas,
2326 1549 2432 1589 non
2465 1532 2568 1589 fuit
2599 1534 2767 1591 locus.

2094 1623 2178 1680 Sit
2203 1625 2384 1696 itaque
2419 1626 2513 1681 tibi
2542 1626 2691 1691 laus,
2721 1628 2792 1683 sit
2818 1628 3157 1698 benedictio,
3194 1633 3265 1687 sit
3304 1636 3605 1704 gratiarum
3666 1616 3669 1621 i

1944 1703 1990 1764 Β
2018 1716 2181 1782 actio,
2202 1715 2427 1774 Domine
2447 1719 2587 1774 Deus
2614 1734 2790 1787 meus,
2810 1735 2908 1789 pro
2939 1721 3211 1777 universis
3238 1703 3345 1779 tuis
3370 1727 3525 1781 donis
3546 1735 3605 1785 ct

2016 1809 2173 1875 datis,
2201 1810 2362 1880 237
2402 1820 2458 1865 et
2486 1826 2586 1882 pro
2621 1813 2873 1868 omnibus
2895 1813 3175 1869 beneficiis
3198 1816 3323 1883 tuis,
3346 1833 3465 1887 quae
3486 1806 3608 1877 ani-1

2015 1917 2117 1956 mre
2140 1912 2196 1956 et
2221 1903 2436 1971 corpori
2477 1917 2600 1958 meo
2636 1904 2885 1975 largiris,
2912 1914 2969 1961 et
3022 1922 3241 1978 semper
3270 1908 3499 1981 largitus
3546 1924 3609 1967 es

2014 1993 2084 2048 ab
2114 1994 2245 2063 ipsis
2269 1994 2574 2058 cunabulis,
2600 2011 2700 2064 pro
2729 1997 2927 2066 pietate
2957 2008 3069 2065 tua,
3099 2010 3154 2055 et
3182 2002 3447 2068 bonitate,
3484 2005 3607 2060 nul-

2013 2086 2081 2142 lis
2103 2087 2237 2143 meis
2265 2088 2474 2143 meritis
2495 2089 2835 2158 exigentibus
2853 2131 2867 2154 ,
2902 2091 3010 2146 imo
3037 2094 3277 2162 peccatis
3306 2097 3444 2151 meis
3474 2112 3605 2167 gra-

1988 2179 2252 2235 vissimis
2280 2194 2386 2235 non
2424 2180 2785 2236 obstantibus.
2833 2180 2938 2236 Sed
2969 2198 3124 2254 rogo,
3175 2183 3424 2253 Domine,
3473 2202 3605 2259 rogo

2014 2285 2081 2327 ne
2101 2272 2249 2326 sinas
2276 2287 2363 2326 me
2398 2272 2669 2342 ingratum
2696 2287 2817 2327 esse
2848 2274 3011 2329 tantis
3034 2275 3335 2343 beneﬁciis,
3361 2288 3418 2334 et
3465 2279 3607 2334 iudi-

2013 2377 2177 2435 gnum
2208 2373 2318 2415 tam
2351 2362 2537 2417 multis
2592 2362 3056 2420 miserationibus.
3097 2365 3214 2422 Non
3270 2370 3434 2435 mihi,
3497 2386 3603 2425 non

2002 2451 2245 2517 diabolo,
2275 2468 2380 2507 non
2412 2454 2632 2518 mundo,
2656 2469 2763 2508 non
2804 2456 2963 2510 alicui
2998 2471 3200 2524 rerum,
3247 2474 3353 2514 non
3385 2461 3607 2517 cuilibet

2012 2542 2294 2599 hominum
2325 2544 2484 2600 liccat
2508 2545 2562 2599 in
2588 2559 2674 2599 me
2696 2553 2791 2601 tua
2816 2547 2959 2601 dona
3008 2551 3341 2616 subvertere,
3370 2554 3494 2622 quia
3519 2562 3600 2608 to-

2016 2641 2127 2687 tum
2158 2643 2238 2690 est
2265 2633 2459 2706 fragile
2494 2635 2756 2707 quidquid
2787 2636 2881 2692 tibi
2912 2638 3107 2693 nititur
3135 2641 3377 2697 obviare.
3428 2643 3599 2711 Pone,

2012 2742 2196 2797 quaeso
2221 2768 2235 2791 ,
2264 2729 2438 2799 magis
2470 2730 2749 2801 magisque
2806 2730 3019 2786 frenum
3081 2743 3231 2788 tuum
3285 2736 3338 2788 in
3371 2737 3604 2793 maxillis

2013 2820 2170 2884 meis,
2201 2829 2257 2876 et
2286 2822 2441 2876 trahe
2468 2836 2555 2876 me
2570 2831 2700 2892 post
2724 2830 2777 2878 te
2814 2832 3072 2894 tanquam
3110 2835 3449 2881 mansuetum
3481 2828 3601 2882 ani-

2013 2908 2141 2975 mal,
2168 2909 2219 2963 in
2265 2910 2412 2965 nullo
2439 2911 2543 2966 tuis
2582 2910 2923 2980 jussionibus
2973 2913 3445 2984 recalcitrantem,
3508 2918 3604 2973 sed

2013 2999 2174 3070 plano
2200 3001 2593 3071 moderatoque
2621 3003 2838 3057 incessu
2873 3015 2922 3058 te
2956 3004 3243 3059 Dominum
3278 3022 3453 3061 meum
3478 3023 3605 3077 por-

2016 3099 2236 3155 tantem,
2257 3102 2314 3146 et
2340 3092 2601 3147 voluntati
2632 3101 2734 3147 tua:
2764 3093 2816 3148 in
2843 3095 3095 3149 omnibus
3122 3098 3601 3166 obtemperantem.

1978 3250 1981 3251 ν
2011 3183 2227 3249 Excita,
2260 3182 2513 3248 Domine,
2537 3193 2809 3252 torporem
2841 3201 3019 3239 meum
3038 3186 3145 3239 tuis
3162 3187 3413 3250 stimulis,
3437 3197 3492 3241 et
3514 3176 3599 3242 fac

2011 3290 2099 3330 mc
2129 3283 2241 3330 toto
2268 3275 2434 3330 corde
2462 3283 2679 3343 totaque
2709 3275 2907 3331 virtute
2929 3290 3173 3345 quaerere
3227 3277 3421 3332 faciem
3453 3286 3602 3333 tuam

2011 3364 2223 3420 cunctis
2259 3364 2449 3419 diebus
2484 3365 2609 3418 vitm
2637 3379 2787 3419 mere.
2829 3367 3059 3421 Attrahe
3091 3381 3179 3421 me
3220 3368 3288 3421 ad
3314 3375 3366 3421 te
3387 3407 3400 3432 ,
3434 3368 3606 3424 virtus

2011 3453 2203 3510 salutis
2243 3463 2466 3519 nostrae,
2495 3454 2660 3521 Deus,
2691 3454 2846 3509 freno
2880 3456 3117 3525 potentis
3161 3458 3348 3527 gratiae
3398 3465 3524 3526 tum,
3550 3466 3607 3512 et

2012 3562 2118 3601 non
2145 3547 2293 3602 sinas
2318 3561 2404 3601 me
2431 3546 2649 3617 propria
2691 3546 2967 3602 voluntate
3014 3549 3069 3602 in
3106 3549 3339 3603 arbitrio
3380 3552 3602 3619 pmpr'o

2012 3637 2249 3706 evagari.
2296 3636 2589 3707 Imaginem
2618 3646 2765 3692 tuam
2790 3653 2897 3693 non
2918 3638 3066 3692 sinas
3092 3638 3144 3692 in
3168 3653 3255 3693 me
3279 3640 3596 3706 obscurari;

2011 3743 2132 3798 quae
2153 3729 2197 3783 si
2240 3736 2291 3782 te
2318 3735 2614 3797 prmstantc
2633 3727 2983 3794 defendatur,
3005 3744 3221 3798 semper
3245 3731 3482 3800 egregia,
3508 3746 3604 3785 no-

2008 3820 2136 3875 bilis
2164 3829 2217 3874 et
2245 3820 2528 3888 perspicua
2556 3829 2662 3874 est.
2698 3819 2975 3885 Miserere,
3003 3820 3249 3886 Domine,
3275 3822 3381 3875 mei
3409 3822 3603 3879 miser-

2011 3909 2135 3963 rimi
2158 3918 2215 3965 et
2240 3908 2442 3980 indigni
2474 3910 2620 3965 servi
2654 3910 2768 3975 tui,
2800 3910 2925 3979 quia
2956 3925 3061 3964 non
3092 3926 3210 3964 sum
3271 3913 3412 3967 sicut
3445 3913 3603 3967 innu-

2012 4002 2147 4057 meri
2178 4010 2235 4056 et
2261 4001 2586 4071 multiplices
2613 4000 2800 4056 famuli
2853 4002 2953 4067 tui,
2980 4002 3072 4070 qui
3104 4001 3198 4056 tibi
3236 4002 3305 4056 ab
3351 4002 3480 4072 ipsis
3501 4019 3599 4058 cu-

2011 4095 2228 4149 nabulis
2264 4093 2613 4150 devotissime
2661 4092 2998 4159 servierunt;
3036 4108 3141 4149 non
3191 4093 3334 4149 sicut
3386 4094 3460 4148 illi
3506 4095 3601 4164 qui

2011 4196 2134 4259 post
2172 4187 2385 4258 publica
2416 4186 2613 4257 ﬂagitia
2641 4186 2971 4257 paenitendo.
2999 4186 3092 4241 tibi
3140 4195 3455 4242 meruerunt
3481 4201 3601 4243 esse

2014 4281 2214 4336 devoti.
2247 4279 2364 4336 Non
2390 4296 2512 4336 sum
2547 4280 2689 4335 sicut
2718 4279 2990 4334 nonnulla:
3015 4278 3337 4335 Christiana:
3388 4279 3603 4335 femina

329 4377 446 4431 Non
473 4378 758 4446 permittas
786 4376 933 4433 hanc
971 4376 1206 4432 animam
1254 4378 1635 4447 peccatricem,
1682 4393 1779 4447 pro
1804 4393 1908 4447 qua
1937 4386 1989 4449 ι)
2014 4376 2148 4431 viris
2177 4376 2482 4446 conjuncta:
2521 4391 2641 4445 qum
2663 4375 2757 4429 tibi
2781 4374 3024 4429 serviunt
3051 4373 3105 4427 in
3144 4373 3352 4428 actibus
3389 4373 3601 4428 miseri-

327 4478 384 4523 et
420 4467 571 4522 nasci
593 4467 660 4523 de
681 4467 922 4537 Virgine,
957 4473 1013 4522 et
1049 4466 1187 4521 mori
1234 4465 1287 4520 in
1322 4480 1486 4521 cruce
1526 4467 1777 4537 dignatus
1817 4481 1904 4535 es;

329 4575 435 4614 non
478 4557 690 4626 iubeas,
732 4571 938 4626 qumso,
986 4556 1229 4626 separari
1283 4570 1403 4611 eam
1448 4555 1516 4611 ab
1554 4556 1658 4610 hoc
1695 4556 1909 4611 mortali

327 4665 558 4719 corpore
586 4649 908 4720 priusquam
941 4662 1029 4703 me
1059 4646 1228 4703 facias
1254 4640 1411 4718 plene
1435 4657 1491 4702 et
1521 4646 1759 4717 perfecte
1792 4663 1909 4717 pte-

326 4743 526 4807 nitere,
557 4751 613 4797 et
650 4741 908 4813 plangere
951 4740 1133 4795 omnia
1160 4747 1379 4811 peccata
1427 4755 1543 4795 mea
1576 4754 1911 4811 quaecunque

327 4835 411 4906 egi
458 4842 581 4904 post
621 4834 949 4905 baptismum
993 4834 1062 4889 ab
1106 4833 1238 4903 ipsis
1269 4832 1556 4888 cunabulis
1606 4833 1762 4896 meis,
1798 4833 1912 4888 sive

328 4927 568 4982 scienter
587 4934 642 4982 et
671 4922 1130 4990 nescienter,sive
1153 4923 1407 4993 superbe,
1432 4922 1513 4978 vel
1543 4924 1908 4994 negligenter;

329 5021 404 5077 ita
430 5030 484 5075 ut
518 5021 570 5075 in
602 5019 688 5075 die
716 5019 898 5074 exitus
925 5016 1052 5080 mei,
1078 5016 1388 5072 emundatis
1418 5015 1631 5070 dilectis
1658 5014 1912 5069 omnibus

327 5121 384 5168 et
412 5114 549 5167 bene
579 5111 842 5167 correctis
891 5109 1155 5177 moribus,
1194 5094 1439 5163 securus
1464 5116 1522 5162 et
1562 5108 1804 5178 gaudens
1826 5107 1911 5161 vi-

329 5202 486 5257 deam
537 5202 906 5258 dulcissimam
947 5208 1003 5255 et
1037 5199 1460 5270 pulcherrimam
1511 5199 1705 5254 faciem
1765 5208 1912 5253 tuam

329 5308 454 5348 cum
493 5292 676 5348 lzetitia
727 5302 782 5347 et
807 5291 1171 5348 exsultatione
1225 5300 1448 5360 propter
1489 5299 1636 5345 tuam
1686 5290 1911 5345 nimiam

331 5379 763 5442 misericordiam
796 5394 851 5440 et
878 5384 1197 5439 bonitatem.
1360 5383 1368 5391 ‘

400 5474 620 5532 Gratias
648 5475 743 5531 tibi
773 5491 873 5546 ago
902 5475 1098 5529 iterum
1128 5474 1457 5542 iterumque,
1484 5472 1829 5542 omnipotens
1857 5482 1913 5527 et

332 5566 644 5623 misericors
691 5567 925 5633 Christe,
981 5566 1073 5636 qui
1148 5565 1474 5620 immeritam
1562 5562 1912 5634 exiguitatem

336 5677 510 5718 meam
524 5669 745 5733 propter
768 5671 843 5730 te,
863 5670 916 5717 et
941 5674 1136 5717 nomen
1163 5666 1411 5716 sanctum
1436 5666 1610 5726 tuum,
1636 5658 1704 5714 de
1728 5656 1913 5713 multis

2013 4470 2213 4524 cordia;
2262 4483 2384 4523 cum
2409 4483 2618 4521 summa
2667 4467 2974 4522 devotione.
3021 4466 3138 4520 Non
3188 4481 3307 4520 sum
3357 4466 3498 4521 sicut
3547 4476 3603 4522 et

2013 4561 2166 4617 multi
2199 4561 2415 4615 illorum
2444 4560 2536 4629 qui
2581 4559 2633 4612 in
2666 4559 2837 4613 oculis
2866 4558 3145 4611 hominum
3203 4566 3463 4628 tanquam
3495 4558 3599 4612 ini-

2013 4653 2104 4723 qui
2145 4660 2200 4706 et
2223 4651 2466 4721 perversi
2495 4665 2614 4705 esse
2646 4650 2934 4715 videntur,
2973 4648 3068 4703 sed
3123 4648 3292 4703 multo
3339 4650 3500 4704 aliter
3544 4664 3605 4705 se

2014 4742 2214 4797 habent
2252 4742 2305 4795 in
2320 4750 2610 4810 conspectu
2637 4749 2727 4793 tuo
2758 4757 2769 4792 :
2810 4738 2886 4792 Tu
2913 4740 3051 4792 enim
3078 4738 3220 4792 solus
3270 4739 3406 4792 nosti
3442 4739 3604 4793 corda

2014 4831 2244 4902 ﬁliorum
2274 4831 2543 4886 hominum
2573 4828 2658 4901 (II
2692 4829 2817 4883 Par.
2845 4811 2920 4896 vi,
2944 4830 3060 4900 50).
3118 4828 3176 4883 Si
3207 4828 3333 4898 quid
3398 4839 3601 4893 tamen,

2015 4926 2263 4992 Domine,
2290 4924 2414 4979 boni
2451 4923 2614 4988 facio,
2642 4930 2735 4976 aut
2758 4920 2962 4986 fecero,
2991 4931 3081 4977 tua
3104 4922 3276 4991 gratia
3301 4920 3566 4989 largiente
3584 4959 3603 4986 ,

2013 5032 2123 5088 quo
2152 5017 2255 5070 fine
2288 5017 2389 5070 hoc
2420 5014 2615 5070 faciam
2634 5054 2648 5078 ,
2679 5028 2854 5085 quave
2881 5013 3222 5068 districtione
3250 5027 3279 5065 a
3331 5020 3384 5065 te
3410 5024 3602 5079 pense-

2018 5117 2129 5174 tur,
2159 5109 2366 5179 ignoro.
2400 5106 2570 5169 Unde,
2612 5103 2753 5159 Deus
2785 5102 3032 5157 terribilis
3066 5103 3120 5155 in
3167 5099 3401 5154 consiliis
3447 5115 3600 5168 super

2014 5198 2151 5268 filios
2176 5198 2443 5251 [taurinum
2476 5193 2647 5268 (I’sal.
2689 5208 2824 5259 va,
2852 5193 2933 5262 5),
2957 5201 3102 5246 tuam
3134 5200 3374 5245 sanctam
3419 5198 3475 5243 et
3505 5189 3593 5243 im.

2016 5305 2260 5346 mensam
2285 5293 2506 5358 supplex
2537 5295 2593 5343 et
2652 5285 2881 5340 multum
2927 5293 3167 5337 tremens
3203 5280 3466 5351 deprecor
3493 5279 3601 5334 cle-

2015 5381 2296 5445 mentiam,
2322 5390 2381 5434 nt
2407 5381 2499 5450 qui
2528 5378 2798 5434 neminem
2824 5373 2906 5428 vis
2932 5373 3131 5443 perire,
3169 5372 3261 5426 sed
3280 5382 3469 5425 omnes
3491 5369 3601 5425 sal-

2015 5487 2112 5529 vos
2134 5472 2313 5528 facere
2336 5471 2386 5545 (1
2412 5472 2546 5527 Tim.
2574 5488 2637 5538 ιι,
2658 5472 2735 5539 4),
2763 5485 2866 5525 non
2891 5483 2977 5524 me
2999 5465 3339 5535 derelinquas
3361 5462 3416 5518 in
3438 5476 3607 5518 mann

2014 5565 2227 5620 consilii
2277 5566 2406 5632 mei,
2448 5579 2625 5635 neque
2660 5563 2714 5617 in
2745 5561 2947 5634 judicio
3001 5557 3212 5612 arbitrii
3259 5555 3390 5623 mei,
3428 5565 3606 5624 neque

2018 5658 2073 5713 in
2103 5666 2375 5729 potestate
2402 5667 2496 5712 aut
2527 5654 2826 5711 tentatione
2855 5653 3155 5710 daemonum
3176 5691 3191 5718 ,
3229 5660 3405 5721 neque
3433 5646 3489 5706 in
3510 5659 3600 5703 ere
