3884 6052
314 215 421 269 803

642 210 702 265 S.
754 209 1055 265 A‘NSELMI
1084 204 1437 262 CANTUAR.
1478 200 1795 258 ARCHIEP.
1823 200 1972 256 OPP.
2007 198 2187 253 PARS
2226 198 2287 250 ll.
2328 225 2399 236 —
2434 194 2802 249 PAIUENE'I.
2839 193 2918 247 E'l
2966 192 3207 248 ASCET.

3497 161 3633 245 eos

314 323 690 395 rantejudicio
730 332 824 379 aut
854 317 1276 378 noxiuconsilio
1302 315 1587 372 hominum
1615 354 1630 380 ,
1659 313 1754 369 sed
1804 327 1902 384 pro
1930 317 1976 375 Α
2006 309 2308 381 intelligens
2333 307 2561 372 habere,
2607 303 2913 360 mirandum
2960 312 3044 358 est
3094 309 3151 357 et
3172 299 3398 356 multum
3420 299 3638 358 obstu-

316 420 563 474 bonitate
584 432 648 472 ac
676 415 876 487 pietate
906 424 1021 479 tua,
1045 412 1199 482 juxta
1231 424 1387 466 suam
1427 406 1899 477 benignissimum,

320 524 447 580 quae
473 507 629 563 insui
659 504 1007 574 dispositione
1053 500 1162 555 falli
1207 514 1315 555 non
1365 505 1567 569 potest,
1611 495 1905 566 providen-

320 599 478 661 tiam,
499 597 720 664 dispone
750 593 838 648 hic
862 602 917 648 et
965 592 1189 662 ubique,
1242 604 1386 646 nunc
1415 596 1472 643 et
1514 601 1761 657 semper,
1790 584 1910 641 dies

320 690 451 744 vita:
489 701 623 742 mea:
648 686 703 740 in
742 683 1080 755 beneplacito
1109 692 1221 750 tuo,
1252 690 1308 737 et
1328 680 1498 752 dirige
1520 694 1619 749 per
1648 676 1911 748 Spiritum

322 790 574 835 sanctum
621 788 772 833 tuum
803 792 918 843 cor,
950 776 1211 846 linguam,
1242 781 1503 843 actusque
1541 785 1693 825 meos
1716 783 1913 824 secun-

322 873 450 927 dum
479 870 808 925 voluntatem
841 876 988 921 tuam
1012 867 1067 921 in
1102 875 1191 921 tua
1227 863 1598 919 misericordia
1627 868 1689 915 ut
1719 867 1771 914 te
1794 874 1914 914 rec-

323 976 462 1028 tore,
494 971 550 1016 te
573 964 710 1016 duce
738 960 827 1014 illa
857 972 1072 1028 semper
1099 957 1345 1012 studeam
1374 954 1615 1025 cogitare
1638 993 1654 1019 ,
1683 949 1826 1020 loqui
1856 959 1917 1004 et

321 1069 483 1126 agerc
511 1068 633 1122 quae
659 1051 752 1106 tibi
776 1051 1028 1121 placent,
1054 1064 1149 1119 per
1170 1047 1401 1119 gratiam
1450 1055 1596 1100 tuam
1626 1045 1679 1098 in
1708 1043 1916 1098 verita-

325 1158 419 1213 te;
459 1153 513 1200 et
551 1158 639 1200 me
662 1145 879 1197 tandem
913 1140 979 1195 ad
1007 1140 1175 1195 vitam
1216 1138 1519 1209 perducant
1554 1144 1841 1199 aeternam,
1869 1140 1922 1188 te

322 1237 624 1291 miserante
653 1241 708 1289 et
756 1232 1009 1296 donante,
1066 1228 1157 1300 qui
1191 1243 1252 1283 es
1303 1226 1528 1298 largitor
1558 1224 1799 1280 omnium
1822 1224 1921 1278 bo-

324 1343 542 1393 uorum,
572 1335 628 1380 et
649 1325 740 1396 qui
763 1339 823 1378 es
848 1324 987 1378 Deus
1017 1321 1335 1377 benedictus
1376 1334 1501 1374 cum
1531 1316 1695 1372 Patre
1720 1322 1774 1371 et
1802 1312 1925 1384 Spi-

325 1420 433 1475 ritu
460 1425 652 1473 sancto
674 1415 726 1469 in
755 1413 950 1470 saecula
980 1411 1324 1467 saeculorum.
1373 1413 1567 1464 Amen.

825 1504 1199 1561 MEDITATIO
1240 1500 1457 1557 XlX'm.

226 1598 234 1605 ’
326 1600 406 1656 De
428 1599 707 1654 dulcedine
745 1598 942 1651 divina:
992 1596 1315 1664 mujestatis,
1346 1603 1395 1647 et
1441 1595 1506 1646 de
1545 1591 1667 1646 aliis
1723 1590 1925 1645 multis.

2008 399 2336 472 pescendum
2373 396 2646 469 quomodo
2672 409 2908 465 unquam
2935 394 3106 464 ipsius
3141 392 3501 451 obliviscatur
3527 391 3638 450 cui

2017 490 2350 563 complacuit
2383 489 2486 546 sibi
2513 487 2696 544 omnia
2721 487 2825 542 ista
2855 487 3007 541 dare.

2080 585 2125 641 ll
2185 583 2278 637 ⁷⁷⁸.
2330 581 2599 649 Quantum
2648 581 2803 634 homo
2852 578 2916 632 ab
2962 576 3170 631 nomine
3213 573 3517 646 diligatur;
3576 583 3637 628 et

2016 692 2180 746 quare
2210 674 2353 729 Deus
2383 672 2500 743 plus
2529 669 2710 725 debeat
2743 668 2915 738 diligi,
2951 682 3111 737 quant
3133 665 3324 736 aliquis
3360 664 3634 719 homo.—

2013 769 2083 802 ""
2116 766 2289 822 Homo
2323 766 2505 833 itaque
2548 761 2641 827 ⁷⁷⁸,
2674 761 2761 817 cui
2785 760 2853 820 ab
2883 758 2989 814 alio
3009 757 3229 813 homine
3268 755 3487 825 aliquod
3515 755 3639 809 bo-

2016 873 2146 914 num
2170 858 2224 912 in
2238 856 2341 912 hoc
2364 851 2565 909 saeculo
2603 852 2788 917 datur,
2806 849 3004 919 saepius
3027 860 3134 903 tam
3155 845 3526 904 ferventer'”
3564 847 3646 899 il-

2018 949 2128 1004 lum
2142 940 2548 1019 soletdiligere,
2571 945 2664 1015 qui
2680 942 2783 998 sibi
2818 941 2889 974 ⁷⁸⁸
2905 941 3007 997 hoc
3030 940 3229 995 bonum
3246 937 3394 1003 fecit,
3425 937 3637 1009 sicque

2015 1042 2221 1113 iugiter
2245 1056 2303 1097 se
2331 1047 2664 1111 praesentare
2692 1036 2746 1091 in
2776 1034 2894 1104 ejus
2957 1032 3283 1102 obsequium
3326 1030 3424 1097 πί,
3460 1039 3525 1085 ιιι
3580 1030 3637 1085 si

2023 1153 2187 1193 causa
2210 1135 2354 1190 illius
2382 1130 2747 1188 benefactoris
2784 1129 2898 1184 suis
2943 1126 3150 1198 exigat,
3184 1134 3414 1180 mortem
3450 1124 3633 1178 etiam

2025 1228 2223 1298 saepius
2270 1225 2552 1281 incurrere
2577 1237 2675 1294 pro
2698 1221 2789 1276 illo
2817 1236 2926 1277 non
2978 1217 3275 1275 metuat'“
3303 1234 3318 1283 ;
3349 1225 3405 1272 et
3434 1225 3633 1272 tamen

2029 1320 2261 1385 nullum,
2292 1317 2435 1388 quod
2476 1330 2715 1387 unquam
2774 1313 3011 1370 homoin
3041 1312 3146 1367 hoc
3205 1310 3401 1367 szeculo
3447 1310 3639 1380 possit

2029 1414 2254 1475 habere,
2285 1410 2369 1466 vel
2392 1409 2537 1480 quod
2567 1408 2711 1463 alius
2736 1406 2810 1439 ’⁸³
2835 1405 2925 1460 alii
2953 1405 3127 1476 possit
3146 1403 3296 1469 dare,
3329 1401 3511 1457 nullus
3537 1410 3636 1456 est

2031 1511 2140 1557 tam
2156 1501 2307 1571 parvi
2322 1514 2513 1556 sensus
2526 1499 2616 1567 qui
2639 1512 2743 1553 non
2760 1495 3022 1565 intelligat
3038 1508 3214 1549 senon
3230 1493 3283 1548 in
3297 1501 3633 1562 perpetuum

2032 1593 2298 1657 retinere,
2325 1588 2528 1656 sed,vel
2551 1596 2840 1659 antequam
2864 1585 2986 1641 linis
3011 1585 3061 1640 ei
3087 1584 3318 1648 eveniat,
3343 1583 3425 1637 vel
3440 1583 3484 1639 si
3512 1598 3631 1638 non

413 1693 457 1748 Ι.
490 1692 786 1746 Admiratio
827 1691 891 1743 de
926 1687 1181 1757 ine/rabili
1211 1688 1438 1741 bonitate
1461 1685 1756 1753 Creatoris,
1786 1694 1833 1738 et
1863 1684 1927 1738 de
1959 1683 2001 1743 Β
2030 1682 2385 1748 ante,sa|tem
2414 1691 2542 1736 tunc
2556 1677 2879 1735 cumtinisei
2907 1675 3205 1741 advenerit,
3229 1674 3506 1731 dimittere
3527 1675 3631 1727 ⁷⁸⁸.

329 1802 524 1856 magna
576 1784 790 1838 miseria
843 1781 1003 1835 creati
1049 1780 1295 1833 hominis.
1337 1807 1408 1818 -—
1446 1777 1582 1831 Dum
1642 1775 1928 1832 considero

334 1877 465 1947 quid
502 1876 569 1931 sit
629 1876 790 1938 Deus,
842 1887 1003 1942 quam
1064 1870 1235 1926 dulcis
1281 1879 1511 1935 natura,
1566 1881 1728 1938 quam
1778 1880 1927 1920 ama-

334 1969 482 2033 bilis,
534 1982 697 2037 quam
758 1967 920 2028 bona,
980 1977 1145 2033 quam
1197 1960 1507 2027 inell'abilis,
1561 1975 1723 2030 quam
1753 1957 1927 2014 admi—

331 2057 544 2124 rabilis,
576 2064 836 2125 quantum
896 2053 965 2107 ab
1023 2051 1170 2107 omni
1235 2059 1484 2106 creatura
1518 2049 1824 2105 veneranda
1872 2055 1929 2103 et

328 2150 628 2215 adoranda,
647 2158 702 2203 et
726 2148 923 2203 iterum
947 2145 1106 2200 video
1132 2151 1187 2199 et
1217 2143 1457 2215 intelligo
1487 2143 1613 2213 quid
1642 2143 1715 2197 sit
1741 2142 1926 2208 homo,

330 2258 495 2314 quem
526 2243 641 2311 ipse
667 2241 807 2295 Deus
836 2238 968 2295 fecit
992 2239 1060 2294 ad
1106 2238 1394 2308 imaginem
1421 2248 1476 2293 et
1517 2236 1926 2292 similitudinem

342 2351 526 2400 suam,
559 2349 829 2405 quemque
856 2341 1118 2402 praeterea
1143 2331 1216 2363 ⁷⁸⁸
1250 2330 1408 2385 talem
1441 2330 1671 2392 ereavit,
1698 2335 1759 2384 ut
1785 2328 1928 2391 sicut

337 2440 553 2496 semper
581 2425 636 2478 in
667 2439 727 2479 se
777 2421 1109 2492 exprimeret
1138 2420 1427 2490 imaginem
1474 2417 1752 2474 Creatoris
1791 2416 1876 2472 sui
1907 2432 1922 2482 ;

332 2517 412 2573 sic
439 2530 657 2585 semper
682 2515 735 2569 in
778 2513 1039 2568 memoria
1091 2511 1321 2566 haberet
1360 2509 1693 2565 voluntatem
1725 2507 1843 2578 ejus
1872 2515 1928 2564 et

331 2605 696 2671 dilectionem,
715 2603 805 2672 qui
830 2617 954 2656 eum
980 2601 1052 2634 '“
1079 2599 1238 2656 talem
1258 2599 1485 2664 creavit,
1506 2600 1676 2654 miror
1697 2598 1925 2653 multum

337 2705 396 2749 et
420 2696 746 2763 obstupesco
772 2702 827 2747 et
858 2692 924 2746 de
952 2689 1310 2745 intestimabili
1345 2690 1586 2745 bonitate
1635 2687 1731 2744 Dei
1772 2702 1927 2743 crea-

336 2789 491 2853 toris,
526 2795 582 2840 et
611 2787 678 2841 de
700 2800 894 2856 magna
924 2782 1141 2838 miseria
1182 2781 1358 2839 creati
1386 2782 1641 2837 hominis.

405 2880 483 2936 De
505 2877 763 2935 inell‘abili
819 2877 1065 2933 bonitate
1088 2875 1185 2932 Dei
1216 2876 1386 2931 miror
1417 2876 1581 2946 quod,
1609 2888 1732 2930 cum
1756 2874 1827 2906 ⁷⁸⁷
1857 2873 1927 2930 sit

336 2974 453 3042 ipse
479 2971 1043 3042 omnipotentissimus
1072 2977 1128 3025 et
1153 2966 1510 3037 iustissimus,
1536 2966 1742 3038 patitur
1761 2967 1926 3023 homi-

336 3079 463 3119 nem
488 3063 570 3118 vel
604 3062 671 3116 ad
711 3062 1111 3128 horamvivere,
1140 3078 1299 3133 quem
1322 3068 1607 3131 prepterea
1628 3061 1796 3117 voluit
1818 3069 1929 3115 tam

338 3154 709 3212 honorabilem
738 3170 928 3211 creare
965 3155 1039 3187 ⁷⁸³
1073 3165 1132 3209 ut
1165 3156 1309 3210 sicut
1347 3155 1466 3224 ipse
1496 3154 1659 3209 homo
1684 3155 1925 3209 honora—

336 3248 501 3306 bilior
519 3256 665 3304 esset
687 3247 900 3303 caneris
929 3246 1000 3279 ⁷⁸⁸
1031 3247 1318 3311 creaturis,
1364 3245 1734 3300 honorabilius
1759 3254 1928 3301 estte-

335 3341 417 3396 ris
447 3339 714 3395 creaturis
739 3338 947 3392 viveret
1004 3352 1222 3407 semper
1245 3336 1543 3391 secundum
1593 3334 1927 3391 voluntatem

336 3431 423 3487 sui
445 3429 725 3485 Creatoris
757 3445 769 3481 :
799 3438 856 3482 et
902 3427 1018 3496 ipse
1059 3426 1399 3482 miserrimus
1427 3431 1485 3478 et
1529 3422 1932 3482 infelicissimus

339 3538 442 3595 per
459 3519 790 3576 contrarium
821 3519 952 3589 agit,
977 3518 1141 3588 quod,
1159 3533 1282 3573 cum
1310 3531 1502 3573 omnes
1526 3515 1645 3571 aliae
1669 3526 1937 3573 creatura

344 3626 562 3682 semper
588 3609 920 3665 concordent
939 3623 1061 3664 cum
1083 3607 1358 3663 voluntate
1386 3606 1668 3665 Creatoris
1684 3609 1788 3673 sui,
1817 3609 1934 3678 ipse

344 3717 563 3774 semper
584 3700 813 3757 autfere
845 3716 1060 3772 semper
1109 3701 1179 3734 ""°
1237 3701 1441 3757 resistit
1467 3701 1609 3758 illius
1647 3702 1933 3757 voluntati.

349 3796 427 3851 De
459 3794 723 3849 immensa
753 3806 882 3848 vero
905 3791 1126 3847 miseria
1179 3791 1415 3847 hominis
1439 3793 1611 3848 miror
1663 3792 1934 3863 quomodo

345 3901 568 3943 sensum
589 3886 670 3941 sic
690 3885 761 3918 ’τί
800 3886 1067 3958 perditum
1095 3884 1292 3941 habeat
1313 3924 1330 3952 ,
1370 3885 1450 3940 sic
1469 3884 1624 3955 quasi
1652 3898 1817 3955 pecus
1838 3884 1933 3951 "",

344 3980 489 4050 quod
517 3993 736 4034 sensum
765 3992 872 4032 non
899 3978 1082 4043 habet,
1112 3978 1280 4044 vivat,
1315 3985 1377 4031 ut
1427 3977 1501 4009 ⁷⁷³
1529 3991 1767 4047 unquam
1797 3975 1933 4032 obli-

344 4071 586 4127 viscatur
621 4070 898 4127 Creatoris
939 4068 1023 4125 sui
1079 4069 1171 4139 qui
1235 4068 1319 4123 sui
1362 4068 1433 4101 ⁷⁷⁸
1471 4068 1640 4139 ipsius
1693 4083 1800 4125 non
1837 4082 1935 4139 po-

345 4171 455 4219 test
482 4163 751 4219 oblivisci.
782 4162 941 4228 Puto,
988 4161 1092 4217 nisi
1150 4161 1373 4217 insanus
1398 4161 1489 4228 sit,
1537 4176 1811 4233 nunquam
1848 4163 1933 4218 sui

346 4252 516 4323 ipsius
544 4262 629 4308 est
672 4254 959 4308 immemor
1001 4251 1111 4317 7";
1147 4259 1341 4306 utnon
1383 4250 1649 4322 intelligat
1682 4267 1742 4307 se
1789 4267 1930 4319 esse,

2099 1793 2253 1862 Quod
2283 1790 2569 1849 veroDeus
2599 1789 2803 1845 homini
2836 1789 2889 1843 in
2912 1788 3016 1843 hoc
3038 1786 3237 1842 saeculo
3258 1786 3371 1851 dat,
3398 1793 3493 1839 aut
3517 1784 3634 1841 tale

2030 1883 2278 1956 estquod
2327 1896 2601 1952 nunquam
2650 1879 2885 1944 amittat,
2928 1887 2985 1932 et
3028 1892 3301 1947 nunquam
3344 1876 3393 1931 ei
3426 1875 3633 1945 aliqu's

2030 1976 2245 2032 auferat
2266 1983 2358 2029 aut
2384 1972 2488 2028 tale
2521 1982 2629 2037 est,
2653 1978 2713 2025 ut
2741 1969 2811 2002 ⁷³⁸
2864 1969 3078 2024 etiamsi
3123 1969 3287 2023 homo
3340 1967 3470 2022 illud
3500 1983 3635 2038 per-

2030 2069 2142 2136 dat,
2169 2080 2266 2139 per
2294 2064 2422 2121 illud
2449 2072 2627 2119 tamen
2652 2062 2948 2133 promereri
2980 2060 3148 2131 possit
3190 2059 3284 2124 ⁷⁸⁸,
3308 2058 3461 2113 ﬁnita
3486 2073 3634 2127 pite-

2030 2159 2330 2224 sentivita,
2358 2159 2489 2214 utin
2517 2165 2779 2211 :eternum
2809 2152 2881 2208 sit
2922 2167 3043 2207 cum
3104 2149 3365 2205 Creatore
3416 2163 3515 2204 suo
3566 2148 3626 2202 in

2028 2251 2187 2308 beata
2212 2249 2346 2305 vita.
2392 2249 2496 2304 Dat
2540 2255 2725 2302 autem
2758 2244 2901 2299 Deus
2961 2240 3167 2297 homini
3198 2242 3396 2311 saspius
3440 2240 3494 2294 in
3523 2239 3632 2294 hoc

2030 2342 2231 2399 saeculo
2277 2339 2575 2397 secundum
2647 2336 2913 2392 rationem
2972 2333 3158 2389 vivere
3185 2341 3241 2389 et
3303 2331 3627 2388 Creatorem

2030 2447 2212 2500 suum,
2231 2430 2495 2500 sicutipse
2514 2426 2757 2499 praecipit
2779 2433 2835 2481 et
2850 2425 3057 2496 justum
3084 2433 3191 2490 est,
3208 2422 3460 2492 diligere,
3486 2436 3628 2493 prae-

2030 2526 2203 2595 ceptis
2252 2522 2371 2593 ejus
2402 2524 2520 2578 sine
2551 2519 2658 2575 ulla
2709 2517 3143 2574 contradictione
3172 2530 3271 2586 per
3312 2514 3495 2569 omnia
3520 2514 3623 2567 ob—

2031 2627 2357 2688 temperare,
2382 2624 2435 2669 et
2465 2614 2569 2669 hoc
2597 2612 2797 2667 bonum
2825 2609 3008 2665 nullus
3039 2609 3337 2675 hominum,
3371 2606 3475 2661 nisi
3512 2606 3627 2677 ipse

2029 2708 2143 2765 sola
2175 2723 2271 2763 sua
2303 2704 2585 2761 voluntate
2633 2701 2886 2764 dimittat,
2936 2707 3115 2770 potest
3175 2697 3409 2752 auferre.
3462 2693 3624 2749 Pecu.

2028 2800 2174 2854 niam
2208 2795 2582 2868 temporalem,
2612 2792 2745 2848 velit
2779 2791 2913 2847 nolit
2960 2791 3122 2845 homo
3144 2829 3157 2854 ,
3196 2803 3423 2845 necesse
3449 2787 3499 2844 ei
3521 2788 3626 2843 erit

2028 2888 2327 2954 dimittere;
2361 2884 2478 2952 sed,
2507 2883 2634 2939 dum
2657 2896 2774 2938 eam
2797 2880 2990 2946 habet,
3018 2878 3065 2934 si
3090 2878 3313 2949 largitur
3331 2892 3456 2933 eam
3485 2877 3625 2932 sicut

2030 2981 2173 3036 Deus
2202 2994 2333 3034 suus
2388 2975 2661 3049 prtecepit,
2693 2972 2992 3030 merebitur
3039 2972 3119 3029 sic
3152 2972 3221 3006 ⁷⁸⁷
3249 2969 3503 3027 faciendo
3557 2971 3623 3025 ad

2032 3076 2348 3140 perpetuam
2371 3067 2540 3121 vitam
2574 3063 2884 3135 pervenire.

2105 3159 2151 3216 0
2186 3159 2452 3214 immensa
2482 3155 2759 3212 Creatoris
2790 3152 2960 3209 nostri
2991 3152 3240 3208 bonitas!
3270 3166 3304 3207 ο
3330 3150 3625 3208 inaestima-

2033 3252 2160 3309 bilis
2193 3249 2609 3306 misericordia!
2646 3248 2763 3318 lpse
2785 3247 2839 3302 in
2881 3246 3031 3303 nullo
3068 3246 3140 3279 ⁷⁸³
3166 3261 3403 3316 unquam
3461 3260 3626 3317 egens

2031 3341 2562 3407 homine,bomiuem
2585 3347 2763 3394 tamen
2787 3336 3001 3408 prosola
3026 3336 3265 3391 bonitate
3284 3352 3381 3393 sua
3399 3335 3621 3403 creavit,

2039 3432 2276 3489 creando
2306 3429 2675 3487 rationalitate
2698 3430 2985 3485 exornavit
3003 3427 3108 3495 "’;
3141 3436 3201 3483 ut
3219 3425 3491 3484 felicitatis
3510 3427 3624 3497 ejus

2039 3532 2096 3581 et
2121 3522 2445 3579 aeternitatis
2468 3530 2651 3593 posset
2676 3536 2797 3577 esse
2816 3522 2887 3554 "°
2918 3521 3212 3590 particeps,
3242 3530 3298 3575 et
3318 3520 3398 3575 sic
3420 3535 3539 3575 cum
3559 3534 3623 3574 eo

2039 3614 2295 3686 gaudium
2325 3614 2493 3686 238
2518 3622 2575 3670 et
2606 3613 2849 3669 laetitiam
2879 3612 2932 3667 in
2977 3621 3299 3684 perpetuum
3349 3610 3624 3681 possidere

2037 3705 2131 3761 ⁷⁵⁸.
2173 3706 2367 3762 Adhuc
2391 3708 2554 3762 etiam
2595 3721 2718 3762 cum
2767 3705 2929 3760 homo
2981 3704 3036 3758 in
3076 3702 3265 3757 multis
3313 3701 3621 3757 contrarius

2037 3799 2087 3854 ei
2114 3799 2336 3866 existat,
2366 3798 2558 3864 multa,
2589 3812 2900 3868 quanquam
2920 3795 2970 3852 ei
2993 3794 3314 3864 displiceant
3333 3793 3424 3857 m,
3451 3794 3622 3849 sciens

2039 3890 2334 3962 volensque
2362 3889 2557 3952 faciat;
2600 3898 2783 3944 monet
2824 3897 3006 3943 tamen
3054 3901 3179 3942 eum
3226 3894 3286 3940 ut
3314 3887 3540 3950 redeat,
3569 3893 3621 3940 et

2040 3982 2465 4038 misericordiam
2511 3981 2787 4037 Creatoris
2820 3980 2903 4036 sui
2933 3980 3196 4051 requirat,
3250 3993 3350 4035 nec
3386 3992 3483 4048 pro
3517 3976 3620 4032 ullo

2040 4072 2363 4140 commisso,
2397 4073 2613 4128 tametsi
2644 4071 2794 4142 gravi
2839 4072 3131 4141 desperare
3168 4082 3482 4140 praesumat.
3528 4068 3621 4126 Est

2039 4161 2183 4215 enim
2211 4158 2330 4215 fons
2357 4160 2576 4229 pietatis
2627 4171 2681 4216 et
2704 4159 3120 4224 misericordiai,
3160 4168 3213 4214 et
3245 4174 3458 4227 omnes,
3490 4174 3620 4229 qua-

2038 4265 2253 4323 cunque
2278 4251 2489 4308 macula
2509 4251 2580 4284 ⁷⁹³
2595 4252 2799 4322 peccati
2821 4251 2929 4306 sint
2950 4250 3152 4313 loedati,
3180 4248 3453 4305 desiderat
3473 4263 3620 4304 mun-

347 4345 540 4400 vivere
564 4350 621 4398 et
665 4341 986 4413 intelligere.
1037 4339 1165 4397 Haec
1200 4349 1378 4396 autem
1425 4340 1606 4396 omnia
1653 4341 1817 4396 homo
1874 4357 1934 4398 se
1962 4331 2010 4392 υ
2038 4344 2167 4400 dare
2191 4384 2207 4411 ,
2236 4345 2511 4401 mundatis
2562 4343 2820 4416 perennis
2855 4342 2929 4377 m
2954 4343 3079 4397 vitae
3114 4341 3354 4396 laetitiam
3382 4341 3616 4397 reddere.

1632 4448 1867 4504 VARUE
1902 4450 2300 4508 LECTIONES.

425 4542 501 4577 ""
523 4542 731 4598 Collata
762 4554 835 4598 est
856 4558 974 4597 cum
1015 4558 1114 4597 ms.
1166 4539 1224 4595 S.
1254 4539 1475 4613 Martini
1507 4539 1850 4613 Tornacensis
1899 4540 1926 4613 §
1978 4540 2017 4595 1.
2048 4542 2247 4613 Stupor
2267 4543 2334 4597 de
2361 4558 2623 4599 memoria
2685 4542 2780 4597 Dei
2825 4552 2880 4598 et
2925 4542 3161 4598 hominis
3194 4541 3482 4598 oblivione.
3523 4558 3616 4598 ms.

350 4613 657 4668 Admiratio
692 4615 758 4668 de
793 4612 1050 4667 inell‘ahili
1082 4613 1323 4682 bonitate
1369 4612 1665 4674 Creatoris,
1719 4619 1775 4682 et
1812 4612 1880 4665 de
1907 4612 2118 4682 inagna
2142 4612 2380 4668 diuiseria
2413 4614 2581 4669 creati
2613 4614 2866 4668 hominis.
2941 4612 3012 4645 ⁷⁵⁵
3036 4613 3318 4681 Quamque
3342 4620 3617 4681 pr0plerea

351 4699 452 4738 ms.
476 4693 1031 4761 quemqueprceterea
1103 4682 1173 4713 ⁷⁸⁵
1204 4681 1340 4748 Quia
1370 4697 1508 4761 eum
1535 4698 1631 4761 ius.
1660 4680 1751 4750 qui
1797 4696 1930 4761 eum_
1997 4680 2066 4714 "7
2097 4683 2250 4749 Quod
2309 4700 2432 4739 cum
2483 4683 2556 4738 sit
2580 4701 2679 4738 ms.
2703 4686 2794 4761 qui
2834 4698 2955 4737 cum
2983 4684 3055 4738 sit
3125 4684 3197 4716 ⁷⁸⁸
3223 4680 3619 4738 Honorabiliter

353 4751 541 4809 creare
587 4751 686 4806 ms.
728 4753 1117 4823 rlionorahilem
1178 4766 1368 4823 creare
1438 4752 1509 4783 ⁷⁶⁹
1547 4751 1702 4806 Esset
1752 4753 1964 4808 cunctis
2002 4769 2101 4807 ms.
2131 4763 2276 4808 esset
2301 4755 2515 4809 caneris
2605 4755 2677 4786 "°
2721 4751 2959 4823 Semper
3005 4753 3119 4808 fere
3147 4763 3242 4808 aut
3286 4768 3499 4820 semper
3524 4770 3616 4808 ms.

353 4839 572 4894 semper
596 4833 688 4877 aut
715 4822 826 4877 fere
848 4838 1061 4891 semper
1132 4822 1215 4894 "‘7
1237 4821 1327 4876 Sic
1355 4837 1714 4894 sensum_ms.
1764 4838 1978 4894 sensum
2008 4825 2087 4878 sic

356 4891 519 4951 habet
561 4905 619 4948 ut
661 4910 759 4947 ms.
808 4907 919 4949 non
955 4894 1138 4959 habet,
1171 4893 1317 4946 vivat
1346 4902 1404 4946 ut
1474 4892 1548 4926 ⁷⁷³
1577 4891 1695 4957 Sui,
1723 4893 1814 4961 qui
1866 4893 1947 4947 sui
2001 4910 2097 4948 ms.
2149 4895 2255 4958 sui,
2289 4891 2428 4949 sicut
2457 4891 2563 4949 non
2601 4894 2684 4949 sui

355 4966 642 5020 immemor
710 4964 782 4998 ⁷⁷⁸

2187 4825 2258 4855 ⁷⁷³
2311 4824 2474 4892 Quasi
2504 4840 2802 4895 pecusrms.
2850 4825 2929 4895 sit:
2956 4825 3129 4895 quasi
3156 4839 3321 4894 pecus
3393 4823 3464 4856 ⁷⁷⁸
3508 4823 3616 4878 Non

2759 4895 2830 4931 ⁷⁷⁸
2877 4894 2993 4949 Erit
3051 4894 3341 4949 immemor
3387 4911 3485 4947 ms.
3539 4903 3619 4948 est

814 4963 842 5035 §
875 4963 939 5016 ll.
970 4962 1238 5035 Quantum
1266 4964 1425 5035 homo
1448 4962 1516 5033 ab
1539 4963 1755 5018 homine
1779 4963 2040 5034 diligitur,
2070 4973 2126 5035 et
2146 4980 2318 5034 quare
2348 4965 2607 5020 Dominus
2636 4964 2755 5035 plus
2779 4963 3018 5035 diligitur
3041 4979 3203 5033 quam
3231 4964 3431 5035 aliquis
3449 4964 3616 5035 homo

354 5052 453 5090 ms.
484 5040 752 5102 Quantum
779 5030 941 5106 homo
968 5030 1035 5106 ab
1064 5034 1281 5088 homine
1311 5030 1578 5104 diligitur;
1610 5044 1663 5088 et
1694 5048 1863 5106 quare
1880 5030 2037 5088 'Deus
2078 5030 2196 5106 plus
2227 5037 2421 5090 debeat
2447 5035 2595 5105 diligi
2626 5030 2787 5106 quam
2840 5030 3037 5105 aliquis
3061 5030 3255 5106 homo.
3315 5030 3400 5106 7"
3431 5034 3616 5106 Auset-

357 5122 477 5160 mus
520 5123 619 5161 ms.
652 5108 799 5161 omit.
874 5104 947 5136 '7'
972 5104 1142 5159 Homo
1185 5119 1417 5173 namque
1444 5120 1541 5158 ms.
1596 5106 1755 5158 homo
1783 5105 1962 5174 itaque
2002 5173 2007 5174 γ
2052 5107 2123 5138 ⁷⁷⁸
2150 5105 2443 5160 Ferventer
2477 5104 2578 5159 ms.
2613 5104 2720 5159 tam
2765 5104 3035 5161 ferventer
3122 5105 3194 5137 ’τεο

356 5178 448 5246 qui
488 5178 599 5246 sibi

3226 5104 3362 5172 Quia
3397 5105 3499 5160 sibi
3525 5119 3614 5159 ms.

671 5178 741 5209 ’δι
782 5175 908 5244 Ejus
931 5176 1206 5244 obsequiis
1234 5190 1333 5228 ms.
1364 5174 1480 5243 ejus
1513 5175 1830 5243 obsequium
1876 5173 1973 5207 "3’
1997 5173 2200 5230 Metuat
2225 5175 2386 5239 mori,
2413 5185 2470 5230 et
2493 5191 2589 5229 ms.
2620 5185 2848 5242 metuat,
2880 5186 2936 5230 et
3006 5174 3079 5208 ⁷⁸⁸
3106 5173 3202 5230 Vel
3248 5174 3382 5230 alius
3412 5191 3506 5228 ms.
3538 5174 3615 5228 vel

357 5243 502 5330 quod
535 5249 674 5330 alius
743 5243 983 5330 js‘lllud
1030 5243 1302 5330 oportebit
1345 5260 1444 5330 ιρι..
1495 5246 1645 5330 omit.
1676 5314 1688 5330 I
1720 5244 1792 5276 ⁷³⁸
1832 5245 1942 5330 _Dat
2000 5247 2104 5330 tale
2134 5256 2282 5301 est...
2321 5247 2603 5327 amittatur
2646 5255 2702 5300 et
2746 5262 3023 5316 nunquam
3069 5246 3118 5300 ei
3146 5261 3241 5328 per
3267 5246 3434 5300 ullum
3461 5243 3616 5330 “aule-

358 5314 711 5396 ratur._'l‘ale,
742 5318 983 5396 inquam,
1002 5328 1092 5396 est
1119 5325 1195 5396 u_t_
1216 5331 1313 5368 ms.
1342 5314 1458 5377 dat,
1476 5326 1587 5396 .aut
1619 5314 1725 5369 tale
1766 5325 1868 5379 est,
1911 5317 2052 5396 quod
2098 5331 2374 5396 nunquam
2410 5317 2650 5396 amittat,
2690 5331 2790 5371 nec
2824 5314 3059 5396 utiquam
3090 5314 3613 5396 ei‘aliquisauferat;

358 5387 584 5486 malam
606 5398 706 5486 est,
758 5384 829 5443 ut‘
890 5385 961 5468 7f“
1001 5385 1295 5486 Providelre
1346 5384 1516 5486 passu
1560 5402 1657 5486 ms;
1703 5384 2000 5468 promereri
2043 5384 2245 5458 possit'
2283 5387 2371 5486 "7A
2415 5385 2691 5486 Membris},
2734 5384 3022 5456 potest'sic
3059 5402 3158 5442 ms.
3209 5384 3504 5442 merebitur
3544 5386 3624 5440 sic

483 5474 573 5486 ιιι...
598 5475 665 5486 ι...
711 5474 741 5486 ,ι
781 5475 857 5486 ι..-
907 5470 1020 5486 ιηρΔ
1051 5472 1100 5486 ιη
1136 5472 1202 5486 ιιι.
1249 5470 1280 5486 η
1491 5463 1690 5486 νΑ-ιήιη
1720 5468 1997 5486 ιινη-ηηηιηι
2052 5475 2130 5486 ...-
2178 5473 2333 5486 ηηιιηη
2377 5472 2408 5486 Λ
2451 5456 2655 5486 -ηιῗηηη
2685 5457 2814 5486 ἶιιιιο
2846 5458 3124 5486 Λνηηηηινῖι
3199 5457 3270 5486 190
3293 5456 3477 5486 Βηροειι
3510 5469 3615 5486 Δρυο

359 5454 433 5488 ’⁸³
458 5456 573 5524 ipse.
598 5459 742 5511 nullo
780 5475 876 5512 ms.
907 5458 1020 5525 ipse
1051 5457 1101 5508 in
1136 5455 1281 5509 nullo
1352 5454 1397 5486 ⁷⁸

1402 5456 1422 5487 ⁹
1444 5455 1691 5510 Creando
1719 5456 2005 5510 exornavit
2043 5455 2151 5512 'ms.
2175 5456 2409 5512 creando
2450 5455 2814 5511 rationalitate
2845 5458 3129 5512 exornavit
3199 5457 3270 5489 ⁷⁹⁰
3293 5456 3483 5513 Posset
3509 5469 3615 5511 eSse

360 5538 460 5578 ius.
493 5529 663 5592 possit
687 5542 809 5607 esse
881 5528 951 5559 7“
982 5525 1287 5607 l’ossideret
1316 5541 1413 5581 nis.
1446 5527 1763 5607 possidere“
1795 5527 1866 5607 ’ς’
1891 5528 2208 5607 Quanquam
2230 5528 2557 5607 displiceant
2582 5544 2682 5582 ms.
2732 5542 2855 5607 cum
2875 5528 2957 5607 _ei
2981 5528 3299 5600 displiceant
3369 5527 3443 5559 ⁷⁸³
3484 5528 3612 5593 Qua-

362 5607 577 5662 cunque
627 5597 835 5650 macula
889 5613 987 5649 ms.
1033 5597 1343 5667 quicunque
1398 5594 1607 5652 macula
1700 5594 2293 5671 "‘Pereunisiglorim
2325 5594 2456 5653 'ms.
2525 5597 2775 5665 perennis
2836 5599 2960 5653 vita
