3884 6052
400 257 503 314 807

721 256 779 313 S.
812 254 1109 313 ANSEL‘JI
1148 254 1496 311 CANTUAR.
1544 251 1866 307 ARCIIIEP.
1906 248 1972 305 Ol

2102 248 2300 305 PARS.
2342 247 2403 303 ll.
2435 276 2504 289 -
2542 244 2919 301 ΡΛΠᾸΕΝΕΤ.
2953 244 3040 301 ΕΤ
3063 244 3313 301 ASCET.

3569 250 3684 306 808

399 372 686 439 diti'crcns,
744 371 868 441 quia
918 370 1143 424 Creator
1196 367 1525 423 mternalitcr
1590 382 1619 420 a
1672 366 1852 435 seipse
1897 372 1983 419 est
2012 366 2061 423 Α
2088 376 2262 427 amor,
2294 363 2595 430 eademque
2623 359 2887 426 voluntas.
2937 358 3003 413 Et
3034 368 3163 414 tunc
3211 364 3319 415 erit
3344 376 3452 416 una
3474 361 3683 418 volun-

396 464 574 520 bonus
622 472 674 519 et
730 459 1089 517 essentialiter
1119 460 1279 512 homo
1305 475 1321 512 :
1347 471 1475 512 vero
1498 458 1621 511 ideo
1640 457 1834 521 bonus,
1857 445 1984 525 quia

399 556 644 609 imitatur
667 567 789 608 eum
815 551 905 620 qni
935 549 1265 605 aeternalitcr
1290 548 1362 581 ⁸⁸⁸
1390 557 1445 604 et
1474 547 1841 601 essentialiter
1870 563 1898 601 a
1922 561 1983 602 se

397 642 515 712 ipso
544 651 627 695 est
654 641 847 695 bonus.
876 639 972 693 Est
996 648 1173 692 autem
1200 678 1216 704 ,
1252 637 1390 693 sicut
1435 637 1545 691 dixi
1572 676 1586 701 ,
1625 636 1854 693 Creator
1882 650 1980 691 vo-

396 732 604 787 luntate
633 732 827 797 bonus,
854 731 1016 785 homo
1043 732 1109 784 ad
1131 729 1539 788 similitudinem
1564 727 1843 783 Creatoris
1897 726 1981 782 fa-

395 831 519 878 ctus
551 821 827 877 voluntate
850 821 1022 877 bonus
1043 821 1137 885 3",
1169 820 1260 875 sed
1293 820 1345 874 in
1391 820 1494 874 hoc
1538 816 1814 884 differens,
1836 820 1979 889 quod

393 912 621 967 Creator
651 928 757 967 non
786 912 902 967 vult
926 926 1026 967 nec
1046 920 1217 981 potest
1241 924 1362 965 esse
1386 908 1469 963 vel
1490 908 1625 963 velle
1648 908 1791 963 aliud
1817 924 1979 979 quam

394 1020 515 1061 esse
544 1006 744 1066 bonus;
777 1005 1027 1059 voluntas
1050 1004 1217 1069 enim,
1242 1011 1297 1057 et
1326 1002 1564 1071 potentia
1591 1009 1675 1056 est
1706 999 1777 1055 illi
1801 1015 1979 1057 essen-

394 1097 489 1150 tia.
519 1096 735 1150 Homini
767 1111 896 1151 vero
922 1104 1004 1150 est
1035 1095 1179 1147 aliud
1206 1092 1455 1146 voluntas
1476 1101 1529 1146 et
1549 1092 1790 1162 potentia
1813 1106 1975 1160 quam

392 1189 649 1243 essentia.
688 1186 745 1242 Si
776 1197 955 1242 tamen
991 1188 1283 1242 concordat
1320 1200 1444 1240 cum
1469 1184 1743 1238 voluntate
1769 1184 1883 1250 Dei,
1922 1192 1979 1239 et

392 1279 534 1335 idem
565 1279 680 1333 vult
706 1281 853 1348 quod
887 1278 1049 1345 Deus,
1079 1278 1337 1347 exprimit
1366 1277 1419 1330 in
1452 1290 1511 1331 se
1542 1276 1832 1344 imaginem
1858 1275 1973 1330 Dei.

392 1370 522 1424 Etsi
557 1370 609 1424 in
637 1370 938 1439 hocusque
963 1370 1016 1423 in
1043 1368 1206 1423 linem
1253 1375 1567 1436 perseverat
1613 1366 1708 1431 ⁸³⁸,
1737 1374 1977 1421 meretur

391 1472 652 1530 operante
681 1462 1027 1517 miseratione
1051 1461 1232 1515 divina
1259 1468 1318 1515 ut
1342 1466 1468 1530 post
1494 1460 1546 1513 in
1578 1467 1846 1514 internum
1878 1471 1975 1513 vo-

391 1552 581 1607 luntati
612 1551 884 1607 Creatoris
923 1553 1003 1607 sui
1028 1552 1321 1615 adhrereat,
1359 1565 1457 1605 nec
1476 1550 1591 1616 jam
1639 1548 1869 1619 amplius
1905 1548 1975 1604 ab

390 1658 453 1697 ea
483 1644 660 1697 divelli
690 1654 876 1710 queat.
925 1643 991 1697 Et
1020 1644 1158 1697 sicut
1188 1652 1375 1710 postea
1428 1656 1644 1711 semper
1671 1642 1778 1696 erit
1824 1640 1970 1711 quod

2087 467 2169 512 tas
2196 442 2516 521 Creatoris,
2543 466 2599 511 et
2647 455 2814 511 creati
2863 455 3125 522 hominis,
3170 468 3330 524 quem
3369 458 3580 511 creavit
3609 459 3685 512 ad

2084 547 2378 619 imaginem
2434 555 2490 603 et
2514 546 2927 602 similitudinem
2976 560 3169 613 suam,
3218 561 3341 600 cum
3410 547 3553 603 Deus
3603 547 3682 581 “'

2082 638 2265 694 omnia
2317 639 2373 693 in
2421 638 2675 694 omnibus
2710 639 2814 692 erit
2873 635 2926 705 (1
2951 636 3075 692 Cor.
3118 638 3384 709 xm,‘28).
3437 638 3494 694 Si
3545 655 3683 697 vero

2080 731 2271 786 eodem
2305 730 2476 786 libero
2514 729 2743 784 arbitrio
2771 742 2835 784 se
2863 728 3106 799 junxerit
3133 728 3419 785 desideriis
3445 732 3631 786 carnis
3658 771 3678 799 ,

2080 836 2203 893 qua:
2229 823 2385 894 quasi
2415 821 2487 855 "°
2510 820 2833 877 naturaliter
2866 824 2935 876 ad
2975 820 3157 874 intima
3192 822 3381 888 tendit,
3415 830 3545 878 tunc
3575 837 3678 879 vo-

2078 915 2281 983 lentas,
2309 913 2449 969 male
2475 922 2633 969 utens
2662 912 2832 967 libero
2861 911 3087 967 arbitrio
3111 952 3125 975 ,
3157 921 3214 965 et
3257 926 3388 968 caro
3431 915 3676 968 animam

2078 1022 2315 1079 superno
2345 1006 2548 1061 auxilio
2573 1003 2888 1059 destitutam
2912 1003 2979 1058 ad
3031 1002 3286 1059 inferiora
3332 1005 3594 1071 trahunt,
3621 1014 3677 1060 ct

2077 1109 2299 1169 peccata
2322 1097 2557 1153 hominis
2578 1104 2748 1151 totum
2788 1096 2960 1166 ipsum
2995 1096 3296 1160 hominem,
3323 1095 3531 1150 scilicet
3553 1096 3676 1150 aui-

2078 1208 2221 1247 mam
2266 1200 2320 1247 et
2351 1204 2608 1255 carnem,
2654 1189 2706 1243 in
2755 1188 3111 1257 perditionem
3156 1195 3428 1259 mergunt,
3456 1197 3517 1243 ut
3558 1189 3673 1258 jam

2076 1284 2306 1354 amplius
2326 1297 2436 1338 non
2466 1280 2665 1337 habeat
2690 1280 2793 1335 nisi
2818 1279 3024 1334 malum
3043 1320 3059 1346 ,
3101 1279 3185 1335 vel
3215 1280 3361 1351 quod
3387 1280 3456 1312 ⁸⁸⁸
3496 1281 3675 1352 patia-

2077 1385 2167 1432 tur
2203 1376 2308 1432 nisi
2346 1382 2694 1430 tormentum.

2148 1469 2255 1525 VII.
2288 1448 2382 1522 ⁸⁵⁸.
2428 1466 2532 1521 Hic
2573 1474 2687 1519 orat
2729 1465 2882 1519 homo
2924 1462 3116 1527 Deum,
3150 1473 3207 1517 ut
3262 1479 3367 1517 non
3401 1465 3672 1534 permittat

2074 1574 2191 1612 eum
2235 1556 2373 1611 male
2428 1556 2502 1609 uti
2528 1554 2688 1607 libero
2740 1552 2978 1606 arbitrio.
3028 1549 3158 1606 -Ο
3205 1548 3515 1606 dulcissime
3561 1551 3669 1605 Do-

2074 1650 2219 1704 mine
2238 1648 2331 1713 ⁸⁸³,
2359 1661 2395 1702 o
2425 1646 2665 1716 piissime
2700 1644 2841 1698 Deus
2867 1658 3041 1709 meus,
3070 1643 3298 1701 Creator
3324 1658 3498 1704 meus.
3520 1643 3670 1698 salus

390 1735 519 1799 erit,
544 1735 623 1789 sic
653 1748 870 1804 semper
893 1735 1253 1804 quodcunque
1281 1733 1512 1788 voluerit
1554 1734 1680 1788 erit.
1716 1732 1785 1787 Et
1831 1733 1973 1788 sicut
2005 1725 2049 1784 Β
2077 1754 2220 1805 mea,
2261 1739 2372 1792 vita
2413 1751 2555 1801 mea,
2604 1747 2725 1805 spes
2770 1741 2825 1788 et
2871 1734 3169 1789 consolatio
3212 1750 3352 1799 mea,
3398 1732 3668 1804 refugium

390 1828 635 1882 Creatori
668 1842 775 1881 non
816 1837 899 1881 est
946 1826 1090 1880 aliud
1133 1826 1369 1891 essentia
1399 1825 1470 1858 ⁸⁸⁸
1511 1840 1672 1894 quam
1698 1824 1968 1891 voluntas,

2079 1846 2275 1898 meum,
2309 1844 2404 1900 per
2429 1828 2657 1903 gratiam
2681 1833 2828 1879 tuam
2852 1834 2906 1880 et
2926 1841 3025 1896 per
3042 1828 3342 1896 piissimam
3362 1828 3671 1881 miscricor-

390 1908 490 1977 nec
514 1922 657 1977 aliud
702 1922 950 1977 voluntas
978 1936 1139 1991 quam
1197 1921 1455 1985 essentia,
1512 1920 1592 1976 sic
1653 1920 1859 1975 homini
1918 1921 1972 1975 in
2072 1923 2217 1978 diam
2263 1931 2409 1977 tuam
2439 1922 2677 1993 guberna
2731 1932 2788 1978 et
2838 1921 3045 1977 sustine
3093 1918 3323 1974 liberum
3377 1919 3669 1974 arbitrium

390 2012 507 2083 ipsa
553 2013 809 2067 ίθῘίοίωιθ
858 2012 974 2080 jam
1009 2012 1287 2073 existenti.
1321 2010 1617 2066 secundum
1663 2024 1817 2065 suum
1858 2023 1973 2064 mo-
2073 2030 2275 2080 meum,
2310 2029 2376 2069 ne
2404 2013 2494 2069 illo
2522 2014 2663 2068 male
2694 2013 2894 2068 utendo
2923 2011 3125 2081 possim
3149 2009 3427 2065 oll‘endere
3452 2020 3504 2065 te
3536 2011 3660 2066 dul-

389 2106 539 2170 dum,
570 2114 676 2159 tam
706 2103 1348 2158 immutabilis-eritdouo
1376 2101 1658 2157 Creatoris
1678 2101 1758 2156 sui
1785 2100 1972 2155 volun-

390 2207 471 2253 tas
505 2214 667 2269 quam
693 2190 950 2263 essentia,
981 2210 1102 2265 qua:
1138 2204 1247 2249 tam
1267 2196 1385 2251 sine
1412 2195 1575 2250 dubio
1596 2194 1795 2265 poterit
1816 2193 1973 2264 quid~

387 2292 514 2360 quid
544 2291 774 2344 voluerit
802 2305 962 2359 quam
985 2289 1104 2344 sine
1128 2289 1292 2345 dubio
1314 2287 1544 2343 feliciter
1571 2288 1813 2342 existens
1843 2287 1970 2341 l'elix

386 2383 619 2438 essentia
653 2383 772 2437 erit.
807 2381 876 2437 Et
923 2391 1049 2437 tunc
1102 2381 1264 2435 homo
1305 2379 1523 2435 habebit
1568 2380 1796 2435 liberum
1824 2379 1970 2435 arbi-

390 2476 548 2528 trium
574 2489 699 2529 vere
728 2473 796 2527 ab
841 2474 986 2527 omni
1026 2472 1165 2526 malo
1189 2487 1255 2526 ex
1294 2480 1408 2525 toto
1452 2469 1737 2525 liberatum
1763 2469 1856 2538 ⁸⁸⁸,
1884 2485 1969 2526 se-

387 2568 619 2621 cundum
644 2550 788 2635 quod
815 2566 903 2620 hic
931 2565 1168 2624 interim,
1198 2562 1326 2617 dum
1354 2562 1523 2627 vivit,
1572 2570 1832 2632 Operante
1872 2561 1966 2616 Dei

388 2658 583 2728 gratia,
619 2658 733 2711 vult
762 2672 882 2725 qua:
913 2656 1055 2711 Deus
1091 2656 1160 2688 ⁸³¹
1191 2654 1447 2726 praecepit
1468 2653 1667 2722 facere,
1697 2668 1816 2724 qua:
1837 2668 1967 2710 vero

387 2749 636 2819 prohibet
658 2748 734 2780 ⁸⁸³
761 2747 1051 2802 dimittere.

458 2838 524 2893 VI
547 2839 640 2892 ⁸³³.
673 2838 825 2904 Quod
856 2839 1008 2892 homo
1037 2838 1224 2891 existat
1250 2852 1307 2890 ιιι
1344 2834 1549 2889 duabus
1579 2834 1803 2898 naturis,
1830 2850 1967 2905 qua-

388 2948 505 2984 rum
542 2947 646 2984 una
670 2932 893 3000 erigitur
939 2929 1008 2984 ad
1055 2943 1279 2994 summa,
1328 2926 1496 2981 altera
1541 2926 1850 2996 deprimitur
1895 2926 1965 2979 ad

387 3024 588 3077 ima.—
608 3023 831 3078 Constat
860 3031 1042 3077 autem
1098 3021 1260 3075 homo
1287 3034 1355 3075 ex
1383 3017 1455 3050 ⁸³⁸
1491 3017 1700 3084 duabus
1720 3018 1960 3072 naturis:

387 3131 453 3170 ex
477 3127 669 3170 natura
696 3115 890 3169 animae
907 3122 964 3168 et
995 3128 1063 3169 ex
1098 3123 1292 3167 natura
1319 3110 1520 3166 carnis.
1554 3107 1755 3164 Natura
1786 3118 1967 3167 autem
1993 3081 2042 3147 θ

387 3205 601 3273 a'nimze,
631 3206 758 3275 quia
793 3205 971 3259 anima
993 3203 1251 3275 spiritalis
1277 3200 1348 3236 ⁸³⁵
1377 3210 1480 3267 est,
1511 3201 1830 3256 naturaliter
1854 3209 1972 3257 tend

386 3296 466 3351 dit
490 3297 557 3350 ad
587 3296 864 3365 superiora
891 3310 905 3360 ;
948 3304 1138 3349 natura
1165 3304 1345 3348 autem
1370 3294 1572 3357 carnis,
1595 3291 1720 3362 quia
1745 3305 1874 3346 caro
1899 3305 1965 3345 ex

386 3387 659 3443 desiderio
689 3388 740 3442 in
764 3386 1011 3442 carnales
1038 3388 1309 3456 appetitus
1338 3387 1450 3440 exit
1485 3385 1578 3451 ⁸⁸⁸,
1619 3385 1772 3454 quasi
1805 3391 1965 3439 natuv

388 3476 579 3529 raliter
619 3476 687 3529 ad
748 3476 931 3555 intima
977 3476 1165 3528 tendit.
1199 3474 1294 3528 Est
1320 3490 1450 3528 vero
1497 3474 1638 3527 inter
1685 3473 1783 3527 has
1832 3472 1969 3527 duas

388 3575 613 3619 naturas
636 3603 651 3627 ,
676 3580 744 3617 ex
784 3563 978 3632 quibus
1016 3565 1175 3618 homo
1205 3573 1450 3630 constat,
1487 3562 1735 3618 voluntas
1756 3604 1770 3630 ,
1818 3564 1971 3633 quasi

388 3654 569 3710 media
598 3654 802 3708 habens
842 3653 1070 3711 liberum
1109 3654 1417 3708 arbitrium.
1471 3653 1590 3721 Quo
1627 3654 1798 3709 libero
1828 3654 1973 3709 arbi-

390 3747 498 3802 trio
534 3746 578 3800 si
615 3761 673 3801 se
710 3745 955 3814 iunxerit
982 3761 1103 3801 cum
1151 3746 1327 3800 anima
1377 3746 1445 3779 ⁸³⁷
1486 3761 1607 3817 qua:
1654 3746 1973 3802 naturaliter

390 3836 563 3891 tendit
598 3837 665 3891 ad
704 3836 1006 3906 superiora,
1035 3846 1159 3892 tunc
1212 3837 1391 3892 anima
1428 3837 1594 3911 :39
1622 3846 1673 3893 et
1725 3837 1971 3893 voluntas

392 3926 715 4000 (opitulante
743 3934 921 3981 tamen
948 3927 1133 3982 divina
1167 3928 1363 3997 gratia)
1410 3944 1628 3990 carnem
1656 3928 1727 3962 ⁸³⁸
1752 3943 1968 3984 sursum

390 4018 458 4071 ad
485 4017 696 4072 excelsa
721 4033 903 4072 secum
925 4017 1159 4081 elevant,
1180 4019 1311 4072 etin
1334 4027 1536 4073 aaterna
1564 4018 1820 4074 felicitate
1849 4019 1969 4074 sine

390 4108 499 4165 line
520 4111 789 4165 victuram
816 4109 1025 4175 locant,
1054 4108 1241 4177 utjam
1284 4110 1515 4179 amplius
1557 4126 1670 4164 non
1710 4111 1782 4165 sit
1826 4111 1968 4166 inter

2076 2105 2359 2160 cissimum
2386 2102 2701 2161 Creatorem
2731 2118 2909 2158 meum
2930 2142 2945 2168 ,
2972 2110 3027 2156 et
3081 2101 3511 2173 quotiescunque
3545 2119 3667 2158 ma-

2074 2194 2183 2252 lum
2225 2197 2354 2251 mihi
2391 2197 2589 2267 placet,
2632 2205 2922 2266 antequam
2980 2193 3109 2248 illud
3157 2208 3321 2263 opere
3358 2194 3663 2264 perﬁciam,

2072 2291 2290 2347 destrue
2334 2290 2408 2324 ’“
2457 2298 2513 2346 et
2556 2289 2825 2346 confunde
2873 2302 3036 2344 omne
3084 2288 3284 2342 malum
3329 2289 3661 2345 desiderium

2071 2396 2272 2437 meum.
2311 2380 2450 2437 Malo
2499 2396 2530 2437 a
2587 2390 2639 2437 te
2686 2379 2782 2446 ⁸⁸⁸,
2837 2379 3146 2436 dulcissime
3198 2377 3359 2435 Pater
3431 2379 3526 2447 ⁸⁸⁸,
3583 2380 3665 2438 vel

2073 2469 2271 2526 invitus
2330 2470 2519 2535 trahi,
2570 2469 2653 2525 vel
2700 2469 2863 2525 etiam
2932 2468 3142 2525 catenis
3196 2467 3397 2540 ligatus
3456 2470 3513 2525 in
3561 2471 3660 2526 ali-

2071 2573 2179 2629 quo
2221 2558 2417 2632 angulo
2467 2559 2659 2614 domus
2705 2567 2810 2614 tua:
2873 2557 3064 2630 projici
3094 2599 3110 2625 ,
3162 2574 3323 2628 quam
3353 2570 3466 2616 ate
3505 2576 3663 2631 sepa-

2069 2649 2200 2716 rari,
2234 2649 2325 2725 ubi
2363 2649 2466 2704 etsi
2513 2646 2622 2705 non
2653 2647 2956 2720 piissimum
3008 2648 3215 2704 vultum
3265 2657 3414 2704 tuum
3460 2653 3662 2720 possim

2069 2750 2290 2812 propter
2334 2730 2555 2810 peccata
2605 2753 2725 2795 mea
2781 2740 3051 2810 respicere
3083 2780 3100 2806 ,
3173 2738 3362 2795 saltem
3420 2740 3662 2795 laetitiam

2068 2840 2125 2885 et
2195 2829 2452 2900 gaudium
2496 2828 2711 2885 illorum
2766 2830 2859 2899 qui
2911 2827 3006 2883 tibi
3065 2828 3403 2884 famulantur
3443 2830 3651 2886 valeam

2068 2918 2276 2975 audire.

2140 3009 2296 3078 Quis,
2342 3010 2653 3067 dulcissime
2713 3008 2942 3066 Creator
2983 3009 3052 3043 '"
3096 3010 3412 3077 hominum,
3484 3022 3663 3083 potest

2073 3102 2345 3159 aestimare
2372 3099 2695 3158 ineﬂ‘abilem
2732 3102 3031 3159 bonitatem
3074 3111 3246 3169 tuam,
3286 3118 3394 3174 qua
3442 3105 3498 3160 in
3540 3115 3657 3159 tan-

2079 3203 2192 3249 tum
2218 3192 2290 3227 ⁸⁸⁸
2312 3193 2605 3249 humanam
2645 3202 2896 3249 naturam
2933 3192 3206 3259 dilexisti;
3240 3204 3298 3247 ut
3335 3209 3441 3249 non
3486 3196 3659 3250 solum

2073 3297 2193 3340 eam
2222 3298 2441 3340 creares
2461 3283 2694 3351 “ﬁcum
2719 3300 2825 3340 non
2849 3293 3011 3348 esset,
3028 3284 3121 3340 sed
3144 3294 3201 3339 tu
3237 3284 3378 3356 ipsa,
3406 3285 3656 3351 Creator,

2072 3376 2210 3448 ejus,
2242 3390 2341 3447 pro
2359 3390 2546 3431 amore
2571 3374 2690 3444 ejus
2730 3384 2976 3431 creatura
3007 3374 3207 3431 lieres?
3238 3376 3404 3446 Cujus
3423 3392 3519 3433 cor
3549 3387 3657 3433 tam

2074 3467 2286 3533 durum,
2336 3476 2446 3521 tam
2480 3466 2748 3534 ferreum,
2793 3468 2970 3523 sciens
3007 3476 3062 3523 et
3098 3468 3409 3539 intelligens
3448 3480 3655 3525 tantam

2075 3558 2417 3615 dilectionem
2446 3566 2592 3613 tuam
2619 3572 2751 3629 erga
2778 3558 3055 3614 hominem
3089 3574 3251 3629 quem
3286 3561 3513 3624 creasti,
3550 3576 3657 3616 non

2074 3658 2255 3720 potest
2279 3648 2529 3717 emolliri,
2568 3658 2623 3707 et
2653 3657 2822 3706 totum
2853 3649 3115 3722 liqueﬁeri
3143 3652 3197 3706 in
3233 3652 3462 3722 gratiam
3484 3662 3538 3707 et
3561 3668 3657 3708 ve-

2076 3744 2411 3801 nerationem
2441 3752 2546 3799 tua
2576 3743 2915 3799 dulcedinis?
2945 3742 3104 3811 Vere,
3133 3745 3313 3799 anima
3349 3760 3493 3811 mea,
3530 3761 3659 3802 vere

2077 3847 2171 3888 cor
2191 3848 2393 3900 meum,
2421 3840 2477 3888 et
2504 3833 2686 3889 omnia
2726 3833 2919 3888 intima
2950 3848 3092 3898 mea,
3122 3834 3318 3888 mirmn
3354 3845 3440 3890 est
3469 3836 3516 3891 si
3551 3852 3655 3890 un-

2076 3940 2238 3996 quam
2284 3933 2447 3980 tanta:
2480 3925 2765 3981 charitatis
2810 3933 3081 3995 tantaeque
3124 3925 3341 3996 pietatis
3379 3926 3658 3984 Creatoris

2073 4015 2240 4072 vestri
2269 4017 2496 4085 potestis
2525 4016 2788 4071 oblivisci.
2820 4015 2980 4084 Ecce,
3004 4016 3169 4071 miser
3198 4015 3383 4082 homo,
3413 4019 3545 4086 quid
3574 4020 3652 4074 fe-

2075 4106 2149 4161 cit
2175 4106 2401 4161 Creator
2431 4115 2575 4171 tuus,
2603 4105 2732 4176 quid
2766 4104 2897 4161 fecit
2926 4106 3187 4165 Dominus
3221 4117 3368 4162 tuus.
3402 4108 3540 4179 Ipse,
3564 4110 3653 4165 cui

389 4214 608 4256 carnem
634 4209 685 4256 et
707 4202 944 4256 animam
969 4199 1075 4255 ulla
1101 4202 1551 4272 repugantia,scd
1582 4215 1796 4273 semper
1823 4202 1967 4257 idem
1999 4211 2046 4271 ι)
2072 4213 2286 4269 semper
2328 4212 2448 4254 esse
2507 4206 2632 4266 est,
2683 4208 2739 4254 et
2797 4213 3013 4271 semper
3050 4215 3173 4260 esse
3224 4203 3323 4260 t'uit
3382 4203 3488 4272 ⁸⁸⁸,
3547 4202 3651 4258 im-

1695 4379 1930 4435 VARIE
1967 4376 2366 4436 LECTIONES.

460 4514 686 4587 "fides
707 4525 790 4571 est
840 4516 1034 4580 bonus,
1069 4517 1194 4587 quia
1229 4515 1471 4571 imitatur
1500 4530 1622 4571 eum
1655 4517 1742 4586 qni
1774 4515 2106 4572 aeterualiter
2132 4513 2737 4587 mmiaDeo‘esthopus
2766 4526 2858 4581 qut
2885 4512 3217 4587 aeternaliter
3284 4509 3360 4587 ξπ
3383 4510 3558 4567 Homo
3581 4510 3652 4567 ad

389 4584 795 4640 similitudinem
826 4580 1291 4642 creatoris'l‘actus
1321 4587 1601 4642 voluntate
1628 4580 1831 4651 bonus;
1861 4604 1961 4642 ηις.
2006 4588 2118 4640 Iure
2144 4585 2332 4639 omittit
2432 4583 2504 4615 ⁸²⁸
2531 4582 2586 4636 In
2620 4580 3024 4637 ﬁnem’maneat
3063 4598 3162 4638 ιιις.
3192 4582 3245 4637 in
3277 4580 3440 4637 linem
3466 4596 3652 4651 perse—

388 4665 548 4708 verat
619 4656 690 4687 ⁸²⁹
722 4655 837 4710 Νοιι
870 4666 955 4712 est
997 4657 1141 4712 aliud
1167 4658 1436 4721 voluntas,
1468 4657 1610 4711 aliud
1648 4658 1888 4712 essentia
1923 4671 1939 4710 :
1965 4656 2045 4710 sic
2069 4672 2167 4710 ms.
2196 4670 2302 4710 non
2329 4661 2412 4709 est
2438 4653 2582 4707 aliud
2612 4653 2847 4708 essentia
2878 4667 3040 4722 quam
3078 4653 3480 4722 voluntasynec
3506 4652 3653 4722 aliud

390 4725 638 4779 voluntas
661 4740 825 4793 quam
862 4728 1096 4781 essentia
1139 4746 1151 4781 :
1194 4728 1273 4783 sic
1345 4727 1413 4759 ⁸³⁰
1438 4727 1519 4781 Ab
1546 4728 1692 4781 omni
1739 4726 1879 4782 malo
1908 4727 2193 4783 liberatum
2235 4740 2334 4778 ms.
2363 4722 2433 4777 ab
2454 4722 2600 4793 omni
2639 4722 2778 4776 man
2817 4720 3022 4793 exitoto
3055 4722 3345 4778 liberatum
3418 4720 3491 4753 ⁶³¹
3514 4721 3653 4793 Gra-

391 4794 487 4869 tia,
525 4794 637 4869 vnit
657 4791 786 4869 quae
825 4796 1086 4869 Densius.
1121 4798 1299 4869 gratia
1330 4812 1514 4853 secum
1546 4797 1671 4869 vult
1701 4806 1755 4852 et
1779 4798 1929 4867 ponit
1954 4798 2093 4852 bona
2122 4810 2243 4866 quae
2274 4795 2413 4849 Deus
2482 4792 2559 4869 .33?
2587 4791 2992 4869 Quaaprohibet
3021 4809 3118 4869 ms.
3149 4808 3271 4869 quae
3305 4791 3651 4869 veroprohif

389 4863 484 4937 bet
552 4864 623 4897 ⁸³³
652 4860 795 4937 ςνι.
825 4864 977 4932 Quod
1010 4860 1172 4924 hom'o
1199 4869 1399 4924 existat
1422 4884 1489 4924 ex
1524 4868 1734 4923 duabus
1760 4860 1990 4932 naturis,
2018 4860 2249 4936 quarum
2281 4862 2645 4937 uuaeaigitur
2674 4860 2996 4937 adsumma,
3042 4860 3211 4937 altera
3232 4860 3555 4937 deprimitur
3580 4860 3651 4937 ad

389 4934 497 4990 ima
526 4951 622 5006 ms.
654 4930 820 5003 'Quod
850 4930 1013 4992 homo
1031 4939 1272 4995 existens
1309 4939 1363 4995 in
1391 4939 1598 4994 duabus
1624 4937 1830 4993 naturis
1860 4938 1952 5001 sit,
1975 4930 2207 5006 quarum
2237 4948 2343 4989 una
2374 4930 2626 5006 dirigitur
2666 4933 2732 4987 ad
2770 4946 3006 5006 summa,
3030 4932 3203 5006 altera
3240 4930 3649 5006 deprimitur‘ad

387 5006 517 5078 ima.
592 5005 663 5078 ιιι
692 5001 916 5078 Constat
944 5017 1121 5063 autem
1148 5011 1327 5064 anima
1347 5023 1415 5065 ex
1440 5026 1537 5064 ιιις.
1563 5016 1776 5065 constat
1808 5001 2219 5078 autem'(homo)
2249 5020 2317 5078 es
2389 5001 2676 5078 'fiApima
2708 5016 2795 5078 res
2824 5003 3119 5078 Spiritualis
3142 5019 3241 5058 ιιις.
3280 5001 3460 5057 anima
3492 5001 3652 5070 spiri-

389 5077 553 5131 tualis
625 5077 697 5111 ”°
720 5077 777 5132 In
805 5078 1056 5133 carnales
1082 5081 1351 5149 appetitus
1370 5080 1484 5135 exit
1506 5096 1604 5134 ηις.
1635 5078 1875 5149 carnalis
1907 5072 2178 5149 appetitus
2200 5072 2339 5149 exiit
2376 5074 2481 5149 _°"
2501 5074 2647 5149 Cum
2677 5075 2856 5149 anima
2883 5072 3137 5128 voluntas
3161 5089 3261 5128 ιιις.
3288 5087 3412 5129 cum
3432 5076 3646 5149 annua,

387 5163 508 5217 quae
531 5149 851 5220 naturaliter
880 5149 1051 5220 tendit
1079 5143 1471 5220 ad'superiora,
1500 5158 1631 5220 tunc
1655 5148 1835 5220 anima
1859 5143 2201 5220 et'v'oluntas
2272 5145 2341 5220 "3'
2363 5143 2548 5220 Gratia
2589 5153 2644 5220 et
2685 5145 2889 5220 anima,
2915 5157 3141 5220 carnem
3171 5160 3269 5220 ηις.
3305 5143 3503 5212 gratia,
3528 5156 3651 5220 car-

389 5210 510 5271 nem
584 5220 655 5251 ”’
686 5219 1107 5275 Similitudinem
1141 5210 1318 5283 suain,
1344 5210 1468 5274 cum
1498 5219 1639 5275 Deus
1666 5235 1767 5274 ηις.
1789 5217 2195 5273 similitudinem
2223 5214 2327 5280 sui,
2351 5217 2566 5271 tandem
2592 5214 2732 5270 Deus
2804 5213 2875 5247 m
2908 5211 3038 5281 Qua:
3065 5215 3219 5283 quasi
3249 5210 3348 5268 ηις.
3372 5228 3494 5283 qua:
3520 5210 3651 5283 quia

386 5286 455 5361 ἐξ
487 5286 582 5342 Vel
613 5274 755 5360 quoii
785 5306 884 5345 ηις.
906 5304 1020 5361 per
1046 5274 1190 5361 quod
1283 5274 1353 5330 ³³³
1383 5289 1411 5361 §
1439 5274 1561 5344 VII.
1596 5289 1694 5344 Hic
1736 5297 1858 5343 orat
1914 5289 2077 5361 homo
2104 5274 2539 5361 Deuut,'ut___non
2567 5285 2846 5361 permittat
2871 5274 3169 5361 epimﬁmale
3196 5284 3276 5361 uti
3300 5274 3472 5361 libero
3500 5274 3648 5361 arbi-

389 5358 495 5430 t_rio
517 5351 735 5430 msfhic
756 5370 884 5430 orat
903 5351 1079 5430 Iiomo'
1095 5360 1285 5424 Deum,
1314 5372 1366 5412 ut
1384 5351 1516 5414 'non
1545 5362 1825 5430 permittat
1844 5372 1967 5413 eum
1992 5357 2070 5430 ιιιὶ
2091 5356 2234 5430 male
2261 5371 2363 5412 nec
2388 5351 2828 5430 Iibero'arliitrio
2899 5353 3219 5430 “'“Domine
3247 5351 3376 5430 Jesu
3403 5352 3652 5430 Christe,

390 5428 433 5499 ρ
455 5444 551 5481 ηις.
588 5429 829 5493 Domine,
859 5427 902 5483 Ο
975 5429 1048 5462 ⁸³⁸⁸
1070 5430 1247 5499 Ipsum
1278 5430 1498 5485 destrue
1546 5423 1647 5485 ἱιις.
1698 5430 1915 5484 destrue
1987 5426 2057 5460 ⁸⁸⁸
2086 5426 2225 5499 Malo
2263 5430 2413 5499 adite
2452 5442 2550 5499 ms.
2602 5425 2752 5499 ιηιιιρ
2773 5442 2820 5499 a_
2837 5434 2891 5480 te
2925 5494 2938 5499 _
2962 5424 3032 5499 ﬁ“
3065 5424 3384 5480 Dulcissime
3420 5423 3652 5499 Domine

391 5494 551 5549 Pater
580 5515 657 5551 ms
704 5499 1023 5555 dulcissime
1061 5493 1224 5556 Pater
1295 5500 1364 5532 “7
1395 5499 1627 5556 Creator
1650 5499 1891 5554 omnium
1939 5514 2037 5553 ιιις.
2085 5497 2312 5553 Creator
2339 5496 2616 5552 hominum
2688 5495 2758 5530 ⁸⁸⁸
2789 5494 2941 5564 Quod
2970 5496 3022 5550 in
3052 5504 3261 5550 tantum
3305 5509 3404 5564 ms.
3453 5508 3565 5564 qua
3594 5493 3649 5546 in

394 5574 599 5687 ζεέἒὲιιιὶι
649 5572 719 5606 ειν
760 5569 903 5646 1Εειιιι
924 5584 1177 5694 caursares
1197 5588 1294 5628 ιιις.
1348 5585 1469 5628 eam
1499 5584 1717 5628 creares
1790 5568 1862 5602 "°
1894 5569 2013 5640 Ipse
2041 5568 2191 5626 enim
2218 5581 2436 5638 semper
2463 5581 2584 5627 esse
2608 5574 2690 5625 est
2723 5575 2781 5625 et
2815 5581 3029 5638 semper
3058 5565 3278 5623 l'uitms.
3303 5563 3423 5637 Ipse
3450 5563 3539 5622 cui
3564 5569 3654 5621 est

535 5649 563 5688 c
614 5650 831 5694 semper
867 5653 987 5694 esse
1037 5650 1114 5694 un
1664 5670 1673 5679 ε
3067 5681 3071 5685 ν

392 5645 515 5687 esse
535 5644 588 5688 ct
614 5641 831 5705 semper
867 5653 987 5696 esse
1017 5641 1114 5697 fuit
1664 5670 1673 5679 τ
3067 5681 3071 5685 '
