3910 6018
257 279 365 336 809

1628 277 2144 336 MEDITATIONES

3422 288 3526 343 810

250 387 529 454 mutabilis
584 402 640 450 et
695 393 1017 461 invisibilis,
1086 395 1475 452 inaestimabilis
1529 405 1586 452 et
1636 397 1836 452 incom-
1867 403 1916 461 Α
1944 396 2278 452 circumdata
2302 406 2385 453 est
2410 411 2475 453 ex
2509 397 2836 456 abundantia
2881 400 3226 472 iniquitatum
3263 417 3519 459 suarum:

250 485 640 562 prehensibilis
703 486 775 518 ⁸⁸⁸
806 525 824 549 .
882 487 1024 542 miro
1091 496 1146 542 et
1214 487 1286 520 ⁸⁸⁸
1361 485 1615 542 ineffabili
1681 487 1841 542 modo

247 597 406 640 suum
448 595 571 636 esse
619 595 728 636 non
769 580 1083 644 dimittens,
1130 595 1231 650 pro
1273 589 1325 635 te
1373 580 1445 612 ⁸⁵³
1494 595 1553 636 se
1586 579 1841 648 :exinani-

247 673 346 739 vit,
375 688 502 728 cum
542 687 642 741 pro
681 681 734 725 te
772 680 1027 727 creatura
1068 671 1183 726 fieri
1225 669 1414 736 voluit,
1461 681 1520 727 ut
1551 681 1622 738 te,
1654 672 1744 740 qui
1776 671 1843 727 de

249 781 357 820 non
387 779 510 820 esse
529 764 596 818 ad
626 778 749 818 esse
775 762 995 828 venisti,
1027 763 1093 817 ad
1123 778 1182 818 se
1209 764 1301 834 qui
1336 780 1442 818 non
1473 763 1540 817 de
1574 777 1678 820 non
1722 778 1844 818 esse

249 859 319 913 ad
345 872 466 912 esse
490 856 659 923 venit,
690 856 784 910 sed
827 855 914 912 cui
958 871 1175 926 semper
1205 871 1326 911 esse
1358 855 1482 921 fuit,
1523 854 1844 910 familiarius

248 945 652 1011 reconciliaret,
707 945 1120 1000 reconciliatum
1149 953 1204 1000 et
1234 961 1298 1000 ex
1327 944 1398 978 ⁸⁸⁸
1423 953 1536 1000 ιοιο
1566 945 1620 1000 in
1661 946 1844 1016 pristi-

248 1056 374 1097 nam
403 1038 720 1109 dignitatem
747 1036 1100 1093 reformatum
1129 1037 1195 1092 ad
1220 1052 1377 1093 suum
1401 1053 1521 1094 esse
1539 1038 1840 1104 reduceret,

247 1130 328 1186 uti
358 1128 484 1185 felix
516 1129 588 1160 ⁸⁸⁸
619 1143 838 1199 semper
862 1137 917 1182 et
938 1127 1092 1184 hctus
1122 1128 1175 1183 in
1205 1136 1408 1206 teterna
1440 1144 1536 1183 sua
1564 1129 1734 1199 gloria
1764 1145 1844 1184 se-

247 1237 372 1276 cum
418 1221 470 1275 in
513 1229 777 1275 aeternum
814 1220 1109 1290 gauderes.
1159 1219 1338 1286 Ecce,
1373 1221 1516 1275 Deus
1560 1236 1740 1282 meus,
1787 1230 1841 1277 et

222 1311 476 1367 -Creator
498 1324 816 1375 meus,ecce
836 1310 982 1365 vides
993 1326 1102 1380 quo
1124 1311 1408 1382 cogitando
1420 1311 1492 1343 ⁸⁵⁸
1504 1313 1720 1381 perveni
1739 1328 1753 1375 ;
1788 1323 1842 1367 et

251 1413 450 1465 tamen,
485 1402 588 1457 hoc
612 1401 922 1471 cogitando,
951 1401 1172 1471 quantis
1208 1403 1386 1458 adhuc
1419 1402 1748 1458 vanitatibus
1790 1412 1842 1458 et

249 1495 498 1552 stnititiis
521 1495 708 1551 infelix
738 1497 920 1551 anima
948 1511 1068 1552 mea
1093 1495 1333 1566 subjecta
1365 1496 1454 1554 sit.
1479 1494 1843 1566 Sialiquando

177 1606 183 1610 '
246 1589 421 1660 gratia
455 1597 542 1643 tua
577 1598 856 1660 respectus
884 1589 1082 1659 incipio
1104 1591 1345 1658 cogitare
1374 1590 1648 1660 quomodo
1679 1593 1851 1660 perti-

246 1689 376 1736 neat
403 1681 473 1713 ⁸³⁷
499 1681 568 1736 ad
589 1681 824 1752 aliquam
853 1680 1139 1736 utilitatem
1170 1681 1364 1736 animae
1392 1695 1542 1743 mete,
1573 1680 1841 1736 instabilis

1943 496 2164 558 propter
2215 487 2432 542 easdem
2473 491 2617 544 enim
2674 489 2987 559 iniquitates
3031 507 3269 548 amaram
3315 497 3522 565 patitur

1944 576 2242 631 absentiam
2290 576 2668 645 pulcherrima:
2722 578 2878 635 faciei
2925 590 3050 636 tum.
3119 582 3256 637 Hinc
3315 584 3521 654 itaque,

1944 665 2088 720 Deus
2118 681 2294 731 meus,
2330 667 2460 722 hinc
2503 677 2588 724 est
2625 686 2836 726 summa
2878 673 3081 728 doloris
3117 677 3243 740 mei,
3274 679 3398 746 quia
3433 695 3528 734 co-

1944 773 2145 830 gnosco
2175 775 2260 814 tne
2290 759 2633 816 clementiam
2660 771 2804 818 tuam
2830 781 2950 820 mea
2984 766 3528 840 iniquitatcgravilcr

1943 851 2251 916 offendisse,
2286 860 2338 906 et
2375 853 2562 910 oculos
2589 856 2771 910 cordis
2797 857 2902 912 mei
2937 858 3007 914 ob
3045 859 3290 916 eamdem
3324 860 3528 934 iniqui-

1945 953 2131 1012 tatem,
2165 964 2232 1004 ne
2281 952 2647 1008 desideranda:
2698 954 2964 1012 claritatis
2994 965 3097 1013 tua:
3150 957 3329 1016 lumen
3384 965 3528 1034 aspi.

1945 1038 2116 1104 ciant,
2147 1049 2376 1097 caecatos
2398 1041 2586 1098 fuisse.
2618 1042 2816 1100 Fecisti
2840 1057 3020 1113 me,ut
3041 1050 3331 1120 gauderem
3361 1053 3428 1110 de
3453 1065 3525 1119 te,

1943 1132 1999 1180 et
2031 1141 2132 1196 ego
2162 1136 2270 1182 tam
2303 1137 2515 1200 turpem
2552 1145 2640 1188 me
2678 1130 2803 1198 feci,
2829 1142 2891 1188 ut
2913 1135 3234 1193 erubescam
3263 1155 3528 1212 apparere

1899 1261 1919 1273 κ
1942 1232 2127 1274 coram
2157 1229 2228 1275 te.
2255 1221 2571 1292 lniquitates
2601 1225 2744 1279 enim
2776 1242 2904 1281 utea:
2923 1225 3267 1299 supergressa
3288 1244 3408 1287 sunt
3437 1252 3528 1288 ca-

1943 1319 2036 1379 put
2079 1326 2270 1375 meum,
2301 1321 2348 1365 et
2402 1314 2536 1366 sicut
2582 1331 2714 1368 onus
2763 1331 2920 1385 grave
2964 1331 3193 1387 gravata:
3230 1331 3349 1375 sunt
3373 1340 3528 1392 super

1944 1419 2025 1457 me
2052 1402 2224 1473 (Paul.
2276 1420 2484 1471 xxxvn,
2528 1406 2604 1477 5);
2643 1421 2794 1462 mens
2839 1424 2958 1464 mea
3006 1411 3225 1468 malitia:
3253 1411 3375 1469 felle
3413 1415 3526 1471 ine-

1943 1490 2118 1546 briata
2147 1503 2248 1561 est,
2280 1505 2334 1549 et
2362 1495 2542 1548 anima
2569 1510 2688 1550 mea
2717 1498 2955 1566 pondere
2985 1499 3252 1555 sceletum
3277 1502 3526 1557 incurva-

1944 1593 1997 1639 ta
2033 1595 2137 1652 est,
2194 1588 2413 1642 animus
2441 1603 2595 1644 meus
2619 1589 2876 1645 vitiorum
2918 1591 3030 1646 luto
3064 1592 3293 1650 fmdatus
3332 1604 3436 1662 est,
3471 1606 3528 1651 et

1944 1691 2037 1739 cor
2064 1692 2239 1732 meum
2271 1678 2547 1749 injustitiaa
2589 1681 2714 1736 tabe
2749 1681 3013 1751 repletum
3043 1694 3164 1752 est;
3198 1687 3380 1740 anima
3404 1701 3524 1742 mea

248 1785 404 1827 mens
435 1787 576 1837 mea,
609 1781 667 1828 et
695 1772 808 1827 fere
839 1771 908 1828 ab
934 1773 1084 1827 omni
1131 1773 1274 1829 bono
1299 1787 1466 1828 vacua
1500 1773 1612 1829 cito
1644 1772 1842 1827 labitur
1875 1777 1916 1832 Β
1943 1777 2294 1835 peccatorum
2330 1771 2561 1825 nexibus
2599 1771 2806 1828 irretita
2838 1782 2941 1839 est,
2974 1782 3029 1830 et
3071 1784 3180 1830 tota
3217 1777 3523 1833 substantia

246 1867 318 1920 ad
347 1865 528 1920 inania
551 1874 605 1920 et
631 1865 816 1930 noxia,
847 1865 1010 1920 veluti
1041 1864 1194 1936 palea
1221 1879 1384 1935 quam
1411 1863 1717 1920 levissimus
1747 1864 1842 1919 ηδ’-

248 1965 338 2011 tus
365 1956 508 2011 venti
535 1954 782 2011 exsntllat
811 1955 877 2011 de
910 1970 1057 2011 area.

317 2047 562 2103 Gemens
597 2063 748 2118 ergo,
776 2046 1003 2102 Creator
1056 2062 1229 2111 meus,
1268 2054 1472 2102 tantam
1519 2048 1836 2103 inconstan-

244 2139 378 2196 tiam
434 2141 633 2196 mentis
677 2154 852 2206 meae,
899 2148 1009 2194 tam
1055 2147 1361 2210 torpentem
1415 2149 1472 2195 et
1515 2140 1836 2196 desidiosam

245 2231 316 2285 ad
342 2231 686 2303 cogitandum
722 2245 786 2286 ea
813 2243 934 2301 qua:
960 2238 1088 2284 sunt
1109 2229 1284 2296 utilia,
1318 2239 1426 2284 tam
1451 2229 1754 2286 ferventem
1782 2240 1838 2286 et

243 2324 547 2378 studiosam
584 2322 650 2378 ad
682 2336 748 2377 ea
773 2337 895 2393 qua
927 2329 1056 2378 sunt
1095 2322 1282 2387 noxia,
1318 2337 1426 2378 non
1464 2323 1724 2392 respicias
1770 2323 1836 2376 ad

244 2415 348 2472 hoc
383 2416 524 2487 quod
552 2424 806 2487 peccator
835 2429 978 2471 sum.
1010 2414 1229 2483 Fateor,
1261 2413 1454 2481 fateor,
1483 2427 1739 2488 peccator
1759 2416 1833 2449 ⁸⁸⁸

243 2522 391 2574 sum,
439 2508 691 2578 indignus
731 2523 874 2574 sum,
919 2505 1234 2562 immundus
1274 2521 1392 2561 sum
1430 2507 1522 2574 ⁸⁸³,
1555 2515 1608 2563 et
1655 2517 1835 2562 tamen

244 2615 354 2656 non
379 2599 573 2655 recedo
603 2609 732 2664 ate,
772 2599 1088 2655 dulcissime
1138 2597 1266 2653 .iesu
1304 2597 1374 2630 ⁸⁸⁸
1411 2598 1650 2656 Christe.
1696 2598 1834 2654 velis

241 2687 384 2744 nolis
403 2687 497 2754 ⁸⁸⁸,
528 2703 633 2742 non
665 2689 880 2744 dimitto
903 2688 1088 2753 te,etsi
1109 2687 1324 2742 infirma
1344 2703 1505 2742 manu
1534 2689 1734 2745 tenebo
1756 2698 1832 2755 te,

244 2793 347 2835 nec
377 2779 598 2836 recedes
622 2794 651 2834 a
677 2794 785 2845 me,
810 2779 986 2835 donec
1007 2781 1074 2835 ab
1093 2779 1240 2836 omni
1269 2779 1596 2851 cogitatione
1626 2781 1831 2850 peccati

243 2869 494 2926 absolvas
518 2884 622 2924 me.
650 2867 889 2924 Verbera
912 2882 1014 2933 me,
1041 2869 1266 2925 emenda
1286 2884 1388 2930 me,
1419 2877 1474 2924 et
1499 2871 1710 2941 corripe
1725 2885 1830 2937 me,

239 2969 300 3016 et
331 2961 514 3018 tandiu
543 2961 747 3032 castiga
782 2975 1000 3015 servum
1031 2968 1182 3014 tuum
1225 2957 1319 3024 8",
1354 2960 1525 3015 donec
1554 2976 1653 3029 per
1685 2959 1831 3015 inef-

242 3052 461 3108 fabilem
505 3052 800 3108 bonitatem
843 3059 992 3105 tuam
1038 3049 1308 3121 perducas
1347 3063 1436 3104 me
1490 3049 1556 3104 ad
1605 3049 1831 3120 gloriam

242 3149 352 3198 tua:
381 3140 878 3212 contemplationis.

781 3227 1157 3286 MEDITATIO
1182 3229 1301 3285 XX.

623 3323 965 3391 Querimonia
991 3323 1054 3377 de
1079 3323 1314 3377 absentia
1341 3321 1453 3375 Dei.

263 3420 365 3492 (Ex
383 3417 752 3488 manuscripto
765 3417 948 3472 codice
969 3416 1131 3472 n.167
1147 3416 1482 3470 bibliotheca:
1498 3411 1832 3484 Thoantem.)

313 3509 432 3565 Non
463 3509 677 3574 sullicit,
717 3508 941 3563 Domine
963 3547 979 3574 ,
1013 3523 1120 3562 non
1152 3505 1346 3561 suliicit
1385 3505 1678 3574 peccatrici
1713 3504 1830 3559 ani-

241 3613 348 3654 mae
388 3614 522 3655 mea:
551 3600 695 3670 quod
732 3612 798 3653 ex
839 3595 1171 3652 abundantia
1207 3592 1495 3648 ineti'abilis
1527 3594 1831 3650 clementia:

242 3707 351 3754 tuae
381 3713 476 3754 sua
517 3696 618 3751 sibi
666 3703 854 3764 sperat
891 3692 1123 3747 relaxari
1164 3699 1404 3760 peccata,
1449 3691 1550 3747 nisi
1587 3692 1829 3748 dolorem

242 3801 428 3852 suum,
457 3800 616 3856 quem
658 3783 860 3852 patitur
903 3780 972 3837 de
993 3780 1241 3834 absentia
1293 3780 1472 3835 vultus
1503 3781 1604 3848 tui,
1644 3783 1831 3850 queri-

244 3878 484 3935 moniam
515 3889 666 3930 suam
703 3872 897 3928 saltem
924 3885 1110 3927 coram
1154 3879 1205 3926 te
1242 3871 1580 3941 exponendo,
1612 3887 1830 3943 quoquo

245 3968 408 4024 modo
443 3967 661 4022 Studeat
692 3961 948 4018 relaxari.
987 3961 1384 4031 Pcregrinatur
1415 3962 1563 4016 enim
1594 3978 1625 4017 a
1670 3971 1742 4028 te,
1775 3970 1831 4017 et

242 4060 348 4113 hoc
391 4067 610 4128 propter
645 4055 962 4124 iniquitates
1000 4067 1146 4108 snas.
1191 4051 1292 4108 Ubi
1331 4069 1460 4124 ergo
1503 4053 1635 4108 mihi
1669 4061 1832 4125 caput

240 4149 511 4205 sermonis
542 4154 894 4210 occurretur,
925 4143 1162 4199 dolorem
1188 4159 1367 4198 meum
1392 4143 1614 4198 intendo
1637 4158 1830 4200 conso-

240 4242 366 4306 lari,
397 4252 451 4298 et
478 4257 600 4297 eum
635 4240 852 4294 intueor
880 4237 1150 4306 acquisita
1182 4235 1551 4292 consolatione
1573 4251 1833 4306 augmen-

243 4335 369 4390 tari.
397 4335 512 4404 Ipsa
539 4333 684 4388 enim
719 4327 1006 4399 inquisitio
1032 4325 1424 4382 consolationis
1449 4325 1616 4380 menti
1633 4339 1832 4381 memo—

239 4427 380 4482 riam
406 4430 758 4495 repraesentat
780 4419 1006 4476 doloris.
1029 4416 1466 4474 Consolationem
1498 4430 1734 4484 namque
1763 4417 1830 4472 de

1941 1871 2061 1914 mea
2085 1860 2225 1914 mole
2259 1860 2545 1916 criminum
2569 1877 2829 1932 oppressa
2857 1875 2958 1920 est.
2985 1865 3116 1933 Quis
3151 1880 3282 1938 ergo
3310 1869 3438 1924 mihi
3471 1871 3522 1925 in

1943 1956 2090 2004 tanta
2121 1949 2462 2006 miseriarum
2500 1953 2866 2022 profunditate
2881 1955 3178 2012 constituto
3208 1959 3526 2015 subveniet?

1939 2043 2075 2110 Quis
2089 2057 2307 2098 manum
2331 2044 2608 2116 porriget?
2629 2047 2708 2100 An
2731 2060 2854 2117 ego,
2880 2046 3021 2116 quod
3045 2061 3227 2104 verum
3254 2059 3358 2117 est,
3374 2058 3524 2106 tanta

1941 2138 2231 2208 iniquitate
2263 2138 2432 2194 Deum
2484 2139 2632 2195 solus
2657 2141 2978 2196 exacerbavi
3010 2149 3071 2198 ut
3125 2157 3226 2199 nec
3257 2143 3393 2214 ipse,
3424 2161 3524 2202 nec

1940 2226 2120 2298 aliqua
2147 2236 2396 2282 creatura
2421 2243 2516 2283 sna
2544 2243 2628 2284 me
2652 2230 2878 2286 ulterius
2909 2229 3033 2300 jure
3069 2231 3264 2287 debeat
3301 2234 3523 2290 intueri.

1939 2315 2053 2371 Heu
2078 2316 2241 2371 mihi!
2267 2331 2436 2386 quare
2458 2317 2540 2372 vel
2565 2334 2666 2373 una
2697 2319 2826 2374 hora
2851 2327 3136 2391 postquam
3170 2331 3326 2378 natus
3351 2323 3426 2380 fni
3469 2325 3524 2380 in

1936 2404 2040 2462 hoc
2070 2405 2272 2460 mundo
2299 2420 2519 2462 manere
2539 2407 2720 2473 debui,
2744 2417 2802 2462 ut
2831 2417 2979 2464 tanta
3005 2426 3034 2463 a
3057 2426 3143 2466 me
3169 2411 3308 2466 mala
3336 2423 3524 2470 contra

1936 2497 2107 2554 Deum
2137 2499 2403 2554 deberent
2431 2500 2713 2554 exerceri?
2751 2500 2930 2568 Quare
2960 2501 3094 2557 mihi
3129 2503 3254 2558 vita.
3282 2512 3392 2559 tam
3430 2506 3522 2561 diu

1936 2589 2270 2654 conceditur,
2301 2605 2422 2660 qua:
2457 2599 2568 2644 tota
2623 2590 2832 2646 vitiosis
2867 2590 3152 2649 aﬂ‘ectibus
3183 2594 3518 2666 dissipatur?

1937 2678 2044 2736 Sed
2071 2679 2388 2736 dilationem
2421 2681 2546 2736 vita:
2578 2696 2676 2735 cur
2719 2680 2966 2752 deploro,
3017 2686 3238 2754 quando
3285 2703 3372 2743 me
3427 2702 3524 2758 per

1933 2785 2060 2827 eam
2095 2773 2163 2828 ad
2202 2772 2580 2843 paenitentiam
2625 2786 2655 2826 a
2687 2773 2796 2828 Deo
2825 2773 3046 2830 invitari
3096 2779 3403 2848 cognosco?
3443 2781 3523 2840 An

1933 2865 2168 2934 ignoras,
2202 2863 2281 2918 ait
2307 2863 2612 2934 Apostolus,
2636 2864 2760 2934 quia
2779 2867 3032 2934 patientia
3061 2867 3157 2923 Dei
3177 2870 3246 2922 ad
3260 2871 3518 2939 ρωιιὶιεη-

1934 2959 2064 3011 tiam
2093 2966 2142 3012 te
2166 2958 2382 3012 adducit
2409 2973 2427 3012 :
2477 2967 2534 3012 tu
2559 2967 2734 3012 autent
2763 2960 3047 3014 secundum
3078 2962 3328 3016 duritiam
3351 2973 3521 3026 tuam,

1933 3057 1982 3102 et
2004 3064 2094 3102 cor
2121 3049 2465 3118 impaenitens,
2499 3049 2825 3103 lhesaurizas
2861 3050 2954 3104 tibi
2979 3053 3112 3105 iram
3150 3051 3205 3105 in
3239 3051 3324 3106 die
3354 3053 3449 3106 ira:
3474 3062 3522 3104 et

1859 3143 1905 3204 (ζ
1936 3136 2266 3192 reuelationis
2313 3137 2448 3207 justi
2486 3138 2683 3207 judicii
2711 3137 2806 3193 Dei
2823 3139 2845 3177 ⁹
2900 3140 3079 3210 (Rom.
3110 3157 3160 3206 I,
3209 3141 3276 3206 4,
3307 3138 3386 3213 5.)
3440 3141 3523 3195 Ad

1936 3227 2039 3280 hoc
2083 3241 2212 3297 ergo
2244 3227 2375 3282 mihi
2409 3227 2512 3282 vita
2538 3236 2826 3296 praestatur
2851 3237 2911 3283 ut
2945 3229 3137 3284 eadem
3177 3232 3519 3289 emendetur.

1933 3313 2044 3369 Cur
2071 3315 2236 3386 igitur
2264 3330 2368 3372 non
2399 3317 2491 3371 tiat
2517 3317 2653 3372 ista?
2675 3318 2719 3372 si
2759 3327 2981 3390 propter
3008 3320 3383 3391 poenitentiam
3410 3324 3523 3379 vita

1933 3410 2224 3477 differtur,
2281 3426 2450 3482 quare
2500 3413 2821 3483 paenitentia
2893 3417 3008 3486 ipsa
3089 3415 3409 3473 simulatur?
3464 3418 3522 3474 Si

1933 3503 2076 3560 Deus
2122 3505 2314 3560 animze
2369 3520 2501 3560 mete
2530 3507 2723 3576 parcit,
2774 3507 2845 3563 ad
2895 3515 3109 3580 tempus
3154 3509 3520 3574 subsistendo,

1931 3613 2102 3669 quare
2124 3599 2237 3669 ipsa
2263 3599 2364 3654 sibi
2390 3616 2494 3657 non
2521 3601 2716 3671 parcit,
2737 3609 2957 3670 peccata
2989 3602 3347 3680 dimittendo?
3367 3602 3412 3659 0
3438 3604 3522 3658 in—

1933 3689 2205 3744 sensibilis
2252 3690 2449 3744 duritia
2494 3692 2676 3745 cordis
2717 3691 2854 3745 mei!
2895 3692 2965 3747 ob
2996 3693 3103 3747 hoc
3150 3709 3296 3748 mors
3343 3694 3525 3749 differ-

1935 3787 2041 3846 tur,
2070 3777 2234 3849 2&0
2265 3788 2325 3833 ut
2361 3778 2468 3832 vita
2499 3779 2833 3846 melioretur,
2859 3789 2916 3835 et
2946 3781 3073 3835 dum
3097 3781 3205 3836 vita
3229 3783 3516 3853 prol0ngas

1935 3877 2042 3934 tur,
2095 3883 2242 3923 mors
2283 3868 2526 3923 deterior
2555 3869 2877 3938 acquiritur.
2916 3869 3215 3941 U‘trobique
3247 3876 3517 3941 angustia.

1931 3961 2066 4017 Cum
2101 3975 2221 4016 sum
2251 3961 2305 4016 in
2336 3974 2586 4030 corpore,
2619 3962 2938 4032 peregrinor
2965 3976 2996 4018 a
3032 3962 3262 4020 Domino
3287 3963 3370 4035 (11
3389 3964 3514 4019 Cor.

1930 4068 1985 4120 v,
2016 4053 2073 4124 6)
2101 4059 2157 4108 et
2186 4066 2254 4107 ne
2295 4051 2428 4106 mihi
2469 4061 2690 4123 propter
2715 4063 2935 4123 peccata
2966 4069 3088 4112 mea
3121 4063 3274 4111 extra
3320 4071 3521 4126 corpus

1929 4142 2082 4213 pejus
2109 4144 2200 4212 sit,
2227 4144 2380 4199 exire
2403 4143 2471 4200 de
2489 4158 2717 4216 corpore
2736 4145 3080 4216 pertimesco,
3110 4149 3392 4219 praesentia
3421 4149 3520 4206 Dei

1930 4235 2131 4306 privari
2171 4233 2350 4300 doleo,
2388 4242 2446 4290 et
2487 4233 2792 4291 absentiam
2835 4237 3210 4308 corruptibilis
3251 4241 3518 4310 corporis.

1931 4327 2050 4382 sine
2077 4339 2182 4397 qua
2215 4326 2516 4397 prasentiaa
2546 4327 2640 4382 Det
2682 4329 2877 4384 sociari
2913 4345 3021 4384 non
3053 4345 3292 4400 possum,
3333 4333 3521 4388 subire

1929 4420 2273 4490 pertimesco.
2299 4417 2438 4484 Quid
2465 4429 2568 4482 est,
2601 4417 2847 4482 Domine,
2869 4419 3000 4489 quid
3025 4422 3269 4490 estquod
3293 4438 3389 4478 cor
3419 4424 3519 4478 hu-

238 4520 428 4575 dolore
457 4533 562 4572 non
583 4528 909 4587 quaererem,
945 4510 1048 4568 nisi
1087 4524 1174 4565 me
1217 4509 1400 4565 dolere
1439 4509 1827 4575 meminissem,
1863 4521 1908 4576 Β
1926 4510 2018 4580 jus
2047 4511 2350 4582 peccatoris
2382 4511 2644 4574 intuetur,
2671 4518 2727 4564 et
2759 4509 2941 4566 verbis
2969 4511 3243 4582 explicare
3269 4529 3374 4570 non
3399 4516 3517 4571 suf-

238 4612 365 4682 quia
397 4626 464 4666 ex
494 4609 753 4666 memoria
787 4604 993 4661 doloris
1032 4602 1294 4674 quaeritur
1327 4598 1590 4670 refugium
1619 4609 1833 4655 ‘conso-

237 4703 484 4767 lationis,
515 4708 570 4756 et
597 4715 664 4755 ex
689 4697 932 4770 appetitu
959 4693 1347 4752 consolationis
1370 4700 1598 4764 augetur
1623 4706 1829 4748 memo-

238 4797 320 4850 ria
345 4793 567 4858 dnloris,
589 4800 644 4848 et
663 4806 771 4864 quo
790 4789 990 4862 saepius
1014 4787 1171 4843 dolor
1193 4787 1359 4857 menti
1382 4793 1709 4855 reprzesenta
1719 4792 1826 4851 tur,

235 4898 305 4936 eo
340 4882 531 4951 majori
567 4888 858 4952 augmento
902 4877 1233 4935 cumulatur.
1271 4874 1411 4942 Quid
1452 4874 1616 4946 igitur
1651 4874 1827 4931 facio?

235 4988 306 5025 an
336 4971 447 5040 ipsa
465 4969 734 5040 expositio
755 4969 964 5025 doloris
989 4967 1364 5039 qualecunque
1386 4965 1824 5022 datemolumen-

237 5074 353 5118 tum
379 5061 801 5118 consolationis?
830 5061 1146 5132 Expaudam
1183 5073 1334 5130 ergo,
1367 5056 1612 5122 Domine,
1639 5072 1823 5113 coram

235 5153 617 5210 misericordia
654 5161 746 5210 tua
793 5151 1188 5209 amaritudines
1221 5150 1414 5206 animm
1445 5162 1600 5213 meae,
1630 5148 1828 5219 quibus

1937 4603 2068 4658 ticit.
2102 4601 2281 4667 Certe,
2313 4601 2454 4657 bone
2483 4599 2634 4666 Jesu,
2664 4601 2882 4657 dissolvi
2907 4611 2963 4658 et
2993 4612 3172 4660 tecum
3201 4619 3322 4662 esse
3347 4608 3519 4662 multo

1934 4694 2107 4765 magis
2148 4693 2410 4762 optimum
2457 4701 2560 4748 est.
2609 4693 2789 4759 Quare
2833 4708 2962 4765 ergo
3021 4710 3128 4752 non
3177 4697 3519 4754 desideratur

1932 4784 2078 4856 quod
2121 4782 2382 4853 optimum
2429 4797 2548 4839 esse
2610 4783 2889 4852 probatur.
2945 4785 3175 4842 Dissolvi
3221 4802 3252 4841 a
3300 4788 3516 4843 mortali

1934 4889 2164 4946 corpore
2186 4883 2376 4931 etesse
2387 4889 2509 4931 cum
2523 4874 2740 4932 Christo
2766 4874 3024 4948 (Philipp.
3047 4877 3213 4943 1,23),
3237 4879 3516 4934 beatitudo

1930 4978 2044 5036 est;
2092 4967 2246 5040 ligari
2274 4981 2522 5039 corpore,
2546 4976 2602 5022 et
2622 4968 2811 5025 abesse
2833 4984 2864 5023 a
2891 4967 3130 5036 Christo,
3157 4969 3376 5025 miseria
3405 4977 3509 5024 est.

1933 5059 2004 5116 Ut
2046 5059 2176 5129 quid
2224 5056 2388 5130 igitur
2445 5058 2662 5114 miseria
2733 5060 2967 5129 timetur;
2998 5059 3196 5127 amitti,
3236 5068 3294 5116 et
3346 5061 3514 5116 beati~

1935 5153 2064 5208 tudo
2096 5166 2202 5207 non
2243 5150 2585 5208 desideratur
2622 5151 2844 5209 haberi?
2888 5153 2998 5210 Sed
3051 5155 3168 5211 haec
3217 5163 3302 5212 est
3345 5166 3512 5210 causa

1517 5261 1755 5320 VARIIE
1783 5263 2188 5323 LECTIONES.

199 5363 212 5366 ”
310 5381 384 5423 ἰι
444 5377 906 5437 incommutabilis
973 5391 1074 5430 nu.
1153 5371 1505 5427 immutabilis

233 5464 294 5508 te
350 5461 530 5507 tamen
592 5466 650 5506 se
693 5466 792 5505 ms.
854 5463 958 5502 non
1005 5443 1430 5511 dimittensipro
1475 5450 1528 5496 te
1583 5455 1642 5496 se

237 5523 315 5559 ⁸⁸⁸
359 5525 437 5579 Ac
466 5522 608 5577 faelix
654 5537 752 5574 ms.
787 5518 863 5574 uti
895 5518 1044 5572 faelis

1677 5373 1750 5405 ⁸⁸²
1791 5371 2026 5430 Numero
2078 5385 2134 5430 et
2194 5392 2288 5433 ms.
2358 5375 2496 5430 miro
2553 5386 2610 5432 et

1805 5443 1877 5475 8“
1933 5445 2000 5500 Et
2047 5445 2483 5509 reconciliatum.

1187 5513 1260 5564 3'.“
1285 5510 1563 5595 Quomodo
1583 5513 1879 5595 cogitando
1911 5531 2011 5570 ms.
2055 5516 2476 5595 quo_cogitando
2548 5516 2618 5550 ⁸⁸⁷
2655 5519 2807 5585 Quod
2836 5519 3069 5595 pertinet
3104 5539 3203 5595 ms.
3235 5510 3506 5595 quomodo

2751 5379 2821 5411 su
2871 5377 2986 5434 Non
3044 5380 3332 5454 dimittens
3405 5398 3507 5454 Pro

2566 5464 2632 5500 ex
2673 5465 2770 5503 ms.
2843 5451 3273 5517 reconciliatum,
3325 5451 3502 5512 ct_cx

311 5594 511 5650 rtineat
582 5592 654 5623 ⁸⁸⁸
679 5589 875 5645 Fateor
899 5595 1155 5658 peccator
1191 5599 1306 5658 λης.
1346 5581 1536 5658 fateor,
1580 5580 1774 5658 fateor,
1811 5580 2087 5658 peccator'
2132 5586 2204 5658 ﬁ"
2222 5580 2546 5658 immundus
2571 5580 2700 5642 suni
2732 5580 2852 5643 ηυξ
2881 5592 3090 5648 omittit.
3167 5580 3506 5655 m'uomim',

273 5680 370 5722 esu
397 5681 497 5720 ms.
527 5663 675 5717 omit.
706 5651 933 5716 Domine
1004 5656 1072 5688 ⁸⁶¹
1114 5653 1277 5712 Veiis.
1303 5651 1441 5711 nolis
1465 5667 1564 5708 ms.
1598 5654 1730 5711 velis
1755 5651 1900 5726 quod
1923 5655 2054 5712 velis
2125 5657 2194 5690 ⁸⁸⁸
2217 5657 2390 5714 Tuum
2419 5657 2644 5714 Domine
2672 5674 2770 5714 ms.
2796 5662 2939 5717 omit.
2965 5661 3191 5726 Domine

484 5753 760 5815 Ριτιιοι.
812 5746 1079 5834 CLVlli.

2993 5757 3071 5816 26

1894 5832 1944 5841 Α
