3910 6018
441 273 536 327 811

758 268 815 324 S.
853 266 1151 324 ANSELMI
1189 266 1534 324 CANTUAR.
1578 264 1895 324 ARClllEP.
1936 266 2016 324 ΟΡ

2134 269 2316 325 PARS
2365 268 2429 325 11.
2472 299 2541 310 -σ
2579 268 2949 327 ΡΑΒᾸΞΝΕΤ.
2993 273 3080 329 ΕΤ
3120 276 3362 333 ASCET.

3604 284 3713 339 819.

440 402 609 460 quare
640 402 669 440 a
699 384 853 439 nobis
882 400 910 437 a
942 396 1169 452 corpore
1198 380 1414 437 dissolvi
1441 396 1545 434 non
1579 382 1870 451 appetitur,
1894 383 2018 449 quia
2051 389 2097 444 Α
2127 381 2427 451 expediret,
2459 381 2551 435 tibi
2576 380 2787 438 deferre
2822 398 2927 438 non
2954 385 3167 441 studeo.
3202 386 3258 442 Si
3291 389 3434 442 enim
3464 390 3567 446 hoc
3590 410 3719 465 age-

438 491 559 551 post
585 477 986 533 dissolutionem
1035 483 1214 528 utrum
1248 488 1370 527 cum
1396 472 1613 527 Christo
1653 489 1775 528 esse
1814 475 2025 529 contin-

439 582 531 643 gat
575 570 867 624 dubitatur.
920 567 998 621 Ae
1048 581 1143 636 per
1192 567 1294 621 hoc
1346 566 1701 622 commoratio
1751 565 1803 619 in
1856 581 2023 621 carne

438 665 642 718 idcirco
669 661 815 716 utilis
843 675 963 715 esse
982 660 1290 730 iudicatur,
1325 658 1451 727 quia
1482 660 1608 713 dum
1636 659 1688 713 in
1715 674 1776 713 ea
1800 659 2020 722 vivitur,

441 754 741 809 melioratio
795 754 919 806 vitm
969 761 1239 822 speratur.
1294 749 1385 805 Vm
1431 752 1668 821 peccatis
1719 751 2021 815 hominum,

440 860 665 916 quorum
698 845 890 899 merito
920 844 1101 914 agitur
1140 854 1201 897 ut
1226 844 1340 912 ipsa
1372 843 1497 897 vita:
1527 844 1775 898 humana:
1805 843 2022 897 miseria

449 938 598 992 utilis
634 938 938 1007 judicetur!
971 936 1160 991 Nonne
1194 944 1303 990 tota
1343 950 1583 1005 praesens
1625 936 1735 990 vita
1774 935 2025 989 miseria?

440 1039 493 1083 et
522 1038 699 1084 tamen
730 1030 843 1084 hare
889 1028 1105 1082 miseria
1134 1042 1519 1097 nonnunquam
1562 1027 1692 1097 ipsis
1716 1029 1880 1081 etiam
1909 1025 2024 1093 jus-

440 1119 508 1174 tis
540 1119 687 1174 utilis
707 1129 811 1185 est,
841 1128 1063 1190 prepter
1091 1119 1214 1174 boni
1244 1118 1422 1175 meriti
1450 1129 1829 1188 augmentum;
1857 1117 2023 1185 injus-

439 1209 507 1263 tis
551 1218 729 1264 autem
772 1210 1007 1264 maxime
1057 1210 1361 1265 necessaria
1420 1220 1642 1280 propter
1689 1210 2024 1278 poenitentia:

440 1303 911 1358 medicamentum.
944 1301 1096 1358 Tunc
1122 1317 1251 1357 vero
1272 1304 1387 1357 hmc
1418 1303 1607 1356 eadem
1635 1301 1855 1357 miseria
1888 1316 2026 1370 pne-

438 1399 595 1465 cipue
630 1394 787 1449 bonis
817 1395 1087 1449 mentibus
1129 1394 1359 1464 lugenda
1392 1409 1514 1450 esse
1544 1394 1779 1459 videtur,
1810 1395 2023 1463 quando

438 1486 508 1541 ab
530 1486 907 1555 insipientibus
944 1487 1104 1541 nimis
1138 1486 1441 1556 periculose
1469 1497 1703 1541 amatur.
1740 1485 1875 1552 Quia
1900 1500 2023 1540 cum

437 1582 495 1632 in
529 1579 646 1649 ejus
694 1595 878 1635 amore
909 1590 1309 1649 perseveratur,
1339 1580 1611 1650 peripsam
1648 1578 1895 1634 eamdem
1925 1578 2025 1633 mi-

436 1670 636 1724 seriam
660 1671 727 1725 ad
750 1679 1007 1725 mternam
1034 1670 1308 1725 miseriam
1334 1671 1648 1741 pervenitur
1670 1711 1685 1735 ,
1713 1669 1881 1739 ﬁtque
1910 1684 2025 1724 mo-

2127 488 2266 538 rem,
2297 473 2430 527 nihil
2460 474 2645 542 utique
2674 484 2820 529 esset
2860 477 3001 545 quod
3028 493 3114 533 me
3140 494 3170 531 a
3217 484 3479 536 memoria
3510 486 3604 551 tui,
3648 505 3721 542 ac

2126 564 2395 619 desiderio
2420 573 2471 619 te
2506 565 2844 637 intelligenti,
2877 583 2906 622 a
2935 568 3090 624 beata
3121 571 3197 625 tui
3229 574 3431 629 amoris
3470 578 3715 635 dulcedi-

2126 672 2193 711 ne
2226 666 2521 711 revocaret.
2562 660 2787 713 Domine
2820 675 2993 727 meus,
3027 662 3254 718 Domine
3298 679 3469 730 mens,
3518 685 3715 737 quare,

2128 758 2181 803 ln
2211 765 2333 804 cum
2378 749 2454 809 sis
2483 750 2739 806 Dominus
2770 768 2955 821 meus,
2988 770 3094 808 non
3133 757 3253 811 vivo
3281 758 3423 814 sicut
3445 761 3602 815 debet
3633 766 3717 817 vi-

2126 855 2251 894 vere
2273 857 2464 898 servus
2487 844 2645 897 tuus?
2676 844 2750 897 Te
2783 844 2948 900 Deum
2980 863 3158 901 meum
3196 865 3489 921 cognosco,
3522 864 3575 907 et
3596 870 3715 908 ser-

2125 947 2224 986 vus
2253 942 2374 987 tnns
2420 949 2543 989 esse
2582 935 2849 990 desidero.
2876 936 3054 1002 Quare
3084 939 3249 994 vitam
3293 944 3433 996 servi
3492 945 3565 997 tui
3598 945 3711 997 veri

2125 1027 2534 1082 conversatione
2582 1038 2766 1084 tenere
2811 1048 2917 1085 non
2946 1032 3143 1088 valeo?
3168 1034 3273 1091 Sed
3300 1054 3397 1091 cur
3426 1038 3583 1106 lmjns
3612 1041 3713 1093 mi-

2126 1118 2282 1170 serim
2308 1134 2441 1173 mea:
2479 1135 2699 1175 causam
2748 1138 2953 1190 quaero,
2988 1128 3205 1196 quando
3239 1144 3413 1183 meam
3453 1132 3709 1202 iniquita-

2126 1217 2233 1262 tem
2275 1209 2412 1264 hanc
2453 1213 2821 1280 promeruisse
2858 1231 2962 1269 non
3000 1219 3248 1289 ambigo?
3294 1220 3406 1276 Heu
3436 1223 3603 1276 mihi!
3649 1232 3712 1279 ut

2125 1299 2254 1368 quid
2293 1300 2448 1354 vivo?
2493 1316 2664 1371 quare
2716 1305 2900 1359 tandiu
2939 1307 3083 1373 vivo,
3114 1309 3203 1378 qui
3237 1319 3343 1364 tam
3392 1310 3530 1366 male
3554 1313 3703 1369 vivo.

2127 1390 2331 1446 Idcirco
2356 1393 2485 1447 mihi
2521 1393 2705 1449 vivere
2730 1397 3047 1451 conceditur
3072 1408 3131 1453 ut
3163 1415 3309 1455 mors
3334 1402 3625 1466 evadatur;
3652 1414 3709 1458 et

2127 1482 2235 1536 vita
2270 1482 2383 1553 ipsa
2430 1483 2666 1540 deterior
2697 1494 2869 1540 morte
2918 1486 3211 1543 invenitur.
3244 1489 3510 1546 Concedis
3550 1493 3706 1556 mihi,

2128 1573 2391 1629 formator
2414 1589 2564 1630 meus
2603 1576 3025 1645 sapientissime,
3051 1589 3109 1632 ut
3138 1596 3223 1634 me
3244 1581 3309 1635 ad
3336 1582 3706 1651 contemplan-

2128 1666 2248 1719 dam
2280 1665 2757 1737 pulchritudinem
2820 1679 2965 1723 tuam
3018 1672 3260 1726 studeam
3295 1688 3620 1743 praeparare,
3654 1683 3710 1729 et

438 1761 507 1814 do
552 1760 842 1816 miserabili
876 1776 974 1831 per
1013 1761 1287 1816 miseriam
1320 1762 1386 1817 ad
1427 1762 1699 1817 miseriam
1739 1761 2019 1826 transitus,
2053 1744 2099 1805 Β
2128 1773 2228 1829 ego
2261 1774 2348 1815 me
2392 1760 2686 1829 turpiorem
2751 1768 2855 1815 nan
2921 1778 3077 1817 cesso
3127 1765 3366 1833 quotidie
3428 1766 3705 1821 exhibere.

438 1850 565 1904 dum
597 1858 651 1905 et
680 1865 917 1919 pnesens
962 1852 1180 1907 miseria
1211 1850 1537 1922 expenditur
1582 1851 1635 1908 in
1668 1854 2020 1923 cupiditatum

437 1938 640 2005 labore,
670 1950 725 1995 et
758 1940 882 1995 hinc
908 1943 1206 1998 succedens
1235 1950 1437 1997 aeterna
1470 1943 1689 1999 miseria
1724 1943 2024 1999 sustinetur

439 2033 493 2087 in
520 2034 849 2106 sempiterno
871 2036 1075 2092 dolore.
1105 2035 1211 2091 Sed
1238 2044 1295 2091 et
1322 2037 1435 2107 ipsa
1480 2038 1698 2093 miseria
1730 2047 1927 2093 aeterna
1957 2052 2022 2093 eo

439 2127 625 2196 utique
653 2127 757 2182 erit
784 2129 963 2184 acrior
993 2129 1060 2183 ad
1089 2129 1408 2198 vindictam,
1436 2145 1544 2199 quo
1574 2131 1857 2200 przesentis
1898 2130 2021 2185 vitae

437 2218 657 2275 miseria
698 2235 728 2273 a
775 2220 1127 2277 misericorde
1156 2220 1377 2278 Christo
1403 2222 1608 2278 diutius
1659 2222 1826 2277 fuerit
1857 2221 2021 2277 dilata

437 2322 658 2384 propter
690 2315 1089 2383 pmnitentiam.
1129 2314 1173 2371 Ο
1217 2314 1416 2380 Pater,
1463 2316 1554 2385 qui
1588 2329 1715 2371 vere
1750 2330 1843 2378 es,
1888 2330 2023 2384 quo-

435 2405 582 2458 niam
615 2420 825 2461 summe
850 2421 930 2469 es,
956 2406 1084 2476 quia
1115 2416 1170 2460 tu
1203 2407 1311 2476 ipse
1333 2423 1386 2461 es
1409 2416 1455 2460 et
1484 2408 1611 2461 anni
1646 2407 1723 2461 tui
1763 2422 1865 2462 non
1894 2406 2023 2473 deli-

439 2497 572 2550 cient
603 2495 777 2568 (Psal.
810 2498 1018 2569 et,28),
1048 2512 1306 2554 succurre
1332 2498 1461 2552 mihi
1497 2499 1717 2553 miseria
1738 2514 2017 2568 oppresso.

435 2585 494 2640 Si
520 2587 635 2657 ipsa
679 2601 841 2656 quam
875 2589 1057 2657 patior
1087 2588 1330 2654 miseria,
1361 2590 1679 2659 disponente
1718 2593 2019 2648 misericor-

435 2678 522 2733 dia
579 2686 692 2742 tua,
742 2687 964 2747 propter
1010 2680 1272 2749 majorem
1327 2680 1603 2736 miseriam
1655 2684 2018 2748 devitandam,

433 2769 576 2836 quod
605 2770 938 2840 paenitentia:
966 2772 1148 2827 studio
1182 2772 1295 2828 ﬁeri
1328 2774 1489 2841 solet,
1535 2774 1802 2839 dilTertur,
1852 2791 2020 2845 quare

432 2860 519 2916 vel
544 2862 657 2931 ipsa
679 2861 898 2917 miseria
923 2863 1172 2917 amatur?
1193 2862 1374 2931 Quare
1393 2879 1518 2919 amo
1537 2864 1680 2934 quod
1693 2879 1777 2919 me
1799 2880 2021 2922 necesse

434 2962 518 3007 est
544 2952 705 3008 citius
742 2953 1016 3021 amittere,
1047 2963 1102 3009 et
1145 2954 1275 3009 illud
1326 2970 1433 3010 non
1469 2955 1719 3010 desidero
1754 2956 1896 3026 quod
1934 2971 2019 3011 me

434 3045 719 3115 praisentis
748 3045 873 3100 vita:
902 3045 1052 3101 ﬁnita
1098 3044 1319 3101 miseria
1356 3056 1538 3116 posset
1570 3045 1916 3103 beatiﬁcare?
1959 3044 2017 3101 Si

433 3133 846 3201 beatitudinem,
878 3149 1042 3206 quam
1072 3142 1125 3191 te
1160 3136 1505 3206 diligentibus
1535 3134 1828 3207 promittis,
1860 3143 2022 3206 prout

434 3224 565 3283 mihi
593 3228 881 3298 expediret
910 3243 1096 3283 amare
1124 3244 1229 3283 non
1262 3229 1434 3295 valeo,
1462 3238 1631 3299 quare
1666 3227 1855 3283 saltem
1888 3243 2019 3296 snp-

432 3316 614 3386 plicia,
647 3332 766 3386 qum
797 3318 1262 3386 contemptoribus
1293 3319 1399 3372 tuis
1430 3318 1676 3382 minaris,
1704 3332 1770 3371 ex
1800 3317 2017 3386 quibus,

432 3409 569 3475 proh
606 3407 789 3462 dolori
817 3422 919 3477 ego
944 3422 1064 3462 sunt
1098 3423 1261 3473 unus,
1286 3425 1391 3463 non
1419 3408 1764 3479 expavesco?
1790 3407 1846 3462 Si
1873 3408 2016 3462 enim

432 3512 496 3550 ea
527 3513 970 3567 expavescerent,
1003 3498 1181 3567 aliqua
1221 3514 1286 3553 ex
1330 3510 1484 3568 parte
1516 3514 1602 3554 me
1632 3500 1805 3568 ipsum
1833 3514 2019 3554 einen.

432 3590 645 3652 darem,
700 3589 984 3659 ﬁeretque,
1030 3590 1401 3646 misericordia
1465 3600 1554 3647 tua
1611 3599 1922 3660 prmstante,
1958 3600 2019 3646 ut

430 3696 530 3751 per
562 3681 812 3736 timorem
842 3696 907 3736 ac
928 3684 1327 3752 correptionem
1351 3683 1690 3753 pervenirem
1726 3682 2016 3753 aliquando

430 3772 500 3827 ad
523 3787 786 3827 amorem.
827 3770 1010 3839 Quare
1066 3783 1245 3829 autem
1271 3772 1475 3842 judicia
1528 3785 1617 3829 tua
1662 3790 1770 3829 non
1822 3774 2010 3842 timeo,

428 3865 532 3920 nisi
556 3864 682 3935 quia
712 3865 777 3920 de
803 3867 884 3922 eis
904 3866 1115 3939 negligo
1140 3868 1413 3939 cogitare?
1444 3868 1520 3923 Ne
1541 3883 1668 3923 vero
1698 3868 1767 3923 de
1794 3869 1874 3923 eis
1906 3868 2015 3923 fre-

428 3958 684 4028 quentius
705 3958 912 4014 valeam
945 3959 1202 4028 cogitare,
1226 3959 1356 4013 vitia
1389 3974 1508 4013 mea
1538 3958 1811 4014 lethil’eris
1837 3974 2011 4014 amm-

428 4050 691 4107 uitalibus
728 4060 784 4108 et
812 4050 1180 4122 voluptatibus
1205 4051 1337 4106 mihi
1367 4050 1698 4107 hlandientia
1727 4066 1813 4106 me
1842 4051 2012 4121 impe-

427 4145 546 4199 dire
578 4159 685 4199 non
716 4143 992 4198 desinunt.
1017 4141 1062 4197 Ο
1085 4141 1328 4208 Domine,
1364 4144 1611 4211 Domine,
1643 4157 1770 4200 ecce
1789 4160 1883 4212 ego
1901 4160 2012 4198 ser-

425 4248 524 4288 vus
548 4242 670 4287 tuus
684 4241 732 4287 et
756 4231 900 4302 ﬁlius
930 4234 1137 4288 ancilla:
1158 4232 1450 4304 true(Psal.
1472 4249 1595 4300 cxv,
1612 4233 1723 4305 l6).
1747 4232 1883 4301 Quia
1907 4235 2009 4291 etsi

426 4330 701 4392 peccator,
722 4330 902 4379 tamen
930 4322 1072 4379 ﬁlius
1095 4332 1298 4380 sanctae
1320 4322 1576 4380 Ecclesiae
1601 4334 1723 4379 tuan
1753 4324 1860 4382 Sed
1878 4326 2009 4396 quid

426 4414 561 4481 dixi,
588 4429 696 4485 qua
714 4414 935 4471 audacia
968 4417 1287 4486 praesumpsi
1320 4417 1600 4472 nominare
1619 4431 1835 4473 servum
1861 4426 2010 4474 tuum
2043 4426 2090 4481 D
2113 4411 2261 4466 omni

424 4521 549 4561 cum
578 4520 791 4562 servum
822 4521 908 4563 me
933 4522 1040 4563 non
1074 4508 1378 4578 ignorarem
1403 4507 1799 4578 peccatorum?
1822 4507 2009 4563 Omnis

424 4598 571 4652 enim
584 4598 673 4669 qui
695 4598 822 4669 facit
849 4609 1138 4669 peccatum,
1156 4616 1334 4655 servus
1353 4610 1427 4654 est
1446 4600 1645 4669 peccati
1684 4598 1864 4669 (Joan.
1887 4615 2008 4667 vm,

424 4690 547 4760 54);
573 4705 673 4757 ego
687 4700 864 4746 autem
880 4691 1250 4747 indesinenter
1260 4705 1486 4762 peccare
1507 4708 1614 4747 non
1635 4690 1868 4749 desisto:
1892 4708 2011 4748 ser-

422 4796 524 4836 vus
553 4796 683 4851 ergo
712 4797 829 4836 sum
861 4783 1096 4853 peccati;
1122 4784 1393 4852 quomodo
1433 4798 1562 4855 ergo
1585 4801 1671 4841 me
1702 4801 1819 4841 sum
1846 4800 2009 4842 ausus

422 4873 707 4929 nominare
722 4888 934 4930 servum
957 4875 1139 4930 tuum?
1161 4874 1277 4931 Non
1300 4876 1487 4947 utique
1509 4877 1609 4932 hoc
1631 4878 1887 4943 dicerem,
1902 4877 2008 4932 nisi

422 4965 549 5035 quia
577 4963 644 5019 de
670 4972 762 5019 tua
785 4962 1036 5019 inell‘abili
1068 4965 1413 5022 miseratione
1451 4967 1766 5036 praesumpsi
1790 4974 1849 5020 ut
1893 4966 2009 5022 btee

421 5053 605 5109 dicere
652 5051 924 5117 auderem,
956 5054 1081 5123 quia
1110 5054 1212 5110 etsi
1244 5069 1433 5109 servus
1465 5056 1669 5125 peccati
1698 5071 1814 5111 sum
1846 5070 2011 5126 prop-

419 5147 505 5195 ter
540 5139 908 5195 inﬁrmitatem
934 5156 1097 5212 quant
1127 5143 1371 5198 sustineo
1391 5157 1456 5197 ex
1491 5144 1797 5213 iniquitate,
1824 5152 2005 5199 tamen

419 5246 613 5288 servus
646 5239 770 5285 tuus
793 5247 910 5287 sum
948 5246 1045 5302 per
1070 5231 1394 5286 desiderium
1429 5234 1572 5301 quod
1611 5234 1741 5289 mihi
1789 5234 2002 5304 praesti-

420 5328 534 5375 tum
563 5335 684 5376 esse
708 5322 917 5389 gaudeo
946 5336 1012 5376 ex
1043 5329 1135 5377 tua
1182 5324 1477 5379 venerabili
1506 5323 1769 5380 bonitate.
1804 5323 2006 5380 Servus

418 5424 550 5479 ergo
568 5419 693 5465 tuus
716 5425 861 5474 sum,
888 5410 1133 5475 Domine,
1167 5422 1223 5467 et
1251 5414 1294 5467 si
1327 5428 1431 5468 non
1458 5430 1622 5486 opere
1642 5424 1696 5470 et
1716 5432 2005 5473 conversa-

420 5501 582 5564 tione,
608 5511 755 5558 certe
779 5500 971 5557 aii'ectu
1005 5512 1059 5558 et
1088 5504 1395 5561 voluntate.
1411 5504 1517 5561 Sed
1564 5507 1615 5563 in
1645 5509 1748 5563 hoc
1782 5510 2005 5566 misera-

421 5589 549 5644 bilis
577 5607 695 5646 sum
729 5603 785 5648 et.
814 5594 972 5650 valde
996 5594 1274 5653 deﬁendus
1318 5600 1468 5669 quia,
1504 5616 1627 5654 cum
1660 5617 1747 5657 me
1789 5618 2001 5658 servum

421 5686 575 5733 tuum
606 5694 726 5735 esse
767 5701 1117 5758 cognoscam,
1146 5689 1405 5747 honorem
1433 5691 1662 5756 Domini,
1697 5694 1836 5750 sicut
1870 5696 2000 5750 mihi

2125 1850 2287 1917 Quid,
2335 1852 2477 1908 Deus
2527 1867 2698 1919 mens,
2738 1852 2866 1923 quid
2916 1863 3005 1908 tua
3067 1856 3417 1911 inenarrabili
3461 1857 3711 1914 claritate

2124 1941 2401 2013 pulchrius
2436 1952 2489 1997 et
2518 1944 2648 2013 quid
2685 1959 2799 1997 mea
2844 1945 3127 2015 iniquitate
3172 1947 3414 2015 turpius!
3452 1944 3498 2003 0
3538 1958 3710 2004 totum

2123 2048 2219 2088 cor
2244 2048 2443 2098 meum,
2482 2034 2730 2102 suspiriis
2761 2033 3313 2105 delectare,‘qnorum
3338 2038 3517 2093 studio
3542 2048 3597 2094 et
3621 2050 3712 2095 tua

2121 2124 2521 2195 pulchritudine
2552 2124 2904 2191 illuminetnr,
2933 2136 2988 2181 et
3017 2127 3083 2180 ad
3122 2136 3368 2196 snperna:
3417 2128 3554 2183 lucis
3595 2128 3711 2182 cla-

2123 2217 2340 2271 ritatem
2361 2215 2830 2286 contemplandam
2865 2227 2985 2272 tuus
3014 2218 3240 2273 interior
3265 2219 3453 2272 oculus
3498 2220 3711 2273 facilius

2122 2303 2394 2371 erigatur!
2430 2301 2473 2358 Ο
2505 2310 2614 2357 tota
2641 2303 2820 2356 anima
2849 2319 2989 2369 mea,
3009 2303 3120 2371 jam
3143 2320 3332 2359 omnes
3362 2317 3480 2359 tuas
3501 2306 3654 2376 depo:
3678 2321 3711 2360 e

2124 2392 2462 2459 vagationes,
2508 2392 2609 2446 soli
2657 2392 2839 2447 divino
2882 2394 3149 2463 splendori
3194 2396 3430 2461 intende,
3478 2412 3541 2449 ex
3594 2398 3710 2466 ejus

2120 2484 2387 2539 desiderio
2442 2486 2723 2555 opulentos
2797 2485 3155 2557 lacrymarnm
3207 2488 3406 2541 imbres
3475 2485 3708 2551 clTunde,

2122 2592 2350 2646 quarum
2395 2576 2744 2633 inundatione
2783 2588 2839 2632 et
2886 2579 2960 2631 tui
3005 2579 3457 2633 ineunmerabiles
3504 2582 3707 2634 cmnnsi

2123 2678 2305 2723 reatus
2333 2668 2626 2734 dilnantur,
2652 2679 2708 2724 et
2729 2670 2991 2725 naturalis
3020 2670 3203 2735 decor,
3227 2686 3385 2740 quem
3416 2671 3508 2725 tibi
3537 2673 3709 2726 bonus

2122 2764 2501 2819 universorum
2526 2765 2756 2819 contulit
2784 2764 3005 2831 artifex,
3054 2765 3170 2834 ejus
3194 2765 3518 2835 prmsulante
3550 2769 3710 2822 mise-

2122 2854 2329 2909 ratione
2371 2854 2465 2911 tibi
2500 2857 2876 2924 reparareturl
2910 2856 2977 2920 Ο,
3033 2856 3272 2924 inquam,
3312 2858 3492 2910 omnia
3518 2858 3706 2911 intima

2119 2963 2263 3014 mea,
2294 2948 2496 3004 sumite
2529 2948 2696 3013 vires,
2739 2956 2909 3002 totum
2937 2956 3175 3002 vestrum
3216 2947 3427 3001 exerite
3454 2959 3705 3002 conatum

2124 3039 2191 3095 ad
2220 3040 2567 3109 qua‘rendum
2611 3039 2738 3093 illud
2783 3039 3079 3104 sincerum,
3122 3040 3371 3110 simplex,
3418 3050 3703 3106 :cternum,

2123 3139 2179 3184 et
2210 3128 2383 3183 solum
2412 3129 2627 3183 beatum
2652 3128 2875 3193 bonum,
2902 3125 3057 3195 cujus
3087 3127 3177 3181 lux
3219 3129 3471 3183 tenebras
3494 3140 3704 3182 vestras

2123 3220 2372 3290 repellat,
2422 3218 2573 3288 cujus
2623 3218 2741 3273 fons
2775 3216 3189 3288 limpidissimns
3228 3227 3409 3273 vestra
3455 3219 3703 3288 contagia

2121 3314 2325 3377 abluat,
2350 3312 2501 3381 cujus
2526 3313 2752 3369 libertas
2774 3327 2869 3368 eos
2888 3312 3085 3382 quibus
3109 3313 3207 3368 sub
3241 3314 3496 3368 vitiorum
3532 3312 3703 3366 domi-

2120 3405 2210 3460 nio
2257 3406 2691 3475 eonstringimini
2748 3414 2962 3461 vestros
3014 3422 3185 3461 nexus
3223 3407 3484 3473 absolvat,
3550 3409 3705 3475 cujus

2117 3495 2377 3553 fortitudo
2410 3498 2833 3555 imbecillitatem
2882 3508 3118 3553 vestram
3175 3501 3507 3566 corroboret,
3548 3502 3705 3570 cujus

2117 3587 2381 3655 sapientia
2407 3587 2691 3643 stultitiam
2728 3597 2966 3645 vestram
2999 3598 3246 3652 evacuet,
3284 3587 3440 3657 cujus
3483 3590 3596 3644 vita
3631 3591 3704 3644 ab

2116 3689 2318 3735 aeterna
2349 3695 2446 3735 vos
2476 3690 2652 3737 morte
2681 3682 2896 3752 eripiat,
2922 3692 2973 3737 et
3010 3697 3121 3737 sna:
3150 3681 3541 3737 immortalitati
3571 3699 3702 3738 cono

2115 3770 2381 3827 80eiet!0
2427 3773 2627 3828 bonum
2671 3775 2815 3844 quod
2865 3787 3082 3846 supcrat
3122 3775 3303 3830 omnia
3354 3777 3525 3841 bona,
3572 3778 3699 3845 quia

2114 3878 2144 3918 a
2199 3874 2251 3919 te
2291 3872 2345 3917 et
2395 3864 2449 3919 in
2502 3873 2555 3919 te
2606 3865 2788 3920 omnia
2835 3864 3009 3932 bona;
3093 3876 3147 3922 tu
3194 3882 3254 3922 es
3326 3867 3468 3922 enim
3516 3867 3697 3922 oninia

2113 3954 2294 4009 bona!
2340 3952 2613 4007 Conﬁteor
2662 3954 2786 4023 quia
2823 3955 2987 4010 nimia
3035 3965 3159 4011 sunt
3210 3956 3352 4010 mala
3399 3970 3542 4018 mea,
3571 3957 3697 4023 quia

2112 4044 2274 4098 nimis
2314 4044 2483 4097 multa
2527 4052 2583 4098 et
2623 4045 2806 4112 gravia
2851 4058 2976 4100 sunt
3020 4055 3241 4117 peccata
3290 4061 3431 4107 mea,
3462 4055 3515 4100 et
3566 4046 3692 4099 sine

2112 4150 2365 4189 mensura
2393 4134 2746 4203 multiplicata
2769 4137 2896 4190 vitia
2919 4152 3062 4204 mea,
3080 4138 3202 4206 quia
3217 4138 3296 4192 eis
3317 4137 3696 4192 miserabiliter

2111 4229 2318 4284 intenta
2368 4228 2628 4284 hactenus
2667 4228 2880 4286 exstitit
2911 4233 3089 4286 anima
3122 4246 3261 4287 mea.
3292 4231 3337 4286 0
3372 4230 3508 4285 mala
3553 4247 3693 4291 mat,

2110 4332 2280 4388 quare
2322 4334 2487 4389 super
2524 4335 2611 4375 me
2661 4329 2769 4376 tam
2801 4321 3093 4378 crudeliter
3134 4321 3374 4378 irruistis
3424 4333 3482 4377 ut
3517 4323 3696 4377 meab

2359 4411 2503 4466 bono
2593 4411 2828 4467 alienum
2902 4412 3187 4469 eﬂieeretis
3246 4414 3270 4467 τ
3341 4412 3388 4470 0
3470 4422 3695 4483 peccata

2110 4515 2252 4566 mea,
2286 4502 2555 4571 quomodo
2578 4504 2686 4566 .‘me
2720 4510 2830 4556 tam
2866 4501 3370 4573 immisericorditer
3397 4502 3552 4558 nodis
3576 4518 3696 4558 ves-

2111 4593 2209 4648 tris
2251 4593 2517 4649 irretitum
2557 4595 2769 4662 tenetis,
2806 4604 2867 4650 ut
2902 4594 3100 4650 nullam
3118 4594 3345 4663 iustitiae
3377 4595 3695 4650 libertatem

2111 4700 2200 4739 me
2220 4685 2369 4739 adire
2397 4684 2756 4754 permittatis?
2785 4687 2830 4743 0
2855 4687 2983 4742 vitia
3014 4703 3154 4751 mea,
3187 4688 3394 4757 utquid
3424 4686 3695 4742 lethit'eris

2110 4775 2399 4841 illecebris,
2435 4776 2573 4832 sicut
2610 4777 2765 4848 gliris
2803 4778 3071 4833 bastulam
3097 4794 3251 4835 suam
3283 4778 3574 4835 tenacitate
3610 4781 3695 4833 in-

2110 4866 2303 4926 fectam
2334 4867 2551 4924 vincere
2596 4867 2750 4934 solet,
2786 4869 3026 4924 animum
3065 4884 3245 4925 meum
3273 4869 3428 4924 vobis
3452 4868 3684 4939 aggluti-

2111 4961 2273 5022 natis,
2299 4967 2359 5013 ut
2398 4959 2506 5013 ullo
2533 4960 2890 5015 constitutum
2926 4961 3137 5026 itinere,
3169 4961 3256 5016 vel
3279 4961 3539 5030 rependo,
3574 4975 3685 5023 me,

2108 5051 2356 5107 incedere
2380 5050 2592 5105 sinatis.
2624 5049 2776 5107 Mens
2803 5066 2951 5116 mea,
2973 5052 3315 5122 angustiare;
3359 5066 3453 5106 cor
3501 5065 3682 5105 meum

2107 5142 2302 5208 deﬁce;
2335 5140 2514 5197 anima
2544 5158 2685 5208 mea,
2710 5144 3058 5209 exhorresce;
3098 5144 3239 5199 oculi
3266 5144 3395 5208 mei,
3418 5142 3686 5212 plorando

2104 5232 2337 5288 deﬁeite.
2372 5231 2508 5299 Quid
2561 5233 2703 5286 enim
2748 5249 2834 5287 me
2863 5233 2914 5288 in
2964 5234 3110 5288 omni
3149 5242 3293 5287 statu
3322 5232 3688 5289 miserabilius

2108 5325 2333 5380 inveniri
2359 5323 2579 5394 potest?
2604 5325 2795 5379 Omnia
2822 5327 3174 5381 constitutum
3204 5324 3304 5378 sibi
3329 5325 3575 5378 ordinem
3606 5326 3687 5377 in-

2104 5417 2425 5473 violabiliter
2446 5426 2695 5483 servant;
2723 5432 2825 5488 ego
2846 5418 3085 5487 quotidie
3118 5416 3283 5472 violo.
3308 5413 3413 5470 Sed
3445 5414 3534 5482 qui
3560 5428 3686 5483 pec-

2105 5520 2317 5566 cantem
2366 5512 2549 5565 tandiu
2596 5510 2808 5575 tolerat,
2854 5509 3205 5579 pmnitentem
3236 5524 3342 5564 non
3388 5506 3688 5575 suscipiet?

2104 5603 2218 5658 Hoc
2260 5601 2375 5655 ﬁeri
2410 5617 2517 5655 non
2563 5610 2761 5671 potest,
2794 5601 2898 5656 nisi
2934 5610 2995 5656 ut
3022 5615 3109 5655 me
3153 5600 3336 5656 vivere
3378 5598 3682 5668 permittat.

2102 5693 2273 5750 Adibo
2306 5705 2435 5762 ergo
2466 5699 2676 5761 patrem
2709 5707 2911 5761 meum,
2956 5690 3169 5747 tametsi
3211 5689 3462 5761 indignus
3503 5687 3680 5754 ﬁlius;
