3884 6052
317 308 434 378 {eis

655 309 712 365 s.
765 308 1062 366 ANSELMI
1095 309 1447 367 cas-rma.
1492 267 1830 365 Ancnnsr.
1874 307 1913 366 0

2017 347 2024 362 .
2060 305 2238 363 PARS
2270 305 2331 360 11.
2372 303 2845 361 -οΡΑῙῖίΕΝΕἯ
2881 303 2969 358 ΕΤ
2999 301 3243 359 ASCET.

3500 308 3599 363 816

339 425 428 479 ubi
452 433 507 478 et
543 425 811 495 quomodo
862 433 913 479 te
947 436 1155 494 quaerat
1183 425 1276 490 "7‘,
1331 425 1420 480 ubi
1469 435 1522 481 et
1565 423 1834 494 quomodo
1865 432 1917 478 te
1949 431 1988 483 Λ
2021 422 2293 486 lationem,
2329 433 2375 475 et
2401 421 2629 476 dolorem
2657 419 2827 475 inveni
2858 416 3029 490 (Psal.
3061 435 3204 484 cxtv,
3229 420 3284 490 5)
3316 421 3369 476 ἰη
3401 422 3603 480 intimis

337 515 598 570 inveniat.
636 516 880 581 Domine,
928 517 971 570 si
1002 516 1070 547 ⁸⁷³
1101 516 1189 571 hic
1224 532 1328 570 non
1359 531 1437 580 es,
1465 518 1554 571 ubi
1593 526 1646 572 te
1674 530 1916 587 quaeram

341 607 661 661 absentem!
693 605 752 660 Si
803 616 981 660 autem
1017 606 1214 676 ubique
1257 621 1336 674 es,
1386 623 1483 662 cur
1513 623 1617 662 non
1668 618 1721 663 te
1760 609 1917 664 video

340 697 698 768 praesentem?
735 697 840 754 Sed
893 708 1042 753 certe
1095 699 1310 754 habitas
1351 699 1524 754 lucem
1554 701 1625 732 ⁸⁷³
1679 702 1918 757 inacces—

340 787 572 842 sibilem.
607 787 672 842 Et
710 788 798 842 ubi
835 797 918 843 est
955 788 1046 844 lux
1068 789 1139 820 3'”
1189 789 1617 846 inaccessibilis?
1655 800 1748 846 aut
1786 807 1910 861 quo—
1949 856 1954 860 ,

338 875 502 932 modo
559 878 814 932 accedam
867 879 932 932 ad
977 877 1149 933 lucem
1181 879 1249 911 ⁸⁷⁸
1313 879 1778 934 inacccssibilem?
1825 889 1919 936 aut

346 969 471 1038 quis
518 983 604 1024 me
653 970 813 1023 ducet
864 969 916 1024 in
949 969 1115 1034 illam,
1165 979 1224 1024 ut
1265 971 1477 1025 videam
1503 969 1574 1002 ⁸⁷⁸
1627 980 1678 1025 te
1707 972 1760 1024 in
1792 971 1918 1025 illa?

335 1058 579 1126 Denique
610 1059 804 1130 quibus
841 1059 1032 1131 signis,
1075 1076 1178 1131 qua
1222 1061 1360 1118 facie
1388 1072 1437 1118 te
1467 1063 1743 1133 quaeram?
1771 1059 1918 1116 Nun-

334 1162 500 1218 quam
534 1158 583 1204 lc
609 1150 742 1219 vidi,
774 1153 1003 1208 Domine
1035 1153 1180 1208 Deus
1217 1170 1391 1221 meus,
1431 1170 1537 1209 non
1569 1156 1692 1209 novi
1723 1154 1916 1210 faciem

267 1262 280 1272 κ
334 1249 504 1296 tuam.
561 1241 700 1308 Quid
751 1243 932 1306 faciet.
979 1245 1240 1301 altissime
1281 1247 1529 1314 Domine,
1577 1247 1705 1316 quid
1755 1247 1918 1302 faciet

331 1329 442 1391 iste
479 1345 601 1391 tuus
632 1334 956 1407 longinquus
994 1337 1190 1391 exsul?
1222 1337 1359 1404 Quid
1382 1338 1542 1395 faciet
1571 1354 1760 1394 servus
1794 1349 1940 1408 tuus,

340 1427 532 1482 anxius
569 1442 756 1482 amore
803 1427 904 1493 tui,
943 1436 997 1482 et
1026 1427 1184 1495 longe
1234 1427 1505 1498 projectus
1543 1445 1572 1484 a
1613 1430 1750 1484 facie
1792 1431 1916 1484 tua?

334 1515 567 1570 Anhelat
593 1515 774 1572 videre
801 1525 872 1578 te.
903 1527 959 1572 et
985 1518 1145 1572 nimis
1169 1518 1323 1573 abest
1358 1518 1434 1572 illi
1467 1518 1637 1574 facies
1670 1529 1780 1573 tua.
1809 1519 1916 1574 Ac-

333 1607 528 1660 cedere
556 1606 621 1660 ad
652 1613 701 1661 te
729 1602 1020 1675 desiderat,
1049 1617 1100 1670 et
1134 1607 1520 1664 inaccessibilis
1539 1619 1624 1665 est
1655 1609 1916 1666 habitatio

335 1703 445 1750 tua.
481 1696 727 1752 Invenire
756 1707 806 1752 te
839 1699 1006 1767 cupit,
1040 1706 1091 1753 et
1131 1701 1305 1754 nescit
1340 1699 1516 1754 locum
1555 1708 1727 1754 tuum.
1756 1699 1917 1768 Quee-

328 1795 454 1842 rere
481 1782 549 1821 ⁸⁷⁷
584 1797 634 1842 te
660 1786 898 1857 affectat,
923 1799 977 1846 et
1001 1790 1214 1862 ignorat
1241 1792 1444 1848 vultum
1472 1801 1641 1848 tuum.

402 1875 655 1944 Domine,
691 1873 839 1935 Deus
870 1897 1024 1938 meus
1049 1896 1128 1946 es,
1169 1891 1224 1938 et
1256 1883 1516 1939 Dominus
1561 1899 1712 1940 meus
1745 1899 1823 1950 es,
1860 1893 1916 1941 et

330 1979 609 2038 nunquam
645 1978 695 2025 te
731 1970 864 2025 vidi.
901 1968 981 2026 'l‘u
1019 1985 1105 2028 me
1140 1971 1317 2028 fecisti
1344 1983 1399 2029 et
1431 1973 1691 2041 refecisti,
1722 1985 1776 2028 et
1799 1990 1916 2029 om-

332 2059 418 2112 nia
459 2058 597 2113 bona
635 2070 756 2130 qua:
789 2060 963 2118 habeo
991 2072 1048 2116 tu
1089 2063 1222 2118 mihi
1264 2063 1576 2130 contulisti;
1604 2064 1675 2098 ⁸⁷⁸
1699 2074 1754 2120 et
1780 2080 1916 2120 non-

329 2150 456 2204 dum
489 2149 616 2206 novi
647 2159 716 2206 te.
756 2151 998 2223 Denique
1031 2152 1098 2208 ad
1134 2155 1423 2211 videndum
1469 2164 1520 2212 te
1555 2157 1732 2212 factus
1757 2173 1911 2224 sum;

333 2248 387 2294 et
427 2242 661 2296 nondum
702 2243 803 2300 feci
839 2254 1059 2315 propter
1091 2246 1233 2317 quod
1273 2248 1450 2304 factus
1485 2264 1602 2303 sum
1625 2249 1719 2305 “7’.
1747 2249 1791 2306 Ο
1813 2251 1916 2306 mi-

331 2347 454 2386 sera
481 2349 600 2388 sors
629 2335 888 2402 hominis,
921 2351 1041 2392 cum
1071 2337 1174 2393 hoc
1202 2339 1440 2410 perdidit
1479 2341 1640 2396 homo
1670 2341 1736 2396 ad
1769 2341 1913 2413 quod

329 2423 505 2479 factus
535 2427 646 2480 est!
695 2426 739 2484 Ο
769 2428 957 2493 durus,
1006 2445 1039 2483 ο
1083 2431 1232 2486 dirus
1278 2447 1438 2486 casus
1487 2430 1601 2487 ille!
1640 2432 1752 2488 lleu
1783 2433 1912 2503 quid

325 2516 566 2584 perdidit
591 2526 646 2572 et
685 2518 814 2589 quid
848 2519 1088 2573 invenit?
1124 2518 1261 2586 Quid
1291 2521 1556 2576 abscessit
1584 2533 1637 2576 et
1666 2523 1793 2593 quid
1831 2539 1912 2578 re-

330 2607 567 2661 mansit?
599 2607 840 2663 Perdidit
877 2606 1265 2666 beatitudinem
1297 2613 1364 2668 ad
1406 2627 1568 2682 quam
1605 2614 1779 2671 factus
1807 2625 1910 2682 est,

329 2708 384 2752 et
435 2696 645 2752 invenit
689 2696 965 2756 miseriam
1009 2713 1232 2775 propter
1260 2721 1424 2776 quam
1453 2706 1628 2764 factus
1661 2723 1764 2762 non
1805 2716 1908 2762 est.

325 2787 609 2842 Ahscessit
636 2784 752 2844 sine
778 2807 888 2861 quo
917 2793 1047 2849 nihil
1091 2792 1218 2850 felix
1249 2805 1355 2863 est,
1394 2806 1452 2853 et
1479 2798 1741 2853 remansit
1769 2799 1911 2869 quod

329 2897 426 2950 per
451 2897 509 2936 se
535 2897 639 2936 non
689 2882 792 2936 nisi
845 2884 1104 2939 miserum
1147 2895 1250 2940 cst.
1297 2885 1655 2956 Mandueabat
1685 2887 1755 2918 ⁸⁸⁰
1785 2894 1913 2942 tunc

327 2974 492 3028 homo
520 2990 711 3045 panem
743 2974 1010 3044 dolorum,
1035 2992 1192 3047 quem
1217 2978 1284 3015 ⁸⁸¹
1317 2987 1444 3034 tunc
1474 2980 1768 3038 nesciebat.

399 3063 514 3118 lleu
591 3063 838 3135 publicus
896 3065 1070 3122 luctus
1127 3064 1405 3123 hominum
1428 3068 1536 3134 83',
1589 3067 1910 3125 universalis

321 3158 572 3229 planctus
617 3157 851 3214 filiorum
889 3158 1046 3214 Adae!
1086 3159 1177 3215 ille
1225 3161 1508 3216 eructabat
1528 3159 1599 3193 ⁸⁸³
1650 3161 1908 3216 saturita-

325 3261 455 3317 tem,
476 3265 576 3305 nos
601 3250 938 3321 suspiramus
967 3251 1203 3307 esuriem
1233 3251 1325 3306 3“.
1359 3249 1452 3307 llle
1481 3251 1791 3308 abundabat
1811 3249 1906 3320 ⁸⁸⁵,

326 3360 426 3398 nos
457 3344 846 3399 mendicamus.
872 3343 966 3398 llle
996 3343 1230 3400 feliciter
1267 3344 1481 3400 tenebat
1506 3353 1561 3400 et
1591 3345 1788 3401 misere
1808 3345 1906 3400 de-

325 3435 519 3499 seruit,
571 3449 670 3490 nos
717 3433 1006 3489 infeliciter
1035 3451 1256 3506 egemus
1305 3444 1361 3491 et
1389 3434 1773 3492 miserabiliter
1813 3436 1909 3491 de-

321 3527 656 3593 sideramus;
686 3535 739 3581 et
768 3526 873 3581 heu
903 3527 1058 3581 vacui
1083 3529 1460 3584 remanemus!
1493 3527 1601 3583 Cur
1627 3543 1732 3584 non
1751 3528 1908 3584 nobis

322 3617 636 3685 custodivit,
668 3632 792 3672 cum
823 3616 982 3673 facile
1016 3626 1223 3689 posset,
1262 3634 1372 3690 quo
1400 3629 1506 3675 tam
1540 3620 1778 3692 graviter
1812 3635 1906 3676 ca-

321 3711 544 3766 remus?
586 3709 764 3778 Quare
817 3710 896 3766 sic
941 3709 1096 3767 nobis
1142 3709 1421 3768 obseravit
1462 3712 1662 3778 lucem,
1709 3721 1764 3768 et
1808 3712 1908 3770 ob-

319 3802 478 3857 duxit
506 3815 606 3858 nos
637 3801 910 3859 tenebris?
938 3801 1008 3858 Ut
1031 3802 1157 3874 quid
1196 3804 1353 3860 nobis
1387 3804 1612 3860 abstulit
1633 3803 1820 3875 vitam,
1853 3814 1909 3862 et

319 3893 627 3950 induxittm
657 3892 821 3966 242
851 3894 1124 3950 mortem?
1171 3893 1512 3962 Airumnosi,
1549 3895 1692 3951 unde
1721 3911 1910 3952 sumus

322 3986 572 4058 expulsi,
617 4004 725 4057 quo
761 4004 947 4043 sumus
977 3987 1226 4059 impulsi?
1262 3989 1412 4045 Unde
1432 3975 1769 4062 praecipitati,
1799 4005 1910 4060 quo

322 4093 512 4132 sumus
540 4077 752 4134 obruti?
772 4077 817 4132 A
855 4079 1055 4148 patria,
1087 4079 1138 4133 in
1180 4079 1461 4147 exsilium;
1493 4095 1523 4135 a
1554 4081 1762 4136 visione
1789 4081 1908 4148 Dei,

320 4168 377 4222 in
408 4169 706 4224 eiecitatem
739 4178 1016 4235 nostram;
1043 4185 1070 4221 a
1087 4167 1432 4237 iucunditate
1463 4170 1906 4237 immortalitatis,

320 4259 378 4316 in
403 4260 820 4316 amaritudinem
862 4268 916 4314 et
958 4261 1220 4316 honorem
1251 4261 1460 4317 mortis.
1507 4261 1700 4319 Misera
1731 4271 1908 4319 muta-

280 4397 282 4400 ,
319 4351 427 4406 tio!
465 4350 540 4406 De
564 4359 766 4422 quanto
789 4352 930 4407 bono
961 4351 1012 4406 in
1036 4361 1297 4422 quantum
1332 4352 1560 4407 malum!

393 4444 572 4501 Grave
618 4445 874 4500 damnum
903 4444 996 4524 33",
1030 4445 1212 4515 gravis
1269 4445 1442 4510 dolor,
1492 4460 1656 4516 grave
1707 4453 1899 4500 totum.
1930 4481 1981 4539 Β

322 4534 433 4590 Sed
461 4537 563 4591 heu
589 4551 675 4591 me
715 4536 996 4602 miserum,
1031 4553 1197 4592 unum
1230 4537 1296 4594 de
1325 4538 1447 4592 aliis
1479 4537 1601 4593 [iliis
1629 4538 1773 4602 Evzn,
1804 4537 1906 4591 mi-

319 4627 460 4682 seris
489 4627 751 4697 elongatis
777 4643 806 4681 a
833 4626 970 4682 Deo!
1001 4627 1141 4694 Quid
1171 4629 1404 4698 incmpi?
1434 4629 1578 4701 quid
1625 4628 1760 4684 feci?
1798 4644 1905 4700 quo

320 4719 648 4773 tendebam?
700 4733 808 4788 quo
859 4719 1083 4774 deveni?
1124 4721 1192 4775 ad
1231 4723 1359 4791 quid
1410 4721 1738 4793 aspirabam,
1767 4731 1820 4776 et
1851 4722 1904 4776 in

221 4878 240 4886 δ
319 4810 516 4880 quibus
554 4809 800 4879 suspiro?
833 4809 1060 4876 Qutrsivi
1090 4812 1244 4877 bona,
1284 4821 1329 4866 et
1361 4828 1474 4866 ecce
1500 4812 1729 4865 turbatio
1782 4810 1903 4868 (Job

219 5185 300 5229 -.ὅ

318 4916 432 4966 xuv,
464 4899 573 4967 l9).
627 4897 936 4955 Tendebam
987 4900 1038 4954 in
1081 4899 1274 4966 Deum,
1309 4912 1363 4956 et
1400 4900 1596 4956 offendi
1628 4901 1681 4954 in
1714 4915 1799 4954 me
1822 4902 1903 4971 ip-

322 5008 462 5048 sum.
496 4990 762 5064 chuiem
790 4991 1097 5063 quaerebam
1128 4993 1182 5048 in
1219 5001 1430 5048 secreto
1473 4988 1612 5058 meo,
1643 4999 1696 5046 et
1733 4991 1904 5044 tribu-

2024 511 2150 566 mei.
2189 509 2447 566 Volebam
2474 511 2650 566 redire
2679 526 2708 564 a
2738 511 2933 580 gaudio
2967 510 3158 564 utentis
3189 525 3340 575 mea},
3367 522 3420 567 et
3446 529 3602 584 cogor

2020 603 2201 674 rugire
2236 621 2268 657 a
2310 605 2505 674 gemitu
2539 604 2712 658 cordis
2757 605 2860 658 mei
2894 603 3065 676 (Psal.
3108 621 3318 670 xxxv",
3356 606 3431 676 9).
3473 607 3598 676 Spe—

2020 699 2242 751 rabatur
2265 697 2471 763 laatitia,
2495 706 2548 752 et
2573 713 2699 753 ecce
2717 700 3118 753 condensantur
3136 700 3207 731 ⁸⁸³
3230 700 3483 768 suspiria.
3516 701 3599 762 Et,

2018 802 2052 840 o
2102 796 2156 840 tu
2193 787 2438 852 Domine,
2466 787 2784 860 usquequo?
2836 789 3136 862 Usquequo,
3184 790 3422 854 Domine,
3474 792 3602 844 obli-

2019 878 2230 933 viscaris
2277 896 2377 945 me,
2435 896 2700 950 usquequo
2745 881 2937 934 avertis
2997 883 3185 951 faciem
3233 892 3378 934 tuam
3418 899 3449 934 a
3489 882 3604 951 me?

2021 959 2196 1042 (Psal.
2226 987 2327 1034 xu,
2380 971 2454 1042 l).
2495 970 2723 1038 Quando
2773 972 3032 1042 respicies
3066 980 3122 1027 et
3171 974 3428 1027 exaudies
3477 974 3604 1029 me?

2019 1063 2264 1130 Quando
2298 1061 2629 1117 illuminabis
2674 1060 2858 1117 oculos
2897 1079 3065 1126 meos,
3109 1072 3162 1118 et
3189 1067 3442 1120 ostendes
3471 1066 3601 1120 mihi

2020 1153 2215 1209 faciem
2249 1153 2435 1207 tuam?
2461 1152 2689 1220 Quando
2727 1151 2980 1208 restitues
3017 1148 3202 1220 mihi?

2089 1243 2338 1314 Respice,
2377 1243 2625 1305 Domine,
2659 1250 2713 1296 et
2739 1243 2935 1297 exaudi
2980 1258 3089 1309 me,
3123 1253 3178 1298 et
3206 1243 3448 1298 illumina
3485 1259 3601 1307 me;

2017 1333 2242 1389 ostende
2265 1332 2397 1387 mihi
2433 1341 2484 1386 te
2512 1332 2707 1402 ipsum.
2740 1329 2986 1394 Restitue
3011 1331 3141 1386 mihi
3181 1341 3253 1395 te.
3286 1340 3346 1386 ut
3373 1332 3511 1387 bene
3534 1332 3606 1388 sit

2017 1424 2174 1490 mihi,
2206 1423 2326 1480 sine
2351 1439 2460 1494 quo
2491 1432 2598 1476 tam
2636 1421 2774 1476 male
2801 1432 2884 1477 est
2926 1422 3078 1477 mihi.
3114 1422 3314 1492 Dirige,
3353 1422 3600 1489 Domine,

2016 1514 2228 1571 labores
2265 1530 2436 1581 meos,
2473 1523 2528 1569 et
2574 1523 2801 1568 conatus
2844 1528 2993 1569 meos
3054 1513 3122 1569 ad
3162 1523 3234 1581 te,
3298 1515 3426 1584 quia
3469 1517 3602 1570 nihil

2015 1605 2170 1661 valeo
2206 1604 2322 1660 sine
2363 1615 2434 1660 te.
2467 1600 2664 1659 Invitas
2703 1619 2809 1669 me,
2852 1603 3043 1673 adjuva
3075 1620 3182 1671 me,
3208 1606 3459 1671 obsecro,
3495 1606 3600 1662 Do-

2017 1697 2184 1762 mine,
2233 1711 2298 1751 ne
2352 1695 2634 1765 desperem
2696 1694 3018 1765 suspirando
3045 1691 3144 1760 3°”;
3196 1699 3290 1750 sed
3340 1697 3600 1767 respirem

1945 1777 1988 1836 Β
2017 1788 2290 1860 sperando
2319 1785 2412 1840 ⁸⁹⁰.
2462 1785 2702 1845 Obsecro
2743 1794 2817 1852 te,
2851 1785 3104 1851 Domine,
3135 1786 3490 1842 amaricatum
3521 1797 3604 1842 est

2018 1896 2114 1938 cor
2141 1895 2319 1936 meum
2353 1893 2448 1934 sua
2479 1877 2831 1943 desolatione,
2865 1870 3076 1932 indulca
3124 1879 3248 1934 illud
3283 1888 3372 1934 tua
3411 1896 3603 1936 conso-

2018 1974 2241 2030 latione.
2283 1971 2522 2028 Obsecro
2556 1979 2626 2036 te,
2677 1969 2918 2034 Domine,
2959 1971 3206 2026 esuriens
3233 1972 3426 2042 incmpi
3451 1988 3602 2042 quaa-

2019 2084 2140 2126 rere
2178 2077 2250 2137 te,
2303 2082 2371 2123 ne
2423 2065 2680 2122 desistam
2706 2062 2772 2095 ⁸⁹¹
2817 2059 3036 2131 jejunus
3074 2063 3142 2119 de
3198 2073 3277 2131 te;
3325 2065 3604 2120 famelicus

2017 2163 2246 2226 accessi,
2279 2177 2346 2216 ne
2382 2161 2628 2216 recedam
2671 2163 2952 2232 impastus.
2987 2158 3202 2228 Pauper
3243 2158 3362 2213 veni
3414 2158 3481 2212 ad
3521 2159 3604 2212 di-

2019 2253 2301 2317 vitem'",
2353 2252 2518 2306 miser
2565 2253 2632 2306 ad
2688 2249 3118 2314 misericordem,
3154 2264 3221 2304 ne
3240 2249 3311 2281 ⁸⁹⁸
3353 2250 3599 2304 recedam

2015 2361 2219 2402 vacuus
2245 2355 2300 2400 ct
2351 2353 2708 2414 contemptus.
2759 2341 2826 2398 Et
2877 2343 2922 2398 si
2973 2351 3264 2413 antequam
3322 2344 3600 2396 comedam

2015 2438 2246 2507 suspiro,
2289 2437 2354 2492 da
2379 2437 2508 2491 mihi
2539 2443 2664 2505 post
2693 2435 2925 2506 su5piria
2953 2437 3096 2505 quod
3127 2435 3428 2488 comedam.

2084 2529 2334 2594 Domine,
2362 2528 2675 2583 incurvatus
2714 2543 2859 2592 sum,
2900 2542 3004 2580 non
3049 2525 3150 2579 nisi
3183 2529 3433 2582 deorsum
3459 2526 3602 2596 aSpi-

2012 2635 2140 2676 cere
2179 2618 2352 2674 valeo.
2391 2616 2550 2689 Erige
2578 2632 2685 2682 me,
2716 2615 2998 2688 utpossim
3045 2631 3262 2670 sursum
3301 2616 3595 2671 intendere.

2013 2711 2330 2781 Iniquitates
2357 2725 2486 2763 mete
2511 2724 2858 2779 supergressa:
2893 2717 3013 2763 sunt
3041 2717 3197 2774 caput
3224 2724 3393 2761 meum
3425 2704 3595 2778 (Psal.

2011 2817 2143 2868 Lvn,
2166 2800 2246 2871 5),
2273 2809 2329 2855 et
2353 2797 2646 2854 obvolvunt
2671 2813 2778 2863 me,
2806 2807 2852 2853 et
2881 2797 3013 2852 sicut
3034 2813 3165 2851 onus
3185 2814 3343 2868 grave
3369 2805 3598 2868 gravant

2015 2906 2104 2946 me
2137 2887 2350 2962 (Ibid.),
2398 2887 2587 2945 evolve
2615 2902 2726 2953 me,
2774 2902 3009 2943 exonera
3041 2903 3148 2954 me,
3180 2903 3240 2942 ne
3288 2897 3469 2958 urgeat
3503 2904 3598 2955 pu-

2012 2992 2124 3038 teus
2170 2997 2356 3038 earum
2409 2998 2565 3055 super
2616 2998 2696 3036 me
2745 2998 2801 3034 os
2831 2998 2985 3035 suum
3033 2979 3206 3051 (Psal.
3256 2980 3595 3050 vam,-16).

2013 3073 2201 3132 Liceat
2231 3077 2362 3131 mihi
2396 3077 2464 3131 de
2505 3075 2662 3147 longe
2703 3075 2948 3146 aspicere
2997 3074 3172 3129 lucem
3217 3083 3384 3138 tuam,
3416 3074 3500 3129 vel
3531 3076 3599 3130 de

2011 3165 2297 3239 profundo.
2324 3167 2466 3222 Doce
2481 3181 2566 3222 me
2594 3179 2838 3236 quaerere
2858 3174 2930 3228 te,
2955 3165 3201 3229 Domine.
3217 3174 3272 3220 et
3290 3167 3514 3220 ostende
3543 3173 3598 3220 te

2010 3259 2302 3331 quaerenti,
2335 3259 2457 3328 quia
2497 3273 2596 3313 nec
2627 3271 2869 3327 quaerere
2911 3267 2964 3312 te
2998 3271 3243 3326 possum,
3269 3257 3371 3312 nisi
3419 3267 3474 3312 tu
3503 3260 3597 3312 do-

2009 3364 2136 3404 ceas
2181 3363 2286 3412 me,
2344 3363 2446 3404 nec
2489 3347 2754 3411 invenire,
2802 3347 2906 3402 nisi
2929 3346 2999 3379 ⁸³⁸
3041 3347 3296 3402 ostendas
3333 3356 3384 3402 te
3434 3348 3589 3403 mihi.

2009 3438 2262 3509 Qumram
2298 3449 2351 3495 te
2396 3439 2777 3506 desiderando,
2820 3439 3121 3495 desiderem
3157 3439 3470 3508 quaerendo,
3512 3440 3600 3494 in-

2008 3533 2225 3588 veniam
2258 3531 2512 3598 amando,
2552 3546 2732 3586 amem
2751 3529 2821 3563 ⁸⁹⁸
2852 3528 3196 3586 inveniendo.
3238 3528 3456 3596 Fateor,
3488 3530 3598 3584 Do-

2009 3623 2246 3689 mine,et
2263 3622 2468 3694 gratias
2493 3637 2593 3692 ago
2629 3621 2748 3688 tibi,
2780 3621 2904 3692 quia
2929 3629 2984 3676 tu
3024 3619 3224 3675 creasti
3256 3635 3342 3676 me
3365 3620 3505 3677 hanc
3524 3621 3599 3654 "‘

2007 3712 2298 3785 imaginem
2331 3722 2499 3780 tuam,
2524 3721 2584 3767 ut
2611 3711 2684 3768 tui
2717 3727 2924 3768 memor
2949 3722 3001 3768 te
3027 3714 3281 3786 cogitem,
3315 3721 3368 3767 te
3393 3725 3597 3767 amem.

2008 3801 2116 3859 Sed
2141 3805 2222 3860 sic
2249 3799 2449 3859 abolita
2477 3811 2562 3859 est
2602 3803 2879 3858 attritione
2916 3803 3196 3870 vitiorum,
3224 3803 3303 3860 sic
3330 3801 3601 3859 oﬂ‘uscata

2007 3896 2156 3952 fumo
2204 3903 2546 3966 peccatorum
2604 3903 2664 3950 ut
2717 3909 2824 3950 non
2874 3897 3046 3968 possit
3104 3895 3286 3952 facere
3333 3895 3402 3950 ad
3450 3894 3601 3965 quod

2009 3988 2153 4043 facta
2182 3995 2286 4053 est,
2316 3985 2418 4043 nisi
2458 3996 2514 4043 tu
2557 3982 2787 4043 renoves
2829 3994 2885 4042 et
2919 3985 3184 4043 reformes
3207 3986 3278 4019 '"
3307 3999 3452 4041 eam.
3478 3983 3600 4040 Non

2009 4086 2183 4142 teuto,
2231 4077 2479 4144 Domine,
2527 4085 2814 4147 penetrare
2857 4076 3200 4134 altitudinem
3251 4085 3420 4144 tuam,
3468 4075 3600 4146 quia

2008 4167 2316 4222 nullatenus
2342 4180 2600 4236 comparo
2644 4163 2718 4220 illi
2761 4165 3096 4222 intellectum
3134 4180 3336 4233 meum,
3365 4165 3462 4222 sed
3501 4166 3600 4220 de-

2008 4260 2190 4316 sidero
2216 4260 2560 4330 aliquatenus
2590 4257 2897 4328 intelligere
2927 4258 3212 4316 veritatem
3238 4266 3410 4324 tuam,
3431 4271 3602 4328 quam

2007 4352 2183 4407 credit
2204 4359 2261 4407 et
2288 4358 2434 4405 amat
2458 4365 2554 4406 cor
2583 4365 2798 4416 meum;
2831 4364 3010 4419 neque
3040 4349 3187 4404 enim
3218 4363 3401 4419 quaero
3433 4347 3600 4404 intel-

2004 4439 2195 4511 ligere,
2230 4448 2289 4495 ut
2317 4439 2556 4505 credam,
2586 4434 2679 4494 sed
2705 4438 2868 4494 credo
2900 4436 2993 4507 δ”,
3039 4447 3099 4494 ut
3127 4438 3448 4510 intelligam.

2079 4529 2242 4596 Vere,
2277 4529 2521 4594 Domine,
2569 4528 2686 4584 haec
2717 4529 2812 4583 lux
2842 4535 2926 4584 est
2963 4525 3357 4582 inaccessibilis
3401 4526 3460 4582 in
3486 4540 3602 4597 qua

2009 4622 2244 4677 habitas.
2278 4622 2418 4677 Vere
2448 4623 2592 4676 enim
2634 4635 2738 4675 non
2790 4628 2875 4676 est
2917 4619 3119 4690 aliquid
3143 4618 3236 4681 δ”,
3281 4618 3428 4688 quod
3456 4617 3604 4674 hanc

2007 4722 2274 4786 penetret,
2318 4722 2380 4768 nt
2421 4712 2492 4767 ibi
2531 4721 2581 4767 te
2609 4711 2682 4744 °°°
2709 4710 2906 4766 videat.
2939 4711 3078 4767 Vere
3106 4711 3248 4766 hanc
3275 4724 3384 4764 non
3413 4708 3601 4775 video,

2008 4807 2136 4875 quia
2182 4805 2350 4859 nimia
2390 4812 2475 4860 est
2507 4804 2603 4871 ⁹⁰¹,
2643 4811 2698 4859 et
2746 4812 2925 4858 tamen
2975 4801 3237 4873 quidquid
3281 4800 3464 4866 video,
3499 4813 3604 4869 per

2009 4899 2150 4953 hanc
2211 4897 2387 4962 video,
2439 4895 2580 4951 sicut
2635 4892 2884 4952 infirmus
2935 4893 3148 4960 oculus,
3194 4893 3286 4964 qui
3333 4891 3602 4963 quidquid

2008 4989 2155 5047 videt
2184 5007 2280 5062 per
2300 4989 2509 5046 "lucem
2541 4989 2684 5047 'solis
2725 4989 2896 5056 videt,
2949 5001 3112 5058 quam
3157 4987 3211 5042 in
3243 4986 3360 5056 ipso
3384 4983 3500 5040 sole
3526 4983 3603 5017 ⁹⁰⁸

1615 5151 1851 5207 VARIIE
1889 5151 2292 5209 LECTIONES.

390 5267 460 5301 8⁸11
488 5267 559 5320 αι.

319 5406 538 5462 ducavit
610 5407 679 5439 ⁸⁸¹
712 5407 786 5461 al.

321 5477 486 5530 davit.
563 5477 633 5509 ⁸⁸⁸
668 5476 720 5529 al
747 5476 942 5532 inflixit
1013 5477 1082 5510 ⁸⁸⁷
1122 5476 1194 5531 al.
1225 5478 1373 5531 omit.
1403 5487 1486 5532 est

323 5545 570 5617 desinam
643 5547 718 5617 '7’?
752 5549 824 5599 al.
856 5556 907 5600 te
935 5548 1155 5603 divitem
1230 5546 1302 5580 ⁸³⁸
1338 5547 1409 5602 al.
1440 5547 1520 5600 vel
1593 5547 1664 5580 89‘
1694 5548 1765 5600 al.
1802 5564 1906 5601 non
1937 5563 2176 5617 possum,
2211 5547 2314 5602 nisi

590 5281 850 5336 quanam.
924 5267 998 5300 3'"
1020 5265 1094 5320 al.
1138 5265 1432 5322 inveniam.
1463 5266 1587 5330 Ubi,
1620 5267 1847 5323 Domine
1890 5281 1972 5333 es,
2001 5267 2067 5322 si.

318 5335 463 5391 illam
498 5335 691 5390 lucem.
767 5337 840 5370 ⁸⁷⁸
870 5337 944 5392 al.
981 5337 1192 5401 videam
1239 5351 1381 5391 eam.
1457 5339 1527 5370 ⁸⁷⁷
1562 5337 1636 5390 al.
1693 5338 1888 5405 Quare.
1965 5338 2037 5370 ⁸⁷⁸
2068 5337 2139 5392 al.
2169 5347 2225 5392 et
2270 5337 2588 5401 exbibuisti,
2626 5345 2683 5391 et

813 5423 922 5478 quo
996 5407 1066 5440 ⁸⁸⁸
1091 5406 1173 5478 al.
1195 5408 1436 5462 otitnium
1469 5409 1747 5462 hominum
1823 5409 1893 5439 ⁸⁸³
1923 5409 1997 5462 al.
2032 5408 2629 5478 eructabatsaturitate

1559 5477 1629 5509 ⁸⁸⁸
1658 5479 1729 5530 al.
1759 5478 1899 5532 unde
1925 5477 2221 5533 densentur
2295 5477 2365 5510 "9
2387 5477 2459 5530 al.
2492 5476 2832 5533 impetrando
2902 5475 2973 5508 ⁸³⁸
2995 5476 3067 5530 al.
3110 5474 3343 5530 amando
3415 5472 3483 5504 ⁸⁹¹
3519 5471 3599 5526 al.

2819 5265 2892 5298 ⁸⁷⁸
2939 5263 3012 5320 al.
3045 5265 3163 5320 haec
3206 5263 3318 5318 lux.
3396 5261 3471 5295 ⁸⁷⁸
3517 5260 3597 5317 al.

2788 5335 2861 5369 ""
2888 5335 2960 5389 al.
2987 5335 3134 5389 omit.
3211 5333 3282 5366 ⁸⁸⁰
3328 5332 3402 5387 al.
3433 5347 3600 5387 man-

2703 5405 2778 5439 ⁸⁸⁸
2804 5405 2878 5460 al.
2936 5405 3115 5460 esurie
3188 5405 3259 5438 ⁸⁸⁸
3287 5403 3361 5458 al.
3422 5403 3608 5459 abun-

2162 5267 2234 5301 ⁸⁷³
2262 5265 2332 5322 al.
2367 5266 2513 5321 intra
2543 5266 2740 5322 lucem.

2422 5548 2494 5580 ⁸³⁵
2524 5539 2595 5600 al.
2629 5549 2775 5602 omit.
2883 5545 2954 5579 ⁸⁹⁶
2985 5545 3058 5601 al.
3089 5545 3143 5600 in
3177 5547 3321 5600 hanc
3411 5543 3482 5575 ⁸⁹⁷
3518 5539 3599 5595 al.

323 5613 586 5689 informes
656 5615 728 5689 "f
762 5617 834 5668 al.
864 5618 1106 5675 credere.
1180 5618 1249 5650 '9’
1276 5618 1350 5672 al.
1385 5617 1530 5674 aliud
1603 5618 1673 5650 ⁹⁰⁰
1705 5620 1776 5673 αι.
1817 5619 1869 5673 in
1893 5612 1961 5689 Qte
2059 5619 2127 5651 θοι
2157 5612 2229 5672 al.
2265 5619 2431 5674 nimia
2464 5618 2594 5674 mihi
2620 5627 2707 5674 est
2735 5617 2949 5675 infirma
3045 5615 3117 5649 ’θ’
3146 5615 3219 5670 al.
3241 5615 3369 5684 quia
3393 5612 3472 5670 uel
3501 5612 3611 5684 qui

324 5682 378 5736 in
425 5683 596 5751 ipsum
645 5684 810 5738 solem
