3910 6018
376 245 482 302 817

1729 253 2259 311 MEDITATIONES.

3541 261 3650 319 8'l&

378 365 566 427 tumuit
615 367 874 435 aspicere.
912 365 1027 420 Non
1062 379 1237 438 potest
1272 371 1574 425 intellectus
1611 385 1761 424 meus
1791 371 1859 426 ad
1897 371 1959 425 ει.
1988 374 2034 432 Α
2066 385 2251 438 corpus
2297 370 2544 436 animale,
2594 382 2768 440 surget
2815 387 3002 442 corpus
3054 376 3288 444 spiritale
3313 376 3364 448 (l
3394 378 3516 435 Cor.
3550 391 3644 448 Iv,

378 459 392 512 l
433 481 476 510 :n
523 460 809 524 nt-cedere;
839 453 1024 517 ~nimis
1071 463 1216 516 enim
1268 461 1454 534 fulget,
1499 464 1618 520 ideo
1668 480 1772 520 non
1811 465 1958 536 capit

375 553 547 615 illam,
586 569 686 607 nec
731 553 926 609 suﬂicit
954 557 1142 610 oculus
1173 557 1366 610 animai
1395 573 1527 612 meae
1553 557 1641 611 diu
1676 558 1962 614 intendere

374 644 428 698 in
459 642 626 697 illam.
654 644 1051 700 licvcrberatur
1077 647 1302 716 fulgore,
1324 648 1560 702 vincitur
1580 647 1956 718 amplitudine,

2067 460 2182 530 44),
2217 469 2486 530 potestate
2522 462 2730 533 utique,
2773 480 2878 519 non
2928 474 3142 520 natura.
3181 467 3237 523 Si
3273 468 3431 542 longa
3469 483 3526 528 et
3554 491 3647 530 sa-

2065 550 2236 606 lubris
2257 552 2389 617 vita,
2425 552 2494 606 ibi
2522 565 2606 608 est
2633 568 2762 609 sana
2790 556 3084 619 :eternitas,
3112 565 3166 612 et
3191 567 3392 615 aeterna
3419 563 3647 633 sanitas,

2063 641 2186 710 quia
2223 641 2350 704 iusti
2373 643 2428 695 in
2462 654 2770 712 perpetuum
2816 645 2977 700 vivent
3004 645 3159 717 (Sap.
3184 662 3235 713 ν,
3268 650 3391 718 16);
3423 665 3470 707 et
3493 655 3649 712 salus

382 735 634 790 obruitur
704 736 1089 805 immensitate,
1145 738 1492 794 confunditur
1544 741 1863 808 capacitate.
1916 737 1962 795 Ο
2056 733 2325 803 iustorum
2373 750 2405 786 α
2449 734 2676 790 θωπίηο
2706 737 2880 808 (Pullo
2932 755 3121 807 In".
3153 741 3264 808 39)-
3308 742 3365 798 Si
3397 748 3646 818 salielas.

373 841 590 882 Summa
638 837 692 881 et
740 827 1133 886 iuacccssibilis
1171 829 1288 897 lux,
1319 845 1356 885 ο
1389 840 1577 887 sancta
1609 831 1679 864 9”
1716 841 1772 886 et
1801 835 1959 888 beata

2062 824 2400 878 satiabuntur
2453 841 2572 879 cum
2616 831 2920 898 apparuerit
2956 830 3125 900 gloria
3173 831 3270 887 Dei
3312 833 3487 905 (Psal.
3531 857 3645 906 xvr,

374 919 579 974 veritas
604 919 701 985 ὀδ,
737 937 856 990 qua:
886 922 1042 994 longe
1073 937 1131 979 es
1170 939 1199 978 a
1240 939 1346 990 me,
1378 923 1468 992 qui
1511 933 1616 979 tam
1649 939 1814 994 prope
1839 940 1959 980 sum
2004 917 2021 943 '
2075 913 2183 985 15).
2217 913 2274 969 Si
2303 914 2552 980 mclodia,
2582 917 2652 973 ibi
2682 919 2860 990 angeli
2904 921 3200 976 concinunt
3232 923 3350 980 sine
3375 926 3482 985 line
3517 929 3649 986 Deo:

379 1010 503 1064 tibi!
553 1010 724 1079 Quam
781 1023 990 1068 remota
1035 1027 1096 1069 es
1125 1029 1153 1067 a
1201 1023 1495 1083 conspectu
1537 1030 1680 1081 meo,
1736 1015 1827 1086 qui
1881 1016 1962 1072 sic

376 1116 622 1170 pratscns
657 1117 776 1156 sum
822 1104 1138 1176 conspectui
1173 1106 1292 1160 tuo!
1335 1104 1544 1177 Ubique
1573 1120 1631 1161 es
1659 1114 1771 1160 tota
1820 1115 1960 1177 prae-

376 1209 524 1258 sens,
547 1204 743 1276 ct’non
784 1196 942 1252 video
979 1206 1052 1253 te.
1086 1197 1142 1252 In
1180 1207 1230 1254 te
1261 1215 1503 1267 moveor,
1528 1207 1581 1254 et
1621 1198 1674 1252 in
1718 1207 1768 1254 te
1816 1215 1960 1268 sum,

374 1295 428 1340 et
461 1286 531 1317 9⁸⁸
563 1287 629 1340 ad
663 1295 714 1342 te
748 1303 851 1342 non
882 1303 1102 1358 possunt
1144 1292 1425 1349 accedere.
1456 1293 1601 1348 Intra
1628 1309 1713 1350 me
1736 1303 1791 1349 et
1814 1294 1959 1350 circa

374 1391 464 1430 tne
485 1391 566 1441 es,
602 1386 655 1431 et
683 1393 788 1431 non
818 1380 992 1434 sentio
1015 1388 1094 1434 te.

448 1469 637 1525 Adhuc
681 1471 837 1538 lates,
871 1473 1114 1540 Domine,
1147 1476 1385 1531 animam
1429 1493 1604 1533 meam
1646 1479 1698 1534 in
1746 1479 1866 1535 luce
1907 1490 1964 1536 ct

376 1559 714 1618 beatitudine
770 1571 879 1626 tua,
923 1573 979 1620 et
1019 1565 1223 1622 idcirco
1261 1578 1511 1624 versatur
1559 1570 1646 1625 illa
1699 1571 1874 1628 adhuc
1905 1572 1960 1626 in

380 1655 617 1710 tenebris
643 1663 700 1710 et
733 1655 951 1710 miseria
993 1671 1119 1724 sua;
1159 1657 1426 1729 conspicit
1467 1660 1634 1726 enim,
1667 1671 1721 1716 et
1745 1677 1851 1716 non
1881 1661 1963 1716 vi-

379 1747 469 1800 det
500 1747 954 1817 pulchritudinem
1007 1756 1175 1804 tuam.
1217 1750 1522 1817 Auscultat,
1574 1760 1628 1807 et
1665 1768 1769 1808 non
1813 1752 1964 1808 audit

378 1836 715 1892 harmoniam
750 1847 919 1894 tuam.
964 1839 1185 1908 Olfacit,
1227 1851 1282 1897 et
1327 1859 1432 1898 non
1481 1845 1712 1915 percipit
1740 1844 1962 1901 odorem

381 1939 560 1995 tuum;
593 1930 795 2001 palpat,
837 1942 892 1987 et
919 1947 1026 1988 non
1054 1934 1220 1990 sentit
1245 1935 1521 1991 lenitatem
1552 1946 1729 2004 tuam;
1761 1945 1962 2007 gustat,

377 2031 560 2076 etnon
595 2024 836 2094 agnoscit
861 2040 1110 2096 saporem
1141 2036 1312 2082 tuum.
1349 2027 1528 2084 [labes
1570 2031 1714 2086 enim
1764 2031 1879 2087 haec
1909 2032 1962 2087 in

380 2122 455 2176 te,
489 2113 715 2169 Domine
748 2114 888 2171 Deus
925 2132 1099 2183 meus,
1122 2125 1214 2172 tuo
1242 2118 1500 2175 iucll‘abili
1533 2123 1711 2188 modo,
1743 2124 1866 2192 quia
1899 2137 1963 2179 ea

378 2207 528 2263 dedit
557 2212 720 2266 rebus
745 2214 945 2266 creatis
979 2228 1077 2268 suo
1099 2213 1338 2270 sensibili
1370 2217 1554 2284 modo,
1583 2218 1654 2248 ⁹⁰⁶
1690 2219 1784 2273 sed
1812 2219 1964 2275 obri-

378 2308 612 2366 guerunt
658 2309 711 2355 et
762 2305 1178 2370 obstupuerunt,
1246 2315 1303 2360 et
1358 2306 1535 2361 obtusi
1595 2317 1722 2363 sunt
1773 2323 1967 2365 sensus

379 2389 574 2444 animae
624 2407 756 2447 mete
813 2403 1024 2449 vetusto
1082 2393 1339 2466 languore
1405 2399 1634 2468 peccati.
1683 2399 1822 2468 Quid
1875 2418 1964 2467 es,

382 2479 626 2544 Domine,
655 2483 782 2551 quid
813 2497 895 2549 es,
929 2485 1056 2553 quid
1099 2494 1151 2540 te
1200 2487 1452 2558 intelligit
1475 2505 1536 2546 os
1566 2492 1778 2546 ineunt?
1805 2491 1966 2548 Certe

381 2572 492 2624 vita
524 2587 600 2636 es,
657 2573 856 2628 veritas
901 2591 984 2642 es,
1032 2577 1248 2634 bonitas
1275 2594 1358 2647 cs,
1390 2580 1668 2638 beatitudo
1696 2600 1777 2650 es,
1807 2596 1969 2641 aeter-

381 2660 522 2717 nitas
550 2678 629 2729 es,
657 2674 710 2718 et
733 2681 889 2721 omne
919 2666 1119 2723 bonum
1150 2680 1230 2724 es.

452 2752 705 2810 Excitare
735 2771 897 2824 nunc,
927 2760 1106 2814 anima
1133 2775 1270 2823 mea,
1304 2770 1358 2816 et
1379 2762 1527 2834 erige
1559 2773 1727 2820 totum
1760 2765 1967 2822 intelle-

381 2853 527 2900 ctum
562 2855 733 2912 tuum,
783 2857 838 2901 ct
883 2851 1059 2919 cogita
1091 2860 1376 2920 quantum,
1423 2854 1584 2923 quale
1610 2864 1664 2910 et
1709 2857 1852 2926 quod
1897 2858 1968 2913 sit

383 2938 511 2995 illud
536 2945 754 2998 bonum.
780 2944 835 3012 Si
864 2947 1006 3000 enim
1038 2946 1246 3017 singula
1279 2950 1417 3005 bona
1451 2949 1789 3006 delectabilia
1819 2962 1963 3019 sunt,

382 3033 558 3101 cogita
609 3031 812 3090 intente
857 3051 1019 3105 quam
1073 3037 1387 3094 delectabile
1437 3038 1508 3094 sit
1552 3040 1680 3095 illud
1737 3042 1964 3109 bonum,

385 3122 527 3192 quod
557 3126 794 3180 continet
829 3128 1010 3181 omnia
1052 3128 1191 3183 bona
1235 3138 1292 3183 et
1315 3130 1384 3161 ⁹⁰⁷
1421 3129 1816 3199 jucunditatem
1843 3148 1963 3187 om-

382 3213 531 3268 nium
568 3215 863 3282 bonorum;
897 3234 1002 3272 non
1033 3219 1248 3287 qualem
1275 3221 1482 3289 experti
1514 3237 1701 3280 sumus
1726 3225 1778 3280 in
1806 3227 1968 3281 rebus

382 3306 606 3370 creatis,
660 3306 752 3361 sed
829 3316 979 3361 tanto
1043 3307 1403 3374 dill‘erentcm,
1463 3323 1724 3381 quantum
1786 3313 1968 3369 dill'ert

383 3394 607 3449 Greater
639 3410 666 3448 a
705 3405 972 3452 creatura.
1006 3396 1062 3452 Si
1095 3399 1237 3453 enim
1287 3401 1426 3455 bona
1475 3411 1558 3457 est
1604 3402 1714 3458 vita
1754 3392 1963 3473 creata,

379 3501 545 3554 «piam
577 3488 714 3543 bona
759 3499 842 3543 est
881 3492 986 3544 vita
1033 3493 1265 3548 creatrix
1297 3492 1392 3546 "8.
1423 3492 1481 3548 Si
1518 3491 1758 3563 jucunda
1787 3496 1859 3527 ⁹⁰⁹
1879 3505 1968 3552 est

385 3579 532 3635 salus
562 3581 726 3648 facta,
757 3599 919 3651 quant
955 3584 1192 3653 jucunda
1223 3593 1307 3642 est
1346 3585 1516 3652 salus,
1548 3602 1668 3657 quae
1695 3586 1823 3644 fecit
1849 3604 1968 3644 om-

385 3685 508 3726 nem
557 3673 808 3730 salutem.
857 3676 914 3730 Si
954 3676 1204 3732 amabilis
1249 3686 1335 3734 est
1373 3678 1636 3749 sapientia
1678 3680 1732 3734 in
1775 3683 1968 3752 cogni-

384 3762 532 3818 tione
584 3779 766 3820 rerum
815 3766 1176 3831 conditarum,
1226 3783 1389 3838 quam
1443 3768 1694 3824 amabilis
1741 3779 1826 3825 est
1880 3786 1971 3826 sa-

383 3855 611 3922 pientia,
639 3871 761 3926 qua:
784 3859 967 3912 omnia
1011 3859 1254 3915 condidit
1289 3875 1374 3916 ex.
1402 3859 1594 3915 nihilo.
1640 3860 1882 3930 Denique
1921 3865 1969 3918 si

385 3943 571 4000 multa:
594 3954 650 4000 et
677 3961 886 4016 magna;
928 3946 1317 4005 delectationes
1347 3949 1400 4004 in
1439 3949 1602 4006 rebus
1629 3951 1970 4008 delectabili-

384 4036 487 4092 bus
529 4045 680 4103 sunt,
710 4037 888 4108 qualis
916 4049 972 4094 et
1011 4050 1213 4109 quanta
1248 4049 1333 4097 est
1361 4041 1648 4098 delectatio
1690 4041 1744 4098 in
1780 4056 1856 4098 eo
1874 4043 1986 4113 qui.

384 4123 514 4180 fecit
562 4126 940 4184 delectabilia?
975 4128 1020 4186 Ο
1054 4131 1143 4200 qui
1197 4131 1300 4186 hoc
1361 4132 1503 4188 bono
1555 4133 1788 4199 fruetur,
1837 4133 1968 4204 quid

309 4210 313 4214 ’
384 4214 462 4270 illi
491 4215 615 4282 erit,
639 4226 698 4272 et
727 4218 857 4288 quid
897 4219 974 4274 illi
1016 4235 1124 4276 non
1151 4222 1292 4277 erit?
1315 4221 1473 4279 Certe
1503 4224 1765 4295 quidquid
1805 4225 1968 4296 volet,

383 4308 513 4374 erit,
550 4317 605 4364 et
636 4309 900 4380 quidquid
935 4312 1103 4377 nolet,
1152 4328 1258 4368 non
1302 4315 1443 4382 erit;
1477 4316 1552 4372 ibi
1580 4317 1778 4389 quippe
1811 4328 1972 4374 erunt

2065 1003 2123 1059 Si
2173 1005 2436 1069 ebrietas,
2489 1007 2890 1063 inebriabuntur
2938 1012 3004 1066 ab
3057 1015 3291 1072 ubertate
3318 1018 3517 1074 domus
3546 1031 3651 1076 tua:

2065 1096 2239 1168 (Psal.
2287 1115 2456 1165 xxxv,
2493 1101 2596 1170 9)."
2628 1100 2686 1156 Si
2740 1102 2994 1172 quaelibet
3044 1121 3152 1162 non
3203 1107 3502 1179 immunda,
3553 1114 3650 1169 sed

2065 1191 2263 1244 munda
2295 1191 2544 1262 voluptas
2577 1211 2589 1246 :
2621 1192 2700 1248 De
2730 1202 2957 1250 torrente
2985 1197 3263 1268 voluptatis
3317 1210 3422 1256 tute
3447 1205 3653 1272 potabis

2063 1300 2174 1348 eos,
2201 1283 2422 1340 Domine
2453 1287 2662 1358 (Ibid.).
2703 1289 2758 1344 Si
2799 1291 3086 1360 sapientia,
3125 1293 3239 1364 ipsa
3265 1297 3359 1352 Dei
3387 1298 3651 1369 sapientia

2063 1377 2316 1432 ostendet
2345 1378 2423 1432 eis
2453 1381 2820 1451 semetipsam.
2853 1380 2910 1437 Si
2942 1385 3201 1450 amicitia,
3230 1388 3452 1460 diligent
3481 1391 3653 1446 Deum

2062 1469 2360 1541 plusquam
2413 1472 2644 1542 seipsos,
2690 1482 2746 1530 et
2791 1475 2935 1530 Deus
2972 1475 3095 1533 illos
3137 1479 3426 1551 plusquam
3460 1482 3536 1537 illi
3563 1498 3654 1538 se-

2067 1563 2230 1634 ipsos,
2263 1565 2387 1634 quia
2435 1565 2510 1620 illi
2555 1567 2701 1622 illum
2725 1576 2782 1624 et
2805 1583 2864 1625 se
2890 1571 3122 1628 invicem
3159 1588 3258 1642 per
3286 1574 3458 1641 illum,
3485 1585 3540 1632 et
3565 1576 3655 1632 ille

2067 1672 2128 1714 se
2153 1668 2207 1714 et
2236 1659 2356 1714 illos
2392 1676 2488 1731 per
2525 1661 2785 1732 seipsum.
2819 1664 2875 1720 Si
2905 1667 3218 1733 concordia,
3265 1669 3520 1727 omnibus
3550 1671 3656 1728 illis

1995 1727 2040 1787 Β
2068 1750 2171 1805 erit
2194 1767 2296 1805 una
2319 1752 2591 1819 voluntas,
2641 1755 2768 1825 quia
2804 1757 2949 1812 nulla
2973 1759 3080 1815 erit
3116 1759 3240 1826 illis,
3279 1761 3383 1817 nisi
3411 1762 3524 1818 sola
3558 1765 3655 1820 Dei

2069 1842 2342 1899 voluntas.
2373 1842 2430 1900 Si
2463 1848 2728 1914 potentia,
2773 1849 3173 1920 omnipotentes
3213 1863 3377 1910 erunt
3410 1855 3658 1910 volunta-

2071 1933 2142 1988 tis
2168 1947 2302 1999 ευρ,
2342 1943 2402 1990 ut
2431 1933 2573 1991 Deus
2619 1953 2750 1992 sum.
2781 1937 2914 1993 Nam
2943 1940 3087 1996 sicut
3109 1942 3252 1999 Deus
3282 1945 3482 2015 poterit
3510 1946 3656 2019 quod

2073 2024 2215 2078 volet
2242 2040 2341 2095 per
2362 2039 2421 2081 se
2455 2026 2651 2097 ipsum,
2682 2027 2755 2084 ita
2783 2028 2857 2084 illi
2884 2045 2984 2100 per
3010 2030 3183 2087 illum.
3211 2033 3349 2101 Quia
3379 2029 3521 2090 sicut
3547 2052 3657 2091 non

2075 2115 2222 2170 aliud
2251 2115 2434 2172 volent
2463 2133 2625 2187 quam
2666 2117 2772 2183 ille,
2827 2120 2902 2176 ita
2950 2120 3041 2177 ille
3079 2120 3222 2179 volet
3264 2124 3526 2195 quidquid
3560 2141 3660 2181 vo-

2068 2203 2181 2260 lent
2208 2205 2304 2271 illi,
2332 2214 2386 2260 et
2422 2207 2566 2276 quod
2598 2207 2688 2264 ille
2718 2208 2864 2264 volet
2909 2224 3016 2266 non
3053 2213 3254 2283 poterit
3283 2227 3390 2268 non
3419 2228 3542 2270 esse
3561 2214 3656 2273 ⁹¹⁹.

2069 2295 2130 2351 Si
2172 2295 2349 2352 honor
2392 2305 2450 2352 et
2514 2297 2738 2366 divitiae,
2790 2300 2932 2356 Deus
2985 2317 3174 2358 servos
3222 2318 3350 2360 suos
3406 2304 3660 2361 bonoset

2071 2383 2258 2441 ﬁdeles
2300 2401 2462 2457 super
2511 2388 2681 2444 multa
2711 2391 3025 2446 constituet.
3054 2392 3168 2450 lmo
3199 2394 3320 2450 Filii
3353 2395 3470 2464 Dei,
3498 2405 3551 2451 et
3578 2397 3655 2452 dii

2069 2481 2426 2546 vocabuntur,
2485 2493 2542 2539 et
2606 2483 2697 2538 ubi
2751 2485 2856 2540 erit
2897 2485 3083 2553 Filius,
3147 2497 3275 2547 tunc
3336 2491 3502 2546 etiam
3559 2491 3659 2560 illi;

2067 2571 2299 2626 lateredes
2326 2573 2536 2643 quidem
2571 2573 2687 2642 Dei,
2715 2576 3013 2633 coheredes
3033 2589 3208 2643 autem
3243 2578 3440 2644 Christi
3467 2583 3652 2653 (Rom.

2069 2675 2187 2726 vni,
2221 2661 2332 2732 l7).
2367 2663 2422 2718 Si
2452 2677 2580 2719 vera
2603 2666 2888 2732 securitas,
2917 2677 3067 2724 certe
3101 2669 3236 2726 certi
3288 2681 3450 2726 erunt
3471 2688 3535 2728 se
3561 2689 3659 2729 sua

2073 2762 2266 2822 Sponte.
2311 2753 2437 2810 illud
2485 2772 2594 2813 non
2645 2757 2976 2825 amissuros;
3008 2773 3109 2816 nec
3135 2760 3448 2819 dilectorem
3478 2766 3663 2820 Domi-

2074 2860 2202 2898 num
2233 2844 2589 2903 dilectoribus
2625 2849 2737 2903 suis
2772 2847 2900 2903 illud
2942 2849 3275 2929 ablaturum,
3317 2869 3417 2910 nec
3457 2855 3661 2926 aliquid

2076 2933 2180 2990 Deo
2211 2939 2486 3005 potentius
2542 2937 2740 2995 invitos
2770 2939 2937 2995 Deum
2985 2949 3038 2995 et
3087 2941 3207 2998 illos
3257 2954 3658 3015 separatnruct.

2068 3027 2334 3085 Gaudium
2377 3046 2506 3086 vero
2537 3030 2696 3101 quale
2719 3048 2783 3086 ac
2803 3040 3066 3110 quantum
3092 3042 3203 3100 est,
3243 3035 3404 3108 243
3435 3039 3520 3092 ubi
3553 3039 3660 3092 tale

2069 3135 2133 3174 ac
2157 3129 2361 3176 tantum
2404 3121 2605 3178 bonum
2635 3125 2754 3179 est?
2784 3122 2892 3178 Cor
2913 3124 3231 3189 humanum,
3257 3143 3353 3180 cor
3372 3128 3654 3201 indigens,

2069 3227 2165 3265 cor
2193 3222 2478 3281 expertum
2523 3229 2818 3280 atrumnas,
2858 3215 2979 3270 imo.
3003 3215 3256 3270 obrutum
3285 3217 3658 3289 "*mrumltis,

2069 3312 2329 3371 quantum
2355 3305 2638 3374 gauderes,
2675 3307 2721 3361 si
2770 3306 2839 3362 iis
2874 3306 3130 3362 omnibus
3175 3308 3520 3365 abundares!
3565 3311 3658 3366 lu—

2076 3403 2289 3463 terroga
2334 3395 2516 3450 omnia
2565 3395 2755 3450 intima
2791 3405 2904 3463 tua,
2951 3397 2997 3454 si
3038 3413 3236 3469 capere
3279 3412 3503 3470 possunt
3529 3419 3660 3476 gau-

2070 3485 2230 3549 dium.
2250 3501 2420 3542 suum
2438 3487 2506 3543 de
2552 3497 2700 3544 tanta
2721 3540 2724 3544 .
2749 3489 3088 3548 beatitudine
3129 3507 3246 3547 sua.
3277 3492 3384 3549 Sed
3411 3504 3582 3561 certe,
3609 3498 3657 3551 si

2069 3581 2191 3652 quis
2239 3579 2398 3645 alius,
2438 3596 2599 3651 quem
2649 3582 2877 3638 omnino
2908 3583 3049 3638 sicut
3105 3584 3334 3654 teipsum
3381 3587 3658 3660 diligercs.

2073 3671 2319 3728 eamdem
2368 3672 2757 3730 beatitudinem
2803 3675 3053 3741 haberet,
3119 3676 3489 3746 duplicaretur
3530 3697 3662 3750 gau‘

2071 3764 2220 3822 dium
2263 3772 2446 3828 tuum;
2501 3764 2642 3832 quia,
2683 3779 2788 3818 non
2846 3766 3027 3820 minus
3055 3767 3324 3836 gauderes
3370 3783 3468 3839 pro
3498 3785 3562 3825 eo
3589 3772 3658 3804 9"

2071 3865 2234 3919 quam
2263 3866 2360 3918 pro
2402 3858 2454 3903 te
2485 3849 2621 3919 ipso.
2663 3850 2720 3905 Si
2746 3867 2874 3907 vero
2911 3854 3038 3918 duo,
3076 3854 3158 3909 vel
3202 3866 3332 3925 tres,
3371 3859 3454 3912 vel
3489 3859 3659 3922 multo

2073 3941 2252 4012 plures
2292 3941 2346 3995 id
2381 3941 2554 4012 ipsum
2583 3941 2867 4008 haberent,
2917 3945 3253 4001 tantumdem
3283 3961 3382 4016 pro
3407 3947 3656 4021 singulis,

2073 4041 2333 4100 quantum
2380 4047 2478 4102 pro
2525 4041 2576 4089 te
2611 4032 2729 4104 ipso
2751 4034 3038 4104 gauderes,
3067 4035 3122 4092 si
3139 4037 3382 4109 singulos
3404 4039 3546 4095 sicut
3583 4051 3660 4105 te-

2073 4125 2362 4196 metipsum
2400 4140 2634 4182 amares.
2663 4126 2807 4198 Ergo
2846 4127 2900 4182 in
2947 4127 3035 4183 illa
3090 4129 3334 4199 perfecta
3388 4132 3661 4190 charitate

2073 4217 2551 4276 innumerabilium
2582 4219 2867 4277 beatorum
2905 4222 3218 4294 angelorum
3261 4233 3317 4281 et
3353 4225 3684 4295 hominum,

2073 4311 2164 4368 ubi
2193 4312 2372 4368 nullus
2398 4311 2563 4367 alium
2592 4312 2763 4383 diligit
2802 4313 2984 4370 minus
3026 4331 3190 4386 quam
3226 4330 3286 4372 se
3318 4318 3516 4389 ipsum,
3549 4336 3681 4382 non._
3756 4329 3762 4342 '

384 4399 528 4454 bona
568 4402 815 4472 corporis
864 4411 922 4458 et
961 4403 1176 4471 animae,
1208 4406 1387 4476 qualia
1425 4422 1526 4464 nec
1551 4409 1702 4465 auris
1739 4411 1965 4482 audivit,

2075 4403 2233 4492 aliter
2253 4402 2508 4474 gaudebit
2532 4403 2908 4475 unusquisque
2936 4420 3034 4474 pro
3078 4405 3312 4478 singulis
3344 4409 3466 4474 aliis
3491 4426 3683 4490 quam,

386 4507 488 4548 nec
511 4494 702 4550 oculus
731 4495 890 4561 vidit,
924 4510 1026 4552 nec
1059 4512 1156 4552 cor
1184 4499 1417 4555 hominis
1440 4502 1724 4574 cogitavit.

455 4581 566 4638 Cur
591 4597 720 4653 ergo
745 4599 844 4654 per
868 4584 1036 4641 multa
1074 4588 1309 4658 vagaris,
1337 4589 1647 4660 homuncio,
1677 4595 1971 4665 quaerendo

387 4672 531 4728 bona
549 4675 747 4731 animze
770 4686 876 4732 tua:
901 4688 957 4732 et
984 4681 1230 4750 corporis
1254 4681 1365 4739 tui?
1389 4698 1509 4741 ama
1542 4700 1710 4740 unum
1741 4687 1977 4755 bonum,

386 4764 440 4818 in
464 4780 573 4834 quo
619 4778 745 4822 sunt
777 4769 959 4824 omnia
1012 4771 1177 4836 bona,
1211 4783 1266 4827 et
1301 4773 1515 4831 sullicit.
1548 4777 1804 4834 Desidera
1834 4780 1966 4835 sim-

383 4860 507 4930 plex
538 4862 764 4928 bonum,
811 4864 955 4933 quod
997 4875 1081 4920 est
1121 4881 1282 4922 omne
1325 4866 1546 4934 bonum,
1596 4878 1651 4924 et
1691 4871 1826 4926 satis
1859 4881 1962 4928 est.

385 4951 525 5017 Quid
554 4955 698 5007 enim
726 4968 898 5019 amas,
931 4940 1232 5012 caroimea‘l
1274 4958 1403 5025 quid
1443 4959 1748 5027 desideras,
1783 4963 1965 5017 anima

386 5044 542 5098 mea?
568 5043 642 5098 ibi
671 5052 754 5100 est
780 5046 1042 5116 quidquid
1085 5048 1302 5112 amatis,
1333 5049 1591 5120 quidquid
1619 5051 1962 5108 desideratis.

385 5133 442 5188 Si
500 5134 846 5204 pulchritudo
901 5136 1148 5202 delectat,
1211 5137 1481 5208 fulgebunt
1534 5141 1671 5210 justi
1707 5143 1840 5197 sicut
1888 5143 1968 5198 sol

387 5226 602 5295 (Matth.
656 5243 779 5294 xm,
809 5229 922 5300 45).
973 5229 1030 5285 Si
1082 5230 1355 5298 velocitas,
1409 5241 1502 5288 aut
1549 5234 1826 5302 fortitudo,
1876 5247 1970 5293 aut

386 5317 622 5378 libertas.
663 5323 930 5394 corporis,
987 5322 1074 5377 cui
1124 5322 1257 5376 nihil
1287 5322 1554 5379 obsistere
1595 5327 1785 5395 possit,
1812 5337 1964 5382 erunt

384 5409 596 5471 similes
633 5414 832 5485 angelis
882 5413 980 5468 Dei
1033 5411 1185 5484 (Luc.
1221 5429 1311 5478 xx,
1357 5413 1469 5484 '56),
1511 5416 1638 5485 quia
1676 5417 1966 5471 seminatur

2071 4510 2170 4566 pro
2203 4510 2263 4551 se
2295 4509 2431 4564 ipso.

2144 4583 2199 4640 Si
2238 4598 2367 4655 ergo
2397 4597 2493 4638 cor
2521 4583 2755 4644 hominis
2777 4583 2843 4638 de
2875 4592 3025 4646 tanto
3056 4602 3155 4646 suo
3184 4587 3326 4653 bono
3356 4589 3447 4653 vix
3483 4593 3680 4664 capiet:

2070 4676 2323 4746 gaudium
2348 4691 2530 4742 suum,
2557 4676 2828 4746 quomodo
2852 4692 3018 4749 capax
3047 4680 3149 4744 erit
3190 4689 3267 4738 tot
3300 4693 3353 4740 et
3383 4691 3654 4741 tantorum

2071 4765 2516 4837 gaudiorum?Et
2560 4767 2746 4838 utique
2788 4779 3047 4838 quantum
3095 4773 3323 4845 quisque
3353 4777 3524 4846 diligit
3550 4777 3656 4834 ali-

2071 4874 2231 4928 quem
2260 4859 2351 4924 ⁹¹³,
2399 4867 2608 4915 tantum
2657 4861 2912 4930 gaudebit
2951 4863 3020 4918 de
3065 4879 3165 4921 suo
3195 4866 3355 4923 bono.
3391 4868 3482 4924 Sic
3514 4878 3572 4924 et
3598 4869 3669 4928 in.

2071 4951 2161 5007 illa
2219 4950 2460 5022 perfecta
2511 4951 2799 5017 felicitate,
2847 4955 3218 5026 unusquisque
3271 4957 3392 5028 plus
3447 4960 3664 5017 amabit

2070 5039 2250 5096 Deum
2280 5041 2400 5097 sine
2441 5043 2869 5112 comparatione,
2909 5060 3072 5114 quam
3108 5060 3167 5102 se
3196 5057 3252 5103 et
3288 5063 3480 5106 omnes
3513 5051 3676 5109 alios.

2071 5159 2277 5199 secum.
2307 5144 2494 5216 Itaque
2525 5146 2645 5216 plus
2665 5147 2918 5218 gaudebit
2951 5148 3156 5216 absque
3191 5143 3552 5199 aestimatione
3585 5145 3654 5199 de

2073 5234 2333 5293 felicitate
2389 5237 2482 5291 Dei
2529 5253 2690 5307 quam
2741 5239 2808 5296 de
2857 5253 2953 5293 sua
3008 5247 3062 5292 et
3119 5236 3361 5297 omnium
3423 5235 3652 5291 aliorum

2072 5344 2276 5384 secum.
2309 5327 2415 5384 Sed
2454 5327 2496 5384 si
2537 5329 2706 5384 Deum
2755 5329 2832 5384 sic
2875 5328 3098 5399 diligent
3147 5336 3261 5382 toto
3289 5328 3487 5394 corde,
3537 5335 3651 5385 tota

2075 5428 2275 5485 mente,
2315 5428 2424 5474 tota
2455 5421 2667 5488 anima,
2715 5428 2772 5474 ut
2823 5427 2990 5474 totum
3021 5433 3140 5484 cor,
3173 5427 3281 5473 tota
3321 5432 3505 5487 utens,
3537 5428 3646 5474 tota

1639 5523 1872 5579 VAle
1911 5525 2314 5584 LECTIONES.

460 5620 530 5652 ⁸⁸³
569 5619 639 5673 al.
669 5634 702 5672 ο
736 5627 844 5672 tota
915 5619 986 5650 ⁹⁰⁵
1017 5619 1089 5672 al.
1130 5619 1308 5672 unitas
1380 5618 1450 5654 ⁹⁰³
1479 5619 1553 5672 al.
1583 5619 1729 5671 omit.
1804 5618 1876 5650 ⁹⁰⁶
1903 5621 1976 5675 al.
2014 5621 2161 5674 omit.
2237 5621 2307 5653 ⁹⁰⁷
2331 5623 2402 5676 al.
2433 5623 2614 5676 omnia
2643 5622 2802 5679 bona.
2832 5632 2883 5675 et

2957 5623 3030 5655 m
3058 5622 3112 5678 al
3131 5624 3398 5689 creatoris
3471 5623 3540 5660 ’θ’
3575 5624 3646 5676 ul.

391 5691 533 5747 bona
627 5689 1104 5745 ’“al.Nolctuon
1134 5690 1327 5760 poterit
1361 5703 1482 5746 esse
1578 5689 1648 5723 ⁹¹¹
1697 5689 1989 5746 obnoxium
2065 5692 2132 5722 ⁹¹¹
2165 5705 2260 5766 pro
2308 5708 2366 5749 se
2440 5692 2510 5723 ’⁸³
2549 5691 2620 5745 al.
2670 5691 2852 5755 alium
