3910 6018
311 238 416 294 819

669 239 726 295 S.
767 239 1066 297 ANSELMI
1102 238 1453 299 CANTUAR.
1484 236 1803 295 ARCHIEP.
1831 236 1888 294 Ol

2012 236 2195 299 PARS
2232 235 2296 292 ll.
2324 267 2396 279 —
2420 234 2792 295 ΡΑΒᾸΞΝΕΤ.
2825 238 2915 295 ΕΤ
2944 236 3187 297 ASCET.

3478 239 3583 298 820

312 350 494 407 anima
523 367 629 407 non
677 352 946 409 sufﬁciant
991 352 1238 424 dignitati
1280 351 1621 419 dilectionis,
1649 351 1897 423 profecto
1923 356 1974 416 Α
2000 350 2256 407 amabunt
2282 362 2547 423 quantum
2576 362 2928 425 cognoscent.
2970 354 3244 424 Quantum
3290 363 3345 411 te
3382 369 3582 428 cogno-

308 443 392 499 sic
437 443 746 515 gaudebunt
778 444 905 515 iusti
955 445 1009 499 in
1051 443 1139 498 illa
1184 458 1417 515 superna
1465 443 1727 501 felicitate
1778 453 1893 501 toto

307 536 496 603 corde,
526 544 637 591 tota
668 546 885 601 mente,
918 543 1030 591 tota
1062 535 1265 603 anima,
1310 544 1371 591 ut
1414 544 1585 591 totum
1632 550 1748 601 cor,
1781 544 1894 591 tota

306 641 484 695 mens,
505 635 612 681 tota
645 625 826 680 anima
855 641 959 681 non
986 624 1253 682 suﬁiciant
1275 626 1597 696 plenitudini
1619 626 1820 696 gaudii.

374 720 517 773 Deus
552 732 730 783 meus,
765 727 822 774 et
864 718 1147 784 Dominus,
1209 735 1333 790 spes
1369 733 1489 775 mea
1544 728 1601 775 et
1637 719 1892 790 gaudium

300 807 484 863 cordis
512 808 641 874 mei,
674 808 762 865 dic
803 810 999 864 animae
1032 825 1168 867 mea:
1192 810 1236 866 si
1278 810 1381 866 hoc
1416 818 1502 866 est
1541 809 1796 881 gaudium
1826 809 1894 864 de

302 914 423 968 quo.
442 899 600 976 nobis
625 900 761 955 dicis
784 916 884 972 per
908 900 1106 957 Filium
1142 912 1291 957 tuum
1323 921 1335 956 :
1368 900 1554 968 Petile,
1586 911 1635 957 et
1664 902 1891 971 accipie-

299 990 393 1052 tis,
419 1000 474 1044 ut
500 990 755 1060 gaudium
794 984 1019 1046 vestrum
1047 992 1115 1047 sit
1146 993 1357 1065 plenum
1396 991 1580 1062 (Joan.
1630 1006 1744 1056 xvr,
1775 990 1891 1061 24).

298 1080 484 1137 Inveni
529 1098 765 1154 namque
794 1085 1051 1156 gaudium
1077 1086 1349 1156 quoddam
1395 1085 1636 1157 plenum,
1664 1092 1719 1138 et
1747 1084 1893 1154 plus-

299 1189 461 1243 quam
488 1174 728 1247 plenum.
756 1175 922 1233 Pleno
950 1178 1151 1249 quippe
1173 1177 1358 1243 corde,
1390 1176 1547 1247 plena
1579 1176 1710 1242 vita,
1733 1175 1891 1247 plena

298 1267 502 1336 anima,
545 1268 704 1339 pleno
733 1277 844 1325 toto
876 1271 1096 1327 homine
1123 1271 1320 1343 gaudio
1344 1271 1466 1336 illo,
1498 1270 1677 1327 adhuc
1703 1285 1895 1340 super-

300 1358 407 1413 erit
442 1374 605 1429 supra
660 1362 879 1417 modum
910 1365 1190 1434 gaudium.
1228 1362 1344 1419 Non
1384 1363 1529 1419 enim
1556 1371 1725 1418 totum
1760 1363 1892 1419 illud

301 1447 560 1517 gaudium
594 1449 818 1505 intrabit
861 1452 916 1507 in
959 1453 1278 1523 gaudentes,
1315 1454 1408 1509 sed
1456 1453 1551 1509 toti
1592 1452 1892 1522 gaudentes

297 1536 584 1592 intrabunt
613 1538 665 1593 in
692 1539 819 1595 illud
843 1542 1122 1613 gaudium.

371 1628 491 1696 Dic,
530 1630 778 1697 Domine,
810 1633 899 1688 dic
942 1648 1101 1689 servo
1131 1642 1257 1699 tuo,
1300 1632 1448 1688 intus
1478 1634 1530 1687 in
1569 1632 1732 1688 corde
1766 1647 1886 1697 suo,

300 1720 351 1773 si
378 1719 482 1775 hoc
513 1728 598 1776 est
624 1721 881 1792 gaudium
918 1724 973 1778 in
1004 1723 1146 1794 quod
1187 1723 1470 1778 intrabunt
1501 1723 1642 1778 servi
1672 1723 1769 1789 tui,
1796 1723 1886 1793 qui
1920 1754 1967 1815 Β

302 1813 581 1869 intrabunt
630 1815 682 1869 in
716 1816 970 1886 gaudium
1017 1817 1110 1871 Dei
1154 1816 1259 1872 sui.
1309 1814 1417 1871 Sed
1461 1814 1719 1886 gaudium
1760 1814 1890 1871 illud

298 1913 449 1961 certe
473 1921 583 1976 quo
611 1908 923 1978 gaudebunt
951 1908 1105 1964 electi
1136 1910 1234 1976 tui,
1270 1924 1362 1963 nec
1391 1907 1576 1963 oculus
1607 1907 1732 1962 vidit
1753 1949 1768 1974 ,
1799 1922 1894 1962 nec

302 1995 452 2049 auris
474 1997 701 2063 audivit,
733 2014 825 2052 nec
854 1997 909 2053 in
936 2014 1026 2054 cor
1048 1999 1275 2053 hominis
1298 1998 1536 2053 ascendit
1561 1998 1613 2053 in
1650 1997 1753 2053 hac
1782 1998 1894 2053 vita

301 2087 356 2156 (ι
384 2088 508 2144 Cor.
540 2106 601 2156 ll,
629 2091 708 2161 9).
759 2091 1005 2148 Nondum
1050 2107 1183 2165 ergo
1222 2092 1335 2148 disi
1381 2092 1480 2160 ⁸⁸⁸,
1512 2090 1770 2154 Domine,
1800 2101 1895 2145 aut

302 2181 535 2249 cogitavi
575 2192 839 2252 quantum
896 2184 1208 2255 gaudebunt
1241 2182 1316 2239 illi
1366 2182 1508 2240 beati
1549 2182 1647 2238 tui.
1694 2181 1892 2253 Utique

302 2284 509 2329 tantum
554 2276 867 2347 gaudebunt
910 2286 1173 2346 quantum
1222 2276 1485 2333 amabunt
1527 2274 1621 2342 “',
1679 2283 1888 2330 tantum

1997 451 2151 498 scent
2176 452 2323 510 tunc,
2359 443 2603 511 Domine,
2634 454 2690 500 et
2713 454 2976 515 quantum
3006 455 3059 503 te
3095 446 3378 502 amabunt.
3418 446 3583 505 Certe

1996 548 2089 589 nec
2114 534 2299 589 oculus
2328 534 2479 600 vidit,
2529 552 2622 590 nec
2648 538 2796 592 auris
2822 537 3043 604 audivit,
3067 552 3162 592 nec
3215 539 3269 592 in
3292 554 3385 592 cor
3410 539 3578 594 horni-

1995 625 2079 680 nis
2118 626 2351 681 ascendit
2405 625 2457 680 in
2504 626 2607 683 hac
2648 628 2755 682 vita
2808 636 3074 700 quantum
3118 638 3171 684 te
3231 639 3579 701 cognoscent,

1995 717 2329 775 clamabunt
2353 717 2407 772 in
2431 716 2519 773 illa
2547 716 2658 772 vita
2683 718 2858 775 sancti
2884 719 2982 774 tui.
3010 717 3120 777 Oro
3143 728 3215 784 te,
3237 719 3378 775 Deus
3407 734 3580 786 meus,

1997 820 2053 867 ut
2081 824 2406 881 cognoscam
2440 820 2515 877 te,
2546 824 2723 865 amem
2772 819 2843 875 te,
2876 810 3248 882 gaudeamque
3284 810 3351 865 de
3395 818 3482 878 te;
3526 820 3583 866 et

1996 901 2042 956 si
2070 915 2178 955 non
2208 915 2428 971 possum
2461 901 2514 955 in
2544 899 2646 955 hac
2679 900 2789 956 vita
2826 900 2894 956 ad
2915 899 3154 971 plenum,
3187 899 3273 956 vel
3302 899 3582 971 proﬁciam

1998 993 2052 1047 in
2078 992 2217 1058 dies,
2250 1006 2535 1064 quousque
2560 990 2746 1046 veniat
2772 990 2902 1048 illud
2925 990 2996 1024 ⁹¹⁸
3026 991 3095 1047 ad
3137 990 3377 1062 plenum.
3411 989 3583 1044 Proli-

1996 1084 2105 1139 ciat
2131 1084 2221 1140 hic
2247 1084 2300 1139 in
2328 1098 2415 1138 me
2444 1083 2638 1139 notitia
2673 1092 2787 1149 tua,
2815 1092 2870 1139 et
2894 1084 2966 1140 ibi
3000 1082 3097 1139 liat
3124 1082 3306 1154 plena.
3362 1082 3586 1138 Crescat

1997 1174 2087 1231 hic
2114 1188 2269 1229 amor
2296 1183 2442 1239 tuus,
2468 1181 2524 1228 et
2550 1174 2621 1228 ibi
2652 1172 2746 1228 fiat
2776 1174 2999 1244 plenus;
3026 1183 3084 1228 ut
3113 1175 3200 1230 hic
3232 1173 3486 1244 gaudium
3512 1174 3586 1229 sit
3646 1248 3647 1251 η

1996 1263 2049 1320 ἰιι
2085 1279 2182 1335 spe
2211 1279 2492 1335 magnum,
2521 1273 2579 1318 et
2604 1264 2673 1320 ibi
2704 1265 2775 1320 sit
2800 1265 2852 1319 in
2878 1274 2931 1320 te
2961 1264 3200 1337 plenum.

2066 1357 2314 1425 Domine,
2348 1371 2446 1426 per
2482 1355 2681 1412 Filium
2712 1365 2861 1411 tuum
2893 1354 3073 1426 jubcs,
3101 1356 3211 1411 imo
3239 1356 3479 1413 consulis
3497 1371 3585 1427 pe-

1996 1458 2110 1506 tere
2134 1458 2190 1505 et
2210 1450 2487 1520 promittis
2509 1451 2780 1523 accipere,
2797 1448 3128 1521 utgaudium
3158 1458 3400 1505 nostrum
3426 1449 3582 1504 sit'"

1994 1540 2235 1613 plenum.
2265 1540 2423 1609 Peto,
2454 1542 2705 1608 Domine,
2734 1541 2877 1613 quod
2927 1541 3167 1597 consulis
3214 1555 3312 1611 per
3347 1543 3584 1596 admiraa

1992 1633 2160 1690 bilem
2187 1631 2558 1691 consiliarium
2582 1642 2833 1699 tuum,ut
2853 1633 3119 1702 accipiam
3145 1633 3289 1704 quod
3313 1632 3586 1703 promittis

1995 1737 2093 1794 per
2118 1724 2407 1779 veritatem
2442 1735 2610 1791 tuam,
2658 1733 2717 1780 ut
2743 1723 2998 1796 gaudium
3030 1739 3208 1778 meum
3247 1722 3464 1794 plenum
3491 1725 3581 1779 sit.

1997 1806 2287 1873 Meditetur
2313 1816 2531 1872 interim
2556 1815 2610 1870 in
2637 1823 2692 1871 te
2718 1829 2873 1873 mens
2897 1813 3311 1885 mea,loquatur
3339 1814 3465 1869 inde
3484 1813 3585 1869 lin-

1996 1924 2099 1982 gua
2133 1923 2275 1975 mea,
2300 1917 2446 1964 amet
2466 1906 2598 1964 illud
2615 1922 2711 1964 cor
2733 1922 2936 1975 meum,
2963 1906 3358 1964 sermocinetur
3380 1906 3445 1961 de
3466 1907 3586 1977 ipso

2001 2015 2060 2056 os
2089 2005 2295 2067 meum,
2326 1998 2532 2055 esuriat
2562 1997 2690 2053 illud
2721 1996 2903 2053 anima
2934 2012 3079 2064 mea,
3108 1997 3261 2053 sitiat
3284 2012 3415 2053 caro
3438 2012 3583 2062 mea,

1999 2092 2270 2152 desideret
2300 2100 2408 2147 tota
2438 2090 2745 2147 substantia
2778 2103 2918 2155 mea,
2951 2089 3122 2145 donec
3153 2089 3348 2144 intrem
3376 2088 3428 2142 in
3452 2102 3585 2158 gau-

1995 2181 2144 2236 dium
2178 2180 2393 2237 Domini
2420 2181 2550 2246 mei,
2578 2181 2669 2250 qui
2691 2189 2776 2236 est
2796 2180 2975 2235 trinus
2996 2189 3048 2235 et
3077 2195 3217 2236 unus
3239 2179 3400 2246 Deus,
3423 2178 3586 2233 bene-

1996 2270 2171 2327 dictus
2198 2272 2251 2327 in
2285 2270 2479 2327 saecula
2509 2271 2856 2327 saeculorum.
2886 2270 3082 2326 Amen.

1586 2457 1820 2514 VARUE
1848 2453 2258 2512 LECTIONES.

367 2592 439 2624 “"
472 2592 545 2647 al.
582 2592 692 2648 dixi
724 2593 820 2648 tibi

893 2594 969 2626 ⁸⁸⁸
993 2596 1065 2647 al.
1091 2595 1239 2649 omit.
1316 2593 1388 2625 ’“
1419 2592 1490 2647 al.
1521 2591 1805 2648 deveniam
1837 2591 1946 2647 hic.
1983 2591 2054 2624 ⁹¹⁷
2078 2588 2153 2645 al.
2174 2597 2441 2647 vestrum.

3192 2837 3575 2865 ———d

697 3018 1280 3116 MONITUM
1373 3023 1503 3115 IN
1580 3020 2305 3118 OPUSCULUM
2377 3019 3191 3127 SUBSEQUENS.

555 3208 762 3280 (Edidit
786 3211 952 3267 emin.
982 3212 1277 3268 cardinalis
1298 3211 1508 3284 Angela
1546 3210 1675 3277 Mai,
1717 3210 1873 3267 Nora
1902 3209 2228 3267 Bibliotheca
2261 3209 2483 3267 Patrum
2520 3218 2562 3267 t.
2581 3209 2601 3266 l
2620 3249 2640 3279 ,
2672 3225 2730 3290 ρ.
2760 3211 2899 3280 505;
2931 3211 3120 3268 Roma:
3144 3209 3329 3282 1852.)

1725 3396 2176 3415 ῃ

356 3514 502 3569 tuter
525 3512 722 3569 Leonis
748 3513 927 3569 Allatii
956 3516 1204 3586 vnlgatas
1243 3516 1650 3573 lucubrationes
1683 3526 1893 3587 ponunt
1919 3517 2281 3588 bibliographi
2310 3517 2629 3573 mantissam
2652 3518 2945 3589 quamdam
2985 3517 3051 3574 ad
3081 3525 3331 3575 sanctum
3377 3518 3571 3575 Ansel-

285 3617 434 3658 mum
473 3601 943 3657 Cantuariensem.
975 3602 1087 3659 Nec
1130 3604 1442 3673 immerito;
1496 3605 1698 3660 etenim
1742 3605 2076 3677 Theophilus
2124 3605 2451 3678 Baynaudus
2497 3606 2552 3662 in
2598 3620 2697 3661 sua
2737 3605 2981 3662 Anselmi
3020 3607 3278 3673 editione,
3325 3605 3572 3679 Lugduni

285 3694 447 3759 1630,
472 3691 675 3748 fatetur
703 3708 756 3764 p.
782 3693 891 3751 248
915 3709 1037 3749 cum
1063 3703 1219 3767 grato
1240 3696 1425 3753 animo
1457 3711 1517 3753 se
1538 3698 1818 3770 accepisse
1839 3714 1868 3753 a
1898 3698 2080 3755 Leone
2114 3698 2336 3765 Allatio,
2367 3699 2597 3771 insignis
2632 3699 2956 3756 eruditionis
2983 3715 3051 3755 ac
3078 3698 3364 3769 probitatis
3393 3714 3568 3755 sacer-

286 3792 413 3846 dote
435 3788 661 3860 (l'allitur
692 3788 1041 3861 Raynaudus,
1080 3806 1355 3862 nunquam
1385 3794 1532 3850 enim
1562 3792 1661 3850 fuit
1706 3797 1963 3852 sacerdos
1991 3796 2267 3865 Allatius),
2296 3796 2568 3865 exscripta
2601 3810 2669 3851 ex
2700 3794 2977 3853 Vaticanis
3012 3793 3290 3850 codicibus
3318 3792 3570 3849 nonnulla

286 3881 457 3937 sancti
502 3879 740 3936 Anselmi
773 3881 1126 3937 incrementa.
1158 3880 1529 3942 Gerberonius
1557 3895 1740 3942 autem
1767 3927 1784 3951 ,
1818 3894 2126 3957 postremus
2159 3886 2402 3942 Anselmi
2443 3886 2641 3951 editor,
2675 3884 2728 3939 in
2751 3884 2999 3941 censuris
3037 3897 3262 3954 operum
3300 3882 3569 3938 interdum

284 3975 509 4029 adnotat
543 3989 790 4044 quaenam
827 3974 1145 4030 nominatim
1184 3974 1347 4047 hujus
1381 3975 1761 4035 Meditationes
1784 3992 1851 4032 ex
1879 3977 2144 4033 Vaticana
2174 3978 2499 4034 bibliotheca
2538 3984 2774 4047 acceptae
2807 3990 2838 4031 a
2868 3975 3167 4047 Raynaudo
3189 3973 3412 4030 fuerint.
3438 3961 3568 4027 Mihi

284 4081 414 4121 vero
438 4083 580 4122 nunc
621 4067 673 4121 in
706 4066 1087 4123 Vallicellianis
1130 4068 1315 4125 Allatii
1346 4070 1563 4125 schedis
1603 4071 1814 4141 ingens,
1847 4070 2013 4127 libelli
2053 4072 2247 4135 instar,
2292 4070 2566 4127 Meditatio
2588 4070 2834 4140 ejusdem
2862 4068 3105 4125 Anselmi
3145 4068 3433 4124 observata
3462 4074 3565 4131 est,

285 4173 449 4227 quam
483 4175 550 4214 ne
580 4158 632 4213 in
670 4157 989 4215 Gerberonii
1019 4159 1271 4230 quidem,
1291 4159 1486 4216 nedum
1518 4161 1824 4233 Raynaudi,
1852 4161 2089 4218 editione
2116 4161 2435 4231 impressam
2464 4160 2736 4216 videbam.
2765 4158 3089 4215 Necessario
3117 4157 3297 4227 itaque
3322 4155 3562 4227 sequitur

282 4255 345 4299 ut
375 4248 601 4303 Allatius
644 4248 787 4304 hanc
832 4249 1097 4304 invenerit
1137 4259 1265 4319 post
1292 4253 1637 4307 transmissas
1665 4253 1802 4307 alias
1832 4252 1900 4307 ad
1933 4251 2288 4324 Raynaudum
2320 4251 2716 4314 Meditationes,
2750 4258 2808 4307 et
2851 4259 2973 4321 post
2996 4248 3411 4322 Lugdunensem
3437 4260 3561 4316 pro-

284 4335 524 4408 ﬂigatam
555 4340 881 4405 editionem;
915 4356 1023 4409 quo
1052 4339 1250 4397 factum
1278 4352 1363 4397 ea
1390 4351 1448 4395 ut
1473 4342 1586 4398 lucc
1616 4344 1843 4413 insignis
1879 4351 1937 4399 et
1964 4344 2180 4401 exteris
2215 4343 2466 4400 omnibus
2501 4343 2659 4416 longe
2688 4342 2950 4414 prolixior
2980 4342 3033 4397 in
3059 4340 3563 4412 quinquagesimum

281 4430 547 4501 psalmum
589 4429 887 4497 Meditatio,
918 4441 1047 4487 tunc
1074 4431 1263 4489 Roma:
1306 4442 1538 4499 retenta,
1576 4433 1767 4490 deinde
1795 4434 1848 4489 in
1898 4435 2251 4491 centesimum
2284 4448 2456 4505 usque
2485 4449 2549 4491 ac
2590 4433 3051 4505 septuagesimum
3099 4446 3323 4494 annum,
3351 4429 3405 4486 id
3453 4436 3559 4496 est,

282 4537 457 4592 usque
486 4524 553 4577 ad
593 4524 849 4577 traditum
893 4525 1128 4594 benigne
1160 4526 1314 4581 nobis
1354 4540 1384 4579 a
1429 4525 1499 4580 cl.
1528 4524 1799 4581 Theinero
1845 4524 2219 4581 Vallicelliano
2265 4524 2679 4581 bibliothecario
2708 4523 3101 4594 apograpbum,
3126 4535 3312 4592 pressa
3353 4518 3557 4588 fuerit;

286 4624 447 4685 atque
485 4630 603 4669 eam
641 4630 861 4684 prorsus
891 4616 1259 4686 ignoraverint
1282 4618 1539 4687 prmeipui
1572 4632 1791 4689 quoque
1840 4617 2203 4687 bibliographi
2244 4616 2599 4682 Trithemius,
2636 4615 2984 4682 Possevinus,
3013 4614 3393 4678 Bellarminus,
3421 4611 3558 4668 Lab-

282 4707 436 4773 licus,
468 4704 748 4762 Fabricius
806 4705 1050 4763 Oudinus
1074 4747 1088 4773 ,
1132 4706 1376 4766 Cavzeus.
1413 4708 1695 4774 Cellerius,
1736 4706 2176 4764 Mazzuchcllius.
2224 4706 2378 4764 Nunc
2410 4722 2509 4764 nos
2551 4707 2654 4763 hoc
2694 4705 2935 4762 Anselmi
2977 4703 3272 4776 praenobile
3296 4704 3558 4773 scriptum

283 4799 621 4854 exhibemus.
