3910 6018
296 217 393 272 Sil

1381 212 1759 272 MEDITATIO
1788 209 1852 265 IN
1886 203 2078 263 PSAL.
2114 200 2277 257 MISE
2292 197 2501 254 llEilE.

332 508 3482 570 ________________________________________._————

883 843 1763 1017 SANCTI
1899 830 2978 1003 ANSELMI

986 1256 2139 1386 CANTUARIENSIS
2223 1251 2865 1371 EPISGOPI

1592 1603 2279 1702 MEDITATIO

1095 1951 1685 2074 suum
1746 1944 2755 2131 ptisana-mn.

398 2606 448 2659 1.
501 2600 818 2657 Fortissime
865 2595 1008 2649 Deus
1055 2590 1344 2663 spirituum
1390 2584 1659 2642 universae
1700 2581 1908 2648 carnis,
1938 2582 1991 2644 Α
2016 2592 2103 2633 me
2130 2573 2416 2631 clementia
2449 2582 2560 2639 tua.
2594 2571 2759 2638 Deus,
2783 2571 2828 2628 si
2858 2571 3046 2629 videns
3076 2570 3275 2628 animae
3302 2585 3436 2628 meae
3465 2576 3616 2642 peri-v

325 2697 418 2768 qui
448 2693 586 2750 vinci
617 2708 721 2747 non
763 2698 942 2762 potes,
969 2685 1095 2756 quia
1124 2698 1184 2739 es
1226 2679 1574 2748 omnipotens
1596 2683 1652 2732 et
1692 2690 1786 2730 rex
1817 2688 1915 2744 po-

330 2761 480 2851 iens;
507 2784 615 2838 falli
647 2761 959 2849 nonpotes.
981 2774 1107 2846 quia
1128 2771 1347 2843 sapiens
1372 2782 1451 2833 es,
1478 2773 1730 2823 serutans
1752 2761 1916 2819 corda

326 2889 383 2933 ct
412 2893 571 2934 rencs
616 2874 791 2939 Deus;
815 2866 1091 2937 corrumpi
1116 2880 1222 2922 non
1252 2871 1427 2934 potes,
1454 2858 1582 2929 quia
1601 2856 1784 2928 justus
1814 2853 1919 2910 Do-

324 2971 533 3033 minus,
562 2975 615 3022 et
662 2977 877 3033 semper
902 2958 1146 3031 jnstitias
1173 2951 1409 3011 dilexisti
1435 2968 1450 3018 ;
1479 2949 1571 3020 qui
1600 2963 1704 3003 non
1726 2959 1919 3017 parces

330 3060 383 3113 in
418 3059 503 3111 die
532 3031 805 3117 vindictze,
831 3065 930 3106 nec
957 3046 1274 3117 acquiesces
1301 3040 1621 3111 cujusquam
1642 3031 1918 3106 precibus,

330 3167 433 3207 nec
474 3148 702 3219 recipies
746 3158 847 3215 pro
896 3135 1269 3208 redemptione
1306 3132 1446 3187 dona
1478 3127 1712 3201 plurima
1760 3141 1773 3179 :
1817 3137 1920 3193 ego

330 3258 457 3299 reus
489 3251 543 3295 et
566 3214 728 3293 miser
753 3214 1010 3307 peccator
1036 3231 1089 3285 in
1109 3231 1404 3296 conspectu
1444 3219 1641 3278 divinae.
1667 3214 1923 3285 majesta-

332 3336 401 3389 tis
437 3343 561 3396 tum,
600 3330 651 3384 in
691 3341 799 3397 qua
832 3324 928 3396 qui
960 3334 1088 3376 vere
1129 3314 1440 3379 conﬁtetur,
1482 3308 1798 3373 absolvitur,
1836 3319 1924 3362 re-

330 3438 600 3499 cognosco
644 3422 771 3492 quia
813 3413 1033 3489 peccavi
1080 3423 1243 3479 super
1276 3416 1563 3461 numerum
1590 3414 1773 3456 arena:
1802 3412 1922 3453 ma-

333 3490 434 3581 ris',
455 3525 511 3573 et
534 3490 905 3583 multiplicatae
930 3513 1058 3561 sunt
1078 3499 1394 3570 iniquitates
1415 3508 1567 3549 mea}.
1598 3490 1923 3546 lncurvatus

334 3626 455 3666 sum
490 3607 659 3662 multo
701 3599 973 3659 curriculo
998 3608 1132 3651 mea:
1167 3592 1358 3647 ferreae
1384 3584 1703 3649 voluntatis,
1726 3591 1783 3638 et
1814 3597 1922 3637 non

334 3710 418 3755 est
451 3699 581 3752 mihi
627 3692 913 3765 respiratio
942 3703 958 3743 :
1008 3694 1065 3742 et
1091 3683 1217 3755 quia
1242 3696 1309 3737 ex
1334 3677 1630 3734 indiscreto
1666 3687 1925 3745 processu

338 3792 540 3864 negotii
588 3790 716 3843 vita:
760 3799 893 3840 mea:
923 3779 1119 3845 sentio,
1152 3775 1278 3846 quia
1309 3781 1400 3827 tua
1429 3768 1640 3839 justitia
1673 3767 1725 3822 in
1748 3775 1928 3821 extre-

339 3855 440 3940 ιηιῖ
456 3894 546 3938 tuo
585 3878 790 3949 judicio
822 3871 1104 3929 manifeste
1132 3866 1293 3923 debet
1320 3876 1407 3917 me
1429 3872 1686 3930 gravare;
1717 3856 1785 3912 ab
1813 3855 1927 3924 ipsa

2021 2668 2202 2725 culum
2256 2667 2542 2721 imminere
2592 2675 2697 2720 ate
2726 2664 2888 2730 irato,
2928 2663 2995 2718 ad
3047 2674 3097 2721 te
3140 2664 3409 2733 placatum
3447 2680 3619 2721 ausus

2022 2773 2141 2815 sum
2170 2755 2408 2811 totaliter
2460 2754 2761 2826 appellare,
2809 2770 2931 2810 eum
2979 2770 3135 2825 mque
3186 2754 3371 2809 animo
3422 2754 3623 2811 tuleris

2020 2850 2165 2923 quod
2192 2848 2468 2920 apostolus
2499 2858 2623 2903 tuus
2650 2846 2872 2911 Paulus,
2907 2846 3103 2903 timens
3127 2861 3194 2902 ne
3222 2862 3253 2901 a
3285 2846 3449 2903 Festo
3472 2862 3614 2918 prm-

2022 2940 2139 2998 side
2176 2938 2534 3010 corporaliter
2577 2946 2924 3009 gravaretur,
2956 2935 3023 2991 ad
3062 2934 3330 2992 Caesarem
3373 2935 3611 3008 appella-

2020 3032 2121 3086 vit.
2147 3031 2297 3085 Adeo
2323 3028 2487 3099 igitur
2517 3042 2640 3082 cum
2683 3025 2875 3081 fiducia
2900 3026 3088 3098 gratia:
3112 3034 3217 3082 tua:
3246 3025 3523 3095 thronum,
3554 3038 3619 3084 nt

2023 3119 2455 3177 misericordiam
2502 3132 2827 3188 consequar,
2870 3125 2926 3172 et
2967 3116 3196 3187 gratiam
3245 3115 3517 3171 inveniam
3556 3116 3619 3172 in

2023 3211 2227 3303 auxilio
2247 3218 2552 3282 opportuno
2579 3222 2595 3262 :
2635 3217 2691 3263 et
2721 3208 2847 3279 quia
2876 3208 3041 3263 miser
3076 3223 3220 3273 sum,
3246 3218 3303 3264 et
3323 3207 3623 3265 miserabi-

2023 3305 2113 3371 lis,
2146 3298 2266 3359 id‘eo
2311 3316 2532 3374 gemens
2559 3300 2751 3371 spiritu
2784 3300 2978 3355 iterum
3011 3298 3106 3355 tibi
3143 3300 3265 3356 dico
3297 3318 3313 3355 :
3340 3299 3612 3355 Miserere.

2024 3398 2122 3454 Est
2147 3395 2291 3452 enim
2322 3404 2410 3449 tua
2460 3392 2858 3457 misericordia,
2885 3391 3206 3447 miserorum
3255 3391 3479 3460 cborda,
3508 3407 3619 3461 qua

2025 3488 2092 3545 de
2138 3487 2259 3542 lacu
2294 3482 2441 3541 izecis
2483 3492 2538 3538 et
2584 3483 2816 3539 miseria:
2842 3484 3221 3538 extrahuntur.
3267 3481 3404 3549 Quia
3450 3481 3629 3552 igitur

2025 3578 2282 3636 solvendo
2310 3591 2418 3633 non
2462 3585 2590 3633 sunt
2635 3575 2914 3648 passiones
2943 3575 3225 3645 condignae
3262 3574 3341 3629 ad
3378 3572 3626 3629 futuram

2027 3670 2251 3742 gloriam
2283 3684 2447 3739 quam
2473 3675 2761 3738 exspecto;
2791 3674 2846 3721 et
2863 3665 3355 3722 tua'misericordia
3381 3680 3487 3721 non
3501 3680 3619 3720 me-

2028 3763 2215 3826 ritum,
2261 3761 2352 3815 sed
2395 3758 2566 3814 solam
2610 3756 2885 3813 miseriam
2922 3756 3183 3821 intuetur,
3225 3756 3291 3811 de
3337 3756 3635 3825 profundis

2030 3852 2284 3909 fluctibus
2346 3849 2623 3905 interioris
2670 3858 2725 3903 et
2772 3848 3061 3903 exterioris
3116 3848 3373 3912 miseriae,
3425 3847 3633 3916 quibus

340 3985 521 4029 tamen
552 3969 745 4025 merito
773 3963 904 4019 mihi
933 3967 1206 4031 suspecta,
1231 3954 1298 4009 ad
1328 3963 1475 4007 tuam
1496 3945 1924 4004 misericordiam
1956 3947 2002 4007 B
2034 3947 2210 4015 imago
2235 3944 2328 4000 Dei
2359 3941 2620 3998 asseritur
2640 3941 2737 4013 (ita
2776 3941 2922 4012 θυι),
2965 3940 3020 3994 in
3050 3955 3136 3995 me
3165 3940 3282 4011 ipso
3309 3940 3379 3995 ad
3411 3940 3622 3995 miseri-

339 4062 593 4133 eonfugio
618 4068 674 4115 et
702 4054 931 4127 appello.
955 4052 1022 4106 Et
1044 4064 1112 4105 ne
1141 4044 1504 4119 appellatione
1532 4041 1634 4096 ista
1657 4037 1927 4109 pendente

340 4129 532 4209 intrcs'
567 4151 621 4204 in
663 4146 925 4217 judicium
983 4156 1104 4197 cum
1148 4151 1306 4193 servo
1358 4143 1468 4199 tuo,
1510 4131 1604 4188 sed
1632 4129 1814 4202 potius
1839 4136 1929 4182 tua

344 4238 716 4297 misericordia
746 4250 831 4291 me
865 4230 1180 4303 prmveniat,
1211 4234 1267 4283 et
1304 4232 1565 4295 sequatur
1595 4234 1701 4284 me,
1725 4226 1782 4273 et
1805 4232 1933 4273 sen-

344 4348 459 4397 sus,
480 4342 534 4385 et
555 4338 725 4391 actus,
748 4323 1127 4396 cogitationes,
1157 4314 1498 4379 affectiones,
1518 4320 1574 4367 et
1593 4322 1759 4380 Opera
1788 4319 1932 4368 mea,

344 4419 667 4493 protectioni
692 4416 808 4487 ejus
831 4425 1162 4485 supponens,
1192 4408 1475 4478 ipsamque
1503 4397 1932 4457 misericordiam

346 4490 647 4586 postulans,
695 4517 750 4565 et
773 4505 1036 4576 judicium
1089 4515 1197 4556 non
1244 4496 1550 4567 requirens,
1590 4490 1754 4547 corde
1787 4504 1936 4545 com-

349 4612 582 4677 punctus
607 4599 886 4668 humiliter
914 4594 1009 4650 tibi
1034 4592 1192 4648 dico:

421 4695 475 4748 2.
506 4691 599 4763 (γ.
636 4691 715 4760 5.)
764 4687 1033 4750 Miserere,
1067 4682 1193 4753 quia
1235 4687 1454 4749 tempus
1492 4682 1578 4731 est
1621 4668 1936 4736 miserendi,

351 4804 457 4842 non
481 4781 791 4855 judicandi;
828 4778 953 4850 quia
988 4774 1173 4833 dixisti
1221 4773 1275 4829 in
1305 4768 1597 4841 Evangelio
1633 4777 1724 4822 tuo
1750 4772 1942 4821 saneto

353 4880 494 4949 quod
543 4892 647 4931 non
690 4871 879 4928 venisti
917 4878 976 4924 ut
1003 4867 1213 4940 jttdices
1244 4863 1528 4927 mundum,
1565 4860 1658 4915 sed
1691 4868 1750 4914 ut
1780 4856 1944 4913 salvi-

355 4972 482 5023 lices
522 4964 802 5020 mundum.
843 4960 911 5014 Et
955 4960 1010 5013 in
1052 4967 1140 5012 tua
1175 4955 1376 5025 pietate
1404 4949 1640 5015 confido,
1674 4949 1818 5019 quod
1848 4963 1944 5017 ap-

356 5056 626 5128 pellationi
681 5067 815 5109 mete
861 5049 1073 5106 deferre
1116 5046 1337 5106 debeas,
1367 5058 1531 5114 quam
1560 5054 1659 5113 ego
1688 5041 1802 5112 (qui
1835 5049 1945 5095 tre-

359 5165 510 5203 mens
533 5147 707 5201 factus
728 5159 847 5199 sum
880 5148 934 5198 et
962 5140 1129 5195 timeo
1153 5154 1182 5192 a
1209 5148 1297 5191 tua
1321 5132 1556 5204 iustitia)
1590 5142 1843 5202 tanquam
1876 5132 1946 5187 ab

358 5240 601 5295 inferiori
651 5237 719 5292 ad
785 5234 1120 5306 superiorem
1186 5230 1371 5286 sedem
1414 5238 1522 5284 tua:
1560 5224 1945 5282 misericordia:

2031 4036 2273 4091 cordiam
2332 4042 2478 4088 tuam
2534 4031 2713 4089 clamo
2758 4029 3190 4102 lacrymabiliter
3243 4029 3340 4085 tibi
3385 4028 3618 4085 dicens:

2033 4125 2286 4181 Miserere
2308 4124 2407 4178 mei

2102 4214 2154 4269 5.
2188 4213 2449 4269 Subticeo
2490 4227 2688 4269 nomen
2732 4226 2911 4266 meum
2946 4228 2960 4265 :
3002 4224 3123 4266 nam
3166 4209 3218 4266 si
3258 4206 3386 4265 illud
3420 4208 3514 4265 tibi
3542 4210 3635 4266 diu

2033 4322 2193 4374 xero,
2243 4321 2338 4377 per
2378 4306 2432 4361 id
2474 4321 2561 4362 me
2611 4303 2841 4361 forsitan
2891 4317 2995 4357 non
3046 4317 3352 4374 agnosces:
3392 4314 3449 4360 et
3481 4305 3624 4374 quod

2036 4408 2160 4472 post
2230 4405 2605 4469 recuperatam
2666 4394 2803 4449 alias
2853 4394 2994 4449 sicut
3047 4408 3209 4463 spero
3258 4396 3636 4452 innocentiam

2037 4488 2440 4560 baptismalem,
2460 4488 2528 4542 ab
2555 4486 2646 4541 illa
2676 4484 2816 4540 dulci
2854 4483 3223 4540 familiaritate
3253 4494 3351 4541 tua
3371 4502 3459 4543 me
3480 4485 3629 4543 elouv-

2039 4583 2159 4655 gavi
2202 4582 2365 4637 nimis
2395 4579 2728 4651 imprudens,
2781 4577 2836 4633 in
2890 4594 2995 4649 qua
3044 4582 3260 4650 quando
3294 4582 3347 4636 in
3389 4593 3633 4639 montem

2040 4674 2304 4730 orationis
2356 4673 2423 4728 ad
2466 4683 2516 4729 te
2549 4672 2676 4728 olim
2708 4670 2999 4741 aliquando
3040 4673 3423 4738 ascendebam,
3454 4685 3634 4732 tecum

2043 4767 2196 4839 quasi
2228 4765 2436 4821 amicus
2460 4779 2583 4820 cum
2632 4764 2810 4821 amico
2843 4762 3184 4820 familiariter
3213 4764 3513 4833 locuturus,
3545 4784 3635 4823 mo

2045 4860 2247 4930 pluries
2278 4856 2507 4913 dulciter
2532 4856 2774 4926 recipere
2796 4854 3015 4911 voluisti
3056 4874 3069 4910 :
3121 4864 3178 4912 et
3207 4864 3336 4913 tunc
3365 4857 3632 4927 meipsum

2046 4968 2168 5008 cum
2205 4950 2387 5022 Moyse
2435 4964 2502 5004 ex
2536 4949 2756 5004 nomine
2803 4947 3192 5018 eoguoscebas,
3233 4956 3288 5003 et
3331 4948 3635 5018 gaudebam

2050 5043 2101 5098 in
2130 5053 2178 5098 te
2200 5058 2323 5099 eum
2354 5040 2475 5096 aliis
2520 5039 2693 5096 servis
2734 5039 2861 5105 tuis,
2912 5054 3142 5109 quorum
3184 5038 3387 5108 scripta
3412 5037 3645 5094 nomina

2049 5145 2176 5192 sunt
2208 5135 2261 5189 in
2309 5133 2483 5200 ccelis,
2525 5141 2580 5187 et
2624 5140 2743 5187 erat
2779 5146 2962 5187 coram
2995 5116 3046 5185 te
3098 5129 3412 5186 bonorabile
3436 5145 3645 5189 nomen

2051 5242 2253 5282 meum.
2298 5225 2452 5280 Nune
2486 5234 2663 5280 autem
2692 5223 2945 5293 quoniam
2973 5230 3194 5292 peccata
3229 5237 3423 5278 nomen
3454 5239 3629 5280 meum

359 5330 856 5401 interpono,sciens
881 5325 1023 5397 quod
1058 5320 1430 5378 misericordia
1461 5316 1828 5389 superexaltat
1846 5316 1938 5385 ju-
1974 5295 2021 5357 (ἶ
2054 5322 2120 5377 de
2142 5320 2280 5376 libro
2311 5318 2606 5373 viventium
2636 5316 2969 5377 deleverunt,
3009 5321 3209 5369 etcum
3229 5311 3390 5382 justis
3422 5329 3525 5370 non
3555 5324 3643 5370 εει

360 5425 584 5489 dicium,
620 5431 675 5477 et
709 5420 851 5492 quod
894 5415 1263 5473 misericordia
1318 5422 1406 5466 tua
1436 5416 1520 5465 est
1558 5422 1723 5477 super
1761 5406 1947 5504 omnia

365 5528 453 5572 tua
479 5532 642 5587 opera
680 5513 992 5569 constituta.
1025 5503 1615 5578 ldeoqueappellationi
1645 5520 1778 5562 mea:
1812 5503 1950 5557 est’a

367 5616 418 5663 te
444 5622 552 5663 non
584 5602 855 5659 immerito
887 5598 1255 5656 deferendum.
1278 5595 1389 5656 Nec
1418 5597 1726 5668 indignetur
1748 5600 1943 5650 contra

2055 5415 2337 5484 scriptum,
2390 5410 2512 5467 ideo
2556 5408 2686 5466 illud
2741 5423 2848 5462 non
2896 5405 3071 5461 audeo
3116 5406 3421 5473 nominare,
3458 5407 3542 5463 vel
3571 5410 3639 5463 ad

2057 5514 2205 5569 tuam
2259 5502 2576 5559 memoriam
2633 5510 2938 5555 revocare:
2974 5497 3115 5553 sicut
3162 5498 3249 5555 ille
3299 5500 3382 5555 vir
3424 5500 3635 5566 beatus,

2057 5611 2215 5666 quem
2268 5594 2523 5653 invenisti
2566 5592 2739 5647 virum
2778 5588 3089 5649 secundum
3122 5607 3216 5649 cor
3237 5600 3410 5663 tuum,
3459 5593 3551 5665 (ιμί
3580 5602 3641 5651 et
