3884 6052
347 218 456 276 823

670 219 727 276 S.
761 219 1062 277 ANSELMI
1097 219 1443 286 CANTUAR.
1483 217 1803 276 ARCHIEP.
1843 217 1928 274 UP

2041 217 2226 274 PARS
2269 217 2335 273 ll.
2376 247 2447 258 --
2486 217 2857 278 ΡΑΒᾹΞΜΞΤ.
2895 221 2988 278 ΕΤ
3025 221 3272 280 ASCET.

3513 226 3628 283 824

347 350 545 394 nomen
597 351 781 403 suum,
815 345 871 390 et
905 349 1058 390 suam
1094 333 1562 389 mansuetudinem
1608 339 1712 388 tuae
1756 332 1929 388 beata:
1957 333 2003 392 A
2029 343 2152 384 cere
2215 343 2499 400 possumus
2553 346 2676 386 cum
2721 333 3030 402 propheta:
3084 333 3450 392 Misericordia
3514 338 3632 394 Do-

349 429 625 485 memorim
680 426 1000 483 fiducialiter
1054 423 1471 481 commendabat
1517 424 1706 481 dicens
1758 445 1773 479 :
1820 425 1929 483 Me-

348 529 550 587 mento,
583 519 828 582 Domine,
858 516 1028 573 David
1058 525 1114 572 et
1140 517 1318 573 omnis
1339 517 1770 574 mansuetudinis
1789 518 1926 590 ejus.

348 611 475 668 llaec
516 610 661 666 enim
707 609 802 666 tibi
836 608 1142 674 blandiens,
1180 609 1294 664 sive
1335 609 1490 675 mihi,
1529 609 1704 666 audeo
1725 609 1928 677 dicere,

346 703 487 758 sicut
513 700 601 756 ille
641 719 655 755 :
691 699 769 755 Da
817 698 1104 770 imperium
1131 714 1298 770 puero
1323 707 1441 767 tuo,
1475 699 1590 756 sive
1620 714 1778 756 servo
1815 709 1926 768 tuo,

347 792 429 847 vel
459 791 572 846 filio
599 789 807 846 ancilla:
833 790 1109 862 tuae-,quia
1138 791 1252 844 haec
1274 789 1660 847 familiaritatis
1686 787 1928 860 nomina,

348 899 434 940 me
462 899 614 940 reum
655 890 936 954 rogantem
965 881 1198 954 amplius
1225 891 1548 938 accusarent
1581 901 1596 937 :
1629 883 1724 939 sed
1746 883 1928 952 appel-

345 977 603 1033 lationem
649 991 825 1032 meam
881 989 1238 1046 prosequens,
1294 983 1468 1029 tactus
1523 973 1708 1031 dolore
1748 976 1930 1032 cordis

344 1067 696 1135 intrinsecus,
753 1081 819 1122 eo
870 1066 1012 1137 quod
1063 1066 1398 1120 iracundiam
1433 1076 1624 1121 contra
1663 1081 1747 1120 me
1779 1067 1928 1122 exci-

346 1161 477 1225 tavi,
506 1159 790 1230 suspirans
822 1158 1017 1215 iterum
1045 1170 1101 1214 et
1126 1158 1320 1214 iterum
1350 1158 1445 1213 tibi
1474 1157 1597 1213 dico
1629 1174 1642 1210 :
1678 1158 1929 1213 Miserere

343 1253 465 1319 mei,
490 1251 652 1308 Deus.

413 1344 468 1400 4.
497 1345 613 1400 Νοη
643 1347 816 1402 audeo
851 1346 1034 1402 dicere
1069 1361 1216 1401 mem
1248 1362 1268 1401 :
1316 1345 1652 1401 solummodo
1677 1355 1728 1402 te
1757 1345 1926 1402 Deum

343 1451 633 1508 cognosco,
666 1439 760 1493 sed
789 1453 966 1493 meum
995 1438 1178 1494 dicere
1216 1454 1322 1492 non
1353 1453 1597 1508 possum.
1626 1439 1761 1494 Nam
1801 1455 1926 1494 cum

340 1537 487 1585 esset
511 1543 646 1599 puer
673 1529 806 1584 mihi
838 1536 1023 1594 natus,
1064 1538 1119 1584 et
1168 1529 1428 1599 parvulus
1470 1529 1564 1584 Dei
1593 1529 1761 1585 Filius
1793 1531 1926 1587 mihi

341 1621 533 1676 datus:
574 1623 752 1687 datus,
782 1620 1024 1690 inquam,
1055 1636 1082 1674 a
1109 1620 1291 1686 Patre,
1329 1621 1421 1690 qui
1451 1621 1530 1676 sic
1559 1620 1747 1676 dilexit
1772 1636 1926 1676 mun-

2031 423 2186 488 mini,
2221 423 2349 493 quia
2398 425 2706 494 consumpti
2748 440 2856 482 non
2887 441 3096 483 sumus.
3146 428 3215 484 Et
3258 429 3375 486 haec
3397 431 3631 502 quidem

2030 521 2122 568 tua
2157 513 2330 584 prima
2382 513 2779 583 misericordia,
2803 530 2970 586 parva
2999 529 3175 586 esset;
3199 533 3300 574 nec
3328 520 3373 576 si
3396 520 3514 576 sola
3538 537 3632 578 es-

2029 614 2137 671 set,
2166 605 2299 660 mihi
2333 603 2606 661 sufﬁceret
2629 607 2698 661 ad
2724 605 2979 675 salutem,
3015 608 3109 664 sed
3141 609 3322 680 potius
3351 610 3629 680 judicium

2030 698 2306 754 damnatio
2345 698 2720 765 accumulans,
2769 699 3074 755 divinarum
3119 701 3378 758 bonitatis
3422 712 3527 758 tua:
3565 715 3627 760 et

2028 787 2304 859 patientize
2339 796 2394 843 et
2434 788 2862 860 longanimitatis
2898 805 2986 846 me
3038 791 3244 848 faceret
3279 803 3634 864 contempto-

2029 894 2166 946 rem,
2192 888 2247 936 et
2269 883 2566 937 secundum
2592 881 2844 936 duritiem
2874 897 3051 939 meam
3073 893 3129 940 et
3155 899 3254 942 cor
3274 885 3633 958 impaenitens

2029 969 2455 1024 thesaurizarem
2503 971 2633 1025 mihi
2664 971 2800 1025 iram
2839 971 2893 1026 in
2933 972 3021 1028 die
3049 973 3165 1040 irze,
3201 983 3256 1030 et
3277 975 3634 1034 revelationis

2022 1060 2213 1131 judicii
2262 1062 2338 1116 tui
2381 1060 2547 1130 justi,
2583 1062 2636 1117 in
2683 1077 2790 1132 quo
2813 1063 2942 1132 mihi
2986 1064 3405 1136 improperando
3436 1070 3629 1124 omnia

2029 1153 2168 1209 mala
2195 1168 2338 1219 mea,
2370 1152 2601 1210 inferres
2638 1172 2651 1209 :
2701 1156 2819 1211 haec
2856 1155 3030 1211 fecisti
3064 1198 3080 1224 ,
3115 1167 3171 1212 et
3199 1159 3362 1215 tacui.
3392 1159 3630 1231 Ideoque

2028 1245 2162 1300 mihi
2195 1252 2342 1300 tuam
2373 1245 2668 1301 secundam
2717 1256 2772 1302 et
2804 1247 3066 1321 majorem
3097 1249 3274 1319 prima
3312 1251 3633 1307 misericor-

2028 1335 2171 1391 diam
2203 1336 2521 1405 porrexisti,
2572 1352 2678 1406 qua
2711 1352 2797 1393 me
2838 1340 3098 1394 miserum
3151 1351 3496 1410 peccatorcm
3538 1345 3629 1415 (ut;

2030 1426 2147 1482 tihi’
2165 1427 2238 1482 sit
2261 1427 2383 1482 inde
2411 1429 2712 1498 gratiarum
2745 1430 2887 1486 actio
2913 1440 2969 1486 et
2999 1447 3102 1488 vox
3133 1433 3328 1506 laudis)
3356 1435 3425 1490 ad
3448 1438 3624 1507 paeni-

2030 1521 2256 1575 tentiam
2289 1521 2580 1577 revocasti.
2620 1521 2804 1592 Neque
2839 1525 2986 1580 enim
3013 1542 3137 1582 cum
3168 1543 3344 1584 essem
3372 1540 3626 1588 mortuus

2031 1609 2086 1665 in
2123 1613 2384 1682 peccatis,
2417 1628 2637 1669 movere
2661 1624 2903 1686 poteram
2933 1619 3121 1687 pedem
3149 1619 3377 1677 affectus
3415 1624 3624 1688 mei,ut

271 1751 278 1756 .
341 1709 468 1765 dum
499 1719 559 1765 ut
590 1719 642 1766 te
694 1684 1028 1782 unigenitum
1059 1726 1214 1766 suum
1246 1684 1400 1767 daret
1432 1730 1446 1766 :
1473 1713 1630 1768 datus
1658 1729 1687 1767 a
1715 1723 1916 1780 matre;

2033 1717 2120 1756 me
2142 1702 2211 1757 ad
2237 1711 2288 1758 te
2311 1713 2688 1762 converterem
2721 1708 3057 1777 pmnitendo,
3086 1711 3188 1768 nisi
3221 1727 3306 1768 me
3333 1723 3424 1770 tua
3456 1716 3626 1772 mise-

341 1815 462 1868 quae
488 1798 644 1869 quasi
692 1798 862 1854 altera
896 1800 1090 1854 mulier
1117 1801 1482 1866 Samaritana,
1513 1811 1579 1857 ut
1604 1802 1776 1859 aleret
1801 1819 1924 1872 nos,

341 1888 396 1942 in
432 1887 552 1958 igne
583 1888 849 1956 passionis
903 1900 952 1944 te
976 1888 1171 1944 Filium
1203 1905 1359 1946 suum
1398 1897 1544 1948 coxit
1573 1893 1682 1964 (IV
1704 1893 1831 1966 Reg.
1859 1910 1925 1964 tt,

337 1979 456 2047 99),
485 1988 538 2034 ct
568 1980 621 2034 in
653 1991 995 2036 sacramento
1019 1981 1210 2042 altaris
1238 1983 1306 2038 ad
1336 1984 1727 2042 comedendum
1765 1987 1924 2060 nobis

346 2069 529 2125 dedit:
557 2070 716 2125 datus
763 2071 1032 2140 insupera
1073 2072 1264 2143 teipse,
1322 2073 1413 2142 qui
1467 2075 1659 2130 dedisti
1697 2076 1924 2146 teipsum

339 2175 440 2230 pro
463 2160 638 2226 nobis,
673 2172 732 2218 ut
785 2177 885 2218 nos
911 2163 982 2220 ab
1022 2163 1168 2218 omni
1205 2164 1492 2234 iniquitate
1524 2166 1820 2224 redimeres
1870 2179 1926 2223 et

340 2255 667 2310 mundares:
697 2270 842 2320 eum,
869 2255 1114 2326 inquam,
1136 2257 1217 2312 sic
1237 2270 1388 2313 esses
1414 2259 1480 2314 ab
1505 2259 1924 2329 omnibus,quo-

340 2362 461 2400 rum
493 2346 775 2413 intererat,
813 2347 944 2402 mihi
971 2347 1146 2412 datus,
1177 2357 1234 2404 et
1266 2349 1388 2405 ideo
1416 2350 1635 2420 proprie
1676 2353 1926 2422 proprius

340 2436 486 2492 Deus
514 2451 688 2502 meus,
720 2451 820 2507 ego
848 2435 1036 2492 infelix
1083 2447 1305 2508 propter
1327 2448 1549 2510 peccata
1578 2455 1696 2496 mea
1729 2451 1780 2495 te
1803 2457 1925 2511 pcr-

340 2528 448 2586 didi
487 2547 500 2582 :
537 2543 660 2582 nam
693 2537 746 2583 te
779 2543 961 2584 meum
996 2544 1118 2585 esse
1152 2531 1422 2588 veraciter
1453 2546 1803 2603 recognosco,
1831 2534 1924 2610 qui

342 2619 725 2690 conquerendo
761 2619 828 2674 de
855 2634 941 2675 me
969 2629 1023 2675 et
1056 2621 1180 2677 aliis
1210 2623 1604 2693 peccatoribus,
1637 2615 1773 2680 dicis
1799 2643 1812 2680 :
1842 2625 1925 2682 Me

341 2719 796 2780 exspectaverunt
827 2720 1140 2780 peccatores
1166 2721 1226 2768 ut
1254 2714 1544 2782 perderent
1571 2731 1676 2770 me.
1709 2716 1772 2770 Et
1801 2720 1846 2773 si
1874 2726 1925 2772 te

339 2800 574 2871 perdidi,
619 2802 798 2856 omnia
846 2803 1076 2874 perdidi,
1132 2813 1189 2859 et
1235 2805 1633 2876 memetipsum.
1685 2805 1790 2862 Sed
1844 2816 1923 2876 tu,

341 2891 507 2956 Deus,
538 2892 627 2963 qui
654 2908 684 2948 a
712 2907 798 2948 me
835 2894 1206 2966 imprudenter
1247 2897 1423 2953 factus
1451 2913 1512 2954 es
1543 2907 1800 2970 tanquam
1829 2915 1926 2957 vas

340 2971 639 3059 perditum;
690 2993 746 3040 et
796 2985 887 3056 qui
940 2999 972 3040 a
1023 2986 1238 3043 dolente
1272 2999 1448 3044 matre
1478 2998 1590 3055 tua,
1641 3005 1759 3059 qum
1788 2998 1838 3046 te
1868 2989 1922 3045 in
1951 3025 1998 3088 C

341 3073 543 3143 templo
568 3074 896 3144 perdiderat,
940 3077 1168 3134 inveniri
1210 3094 1308 3151 per
1356 3088 1502 3136 tuam
1536 3096 1784 3154 magnam
1824 3080 1928 3137 mi-

340 3163 692 3220 sericordiam
719 3166 1141 3224 misericorditer
1160 3169 1475 3240 permisisti,
1512 3171 1587 3226 ita
1616 3181 1674 3227 ut
1698 3171 1928 3244 amplius

344 3266 396 3312 te
427 3274 532 3313 non
567 3259 840 3330 perderet,
872 3260 966 3316 sed
1011 3261 1240 3318 sollicite
1270 3263 1600 3330 custodiret;

411 3349 466 3404 5.
498 3350 590 3405 Sic
611 3360 665 3406 et
688 3361 740 3406 tu
768 3353 1013 3408 miserere
1037 3353 1160 3420 mei,
1183 3353 1348 3420 Deus,
1371 3355 1658 3409 secundum
1681 3371 1926 3426 magnam

339 3443 756 3497 misericordiam
785 3453 952 3498 tuam.
985 3443 1102 3500 Non
1142 3445 1264 3501 dico
1291 3445 1587 3501 secundum
1618 3461 1795 3503 meam
1826 3449 1929 3502 mi-

341 3533 563 3596 seriam,
592 3533 685 3587 sed
715 3534 1008 3588 secundum
1037 3543 1184 3590 tuam
1210 3551 1459 3607 magnam
1479 3533 1923 3604 misericordiam,

340 3637 462 3691 qua;
491 3622 652 3692 longe
703 3623 878 3694 major
918 3633 1000 3681 est
1030 3640 1192 3696 quam
1224 3642 1344 3682 mea
1371 3629 1592 3684 miseria
1620 3644 1811 3700 magna
1845 3632 1928 3686 ni-

340 3713 468 3775 mis.
492 3711 607 3768 Non
632 3723 757 3784 peto
789 3716 1087 3772 secundum
1114 3717 1366 3774 meritum
1397 3733 1598 3787 meum,
1626 3721 1710 3776 vel
1733 3736 1925 3777 secun-

342 3805 468 3861 dum
485 3803 754 3876 justitiam
787 3817 935 3863 tuam
958 3809 1042 3866 vel
1076 3824 1271 3876 meam,
1295 3810 1411 3867 sive
1434 3813 1732 3869 secundum
1759 3831 1924 3886 opera

341 3911 482 3964 mea,
512 3897 706 3967 quibus
735 3913 833 3974 ego
869 3900 1037 3957 miser
1061 3901 1270 3958 deviavi
1300 3917 1332 3957 a
1375 3913 1455 3969 te;
1498 3905 1591 3961 sed
1629 3908 1925 3964 secundum

340 4006 594 4070 magnam
636 3993 1065 4052 misericordiam
1112 4004 1280 4050 tuam.
1319 3994 1569 4067 Magnam
1609 4012 1794 4067 quaero
1826 4002 1927 4056 mi-

342 4082 722 4149 sericordiam,
747 4083 871 4154 quia
909 4099 1015 4140 non
1044 4085 1199 4140 decet
1224 4093 1368 4138 tuam
1399 4099 1650 4157 magnam
1681 4091 1928 4162 magnifi-

341 4173 575 4236 centiam
606 4188 772 4244 parva
823 4174 972 4229 dare.
1023 4173 1138 4232 lmo
1183 4173 1430 4233 exaudiri
1472 4176 1664 4250 dignus
1707 4161 1812 4236 non
1841 4195 1930 4237 es-

342 4277 480 4326 sem,
521 4263 566 4316 si
606 4280 634 4316 a
679 4280 874 4335 magno
899 4279 1064 4334 parva
1095 4273 1358 4336 peterent.
1396 4264 1510 4335 Ego
1536 4268 1680 4322 enim
1714 4279 1783 4332 te,
1818 4289 1924 4328 non

2029 1792 2262 1848 nicordia
2296 1793 2610 1864 adjuvisset.
2646 1797 2754 1854 Sed
2796 1799 2840 1853 si
2872 1800 3118 1857 dicebam
3155 1821 3169 1858 :
3206 1803 3382 1861 Motus
3411 1817 3495 1862 est
3524 1822 3627 1878 pe-

2029 1897 2220 1950 meus;
2253 1885 2622 1943 misericordia
2657 1898 2766 1957 tua,
2805 1895 3048 1958 Domine,
3083 1895 3376 1965 adjuvabat
3402 1915 3509 1954 me.

2102 1977 2158 2034 6.
2203 1977 2313 2034 Nec
2347 1979 2465 2036 istis
2497 1980 2707 2038 duabus
2737 1983 3128 2041 misericordiis
3152 2002 3270 2042 sum
3304 1999 3621 2047 contentus.

2029 2066 2163 2123 Nam
2217 2067 2344 2124 licet
2388 2068 2440 2123 in
2497 2085 2558 2125 se
2612 2087 2820 2143 magnae
2867 2073 2991 2136 sint,
3038 2083 3217 2130 tamen
3262 2092 3443 2147 parvae
3489 2089 3624 2133 sunt

2028 2161 2439 2228 comparatione
2474 2161 2618 2218 illius
2655 2172 2763 2219 tuae
2800 2179 3010 2234 magna:
3037 2159 3422 2224 misericordia:
3448 2186 3620 2240 quam

2027 2249 2269 2319 requiro.
2300 2251 2464 2306 Abuti
2497 2254 2713 2324 quidem
2761 2271 2974 2326 possem
3005 2258 3263 2328 patientia
3301 2262 3618 2317 misericor-

2029 2343 2131 2399 diae
2158 2353 2263 2401 tuae
2289 2345 2496 2416 primae,
2535 2355 2591 2401 et
2613 2363 2708 2418 pes
2731 2350 3014 2419 meus,qui
3044 2365 3142 2420 per
3170 2353 3462 2407 secundam
3494 2370 3616 2408 mo-

2027 2443 2188 2490 vetur
2231 2445 2295 2491 ut
2339 2437 2407 2492 ad
2437 2445 2491 2493 te
2542 2447 2914 2506 convertatur,
2941 2441 3139 2498 iterum
3168 2441 3275 2498 labi
3318 2455 3527 2514 posset,
3562 2456 3622 2501 et

2026 2537 2178 2583 esset
2210 2530 2538 2586 novissimus
2587 2545 2744 2587 error
2781 2547 2934 2588 meus
2967 2531 3121 2604 pejor
3151 2535 3355 2605 priore.
3388 2535 3456 2590 Et
3497 2537 3624 2592 ideo

2028 2618 2162 2684 scio,
2195 2634 2229 2674 ο
2251 2635 2458 2676 summa
2489 2621 2776 2693 sapientia,
2811 2631 2863 2678 te
2891 2623 3140 2691 docente,
3171 2627 3285 2681 scio
3313 2626 3438 2697 quid
3467 2638 3622 2698 peto,

2027 2709 2284 2778 quoniam
2345 2719 2469 2780 peto
2521 2711 2948 2768 misericordiam
2995 2722 3142 2769 tuam
3191 2731 3463 2788 magnam,
3502 2729 3614 2784 qna

2027 2797 2210 2854 cordis
2241 2807 2296 2854 et
2326 2799 2571 2870 corporis
2623 2801 2753 2856 mihi
2797 2811 2996 2858 terram
3037 2818 3068 2858 a
3113 2805 3409 2861 Stabilitate
3445 2808 3622 2862 virtu-

2029 2896 2142 2943 tum
2171 2889 2224 2944 in
2254 2888 2495 2946 diversas
2524 2893 2993 2962 concupiscentias
3014 2893 3385 2964 liquefactam,
3409 2896 3620 2968 Spiritu

2031 2987 2137 3036 tuas
2163 2979 2499 3038 fortitudinis
2521 2983 2593 3038 ita
2616 2985 2933 3041 eorrobores
2957 2994 3014 3041 et
3041 2987 3349 3052 confirmes,
3387 2998 3447 3044 ut
3469 2997 3620 3043 tuam

2031 3070 2375 3128 clementiam
2410 3073 2478 3129 de
2510 3084 2710 3132 caetero
2749 3093 2856 3132 non
2884 3075 3192 3146 offendam;
3234 3080 3301 3136 de
3338 3090 3537 3136 caetero
3567 3092 3624 3138 te

2029 3179 2138 3219 non
2162 3166 2402 3235 perdam,
2439 3166 2535 3222 sed
2567 3182 2782 3239 semper
2812 3177 3048 3233 teneam,
3079 3185 3183 3226 nec
3208 3171 3497 3237 dimittam,
3523 3173 3624 3228 do-

2029 3269 2130 3311 nec
2160 3256 2493 3313 intromittas
2532 3273 2618 3314 me
2644 3259 2697 3314 in
2732 3260 2952 3315 domum
2989 3261 3134 3317 illius
3157 3278 3404 3334 superna:
3428 3263 3624 3319 Hieru-

2029 3347 2195 3405 salem
2226 3351 2417 3406 matris
2450 3365 2606 3416 meaz,
2635 3360 2692 3406 et
2721 3361 2851 3408 tunc
2883 3353 3199 3425 glorificabo
3228 3372 3424 3411 nomen
3466 3365 3621 3411 tuum

2029 3438 2084 3494 in
2113 3450 2399 3510 aeternum,
2424 3451 2477 3497 et
2521 3441 2700 3498 dicam
2736 3461 2750 3498 :
2784 3444 2922 3511 Quia
2971 3447 3342 3502 misericordia
3377 3457 3462 3502 tua
3506 3463 3622 3502 ma-

2027 3546 2132 3602 gna
2171 3541 2256 3588 est
2302 3549 2469 3605 super
2509 3550 2618 3601 me,
2651 3545 2706 3591 et
2738 3537 2927 3592 eruisti
2967 3539 3206 3593 animam
3239 3554 3414 3594 meam
3444 3555 3511 3595 ex
3539 3540 3623 3593 in-

2029 3623 2188 3681 ferno
2238 3624 2504 3681 inferiori.
2545 3627 2613 3681 Et
2661 3628 2776 3702 haec
2831 3639 2916 3684 est
2969 3631 3059 3685 illa
3111 3631 3482 3686 misericordia
3530 3642 3621 3688 tua

2028 3731 2220 3788 magna
2243 3732 2406 3787 quam
2440 3726 2584 3788 peto,
2621 3734 2727 3789 qua
2758 3736 2865 3775 non
2891 3721 3065 3776 solum
3093 3732 3379 3792 exspectas
3405 3723 3471 3778 ad
3504 3738 3625 3792 pte-

2029 3806 2315 3862 nitcntiam
2371 3817 2708 3878 peccatores,
2763 3825 2867 3867 nec
2919 3812 3092 3866 solum
3142 3814 3238 3870 das
3280 3815 3360 3869 eis
3387 3815 3620 3885 gratiam

2027 3899 2347 3970 paenitendi,
2373 3901 2466 3958 sed
2498 3916 2600 3971 qua
2631 3902 2956 3972 pcenitentes
2985 3907 3189 3962 virtute
3210 3923 3276 3963 ex
3304 3908 3414 3963 alto
3441 3911 3624 3966 induis

2027 4001 2083 4047 et
2109 3993 2422 4059 confirmas,
2467 4007 2527 4050 ut
2572 4013 2677 4052 non
2702 3997 2918 4054 labatur
2942 3999 3007 4054 de
3045 4009 3239 4056 caetero
3283 4017 3377 4072 pes
3405 4017 3618 4058 eorum.

2029 4082 2137 4138 Res
2167 4084 2326 4155 plane
2351 4085 2581 4142 difficilis
2603 4097 2657 4142 et
2677 4087 2884 4144 homini
2914 4090 3262 4161 impossibilis
3291 4095 3406 4160 (sed
3438 4094 3621 4164 possi-

2028 4173 2151 4229 bilis
2203 4173 2301 4230 soli
2338 4177 2483 4246 tibi),
2527 4188 2839 4248 susceptum
2898 4181 3151 4236 videlicet
3201 4183 3364 4237 semel
3410 4183 3622 4254 peccati

2023 4260 2209 4334 jugum
2242 4264 2320 4318 sic
2348 4279 2375 4318 a
2407 4266 2620 4320 cervice
2647 4282 2741 4321 sua
2771 4277 3061 4335 excutere;
3097 4272 3239 4339 quod
3293 4286 3399 4324 non
3441 4282 3625 4342 potest

342 4351 492 4406 illum
521 4368 774 4424 magnum
805 4356 898 4411 sed
928 4357 1135 4422 infinite
1163 4359 1422 4432 majorem
1464 4362 1675 4418 aestimo
1705 4364 1931 4422 Alexan-
1956 4365 2008 4424 D
2034 4352 2234 4420 facere:
2285 4355 2387 4410 ηίεῖ
2436 4357 2651 4427 adimus
2693 4359 3065 4413 misericordi“
3111 4369 3196 4414 "'3
3239 4377 3457 4431 magna.
3499 4379 3625 4432 fl":l3

345 4443 524 4510 drum,
554 4446 644 4513 qui
679 4462 782 4500 non
822 4449 1056 4504 attendis
1089 4450 1220 4520 quid
1259 4467 1346 4508 me
1380 4462 1629 4523 oporteat
1657 4456 1926 4525 accipere,

345 4533 440 4588 sed
480 4534 610 4603 quid
657 4536 846 4591 deceat
892 4546 944 4596 te
978 4540 1111 4594 dare
1150 4559 1162 4594 :
1203 4556 1304 4596 nec
1344 4557 1537 4614 magna
1596 4553 1808 4613 petens,
1865 4547 1934 4601 de

344 4628 555 4681 meritis
600 4629 736 4683 mcis
767 4644 1055 4698 praesumo,
1096 4633 1189 4688 sed
1239 4633 1452 4693 confido
1494 4635 1561 4692 de
1593 4647 1680 4692 tua
1728 4637 1935 4692 miseri-

346 4715 533 4770 cordia
563 4730 779 4786 magna,
829 4734 949 4787 quae
976 4722 1130 4788 quasi
1184 4736 1341 4779 soror
1371 4733 1462 4779 tua
1500 4726 1568 4781 ab
1598 4726 1824 4783 infantia
1858 4738 1934 4784 te-

348 4819 470 4860 cum
502 4805 690 4872 crevit,
735 4817 789 4860 et
826 4808 892 4862 de
930 4817 1082 4864 utero
1112 4813 1302 4867 matris
1331 4821 1434 4869 tua:
1479 4830 1695 4886 egressa
1745 4828 1826 4873 est
1861 4827 1935 4874 te-

349 4913 492 4951 cum.
526 4896 773 4968 Magnam
807 4900 970 4971 igitur
1019 4903 1445 4962 misericordiam
1480 4917 1623 4963 tuam
1658 4921 1800 4980 peto.
1831 4913 1932 4980 Qui

348 4991 639 5046 tribularer
667 4991 979 5062 plurimum,
1002 4995 1047 5050 si
1077 4997 1341 5054 nescirem
1367 5001 1766 5060 misericordias
1793 5016 1931 5073 tuas,

349 5083 608 5150 Domine;
659 5084 756 5140 sed
809 5101 908 5155 per
951 5089 1345 5164 experientiam
1390 5093 1564 5151 sentio
1605 5095 1658 5150 in
1731 5099 1935 5168 meipso

349 5185 464 5231 tres
487 5177 886 5235 misericordias
935 5189 987 5236 te
1027 5181 1246 5240 habere.
1278 5182 1460 5240 Prima
1501 5195 1603 5252 est,
1641 5203 1744 5256 qua
1775 5199 1938 5244 meet

353 5268 487 5324 alios
514 5281 830 5341 peccatores
875 5273 941 5327 ad
971 5275 1268 5350 quamlibet
1307 5275 1590 5344 offensam,
1617 5295 1720 5350 qua
1751 5281 1939 5336 oculos

353 5369 459 5415 tua:
491 5361 785 5430 majestatis
807 5349 1148 5430 offendimus,
1183 5382 1287 5421 non
1317 5368 1574 5424 continuo
1599 5373 1939 5442 consumpsi-

357 5452 457 5515 sti;
490 5454 632 5508 sicut
675 5465 728 5509 ct
759 5471 858 5510 nos
883 5473 1176 5513 conservos
1214 5469 1447 5524 nostros,
1477 5465 1691 5531 quando
1720 5480 1817 5519 nos
1853 5465 1938 5521 of-

359 5537 606 5608 fendunt,
639 5546 968 5604 confundere
998 5551 1180 5604 statim
1217 5550 1466 5608 volumus
1502 5566 1555 5609 et
1586 5557 1810 5624 punire:
1846 5559 1940 5613 sed

362 5632 550 5686 tandiu
604 5640 928 5704 SllSpClldiSli
970 5642 1202 5712 gladium
1254 5646 1491 5715 ultionis,
1534 5649 1674 5718 quod
1707 5663 1830 5704 vcrc
1862 5648 1944 5721 dij

2033 4445 2134 4500 hoc
2159 4447 2321 4502 modo
2350 4447 2403 4502 in
2451 4449 2605 4504 cmlis
2633 4450 2857 4520 angelos
2886 4451 3249 4518 confirmavit,
3282 4465 3338 4508 et
3373 4453 3626 4509 homines

2035 4535 2088 4591 in
2118 4540 2535 4607 resurrectione,
2591 4541 2645 4595 in
2678 4557 2780 4610 qua
2827 4540 2992 4597 facies
3027 4559 3184 4613 parcs
3232 4545 3352 4598 illis.
3388 4545 3627 4622 Ideoque

2033 4629 2331 4686 confitebor
2350 4629 2442 4683 tibi
2475 4631 2527 4684 in
2549 4631 2778 4704 populis,
2799 4631 3045 4699 Domine,
3075 4642 3122 4687 et
3153 4633 3412 4704 pSalnunn
3442 4635 3626 4690 dicam

2035 4718 2134 4773 tibi
2189 4719 2242 4773 in
2295 4720 2592 4791 gentibus:
2628 4721 2892 4786 Quoniam
2944 4725 3287 4794 magnificata
3320 4735 3405 4780 est
3450 4740 3628 4795 usque

2035 4809 2102 4869 ad
2133 4810 2318 4876 cmlos,
2353 4811 2460 4866 imo
2488 4827 2652 4883 super
2675 4814 2842 4870 caelos
2873 4815 3247 4870 misericordia
3287 4826 3377 4869 tua
3411 4831 3427 4870 :
3460 4826 3518 4871 et
3544 4819 3626 4873 sic

2037 4899 2314 4969 indignum
2347 4901 2577 4957 salvabis
2601 4919 2684 4957 mc
2707 4905 3002 4959 secundum
3030 4921 3278 4976 magnam
3313 4907 3629 4963 misericor-

2037 4992 2178 5046 diam
2223 5003 2388 5047 tuam.

2108 5083 2161 5136 7.
2197 5081 2264 5137 Et
2305 5086 2586 5138 secundum
2619 5085 3009 5142 multitudinem
3053 5089 3451 5143 miserationum
3501 5101 3628 5144 lua-

2043 5187 2182 5241 rum,
2215 5188 2351 5243 quas
2387 5174 2440 5228 in
2468 5175 2802 5231 exhibitione
2832 5176 3094 5232 bonorum
3117 5179 3354 5250 antiquis
3377 5176 3632 5250 patribus

2039 5265 2342 5330 ostendisti,
2389 5266 2482 5337 qui
2535 5283 2809 5337 nunquam
2861 5271 3105 5340 peccanti
3151 5271 3355 5328 homini
3409 5274 3461 5328 in
3519 5278 3632 5333 tuis

2039 5357 2480 5422 miserationibus
2509 5360 2748 5416 defuisti.
2776 5360 2881 5416 Sed
2915 5376 3036 5416 cum
3068 5363 3156 5418 ille
3183 5365 3408 5434 populus
3429 5377 3630 5421 contu-

2040 5465 2164 5505 max
2205 5457 2260 5504 et
2285 5449 2517 5515 rebellis,
2561 5466 2721 5520 quem
2763 5451 2830 5506 de
2858 5453 3122 5509 servitute
3146 5456 3440 5526 mgyptiaca
3471 5458 3526 5511 in
3559 5458 3633 5512 si-

2041 5543 2159 5612 gnis
2181 5550 2234 5597 et
2263 5543 2528 5609 portentis
2572 5544 2887 5598 terribiliter
2913 5545 3170 5612 ednxisti,
3195 5563 3354 5618 quem
3396 5564 3496 5620 per
3521 5567 3634 5606 meo

2043 5635 2188 5690 dium
2215 5635 2380 5691 maris
2419 5634 2588 5690 llubri
2626 5635 2771 5692 sicco
2801 5637 3028 5707 vestigio
3051 5638 3341 5710 deduxisti,
3369 5640 3456 5696 cui
3483 5639 3643 5699 locu-
