3910 6018
205 282 304 339 825

1273 267 1647 326 MEDITATIO
1681 265 1749 324 IN
1788 264 1992 322 PSAL.
2036 260 2411 320 MISERERE.

3358 251 3464 310 826

207 407 354 453 turus
379 393 501 466 [mm
543 385 777 466 locutus]
809 386 874 466 de
896 383 1045 466 prelo
1070 383 1123 441 in
1156 381 1774 466 montemdescendisti;
1806 391 1854 448 Α
1882 391 2002 447 quae
2045 375 2417 431 invenirentur
2450 372 2502 427 in
2547 370 2666 427 istis
2698 367 2997 436 codicibus,
3035 366 3323 439 judicarer.
3357 365 3461 420 Scel

205 467 284 524 cui
326 453 522 536 panem
557 462 624 516 de
652 453 790 514 caelo
822 457 1112 513 habentem
1139 469 1300 511 omne
1325 453 1779 510 delectamentum

204 561 319 615 sine
348 555 533 612 labore
562 551 887 609 mirabiliter
904 547 1338 621 prmstitisti;cui
1362 547 1565 603 sitienti
1589 561 1782 614 aquam

203 651 266 705 de
294 656 444 720 petra
473 644 782 717 largissime
810 640 1145 713 produxisti;
1178 653 1339 709 quem
1388 637 1442 693 in
1476 646 1622 692 terra
1647 637 1785 694 lacte

201 753 254 800 et
305 741 464 796 melle
513 744 845 801 manantem,
891 735 1034 792 sicut
1090 733 1440 805 promiseras,
1491 730 1781 799 induxisti;

201 851 346 899 cum,
376 833 617 902 inquam,
642 828 874 900 populus
903 828 993 883 ille
1021 829 1190 883 durus
1215 838 1338 898 post
1364 837 1637 886 tantorum
1664 844 1784 884 ma-

202 925 460 996 gnalinm,
489 931 568 977 tot
616 919 967 986 mirabilium,
1012 927 1090 976 tot
1127 919 1450 976 terribilium
1471 919 1784 976 salvationis

200 1035 308 1074 sum
337 1016 596 1073 beneficia
641 1024 698 1070 et
738 1012 950 1078 salutis,
979 1025 1100 1082 quae
1127 1010 1176 1066 ei
1223 1009 1650 1067 misericorditer
1677 1010 1784 1066 im-

199 1109 486 1178 pendet-as,
537 1106 739 1162 oblitus
776 1112 924 1160 esset
972 1107 1046 1170 te,
1104 1109 1159 1158 et
1208 1109 1398 1158 contra
1443 1109 1496 1155 te
1553 1102 1784 1172 superbe

201 1213 366 1270 agens
393 1196 662 1253 cervicem
709 1207 860 1250 suam
888 1191 1236 1247 durissimam
1261 1190 1597 1256 indurasset;
1631 1199 1688 1244 et
1715 1205 1783 1247 ne

202 1300 272 1355 te,
300 1290 392 1361 qui
415 1305 540 1344 eum
569 1288 637 1343 de
661 1297 807 1343 terra
848 1284 1064 1356 Egypti
1087 1283 1381 1352 eduxeras,
1418 1284 1660 1356 ingratus
1687 1299 1784 1353 po-

200 1388 356 1460 pulus
384 1387 663 1451 adoraret,
709 1398 833 1439 cum
872 1382 1036 1437 minis
1071 1388 1128 1436 et
1172 1381 1471 1436 terroribus
1508 1382 1575 1436 ab
1602 1381 1782 1437 Aaron

202 1480 507 1544 resistente,
536 1478 664 1533 deos
682 1485 873 1548 petens
893 1474 1121 1540 alienos,
1144 1472 1317 1528 vitulo
1340 1472 1590 1528 conflatili
1624 1487 1783 1528 mane

202 1577 444 1644 surgens
471 1571 677 1626 hostias
722 1568 1046 1635 obtulisset;
1079 1575 1135 1622 et
1186 1575 1301 1622 ate
1341 1567 1623 1632 recedens,
1662 1575 1784 1636 post

204 1673 352 1733 terga
387 1677 484 1716 sua
521 1661 691 1732 legem
742 1667 799 1716 et
851 1659 1214 1725 caerimonias,
1259 1672 1395 1728 quas
1433 1657 1481 1714 ei
1535 1659 1779 1726 dederas,

1886 482 1956 524 ne
2007 478 2136 523 tunc
2169 467 2480 523 inveniatur
2523 465 2578 519 in
2613 478 2700 519 me
2729 461 3008 532 iniquitas,
3049 467 3256 514 amator
3283 456 3461 514 homi-

1885 575 2013 614 num
2043 559 2204 623 Deus,
2236 557 2356 613 dele
2383 557 2720 626 iniquitatem
2754 567 2952 620 meam,
2990 551 3080 622 qui
3113 564 3326 619 semper
3358 548 3467 606 ini-

1884 665 2020 722 quos
2047 648 2171 704 odio
2193 647 2451 711 habuisti,
2477 645 2729 715 quoniam
2759 658 2866 699 non
2897 643 3036 698 Deus
3062 640 3247 694 volens
3268 638 3464 708 iniqui-

1885 750 2049 796 tatem
2076 750 2130 795 tu
2160 754 2236 796 es.
2281 738 2406 803 Sed,
2437 738 2683 802 Domine,
2714 735 2805 806 qui
2839 749 2946 790 non
2972 731 3202 803 despicis
3233 731 3464 801 gemitus

1883 834 2258 896 contritorum.
2298 840 2356 887 tu
2397 829 2558 895 nosti,
2598 829 2742 900 quod
2783 828 2927 883 sicut
2954 840 3118 896 super
3143 823 3348 880 deletas
3373 822 3462 876 lit-

1884 935 2051 990 teras,
2100 925 2346 996 quaedam
2378 938 2446 980 ex
2502 923 2617 993 ipsa
2670 921 2832 976 litura
2885 915 3463 987 remanetturpitudo,

1883 1031 1981 1088 per
2009 1032 2171 1088 quam
2203 1015 2459 1087 perpendi
2506 1020 2733 1088 possunt
2758 1012 2995 1082 ipsarum
3043 1009 3340 1065 deletarum
3370 1022 3465 1062 ve-

1883 1110 2042 1181 stigia
2072 1117 2128 1164 et
2174 1108 2497 1178 significatio
2529 1107 2855 1171 litterarum,
2895 1103 3000 1159 nisi
3038 1104 3164 1172 ipsa:
3188 1101 3381 1156 littera:
3408 1107 3468 1156 et

1883 1200 2043 1256 litura
2089 1201 2324 1271 poenitus
2375 1200 2686 1265 eradantur,
2725 1197 2798 1252 ita
2828 1205 2883 1251 et
2919 1209 3016 1268 per
3037 1191 3406 1269 pmnitcntiam
3430 1203 3465 1246 a

1885 1303 1938 1350 te
1962 1292 2132 1350 deleta
2178 1291 2454 1362 iniquitas,
2506 1291 2559 1346 in
2591 1290 2772 1346 anima
2805 1304 2924 1344 mea
2964 1287 3250 1358 quamdam
3287 1283 3466 1338 defor-

1883 1387 2128 1442 mitatem
2159 1383 2394 1453 reliquit,
2436 1399 2534 1454 per
2561 1397 2724 1453 quam
2748 1397 2778 1436 a
2805 1389 2879 1447 te,
2910 1379 3002 1451 qui
3033 1377 3179 1433 solus
3204 1390 3264 1431 es
3285 1375 3466 1445 inspe-

1883 1487 2003 1535 ctor
2034 1473 2276 1530 cordinm
2307 1482 2360 1529 et
2402 1474 2654 1529 conscius
2684 1480 3036 1536 secretorum,
3066 1477 3120 1524 et
3151 1465 3220 1522 ab
3256 1464 3348 1521 illo
3373 1465 3463 1533 qui

1883 1579 1968 1626 est
2011 1568 2314 1626 animarum
2367 1566 2646 1635 improbus
2705 1571 3008 1626 accusator,
3058 1568 3237 1631 potest
3292 1557 3467 1613 adhuc

1883 1664 2142 1735 perpendi
2181 1677 2301 1718 mea
2348 1658 2611 1730 iniquitas
2649 1663 2852 1726 quanta
2876 1653 3000 1720 fuit,
3043 1651 3146 1707 nisi
3177 1657 3300 1721 post
3324 1647 3468 1704 dele-

203 1753 546 1825 projecisset;
575 1752 868 1822 prophetas
895 1759 1036 1818 tuos,
1065 1750 1154 1821 qui
1184 1751 1633 1805 contestabantur
1660 1766 1782 1807 eum
1815 1738 1859 1795 Β
1888 1756 2087 1811 tionem
2110 1770 2141 1810 a
2172 1763 2223 1809 te
2246 1751 2476 1822 amplius
2502 1748 2774 1804 abluatur.

204 1853 262 1898 ut
285 1844 524 1898 redirent
548 1843 614 1897 ad
646 1851 719 1910 te,
751 1841 1119 1898 inhumaniter
1144 1839 1463 1907 occidisset;
1499 1841 1594 1897 tibi
1621 1857 1786 1914 gran-

205 1935 299 1990 des
352 1932 712 2003 blasphemias
762 1933 1080 2004 irrogasset,
1125 1940 1185 1988 ut
1226 1942 1278 1988 te
1323 1932 1392 1987 ad
1446 1933 1782 1989 iracundiam

204 2031 553 2095 provocaret;
583 2029 637 2077 et
659 2030 882 2092 propter
903 2021 1020 2076 haec
1040 2036 1163 2077 eum
1196 2021 1249 2077 in
1280 2022 1530 2078 manibus
1563 2036 1784 2078 suorum

207 2114 440 2170 hostium
465 2111 818 2178 tradidisses;
861 2121 985 2182 post
1010 2112 1127 2168 haec
1155 2121 1359 2180 tamen,
1393 2127 1516 2168 cum
1555 2113 1622 2167 ad
1651 2112 1785 2168 tein

207 2217 444 2278 tempore
471 2223 582 2263 sua:
609 2206 974 2262 tribulationis
1018 2215 1074 2262 et
1102 2207 1362 2278 angustia:
1382 2207 1782 2275 clamaverunt;

206 2311 259 2356 tu
281 2301 421 2355 Deus
458 2301 772 2356 misericors
798 2307 854 2355 et
890 2298 1072 2354 multae
1099 2298 1487 2354 misericordiae
1511 2307 1566 2354 et
1600 2312 1784 2363 verax,

204 2393 271 2448 de
309 2391 446 2448 cmlo
475 2391 748 2447 exaudisti
778 2406 872 2447 eos
917 2389 1213 2446 secundum
1254 2389 1632 2446 miserationes
1666 2401 1787 2447 tuas

205 2486 418 2540 multas.
451 2483 696 2554 Cumque
723 2498 911 2538 rursus
939 2495 1228 2552 perversos
1255 2495 1348 2535 eos
1377 2481 1431 2536 in
1461 2487 1652 2536 manus
1683 2480 1788 2534 ini-

203 2578 466 2631 micorum
505 2590 726 2630 suorum
775 2574 970 2628 iterum
999 2573 1332 2642 reliquisses,
1379 2580 1435 2627 et
1471 2572 1570 2643 ipsi
1617 2573 1686 2627 ad
1735 2581 1788 2628 te

203 2667 396 2722 iterum
429 2673 595 2734 atque
637 2664 832 2718 iterum
859 2662 1260 2726 clamaverunt;
1296 2671 1350 2715 tu
1383 2661 1448 2716 de
1488 2661 1626 2716 c0310
1650 2661 1788 2716 libe-

201 2757 331 2812 rasti
363 2770 459 2810 eos
486 2755 538 2809 in
575 2751 1012 2808 miserationibus
1039 2750 1145 2805 tuis
1181 2749 1383 2816 multis,
1415 2759 1469 2804 et
1499 2749 1551 2804 in
1577 2749 1788 2805 miseri-

203 2847 404 2903 cordiis
428 2847 532 2901 tuis
564 2844 813 2916 plurimis
842 2858 951 2897 non
994 2840 1167 2897 fecisti
1196 2855 1292 2896 eos
1327 2839 1381 2895 in
1415 2841 1787 2910 eonsumptio-

201 2955 348 3005 nem,
371 2937 626 3008 quoniam
661 2935 804 2990 Deus
836 2932 1252 2988 miserationum
1281 2938 1333 2985 et
1359 2931 1598 2987 clemens
1629 2942 1681 2984 tu
1706 2944 1784 2985 es.

201 3033 337 3100 Quia
360 3031 525 3100 igitur
569 3029 748 3083 minor
777 3042 897 3082 sum
926 3025 1135 3080 cunctis
1165 3023 1606 3080 miserationibus
1635 3022 1782 3087 tuis;

201 3132 474 3180 memento
488 3123 616 3188 mei,
649 3122 811 3186 Deus,
839 3126 894 3174 et
923 3131 1087 3187 parce
1114 3116 1244 3171 mihi
1282 3115 1578 3172 secundum
1605 3113 1788 3168 multi-

203 3218 444 3272 tudinem
471 3211 880 3269 miserationum
909 3221 1144 3277 tuarum,
1175 3223 1295 3278 qua:
1318 3215 1578 3276 superant
1601 3219 1789 3276 quam-

204 3311 334 3365 libet
367 3308 764 3364 multitudinem
804 3314 1171 3378 peccatorum.
1202 3301 1319 3357 Non
1349 3299 1492 3355 enim
1524 3298 1577 3352 in
1595 3295 1793 3365 justifi-

204 3407 513 3461 cationihus
545 3404 681 3458 meis
708 3411 994 3474 prosterno
1017 3414 1208 3471 preces
1237 3404 1366 3450 ante
1396 3391 1587 3446 faciem
1619 3399 1789 3456 tuam,

204 3501 300 3554 sed
332 3500 384 3553 in
420 3497 861 3553 miserationibus
897 3495 1003 3549 tuis
1043 3492 1246 3548 multis.
1274 3490 1644 3546 Reminiscere
1664 3499 1792 3555 ergo

205 3592 618 3646 miserationum
651 3597 885 3652 tuarum,
915 3586 1158 3647 Demine,
1194 3600 1224 3639 a
1257 3593 1307 3638 te
1335 3581 1570 3651 antiquis
1598 3591 1791 3649 pecca-

209 3685 441 3748 toribus,
483 3683 710 3753 paribus
765 3681 1023 3750 operibus
1069 3677 1456 3737 misericordiae
1503 3672 1795 3728 efﬁcaciter

207 3775 603 3842 impensarum,
634 3780 690 3826 et
735 3769 1236 3826 misericordiarnm
1265 3775 1479 3821 tuarum
1504 3763 1602 3820 tibi
1630 3770 1794 3816 natu-

208 3865 404 3920 raliter
435 3864 746 3928 insitarum,
772 3878 892 3932 quze
934 3877 961 3914 a
997 3859 1194 3915 saeculo
1223 3867 1367 3914 sunt.

282 3957 335 4011 8.
368 3957 437 4011 Et
467 3957 601 4010 nein
629 3955 830 4025 misero
856 3961 1141 4024 peccatore
1163 3951 1332 4011 fallat.
1363 3949 1506 4020 quod
1545 3947 1612 4003 ab
1643 3947 1797 4002 initio

210 4047 396 4104 steculi
433 4045 709 4116 inccpisti,
743 4045 1038 4099 secundum
1069 4041 1467 4096 multitudinem
1495 4039 1799 4094 miseratio-

210 4156 341 4195 num
369 4147 606 4201 tuarum,
636 4136 750 4192 dele
790 4137 1115 4207 iniquitatem
1160 4149 1349 4200 meam,
1376 4132 1503 4203 quia
1542 4131 1654 4201 ipsa
1688 4144 1795 4192 me,

210 4231 319 4285 heu
346 4231 360 4283 ι
390 4230 454 4285 de
480 4226 617 4284 libro
647 4227 774 4282 vita:
802 4225 1018 4281 delevit.
1049 4223 1142 4279 Sic
1180 4232 1258 4289 tu,
1290 4222 1455 4285 Deus,
1483 4221 1574 4291 qui
1603 4234 1796 4274 nomen

210 4321 502 4393 impiorum
544 4317 791 4373 delevisti
824 4325 884 4370 ut
919 4315 1090 4369 lutum
1131 4313 1461 4384 platearum,
1511 4310 1628 4366 dele
1655 4324 1797 4374 eam,

1957 1849 2010 1906 9.
2051 1845 2146 1918 (V.
2179 1844 2259 1916 4.)
2300 1844 2368 1899 Ει
2417 1842 2538 1897 ideo
2579 1850 2704 1910 peto
2734 1835 3052 1892 humiliter:
3095 1829 3332 1902 Amplius
3350 1828 3469 1884 lava

1885 1955 1969 1994 me
1990 1938 2053 1994 ab
2075 1937 2351 2008 iniquitate
2397 1950 2534 1996 mea,
2565 1946 2598 1986 ο
2630 1927 2981 1984 mundissima
3018 1923 3179 1978 Iotrix
3207 1931 3393 1977 nostra
3415 1931 3470 1976 et

1887 2029 2236 2092 nitidissima,
2268 2040 2388 2097 quae
2413 2027 2481 2079 ad
2522 2024 2625 2078 hoc
2669 2034 2864 2089 aquam
2905 2015 3095 2088 gratiae
3125 2014 3340 2070 deitatis
3368 2013 3470 2068 mi-

1887 2120 2007 2177 sisti
2044 2119 2110 2176 in.
2139 2117 2336 2190 pelvim
2370 2113 2740 2170 mundissimae
2793 2107 2974 2163 carnis
3020 2115 3146 2169 tum,
3188 2109 3268 2158 ut‘
3294 2117 3396 2158 nos
3433 2116 3468 2171 la

1887 2208 2130 2281 peccatis
2155 2205 2355 2262 nostris
2380 2205 2433 2259 in
2457 2203 2720 2274 sanguine
2749 2209 2839 2255 tuo
2864 2197 3095 2252 lavares.
3118 2195 3261 2251 Lava
3289 2209 3376 2250 me
3402 2194 3470 2246 ab

1890 2301 2173 2373 iniquitate
2206 2315 2357 2364 mea;
2387 2305 2443 2354 et
2465 2299 2536 2352 ita
2567 2294 2806 2366 perfecte
2827 2292 2969 2358 lava,
2991 2291 3082 2361 qui
3105 2287 3472 2359 imperfectio-

1889 2391 1974 2447 nis
1999 2405 2162 2461 opera
2206 2403 2314 2443 non
2359 2387 2577 2453 novisti,
2603 2395 2669 2462 ut
2717 2385 2770 2439 in
2810 2397 2896 2439 me
2940 2379 3148 2452 peccati
3185 2377 3470 2449 vestigium

1888 2497 1998 2538 non
2031 2479 2324 2549 relinquas.
2350 2477 2394 2533 0
2424 2475 2642 2531 humilis
2671 2472 2994 2537 sublimitas,
3022 2485 3056 2525 ο
3088 2467 3335 2524 sublimis
3371 2466 3474 2519 hu-

1888 2571 2107 2636 militas,
2134 2568 2253 2638 quae
2284 2567 2352 2622 ad
2382 2563 2770 2635 designandarn
2799 2560 2942 2615 illam
2970 2559 3225 2614 lotionem
3252 2556 3474 2611 interio-

1834 2647 1838 2652 ’
1889 2676 2003 2718 rem
2043 2660 2237 2715 animae
2275 2672 2436 2729 quam
2471 2655 2707 2724 requiro,
2754 2665 2924 2722 usque
2965 2649 3033 2704 ad
3076 2648 3350 2702 lavacrum
3378 2659 3474 2714 pe-

1890 2752 2017 2808 dum
2041 2749 2427 2820 discipulorum
2451 2755 2666 2801 tuorum
2701 2753 2846 2799 tuam
2869 2740 3209 2796 altitudinem
3240 2736 3471 2792 inclina-

1889 2843 1978 2903 sti.
2011 2843 2129 2898 lava
2155 2857 2260 2904 me,
2291 2849 2350 2895 ιιι
2383 2841 2434 2894 Ῐιι
2465 2847 2725 2894 aeternum
2752 2835 2982 2891 habeam
3013 2838 3224 2902 partem
3254 2837 3469 2883 tecum:

1889 2936 2006 2990 lava
2038 2950 2146 2990 non
2183 2933 2357 2989 solum
2385 2932 2549 3002 pedes
2578 2927 2916 2999 aﬂ‘ectuum.
2946 2926 3038 2979 sed
3067 2923 3232 2978 etiam
3261 2929 3318 2976 et
3355 2935 3471 2973 ma-

1893 3043 1995 3084 nus
2021 3040 2268 3096 operum,
2315 3032 2370 3078 et
2407 3029 2568 3092 caput
2603 3032 2880 3074 sensuum.
2913 3014 2980 3068 Et
3008 3011 3263 3084 quoniam
3292 3009 3471 3063 anima

1895 3131 2014 3173 mea
2049 3115 2172 3170 vilis
2221 3114 2358 3168 facta
2407 3120 2509 3176 est,
2545 3110 2852 3176 iteransque
2879 3102 3146 3174 pessimas
3176 3099 3294 3153 vias
3323 3111 3472 3160 suas,

1892 3210 2010 3264 lava
2035 3223 2065 3262 a
2089 3207 2296 3263 malitia
2327 3219 2422 3259 cor
2445 3203 2636 3272 ipsius,
2663 3208 2722 3253 ut
2748 3199 2800 3252 in
2825 3211 2890 3252 eo
2913 3193 3272 3266 cogitationes
3301 3189 3475 3244 noxim

1891 3318 1999 3358 non
2027 3306 2308 3355 morentur
2345 3310 2361 3349 :
2399 3295 2515 3348 lava
2563 3291 2923 3361 lacrymarum
2971 3285 3156 3340 lixivio
3203 3281 3378 3338 calido
3419 3288 3474 3334 et

1893 3407 2080 3449 amaro
2101 3405 2196 3461 per
2218 3387 2457 3459 singulas
2480 3396 2667 3440 noctes
2691 3379 3035 3436 conscientiae
3057 3390 3190 3431 meae
3209 3383 3438 3430 stratum
3453 3386 3472 3425 :

1895 3483 2010 3538 lava
2042 3481 2206 3553 pedes
2260 3492 2410 3533 meos
2437 3485 2492 3531 et
2517 3472 2789 3528 interioris
2826 3461 3062 3525 hominis
3089 3467 3284 3537 butyro
3308 3465 3474 3520 devo-

1895 3572 2077 3637 tionis,
2105 3569 2223 3624 lava
2248 3576 2302 3623 et
2322 3581 2518 3622 renova
2546 3561 2918 3620 sacramentis.
2943 3559 3010 3614 Et
3031 3559 3155 3629 quia
3181 3558 3358 3626 aliqua
3374 3555 3476 3610 ali-

1895 3663 2111 3735 quando
2142 3662 2222 3716 sic
2264 3659 2528 3721 lavantur,
2575 3653 2718 3725 quod
2765 3660 2886 3723 post
2928 3650 3258 3705 ablutionem
3301 3646 3478 3702 adhuc

1896 3755 2105 3824 impura
2151 3755 2436 3805 remanent
2463 3757 2518 3802 et
2549 3743 2847 3807 immunda,
2879 3741 3002 3795 ideo
3039 3741 3119 3794 sic
3155 3739 3275 3792 lava
3303 3753 3391 3792 me
3417 3745 3478 3790 ut

1895 3840 2182 3903 emundes;
2232 3845 2279 3890 et
2319 3852 2352 3888 a
2393 3843 2603 3904 peccato
2625 3847 2737 3884 meo
2779 3828 2976 3883 munda
3003 3843 3105 3880 me.
3137 3825 3270 3896 Quis
3301 3832 3479 3894 potest

1895 3932 2075 3986 facere
2111 3927 2367 3983 mundum
2393 3929 2460 3982 de
2485 3922 2764 3979 immundo
2784 3927 3103 3989 conceptum
3130 3915 3478 3980 semine,nisi

1899 4030 1955 4076 tu
1998 4019 2089 4091 qui
2124 4018 2270 4074 solus
2319 4016 2415 4072 es?
2440 4029 2474 4069 o
2505 4011 2890 4083 benignissime
2927 4009 3138 4064 medice
3166 4006 3293 4062 Jesu
3317 4005 3478 4061 Chri-

1899 4123 1980 4169 ste
2016 4121 2073 4168 et
2107 4112 2262 4173 bone,
2289 4110 2378 4179 qui
2403 4107 2519 4164 solo
2552 4106 2717 4161 verbo
2740 4112 3012 4158 restauras
3039 4101 3312 4164 universa,
3342 4098 3480 4164 scio,

1899 4214 1955 4261 et
1983 4185 2288 4267 verescio,
2328 4211 2384 4256 et
2425 4202 2530 4255 hoc
2575 4199 2749 4268 ipsum
2785 4206 2889 4251 tua:
2934 4194 3164 4250 bonitati
3197 4193 3480 4257 confiteor,

1901 4300 2155 4371 quoniam
2187 4297 2266 4353 sic
2311 4303 2467 4366 potes
2511 4308 2596 4349 me
2625 4292 2906 4347 mundare.
2945 4291 3108 4358 Ergo,
3151 4289 3288 4344 bone
3318 4287 3480 4351 Deus,

210 4411 354 4465 sicut
383 4409 558 4463 solent
589 4405 794 4460 aboleri
841 4403 1036 4458 tabulae
1076 4381 1147 4456 ει
1166 4401 1330 4456 deleri
1359 4417 1373 4464 ;
1406 4409 1464 4453 ιιι
1494 4414 1556 4453 ea
1600 4397 1799 4452 abolita
1831 4423 1879 4482 η
1904 4392 2045 4447 bone
2080 4392 2265 4456 homo,
2305 4389 2446 4443 bone
2475 4386 2720 4449 Domine,
2753 4399 2852 4454 per
2873 4381 3300 4438 misericordiam
3337 4389 3483 4434 tuam

211 4511 269 4556 et
299 4501 494 4567 deleta,
545 4514 740 4554 nomen
801 4511 978 4550 meum
1006 4509 1130 4549 cum
1156 4491 1318 4561 justis
1364 4492 1416 4545 in
1445 4490 1582 4544 libro
1614 4489 1803 4543 viven-

213 4592 374 4657 tium,
406 4590 470 4644 de
492 4603 599 4658 quo
619 4586 748 4642 illud
779 4581 1440 4662 deleverat,rescribatur.
1473 4577 1618 4643 Dele,
1647 4579 1802 4632 obsc-

211 4700 332 4745 cro,
362 4677 911 4750 omnipotentissime,
945 4675 1074 4730 illud
1111 4673 1252 4744 quod
1281 4671 1566 4730 adversum
1608 4682 1694 4723 me
1723 4677 1803 4723 est

213 4775 642 4846 chirographum
676 4771 880 4829 decreti
927 4767 1023 4822 tui.
1068 4767 1399 4822 Decreveras
1425 4763 1590 4823 enim.
1617 4761 1800 4828 Pater,

212 4875 276 4920 ιιι
305 4867 350 4920 si
377 4865 568 4921 vellem
595 4869 826 4916 mortem
849 4859 1100 4922 evadere,
1128 4873 1232 4911 non
1262 4871 1562 4926 peccarem.
1591 4853 1657 4908 Et
1677 4853 1802 4922 quia

213 4973 320 5028 ego
345 4957 526 5011 infelix
557 4963 746 5011 contra
777 4962 925 5007 tuum
955 4951 1232 5004 decretum
1267 4948 1555 5003 indiscrete
1576 4959 1806 5015 corpore

213 5060 273 5104 ct
306 5049 470 5103 corde
511 5046 694 5118 peregi
736 5043 802 5099 ad
853 5042 1216 5112 insipientiam
1245 5054 1522 5110 magnam,
1550 5037 1680 5092 mihi
1725 5047 1803 5099 tu,

215 5141 312 5210 qui
370 5139 722 5203 scientiarum
773 5151 832 5192 es
877 5135 1161 5196 Dominus,
1208 5132 1333 5186 inde
1386 5128 1804 5201 chirographum

217 5230 499 5285 memoriae
551 5229 604 5282 in
648 5236 736 5282 tua
787 5225 1016 5282 scientia
1045 5233 1101 5278 et
1139 5237 1259 5278 mea
1301 5220 1631 5276 conscientia
1683 5235 1809 5273 cou-

217 5322 509 5392 scripsisti,
538 5331 597 5376 ut
621 5336 743 5377 cum
770 5319 985 5374 sederet
1015 5315 1348 5371 tremendum
1368 5312 1631 5381 judicium
1659 5319 1807 5364 tuum

217 5429 500 5486 maguum,
533 5411 875 5482 aperirentur
912 5407 1003 5462 isti
1040 5405 1278 5459 scientize
1309 5412 1413 5456 tuae.
1444 5409 1498 5455 et
1529 5401 1810 5455 conscien-

222 5502 314 5556 tia:
343 5519 475 5556 mea:
505 5501 650 5566 libri,
679 5509 733 5554 et
772 5498 908 5554 alius
940 5497 1026 5551 ille
1063 5494 1200 5550 liber
1226 5507 1385 5563 quem
1416 5491 1579 5548 habet
1625 5499 1810 5544 contra

221 5611 316 5652 me
349 5594 570 5648 humani
623 5592 836 5664 generis
881 5599 1165 5650 accusator
1204 5586 1483 5653 inimicus;
1531 5594 1584 5641 ct
1610 5600 1672 5641 ex
1707 5584 1813 5648 his,

1905 4498 2154 4554 magnam
2182 4481 2268 4536 die
2291 4479 2484 4532 animae
2503 4489 2634 4530 meae
2663 4474 2948 4527 multorum
2973 4480 3312 4542 peccatorum
3335 4471 3484 4540 lepra

1906 4573 2142 4639 infecta),
2183 4571 2309 4626 dic:
2347 4567 2519 4631 Volo;
2565 4565 2847 4619 mundare.
2876 4564 2943 4619 Et
2976 4573 3033 4619 ut
3066 4563 3155 4618 hic
3186 4563 3365 4617 sanari
3397 4577 3487 4615 va-

1905 4667 2042 4721 leam
2070 4673 2126 4719 et
2148 4659 2423 4724 mundari,
2453 4658 2541 4713 hic
2571 4673 2688 4726 ure,
2723 4657 2808 4713 hic
2830 4673 2978 4719 seca.
3011 4656 3098 4711 hic
3134 4655 3227 4710 fiat
3250 4655 3489 4724 expiatio

1908 4773 2052 4824 mea,
2091 4757 2180 4810 hic
2209 4750 2526 4806 emundatio
2574 4766 2728 4816 mea;
2778 4759 2838 4804 ιιι
2869 4764 2992 4804 cum
3024 4749 3077 4802 in
3112 4756 3204 4800 tuo
3243 4747 3490 4801 districto

1909 4849 2159 4904 examine
2180 4862 2365 4903 aream
2402 4855 2547 4901 tuam
2581 4842 2842 4898 ventilare
2875 4841 3088 4895 veneris
3117 4847 3173 4894 et
3205 4839 3486 4903 mundare,

1911 4942 2143 4996 animam
2186 4955 2362 4995 meam
2411 4937 2742 5010 pmnitentia:
2774 4949 2916 4989 verte
2959 4934 3137 5003 scopis
3179 4933 3487 4987 mundatam

1914 5030 2156 5086 invenias
2187 5039 2241 5084 et
2266 5038 2542 5084 ornatam.
2579 5027 2804 5082 Interim
2829 5033 3009 5079 autem
3036 5039 3138 5078 non
3167 5036 3380 5090 parcam
3408 5019 3489 5075 ori

1915 5138 2060 5186 meo,
2091 5123 2185 5178 sed
2219 5122 2328 5186 ibo,
2358 5131 2412 5178 et
2443 5121 2812 5177 sacerdotibus
2839 5134 2924 5173 me
2959 5115 3266 5178 ostendam,
3295 5121 3490 5183 quate-

1915 5229 2018 5268 nus
2062 5212 2155 5267 iiat
2208 5223 2263 5268 et
2292 5213 2446 5278 mihi,
2477 5219 2533 5267 ut
2565 5211 2692 5266 dum
2740 5210 2948 5270 vixero,
2998 5206 3123 5260 fiam
3171 5203 3490 5268 mundatus;

1917 5319 2042 5377 quia
2086 5304 2281 5359 animae
2334 5317 2466 5358 mea:
2516 5301 2720 5373 lepram
2757 5315 2863 5354 non
2894 5311 3108 5367 possum
3137 5308 3266 5349 vere
3313 5302 3495 5349 osten-

1920 5398 2047 5451 dere
2078 5393 2368 5461 sarerdoti,
2412 5393 2516 5448 nisi
2555 5391 2706 5463 prius
2729 5391 2826 5445 tibi
2849 5401 2967 5444 eam
2995 5384 3302 5451 ostendero,
3349 5391 3404 5439 et
3437 5389 3494 5438 tu

1917 5486 2047 5540 mihi
2077 5485 2173 5556 (5).

1997 5577 2080 5632 10.
2109 5575 2202 5648 (γ.
2235 5577 2313 5647 5.)
2344 5575 2466 5632 Ideo
2512 5575 2605 5630 tibi
2653 5584 2862 5627 summo
2892 5579 2945 5626 et
2986 5577 3188 5626 a~temo
3217 5563 3494 5625 Sacerdoti

305 5721 382 5793 (5)
407 5719 880 5780 'l‘cstimoniumde
893 5719 1233 5778 confessione
1257 5717 1522 5774 sacerdoti
1550 5715 1821 5782 facienda,
1850 5723 1904 5771 et
1931 5712 2144 5784 quidem
2168 5726 2286 5768 cum
2314 5709 2489 5768 debita
2521 5704 2930 5778 praeparatione.
