3852 6050
1284 74 1309 99 .1

393 224 498 281 827

717 224 778 281 S.
831 222 1133 283 ANSELMI
1165 219 1521 280 CANTUAR.
1560 216 1916 277 ARCHIIEP.
1957 212 2109 273 OPP.
2140 209 2320 267 PARS
2350 209 2413 267 ll.
2449 208 2917 268 —°PARA§NET.
2951 207 3039 264 ET
3063 204 3308 262 ASCET.

3559 205 3692 261 828

398 338 669 395 veraciter
708 354 795 395 me
827 339 1054 396 ostendo
1074 380 1089 403 ,
1139 337 1327 393 dicens
1357 350 1372 391 :
1432 334 1697 403 Quoniam
1744 333 1992 404 iniquita-
2020 331 2067 388 Α
2095 328 2148 384 in
2174 341 2371 383 acervo
2416 326 2709 383 testimonii
2735 323 2949 397 positus
2967 323 3121 396 juxta
3145 322 3312 389 viam,
3338 327 3397 374 ιιι
3426 334 3547 377 eam
3570 335 3692 389 per

395 442 496 486 rem
532 445 700 485 meam
729 446 822 501 ego
859 444 1143 499 cognosco.
1167 427 1467 497 Cognosco,
1509 423 1757 490 Domine,
1786 419 1983 492 iuiqui~

399 532 563 578 tatem
590 536 784 583 meam,
817 520 912 576 sed
938 535 1004 575 ex
1028 527 1182 590 parte
1206 532 1497 590 cognosco,
1535 524 1593 573 et
1617 530 1721 572 non
1755 514 1896 570 sicut
1926 521 1981 567 tu

398 613 682 684 cognoscis
732 627 877 676 eam,
905 626 1082 681 neque
1121 611 1261 667 sicut
1290 626 1391 681 ego
1422 608 1671 680 cognitus
1693 620 1810 661 sum
1840 619 1870 658 a
1905 613 1980 667 te,

394 704 558 773 cujus
583 704 725 760 oculi
754 713 884 760 sunt
931 703 1103 760 multo
1137 705 1258 774 plus
1284 701 1577 758 lucidiores
1601 715 1765 769 super
1785 697 1977 761 solem,

395 797 797 867 conspicientes
830 796 947 852 vias
997 795 1275 851 hominum
1323 803 1377 851 et
1413 793 1737 864 profundmn
1775 789 1978 860 abyssi,

393 896 447 940 et
492 886 770 941 hominum
824 885 991 943 corda
1041 886 1334 941 intuentes.
1399 882 1505 940 Cor
1551 890 1731 937 autem
1777 894 1980 946 meum,

396 979 557 1042 Deus,
610 992 833 1047 pravum
858 984 1019 1033 estet
1046 972 1438 1032 inscrutabile:
1478 987 1580 1029 nec
1619 987 1719 1042 ego
1754 972 1865 1040 ipse
1889 984 1981 1026 co-

392 1085 595 1139 gnosco
620 1069 897 1135 illud,'sed
929 1078 1009 1136 tu,
1041 1067 1287 1132 Domine,
1312 1066 1403 1137 qui
1434 1064 1733 1136 cognovisti
1757 1062 1980 1133 figmen-

394 1172 507 1217 tum
541 1169 811 1228 nostrum,
862 1169 919 1215 et
957 1159 1189 1216 intueris
1232 1159 1458 1230 abyssos
1481 1196 1496 1221 ,
1543 1153 1769 1211 intueris
1794 1160 1849 1209 et
1889 1166 1980 1208 co-

392 1254 607 1325 gnoscis
628 1252 773 1315 illud,
802 1261 858 1308 et
884 1251 1221 1322 iniquitatem
1252 1264 1449 1314 meam,
1484 1263 1603 1319 qua:
1628 1247 1679 1301 in
1708 1260 1774 1300 eo
1800 1252 1904 1309 est,
1926 1251 1983 1299 et

392 1347 556 1402 sicuti
577 1356 663 1403 est
690 1364 704 1401 :
744 1361 909 1417 quam
940 1346 985 1401 si
1021 1345 1095 1400 ita
1124 1344 1266 1399 unde
1293 1352 1348 1399 et
1374 1350 1561 1413 aperte
1581 1338 1977 1411 cognovissem,

392 1437 552 1493 sicuti
574 1445 632 1494 et
674 1444 751 1504 tu,
782 1445 910 1492 ante
948 1434 1102 1505 cujus
1129 1434 1317 1490 oculos
1365 1433 1548 1490 omnia
1592 1430 1736 1487 nuda
1769 1439 1894 1486 sunt
1924 1437 1979 1485 et

392 1532 604 1599 aperta,
635 1538 786 1586 certe
830 1538 1179 1598 erumperent
1201 1527 1454 1598 lacryma:
1484 1524 1552 1580 de
1579 1524 1730 1581 venis
1770 1521 1978 1578 intimis

390 1621 571 1678 cordis
621 1621 752 1686 mei,
800 1628 855 1675 et
882 1618 1161 1675 continere
1203 1632 1310 1673 non
1350 1630 1585 1689 possem,
1618 1615 1773 1686 quasi
1812 1629 1977 1685 super

2086 416 2395 489 exemplum
2437 413 2737 472 viatoribus
2780 413 3236 476 demonstrarem,
3272 425 3377 465 non
3403 410 3719 479 remansit,

2083 508 2138 564 in
2168 521 2258 563 me
2283 505 2418 578 lapis
2444 505 2573 561 boni
2612 503 2847 573 exempli
2879 517 3041 573 super
3066 500 3303 571 lapidem
3335 497 3689 554 fortitudinis

2082 600 2174 656 vel
2201 598 2437 655 virtutis.
2478 598 2546 654 Et
2594 597 2708 653 hzec
2731 594 2927 652 omnia
2953 592 3093 649 mala
3118 592 3171 648 in
3199 607 3285 647 me
3308 590 3512 661 pariter
3538 605 3693 646 con-

2084 694 2388 763 ﬂuxerunt,
2459 705 2527 747 eo
2593 688 2739 760 quod
2809 702 2916 743 non
2988 684 3215 756 cognovi
3278 682 3397 756 (tibi
3459 681 3692 737 debitas

2082 784 2287 857 gratias
2338 781 2642 851 referendo)
2675 787 2888 850 tempus
2922 776 3253 833 visitationis
3272 790 3426 837 mem,
3452 775 3695 844 quando

2084 883 2140 931 tu
2167 874 2348 930 oriens
2374 888 2441 928 ex
2472 870 2581 926 alto
2610 883 2697 925 me
2723 868 2967 939 (carnem
3010 863 3358 935 assumendo)
3386 863 3596 917 utiliter
3626 872 3691 918 ct

2084 974 2320 1022 mentem
2348 962 2707 1020 illuminando
2752 958 3152 1015 delectabiliter
3177 954 3431 1017 visitasti,
3454 966 3511 1010 et
3540 956 3688 1009 visi-

2083 1058 2216 1114 tatio
2248 1067 2339 1114 tua
2385 1053 2678 1112 custodivit
2721 1054 2969 1126 spiritum
3017 1064 3221 1107 meum.
3256 1048 3323 1103 Et
3343 1065 3407 1105 ex
3438 1049 3527 1103 illo
3551 1059 3689 1103 tan-

2083 1149 2200 1205 tillo
2225 1147 2459 1220 Spiritu,
2496 1161 2657 1217 quem
2712 1145 2766 1201 in
2816 1160 2905 1201 me
2948 1153 3039 1199 tua
3077 1142 3319 1198 visitatio
3348 1140 3683 1203 reservavit,

2082 1256 2352 1311 cognosco
2393 1239 2735 1310 iniquitatem
2785 1252 2985 1306 meam,
3028 1245 3089 1291 ut
3115 1246 3193 1304 tu,
3218 1235 3382 1301 Deus,
3405 1234 3497 1306 qui
3524 1233 3686 1289 solus

2082 1342 2307 1405 peccata
2340 1332 2597 1397 remittis,
2622 1346 2743 1387 eam
2770 1329 2901 1385 mihi
2934 1331 3203 1401 ignoscas.

2156 1426 2243 1481 ll.
2282 1424 2349 1478 Et
2396 1433 2669 1495 peccatum
2713 1438 2886 1476 meum
2931 1430 3115 1476 contra
3156 1436 3239 1474 me
3258 1428 3333 1475 est
3366 1435 3590 1489 semper.
3633 1417 3684 1474 ο

2080 1532 2364 1591 possessor
2415 1515 2565 1583 caeli,
2612 1521 2669 1570 et
2717 1514 2902 1571 terrae!
2945 1522 3000 1567 tu
3047 1512 3156 1569 scis
3192 1510 3322 1582 quid
3352 1526 3451 1582 ego
3474 1517 3525 1564 In
3549 1525 3683 1565 mea

2084 1609 2566 1679 didicijuventute,
2596 1607 2743 1677 quod
2782 1620 2967 1661 meum
3017 1614 3074 1661 et
3109 1613 3258 1660 tuum
3289 1614 3417 1660 sunt
3449 1603 3682 1658 nomina

392 1714 655 1784 meipsnm
681 1712 886 1772 fierem,
938 1726 1007 1767 ne
1038 1720 1092 1765 tu
1115 1710 1256 1766 Deus
1280 1709 1557 1781 patientiae
1582 1718 1639 1765 et
1670 1708 1847 1764 solatii
1876 1708 1975 1763 ite-
2006 1700 2053 1763 Β
2081 1700 2421 1776 possessiva;
2446 1699 2589 1756 unde
2615 1698 2660 1757 si
2688 1714 2868 1755 meum
2898 1705 2982 1753 est
3007 1706 3289 1768 peccatum
3315 1711 3516 1760 meum,
3544 1710 3683 1766 pos-

390 1818 511 1857 rum
537 1818 699 1873 super
726 1818 815 1857 me
839 1799 1017 1856 fleres.
1048 1800 1149 1868 Qui
1174 1800 1317 1857 enim
1344 1799 1471 1854 olim
1496 1798 1548 1854 in
1581 1799 1771 1855 diebus
1793 1797 1978 1854 carnis

391 1904 518 1959 tum,
552 1894 653 1951 sub
704 1894 870 1964 figura
905 1893 1049 1949 illius
1085 1892 1382 1948 materialis
1422 1890 1758 1948 Hierusalem
1788 1889 1979 1946 videns

390 1986 668 2042 civitatem
714 1986 914 2040 animm
958 2000 1110 2048 meae,
1164 1994 1219 2039 et
1266 1998 1598 2051 cognoscens
1638 1982 1975 2052 iniquitatem

390 2092 593 2141 meam,
613 2075 993 2145 compatiendo
1022 2072 1213 2130 llevisti
1250 2089 1411 2146 super
1437 2088 1589 2140 eam;
1613 2082 1667 2130 et
1692 2074 1979 2129 interrum-

389 2168 645 2237 pentibus
679 2165 936 2237 lacrymis
975 2174 1031 2220 et
1061 2164 1387 2237 singultibus
1423 2164 1584 2220 verba
1616 2173 1726 2230 tua,
1749 2164 1974 2219 verbum

387 2257 740 2329 semiplcnum
775 2257 1070 2329 protulisti,
1100 2258 1284 2312 dicens
1316 2274 1330 2311 :
1372 2256 1507 2325 Quia
1540 2256 1584 2311 si
1629 2256 1977 2327 cognovisses

385 2360 441 2405 et
469 2360 521 2404 tu
541 2367 556 2415 ;
579 2350 695 2420 qui,
730 2359 789 2403 ut
824 2350 1082 2412 arbitror,
1114 2348 1244 2403 mihi
1274 2348 1455 2403 dicere
1486 2347 1729 2411 voluisti,
1753 2346 1855 2403 nisi
1879 2361 1974 2415 ge-

388 2442 553 2496 mitus
585 2440 666 2495 tui
693 2438 871 2504 multi,
908 2448 962 2493 et
1012 2438 1278 2509 profunda
1302 2439 1533 2510 suspiria
1557 2438 1970 2509 compassionis,

385 2532 551 2585 verba
594 2540 684 2584 tua
717 2528 1021 2598 hujusmodi
1052 2528 1425 2597 praecidissent
1454 2545 1468 2583 :
1526 2528 1592 2582 Et
1632 2537 1687 2582 tu
1720 2528 1975 2597 iniquita-

386 2630 495 2676 tem
531 2632 675 2675 tuam
710 2618 888 2682 ﬂeres,
928 2618 973 2673 si
1009 2633 1128 2673 eam
1163 2618 1321 2673 sicuti
1350 2634 1449 2690 ego
1478 2618 1750 2674 veraciter
1775 2635 1973 2691 cogno-

384 2714 579 2768 visses.
613 2711 907 2779 Adjiciens,
954 2710 1189 2778 quandiu
1233 2726 1398 2780 super
1424 2726 1509 2765 me
1539 2709 1667 2765 flere
1694 2710 1969 2779 deberem,

386 2818 509 2857 cum
546 2801 674 2855 mihi
706 2800 1101 2869 subsequenter
1149 2799 1332 2854 dixisti
1372 2818 1384 2854 :
1432 2800 1500 2854 Et
1533 2799 1751 2870 quidem
1781 2800 1833 2855 in
1872 2799 1972 2855 hac

386 2896 473 2950 die
507 2892 788 2963 praesentis
831 2892 977 2992 vit;
1016 2891 1068 2945 in
1101 2906 1206 2961 qua
1255 2890 1386 2945 facis
1429 2906 1526 2960 pro
1552 2890 1828 2946 voluntate
1858 2900 1969 2957 tua,

386 3001 492 3040 non
525 2999 661 3047 mea,
698 2990 754 3039 et
779 2982 977 3054 quaeris
1005 2997 1125 3051 qua:
1153 2982 1219 3036 ad
1248 2996 1434 3051 pacem
1470 2990 1595 3037 sunt
1619 2982 1742 3044 tibi,
1780 2991 1834 3038 et
1864 2997 1968 3037 non

386 3075 539 3131 mibi.
571 3075 614 3131 Ο
650 3090 852 3140 sermo,
883 3074 975 3145 qui
1007 3074 1208 3129 veritas
1234 3088 1315 3137 es,
1352 3088 1513 3145 quam
1542 3075 1595 3129 in
1626 3074 1854 3129 veritate
1899 3074 1973 3128 ri-

383 3168 553 3224 maris
584 3167 776 3222 intima
823 3167 1007 3222 cordis
1060 3165 1194 3220 mei!
1231 3165 1295 3220 Et
1341 3180 1469 3220 vcrc
1499 3166 1543 3221 si
1576 3166 1968 3236 cognovissem,

383 3261 523 3315 sicut
548 3268 604 3315 et
644 3269 721 3326 tu,
744 3269 985 3328 peterem
1019 3272 1048 3312 a
1081 3268 1132 3312 te
1160 3256 1214 3326 (a
1252 3273 1360 3327 quo
1381 3258 1557 3313 omnis
1576 3258 1667 3329 qui
1699 3258 1856 3330 digne
1881 3274 1972 3329 pe-

386 3352 472 3415 tit,
510 3351 727 3420 accipit)
759 3361 818 3404 ut
843 3350 1184 3419 aperirentur
1226 3358 1516 3405 cataracta:
1540 3350 1736 3420 capitis
1763 3350 1887 3416 mei,
1917 3359 1973 3404 et

385 3443 647 3497 diluvium
697 3441 1063 3512 lacrymarum
1121 3455 1366 3494 mearum
1417 3440 1626 3497 faceres
1670 3442 1969 3507 abundare,

385 3535 458 3589 ita
487 3535 628 3603 quod
675 3534 856 3587 anima
902 3548 1023 3587 mea
1054 3539 1161 3585 tota
1194 3544 1337 3589 esset
1371 3533 1628 3605 lacrymis
1658 3533 1968 3603 liquefacta,

384 3635 438 3679 et
463 3626 719 3694 iniquitas
734 3641 851 3680 mea
877 3625 1020 3696 (quae
1044 3627 1270 3698 replevit
1293 3626 1537 3695 corporis
1565 3634 1621 3680 et
1658 3625 1837 3681 cordis
1864 3625 1971 3680 mei

385 3716 609 3784 terram)
659 3715 710 3770 in
752 3716 855 3770 hoc
882 3716 1083 3773 diluvio
1113 3718 1404 3773 deleretur.
1450 3714 1603 3773 Nunc
1638 3724 1816 3772 autem
1845 3717 1970 3771 abs-

382 3808 599 3862 condita
641 3818 770 3883 sunt
825 3809 966 3865 mala
1008 3810 1077 3866 ab
1123 3810 1293 3865 oculis
1323 3810 1479 3875 meis,
1514 3818 1570 3864 et
1600 3824 1706 3864 non
1737 3808 1885 3878 potui
1911 3818 1971 3862 ut

380 3899 623 3956 viderem
660 3917 673 3953 :
711 3898 837 3968 quia
877 3906 1143 3955 venerunt
1179 3899 1298 3956 dies
1350 3900 1404 3955 in
1456 3916 1563 3967 me,
1593 3914 1731 3970 quos
1762 3907 1846 3963 tu,
1877 3899 1967 3968 qni

382 3989 639 4057 aperuisti
664 4004 761 4043 ora
791 3990 1033 4044 omnium
1062 3990 1471 4059 prophetarum,
1497 3990 1811 4060 prophetice
1833 4006 1971 4060 pra:-

383 4081 586 4136 dixisti.
634 4080 765 4135 Nam
802 4082 1280 4137 circumdederunt
1308 4098 1395 4138 me
1427 4083 1629 4137 inimici
1670 4083 1775 4138 mei
1805 4082 1967 4152 spiri-

384 4172 579 4235 tuales,
637 4171 776 4225 vallo
812 4171 1231 4240 occupationum
1284 4172 1682 4226 mundanorum
1724 4170 1969 4228 laceran-

382 4263 516 4316 tium
553 4270 785 4313 mentem
826 4277 1025 4325 meam,
1080 4262 1154 4316 ita
1203 4262 1342 4332 quod
1384 4276 1491 4316 non
1512 4263 1850 4332 permittunt
1883 4276 1969 4315 me

2080 1796 2230 1852 sideo
2258 1802 2544 1865 peccatum
2575 1807 2757 1848 meum
2803 1807 2817 1845 :
2856 1790 2951 1847 sed
2974 1790 3078 1845 heu
3110 1803 3272 1858 quam
3308 1789 3509 1843 misera
3542 1803 3681 1858 pos—

2080 1884 2251 1941 sessio
2280 1881 2487 1953 peccati
2520 1880 2644 1944 mei,
2676 1894 2797 1951 qum
2828 1894 2985 1934 suum
3016 1876 3147 1933 facit
3175 1876 3433 1933 miserum
3456 1893 3682 1941 posses-

2079 1975 2285 2031 sorem!
2334 1972 2379 2029 Ο
2424 1981 2709 2043 peccatum
2755 1970 2969 2025 meum!
3017 1969 3292 2039 quomodo
3342 1979 3392 2023 te
3418 1969 3684 2038 possedi?

2080 2067 2189 2121 imo
2215 2064 2487 2135 quomodo
2516 2072 2568 2120 te
2591 2061 2866 2119 sustinui?
2905 2062 3177 2130 quomodo
3210 2060 3369 2115 silui?
3397 2059 3681 2130 quomodo

2080 2155 2440 2224 dissimulavi,
2481 2164 2541 2210 ut
2591 2164 2645 2209 tu
2693 2169 2780 2210 me
2812 2153 2989 2225 potius
3015 2152 3356 2224 possideres?
3383 2152 3498 2207 Non
3522 2152 3676 2207 enim

2080 2251 2161 2306 sic
2190 2264 2373 2305 meum
2405 2257 2491 2303 est
2515 2256 2799 2318 peccatum
2830 2262 3036 2312 meum,
3068 2246 3209 2301 sicut
3238 2261 3354 2301 mea
3384 2256 3467 2302 cst
3498 2262 3675 2316 cappa

2077 2356 2229 2409 mea;
2259 2355 2437 2411 neque
2458 2341 2533 2395 ita
2563 2339 2836 2409 possideo,
2869 2338 3143 2410 quomodo
3170 2339 3421 2409 possideo
3441 2354 3674 2409 capparn

2078 2450 2278 2499 meam,
2319 2431 2473 2501 cujus
2501 2432 2901 2503 possessionem
2949 2444 3005 2487 et
3030 2433 3418 2502 proprietatem
3444 2432 3676 2486 omnim.

2076 2543 2299 2598 possum
2326 2542 2356 2580 a
2388 2541 2475 2581 mc
2502 2535 2758 2580 excutere
2789 2539 2894 2580 una
2928 2523 3046 2580 vice
3077 2540 3092 2578 :
3140 2532 3194 2580 te
3224 2533 3404 2579 autem
3434 2538 3541 2577 non
3568 2523 3673 2586 sic,

2079 2622 2172 2678 sed
2215 2622 2289 2676 ita
2322 2636 2353 2675 a
2394 2636 2479 2676 me
2511 2618 2801 2675 infeliciter
2835 2617 3154 2689 possideris,
3193 2626 3255 2671 ut
3294 2613 3612 2671 derelictum
3641 2629 3671 2666 a

2074 2726 2183 2779 me,
2215 2712 2452 2766 animam
2501 2724 2678 2764 meam
2726 2726 2831 2765 non
2886 2708 3023 2763 velis
3060 2707 3311 2763 desinere
3361 2704 3669 2775 possidere.

2079 2804 2185 2859 Sed
2238 2802 2592 2858 nihilominus
2630 2801 2672 2855 si
2704 2801 3100 2867 consentiatur,
3154 2798 3246 2854 tibi
3289 2813 3410 2853 eam
3439 2795 3672 2865 qumris,

2077 2908 2199 2949 eam
2231 2891 2500 2962 sequeris,
2529 2906 2650 2945 eam
2683 2892 3027 2962 persequeris
3054 2890 3215 2945 etiam
3258 2906 3355 2960 per
3390 2886 3674 2958 angustis-

2076 2984 2270 3040 simam
2306 2992 2517 3054 portam
2553 2983 2764 3046 mortis,
2813 2992 2871 3038 ut
2917 2982 3087 3052 ipsam
3131 2982 3315 3036 tradas
3346 2982 3584 3036 flammis
3614 2988 3671 3033 et

2075 3076 2409 3132 cruciatibus
2458 3076 2830 3148 sempiternis.
2878 3074 3161 3143 Quomodo
3209 3090 3337 3145 ergo
3367 3090 3547 3127 meum
3584 3088 3669 3136 es,

2073 3180 2360 3240 peccatum
2392 3184 2593 3234 meum,
2627 3170 2731 3223 nisi
2774 3168 2901 3239 quia
2948 3175 3001 3222 te
3042 3166 3196 3221 feci?
3224 3166 3291 3221 Et
3330 3166 3452 3221 ideo
3484 3180 3666 3219 meum

2074 3274 2158 3324 es,
2212 3261 2355 3316 sicut
2404 3260 2612 3314 factura
2662 3258 2906 3323 factoris,
2955 3257 3040 3311 vel
3085 3258 3266 3327 potius
3297 3266 3356 3311 ut
3397 3256 3669 3321 defectus,

2073 3366 2232 3420 quem
2257 3352 2309 3407 in
2343 3353 2533 3418 Deum,
2562 3351 2656 3405 Dei
2692 3350 2899 3404 factura
2929 3349 3199 3404 commisi.
3225 3347 3340 3403 Heu
3375 3364 3508 3418 ergo
3537 3348 3668 3401 hor-

2073 3442 2229 3498 ribile
2248 3452 2302 3499 et
2317 3440 2680 3499 abominabilé
2703 3441 2903 3497 factum
2921 3454 3101 3495 meum
3119 3440 3133 3494 !
3158 3448 3435 3510 peccatum
3460 3455 3666 3503 meum,

2072 3547 2241 3601 quare
2268 3543 2318 3588 te
2348 3533 2488 3589 feci?
2512 3549 2683 3604 quare
2710 3547 2808 3602 per
2838 3539 2889 3586 te
2917 3546 3097 3585 meam
3128 3532 3361 3585 animam
3389 3527 3669 3584 interfeci?

2073 3638 2245 3692 quare
2288 3638 2409 3679 eam
2439 3632 2550 3678 tam
2592 3623 2873 3678 mortifero
2900 3635 3111 3678 veneno
3142 3621 3340 3676 infeci?
3366 3636 3487 3690 quae
3518 3620 3671 3674 insa-

2071 3715 2160 3770 nia
2202 3730 2289 3771 me
2340 3715 2607 3771 ducebat?
2660 3731 2779 3786 quze
2829 3716 2967 3771 furia
3005 3732 3091 3772 me
3118 3714 3375 3786 cogebat?
3420 3714 3663 3767 sciebam

2072 3806 2215 3860 enim
2244 3805 2386 3876 quod
2404 3808 2672 3877 stipendia
2699 3810 2904 3879 peccati
2925 3825 3071 3863 mors
3100 3824 3114 3861 :
3141 3807 3498 3875 Sciebamque
3520 3805 3664 3874 quod

2070 3908 2353 3969 peccatum
2384 3914 2507 3955 cum
2543 3909 2978 3955 consummatum
3017 3898 3202 3962 fuerit,
3254 3906 3480 3969 generat
3524 3912 3665 3948 mor-

2074 3999 2203 4055 tem,
2253 3998 2308 4045 et
2356 4006 2463 4045 non
2497 3991 2669 4047 solum
2718 4000 3158 4047 momentaneam
3202 3988 3449 4060 corporis
3502 3988 3663 4057 hujus

2071 4091 2464 4151 mortcm,qum
2484 4099 2583 4153 per
2612 4093 2895 4153 peccatum
2922 4085 3144 4139 intravit
3166 4083 3220 4137 in
3248 4082 3507 4135 mundum
3533 4082 3660 4141 :sed

2070 4173 2234 4229 etiam
2275 4182 2504 4228 mortem
2542 4175 2738 4230 anima:
2787 4191 2882 4244 per
2921 4174 3345 4230 subtractionem
3379 4173 3506 4226 vitae
3533 4186 3660 4241 gra-

2064 4252 2159 4318 tiae
2189 4265 2239 4318 in
2277 4265 2551 4334 praesenti,
2585 4266 2947 4336 privationem
2980 4265 3164 4336 gloria:
3192 4274 3244 4319 et
3273 4263 3660 4331 obligationem

379 4352 620 4407 exterius
643 4352 824 4422 egredi
874 4353 938 4407 ad
978 4352 1162 4407 utilem
1190 4353 1483 4418 actionem,
1514 4368 1615 4407 nec
1642 4353 1870 4407 interius
1900 4353 1966 4407 ad
2000 4386 2045 4444 ο
2071 4370 2244 4427 ιιαξηω
2273 4364 2547 4426 perpetuze
2579 4358 2631 4412 in
2661 4357 2864 4412 futuro.
2891 4358 2958 4412 Et
2994 4358 3095 4413 hoc
3140 4357 3315 4427 ipsum
3339 4354 3660 4417 didiceram,

382 4444 917 4513 contemplationem.
966 4443 1454 4500 Circumdederunt
1490 4460 1597 4508 me,
1645 4444 1887 4514 inquam,
1914 4453 1967 4498 et

382 4544 877 4605 coangustavcrunt
917 4552 1002 4590 me
1034 4537 1273 4605 undique
1314 4545 1392 4591 tot
1419 4537 1685 4606 angustiis
1719 4546 1774 4591 et
1815 4552 1967 4607 pres-

378 4625 543 4687 suris,
566 4626 709 4691 quod
738 4634 1083 4694 angustatum
1131 4634 1217 4680 est
1261 4636 1315 4681 ct
1349 4634 1640 4681 attractum
1672 4627 1807 4682 adeo
1837 4644 1966 4682 con-

2074 4456 2125 4501 te
2152 4448 2399 4507 docente.
2439 4448 2567 4517 quia
2600 4448 2806 4517 anima,
2843 4464 2960 4518 qnze
2996 4448 3330 4519 peccaverit,
3373 4448 3660 4500 morietur.

2068 4537 2113 4593 Ο
2140 4538 2247 4591 vita
2304 4540 2534 4593 mterna!
2573 4548 2751 4594 statue
2794 4549 2981 4593 contra
3037 4538 3232 4593 faciem
3277 4539 3475 4591 animm
3525 4552 3662 4590 mem

2069 4638 2301 4683 mortem
2361 4629 2503 4683 illam
2556 4638 2840 4692 aeternam,
2888 4645 2992 4698 qua
3048 4630 3280 4683 moritur
3333 4628 3663 4680 immortali:

379 4715 623 4769 scientiae
654 4730 787 4792 mere
823 4723 1074 4779 stratum,
1115 4724 1175 4769 ut
1218 4730 1443 4772 necesse
1478 4718 1550 4771 sit
1582 4727 1639 4772 ut
1661 4718 1799 4775 alter
1821 4719 1977 4775 decis
2067 4720 2245 4774 anima
2275 4735 2372 4790 per
2407 4732 2713 4792 peccatum,
2757 4730 2815 4774 ut
2843 4722 2955 4790 ipsa
2998 4722 3175 4775 anima
3207 4735 3324 4774 mea
3357 4720 3539 4772 videat
3570 4738 3667 4774 co-

379 4806 491 4869 dat,
532 4790 803 4871 videlicet,
855 4805 939 4861 vel
986 4816 1039 4861 tu
1084 4808 1228 4864 Deus
1251 4809 1341 4878 qui
1370 4823 1431 4864 es
1473 4809 1745 4882 legitimus
1771 4810 1965 4865 anima:

376 4914 626 4969 sponsus,
682 4897 765 4952 vel
822 4897 1031 4954 adulter
1078 4901 1311 4957 mundus
1361 4916 1521 4971 quem
1574 4916 1674 4973 ego
1706 4902 1863 4974 juxta
1911 4910 1962 4957 te

374 4992 563 5045 eodem
599 4988 849 5046 cubiculo
888 4990 1180 5055 introduxi,
1210 4992 1459 5061 quamvis
1488 4992 1683 5048 scirem
1714 5004 1765 5048 te
1791 4993 1960 5048 Deum

376 5083 627 5149 zelolem,
662 5091 719 5136 ut
759 5098 881 5136 eum
913 5083 1031 5153 ipso
1054 5084 1109 5137 in
1136 5084 1309 5139 oculis
1339 5086 1451 5140 tuis
1478 5085 1896 5156 (delinquerem)
1926 5100 1960 5139 ο

374 5175 602 5230 nimium
651 5175 829 5230 audax
876 5184 1134 5246 peccator
1178 5185 1235 5232 et
1274 5178 1589 5247 imprudens
1620 5178 1954 5235 fornicator!

374 5264 443 5319 Et
472 5268 539 5322 ad
568 5275 769 5322 terram
816 5276 1230 5337 prostraverunt
1260 5284 1345 5323 me
1386 5284 1483 5339 per
1511 5285 1753 5326 amorem
1786 5279 1959 5328 terre-

372 5370 591 5422 norum,
635 5366 691 5412 et
729 5356 879 5431 filios,
901 5372 1052 5413 meos
1079 5358 1465 5429 cogitationum
1496 5369 1551 5415 et
1588 5360 1952 5426 all‘ectionum,

373 5457 493 5512 qua:
524 5446 576 5500 in
607 5462 694 5503 me
724 5456 872 5513 sunt,
904 5448 979 5502 ita
1025 5449 1167 5518 quod
1210 5450 1411 5519 possim
1451 5451 1645 5506 merito
1672 5452 1958 5523 deplorare

375 5532 505 5589 illud
531 5550 753 5592 carmen
788 5538 1136 5597 lamentabile
1178 5540 1428 5596 Jcremia:
1456 5560 1468 5596 ;
1526 5541 1764 5597 Effusum
1792 5554 1876 5600 est
1902 5544 1954 5599 in

376 5630 519 5679 terra
543 5624 698 5694 jecur
726 5643 925 5685 meum.
962 5632 1025 5687 Et
1058 5648 1181 5689 cum
1211 5635 1463 5691 dcbcrcm
1496 5652 1615 5691 esse
1640 5637 1793 5705 quasi
1818 5636 1953 5708 lapis

2066 4828 2180 4866 ram
2212 4823 2261 4866 te
2293 4828 2529 4883 semper.
2575 4822 2631 4867 et
2658 4812 2828 4883 fugiat
2856 4814 3011 4884 quasi
3045 4829 3074 4866 a
3107 4812 3243 4865 facie
3274 4811 3479 4865 colubri
3511 4830 3660 4865 mor-

2066 4910 2171 4958 teut
2211 4902 2378 4956 illam.
2424 4903 2618 4956 Audivi
2655 4903 2798 4957 enim
2835 4918 2864 4955 a
2910 4903 3141 4971 quodam
3178 4901 3427 4955 familiari
3482 4904 3664 4955 amico

2065 5001 2177 5059 tuo,
2207 4994 2291 5047 cui
2343 5001 2418 5059 tu,
2458 4991 2599 5046 Deus
2638 5007 2809 5055 meus,
2843 4992 2937 5061 Qui
2981 4991 3187 5045 revelas
3216 4994 3512 5054 condensa,
3547 4994 3664 5043 (Ιίιι-

2066 5084 2377 5137 turnitatem
2404 5093 2457 5139 et
2481 5083 2835 5139 acerbitatem
2867 5082 3211 5137 revelaveras
3248 5083 3409 5153 bujus
3439 5086 3659 5145 mortis,

2063 5173 2203 5241 quod
2236 5173 2351 5229 haec
2401 5182 2485 5228 est
2518 5188 2667 5228 mors
2707 5173 2827 5227 sine
2867 5183 3063 5237 morte,
3111 5172 3231 5227 linis
3253 5172 3368 5226 sine
3397 5172 3525 5234 fine,
3559 5172 3660 5224 de-

2061 5266 2236 5322 fectus
2276 5266 2394 5320 sine
2424 5262 2674 5319 defectu:
2714 5263 2839 5333 quia
2871 5278 3018 5316 mors
3060 5262 3148 5316 illa
3181 5276 3393 5331 semper
3422 5261 3578 5324 vivit,
3609 5271 3661 5313 et

2061 5358 2185 5413 finis
2225 5370 2439 5425 semper
2492 5353 2703 5423 incipit,
2753 5363 2808 5408 et
2870 5352 3119 5409 defectus
3168 5353 3400 5407 deﬁcere
3442 5354 3655 5420 nequit.

2057 5450 2184 5505 llaec
2214 5458 2297 5504 est
2327 5461 2473 5502 mors
2508 5454 2852 5517 peccatorum
2898 5444 3151 5515 pessima.
3194 5444 3269 5498 De
3309 5444 3410 5498 hac
3454 5454 3661 5507 morte,

2058 5540 2585 5603 misericordissime,
2630 5546 2686 5591 tu
2715 5538 2900 5593 dixisti
2930 5555 2944 5591 :
2976 5530 3112 5592 Nolo
3142 5546 3372 5592 mortem
3403 5548 3662 5607 peccato-

2058 5634 2155 5690 ris.
2209 5632 2315 5689 Sed
2344 5633 2485 5688 heu!
2533 5646 2633 5703 ego
2669 5638 2726 5687 ct
2756 5629 2849 5685 alii
2897 5628 3081 5686 miseri
3111 5636 3423 5699 pcccatores
3462 5638 3659 5685 contra
