3910 6018
135 250 243 309 829

1216 248 1597 309 ΙΙΕῡΙΤΑΤΙΟ
1634 246 1702 304 ΙΝ
1741 245 1935 303 PSAL.
1977 242 2345 302 MISERERE.

3306 242 3413 305 830

127 373 468 430 voluntatem
525 375 671 423 tuam
714 360 967 420 volumus
1019 361 1295 436 propriam
1339 372 1576 421 mortem
1626 379 1726 419 no-
1751 366 1800 426 Α
1832 376 2006 427 meus,
2029 363 2274 434 quigallo
2294 360 2703 435 intelligentiam
2723 360 2999 419 contulisti
3034 362 3157 436 (Job
3177 378 3414 431 xxxviii,

129 475 327 523 stram.
365 463 446 519 Tu
496 471 700 528 autem,
739 465 878 519 Deus
924 468 1099 522 meus,
1134 456 1227 527 qui
1272 467 1502 513 mortem
1531 457 1726 513 animai

132 572 242 612 non
274 554 474 621 fecisti,
507 554 691 609 vidisti
723 562 780 610 et
824 550 1048 617 siluisti,
1092 546 1331 619 quandiu
1362 555 1489 618 post
1517 556 1726 618 tergum

134 663 318 704 meum
346 648 530 702 omnia
562 655 786 717 peccata
828 660 946 702 mea
977 642 1202 715 proieci,
1235 659 1306 701 ne
1329 642 1569 700 viderem
1610 643 1727 711 illa,

134 749 196 796 et
223 754 312 796 me
332 738 628 810 pteniteret
651 739 719 793 de
745 737 871 795 illis.

207 828 296 884 12.
362 827 517 884 Nunc
567 838 771 895 autem,
821 826 1391 902 omnipotentissime,
1444 834 1728 897 peccatum

134 910 319 975 meum
342 927 428 975 est
446 920 667 989 sequela
693 921 900 990 peccati
924 920 1053 987 mei,
1080 934 1201 991 quas
1227 927 1311 977 est
1331 933 1480 976 mors
1500 928 1726 989 aeterna,

136 1020 331 1068 contra
363 1025 450 1066 me
498 1018 555 1064 et
595 1025 837 1081 semper,
878 1019 934 1067 et
968 1026 1133 1083 super
1160 1012 1265 1067 hoc
1298 1010 1395 1067 tibi
1428 1010 1729 1081 gratiarum

133 1103 343 1174 Optimo
372 1100 615 1172 largitori
647 1101 826 1157 refero
854 1111 1037 1173 grates
1077 1101 1296 1167 multas,
1322 1100 1451 1172 quia
1494 1115 1602 1156 non
1635 1115 1731 1172 po-

135 1196 297 1252 suisti
334 1208 423 1250 me
468 1194 700 1265 amplius
744 1194 1080 1250 contrarium
1105 1194 1201 1250 tibi
1230 1194 1297 1250 de
1324 1203 1547 1265 peccato
1584 1207 1726 1260 meo,

136 1287 284 1357 quod
339 1286 580 1357 quandiu
631 1300 844 1344 mecum
900 1286 1023 1353 fuit,
1080 1294 1271 1343 contra
1324 1301 1413 1342 me
1455 1301 1561 1341 non
1606 1285 1729 1341 fuit.

138 1376 296 1432 Nunc
345 1388 524 1433 autem
559 1379 686 1449 quia
735 1393 841 1433 non
888 1386 974 1434 est
1015 1392 1249 1442 mecum,
1286 1386 1476 1433 contra
1522 1392 1613 1433 me
1647 1385 1734 1433 est

138 1480 376 1536 semper,
407 1476 463 1523 et
500 1482 601 1553 ego
630 1467 753 1523 volo
785 1482 908 1524 esse
937 1468 991 1524 in
1018 1477 1338 1539 perpetuum
1361 1476 1551 1524 contra
1580 1467 1731 1535 illud,

137 1561 267 1630 quia
296 1561 512 1630 quando
556 1561 684 1617 illud
731 1561 834 1619 feci
862 1561 960 1634 (V.
985 1562 1063 1636 6),
1096 1563 1192 1618 tibi
1211 1563 1313 1618 soli
1345 1564 1572 1633 peccavi,
1602 1562 1730 1633 quia

137 1664 200 1709 tu
263 1652 409 1711 solus
453 1671 513 1712 es
559 1655 677 1712 sine
733 1665 1005 1728 peccato:
1050 1664 1105 1713 et
1153 1656 1423 1713 universis
1466 1671 1575 1711 uno
1607 1661 1731 1727 post

1830 453 1948 524 36),
1972 455 2116 525 quod
2159 471 2261 528 ego
2294 454 2589 527 intelligam
2621 454 2674 510 in
2703 464 2992 525 parentum
3030 470 3273 513 meorum
3302 456 3413 513 ori—

1828 545 2099 616 ginalibus
2116 556 2173 602 et
2196 544 2499 601 actualihus
2527 560 2615 601 me
2643 555 2997 616 conceptum;
3028 562 3153 603 cum
3172 548 3415 619 credam,

1828 639 1974 709 quod
2020 646 2077 696 et
2112 654 2298 696 eorum
2337 639 2622 711 originalis
2653 640 2918 696 deleveris
2940 641 2992 696 in
3036 640 3325 712 baptismo,
3360 651 3418 699 et

1830 731 2068 803 ipsorum
2116 732 2414 789 actualium
2442 732 2600 788 fuero
2645 732 2926 799 imitator;
2959 734 3214 804 quoniam
3243 741 3297 788 tu
3335 734 3417 790 di-

1827 822 1978 887 xisti,
2010 824 2152 895 quod
2191 823 2540 895 iniquitatem
2588 824 2762 895 patris
2799 824 2942 880 filius
2975 838 3082 880 non
3149 828 3413 894 portaret.

1830 914 1937 971 Sed
1966 917 2146 988 potius
2171 918 2287 975 haec
2320 926 2405 975 est
2433 918 2661 975 intentio
2693 934 2836 976 mea.
2858 919 3022 986 Deus,
3049 934 3172 976 cum
3193 920 3337 990 dico,
3362 923 3415 979 in

1828 1008 2209 1080 iniquitatibus
2243 1010 2598 1084 originalibus
2644 1022 2700 1069 et
2743 1013 3049 1071 actualihus
3097 1028 3183 1070 me
3220 996 3420 1073 conce-

1830 1106 2001 1167 ptum,
2036 1099 2139 1155 hoc
2170 1108 2257 1156 est
2300 1102 2353 1157 iu
2406 1101 2492 1157 illa
2538 1102 2654 1174 lege
2686 1117 2820 1159 mea;
2857 1102 3084 1172 originis
3111 1103 3329 1172 vitiosa,
3363 1106 3417 1160 in

1830 1207 1937 1264 qua
1966 1206 2155 1247 omnes
2184 1194 2546 1265 concipimur,
2574 1203 2630 1252 et
2652 1196 2932 1252 nascimur
2965 1195 3020 1251 in
3055 1203 3229 1264 utero,
3267 1205 3323 1251 et
3349 1212 3419 1252 ex

1832 1296 2009 1348 utero,
2054 1282 2148 1337 filii
2180 1285 2275 1341 ira:
2320 1294 2453 1354 tum;
2500 1296 2663 1359 atque
2696 1300 2796 1359 per
2822 1287 3100 1343 traducem
3132 1287 3420 1343 libidinosa

1831 1378 2014 1433 carnis
2050 1375 2511 1446 concupiscentia,
2559 1376 2722 1432 etiam
2787 1385 3080 1449 antequam
3132 1391 3418 1448 peccemus

1830 1469 2134 1538 actualiter,
2182 1467 2566 1524 constituimur
2608 1477 2944 1537 peccatores,
2994 1476 3050 1525 et
3089 1468 3155 1523 ad
3186 1467 3418 1524 actualia

1830 1564 2132 1633 proniores.
2164 1562 2270 1618 Sed
2306 1576 2429 1616 cum
2460 1574 2569 1616 non
2595 1559 2665 1615 sit
2691 1559 2795 1614 nisi
2825 1564 2993 1615 unum
3025 1568 3081 1616 et
3111 1559 3284 1615 solum
3308 1560 3419 1615 ori-

1833 1652 2009 1720 ginale
2037 1661 2342 1722 peccatum,
2395 1651 2541 1722 quod
2584 1666 2616 1706 a
2662 1650 2983 1721 parentibus
3020 1649 3274 1713 trahitur,
3322 1663 3421 1721 pro

139 1746 309 1802 alium
358 1746 741 1812 existentibus,
781 1746 925 1803 Deus
972 1762 1147 1813 meus,
1196 1755 1255 1803 tu
1287 1746 1434 1803 solus
1471 1747 1732 1803 Dominus
1763 1739 1808 1795 B
1833 1760 1940 1815 quo
1962 1760 2068 1800 non
2099 1743 2355 1814 baptizati
2380 1741 2588 1814 parvuli
2616 1739 3044 1807 damnabantur;
3075 1755 3183 1795 non
3208 1754 3295 1795 me
3324 1755 3420 1795 ve-

138 1853 316 1904 mens,
351 1837 468 1892 siue
496 1846 724 1908 peccato
758 1837 809 1894 in
837 1837 1016 1894 medio
1045 1838 1373 1904 remanebis,
1401 1846 1457 1895 et
1477 1837 1624 1894 solus
1644 1852 1732 1893 me

137 1939 297 2001 potes
331 1930 400 1985 de
428 1939 656 1999 peccato
682 1945 805 1987 meo
832 1931 1067 1996 solvere,
1097 1939 1152 1986 et
1180 1931 1461 1997 damnare,
1484 1930 1609 2001 quia
1639 1930 1732 1985 tibi

138 2026 242 2079 soli
279 2023 503 2094 peccaui,
528 2032 577 2078 et
601 2022 801 2076 malum
836 2038 1012 2077 coram
1037 2030 1085 2076 te
1106 2021 1226 2091 feci.
1256 2022 1392 2088 Heu,
1438 2022 1540 2077 heu
1571 2021 1727 2087 mihi,

140 2116 392 2180 Domine,
429 2115 534 2170 heu
568 2114 725 2180 mihi,
751 2113 878 2185 quia
917 2113 1132 2184 quando
1153 2113 1356 2168 malum
1390 2112 1515 2178 feci,
1547 2128 1732 2168 coram

142 2216 220 2271 te,
251 2221 338 2262 me
369 2219 529 2275 quem
576 2212 654 2270 tu,
693 2204 784 2272 qui
816 2203 963 2260 solus
992 2202 1166 2260 bonus
1191 2219 1274 2266 es,
1321 2208 1521 2259 bonum
1554 2204 1606 2259 in
1640 2204 1733 2259 ba-

140 2297 345 2367 ptismo
393 2296 623 2361 feceras,
657 2294 860 2350 malum
905 2293 1048 2351 feci!
1083 2293 1237 2352 Nunc
1267 2304 1446 2350 autem
1472 2295 1634 2350 timor
1680 2303 1737 2350 et

141 2400 351 2444 tremor
378 2394 644 2443 venerunt
663 2401 827 2457 super
854 2401 963 2453 me,
1002 2387 1128 2459 quia
1159 2387 1338 2442 audivi
1368 2396 1510 2443 tuam
1537 2387 1737 2443 verita-

142 2488 255 2534 tem
288 2478 342 2532 in
368 2477 610 2533 Ecclesia
637 2477 1058 2545 exclamantem,
1085 2479 1228 2550 quod
1261 2477 1432 2534 malos
1454 2478 1593 2533 male
1612 2493 1737 2548 per—

143 2573 264 2637 des,
292 2571 434 2625 inter
466 2584 605 2639 quos
632 2584 734 2625 nee
759 2570 892 2625 mihi
923 2584 1138 2641 parces,
1184 2570 1288 2626 nisi
1312 2570 1592 2641 placabilis
1621 2569 1740 2627 fue-

141 2666 225 2720 ris
252 2677 414 2734 super
435 2661 642 2717 malitia
678 2676 821 2731 mea,
862 2662 1026 2721 Deus.
1058 2664 1269 2719 Exaudi
1301 2677 1456 2735 ergo,
1485 2664 1734 2733 Domine,

142 2757 391 2828 placare,
436 2752 685 2821 Domine,
710 2756 956 2822 attende,
987 2764 1043 2812 et
1070 2756 1156 2811 fac
1184 2771 1396 2813 mecum
1428 2756 1739 2812 misericor-

148 2849 299 2903 diam
329 2858 475 2904 tuam
508 2862 785 2918 magnam,
830 2848 959 2918 quia
998 2856 1055 2903 et
1083 2850 1302 2918 quando
1331 2862 1516 2904 coram
1540 2856 1592 2904 te
1618 2863 1739 2904 ma-

144 2939 258 2994 lum
288 2937 414 3001 feci,
444 2938 667 2993 nimium
701 2938 875 2993 audax
906 2937 1003 3003 fui,
1025 2938 1150 3008 quia
1185 2937 1287 2993 feci
1314 2953 1499 2994 coram
1527 2947 1581 2993 te
1594 2940 1739 3009 quod

148 3047 333 3088 coram
366 3029 675 3087 hominibus
709 3044 817 3085 non
860 3028 1133 3086 fecissem.
1155 3028 1236 3085 llli
1263 3039 1466 3095 autem,
1490 3030 1733 3097 Domine,

1834 1833 1922 1902 lis,
1954 1833 2202 1897 Domine,
2256 1846 2486 1901 arguere
2526 1832 2582 1886 in
2631 1824 2837 1895 furore,
2873 1830 2919 1886 si
2968 1829 3161 1899 plurali
3193 1842 3426 1885 numero

1834 1939 1964 1980 usus
1988 1938 2107 1979 sum
2132 1923 2184 1978 in
2216 1923 2318 1978 hac
2336 1930 2491 1991 parte
2515 1921 2765 1986 dicendo,
2794 1920 2940 1990 quod
2962 1920 3016 1974 in
3043 1920 3422 1991 iniquitatibus

1832 2015 2185 2085 nriginalibus
2209 2022 2263 2069 et
2288 2012 2590 2070 actualihus
2614 2027 2733 2067 sum
2764 2020 3089 2081 conceptus:
3116 2026 3239 2067 cum
3265 2012 3422 2067 dixe-

1833 2106 1936 2163 rim
1977 2108 2092 2163 haec
2123 2122 2223 2177 pro
2266 2121 2332 2163 eo
2366 2105 2510 2175 quod
2557 2103 2687 2159 illud
2735 2118 2901 2159 unum
2932 2102 3197 2172 originale
3223 2119 3421 2175 pecca-

1837 2205 1949 2253 tum
1989 2197 2170 2268 plures
2198 2198 2397 2253 habeat
2432 2194 2674 2262 ell'ectus,
2720 2202 2777 2250 et
2806 2193 2933 2264 quia
2966 2194 3020 2249 in
3061 2194 3151 2250 ille
3180 2210 3287 2248 uno
3312 2194 3425 2249 ori-

1835 2287 1999 2359 ginali
2040 2295 2263 2359 peccato
2305 2285 2527 2358 intelligi
2558 2284 2713 2356 plura
2749 2294 2999 2354 possunt,
3042 2285 3112 2350 si,
3140 2287 3296 2354 quasi
3327 2300 3424 2355 per

1836 2377 2077 2433 membra
2104 2375 2313 2447 singula
2337 2375 2649 2431 dividantur
2675 2390 2692 2429 :
2735 2383 2789 2430 et
2820 2374 3060 2430 maxime
3088 2375 3212 2444 quia
3244 2375 3295 2429 in
3319 2374 3426 2431 hoc

1835 2468 2027 2540 plurali
2058 2484 2285 2524 numero
2308 2467 2566 2537 intelligo,
2591 2466 2732 2522 sicut
2754 2476 2809 2522 et
2834 2475 2889 2521 tu
2912 2466 3049 2538 ipse,
3074 2466 3240 2532 Deus,
3266 2467 3426 2522 intel.

1836 2561 1982 2634 ligis,
2011 2560 2385 2632 singularem;
2430 2568 2490 2614 ut
2516 2573 2639 2615 cum
2688 2560 2915 2631 angeius
2961 2568 3084 2614 tuus
3118 2560 3172 2615 in
3219 2562 3425 2616 somnis

1837 2653 2089 2725 apparuit
2125 2652 2325 2724 Ioseph
2376 2652 2563 2708 dicens
2593 2667 2609 2707 :
2634 2650 2786 2707 Tolle
2832 2666 3060 2721 puerum
3097 2659 3152 2707 et
3193 2662 3425 2707 matrem

1837 2743 1977 2815 ejus,
2025 2752 2083 2801 et
2125 2744 2263 2799 vade
2313 2743 2366 2798 in
2396 2752 2598 2799 terram
2648 2741 2851 2808 Israel;
2883 2742 3123 2799 defuncti
3153 2752 3300 2807 sunt,
3330 2743 3425 2814 qui

1840 2836 2156 2907 quaerebant
2182 2834 2418 2891 animam
2447 2832 2631 2904 pueri;
2660 2830 2927 2891 defuncti.
2946 2833 3426 2904 pluraliterdixisti

1838 2943 1938 2999 per
1984 2926 2257 2998 angelum,
2306 2939 2414 2981 non
2455 2924 2763 2990 defunctus,
2810 2924 3060 2995 quamvis
3098 2924 3428 2996 intelligeres

1842 3016 2193 3088 singulariter
2241 3015 2309 3071 de
2352 3013 2589 3078 Herode,
2634 3013 2727 3083 qui
2781 3020 2909 3068 tunc
2951 3013 3099 3069 solus
3152 3017 3430 3085 quaerebat

148 3126 242 3192 qui
273 3140 459 3181 coram
500 3132 555 3179 te
591 3122 726 3193 justi
764 3123 1130 3190 invenientur,
1180 3121 1508 3178 laetabuntur
1554 3138 1736 3180 coram

1843 3082 1967 3161 eum
2020 3119 2246 3176 puerum
2298 3105 2366 3160 ad
2396 3103 2753 3175 perdendum.
2809 3100 2916 3158 Sed
2961 3112 3017 3160 et
3064 3082 3277 3176 Moyses
3298 3105 3426 3161 dum
3488 3170 3491 3173 η

146 3229 221 3283 te,
272 3219 416 3274 sicut
444 3218 536 3289 qui
578 3216 830 3272 laetantur
874 3216 929 3272 in
979 3230 1175 3272 messe.
1213 3216 1319 3273 Sed
1353 3231 1453 3288 ego
1482 3213 1734 3285 iniustus,

145 3307 238 3377 qui
275 3322 458 3363 coram
488 3307 799 3365 hominibus
840 3308 1160 3379 iniustitiam
1199 3322 1402 3376 meam,
1443 3316 1499 3366 et
1535 3308 1737 3364 malum

144 3412 334 3451 coram
381 3406 434 3452 te
473 3396 597 3464 feci,
646 3412 790 3453 nunc
829 3397 897 3453 de
937 3397 1094 3453 malis
1143 3399 1282 3453 meis
1317 3413 1502 3471 coram
1536 3407 1588 3453 te
1614 3414 1740 3452 eru-

144 3489 336 3544 besco.
384 3487 556 3545 Parce
601 3502 733 3558 ergo
784 3488 943 3553 mihi,
992 3488 1137 3545 Deus
1185 3504 1362 3555 meus,
1413 3504 1579 3559 parce
1606 3490 1736 3546 mihi

149 3580 525 3637 amarissimos
571 3582 806 3652 gemitus
854 3582 1188 3653 paenitentiae
1235 3592 1292 3638 et
1337 3582 1607 3653 profunda
1642 3599 1737 3640 su-

146 3680 317 3750 spiria
349 3679 416 3734 ab
446 3680 555 3736 imo
588 3679 827 3750 pectoris
857 3676 1177 3748 proferenti.
1210 3676 1281 3734 Ut
1332 3686 1387 3733 tu
1430 3678 1522 3748 qui
1550 3678 1739 3734 dixisti

144 3788 244 3842 per
280 3774 541 3842 Spiritum
593 3781 842 3829 sanctum
882 3779 1031 3827 tuum
1065 3788 1080 3825 :
1122 3770 1181 3826 ln
1227 3785 1553 3840 quacunque
1603 3771 1739 3826 hora

146 3862 473 3933 ingemuerit
531 3872 829 3935 peccator,
895 3862 1138 3918 omnium
1196 3861 1539 3930 iniquitatum
1600 3859 1737 3928 ejus,

147 3975 285 4028 quas
313 3969 565 4030 operatus
614 3967 718 4020 est,
756 3973 864 4012 non
910 3955 1264 4020 recordabar,
1300 3953 1642 4023 justiﬁceris;
1686 3960 1743 4008 et

142 4048 327 4119 justus
355 4058 410 4104 et
443 4064 634 4113 verax,
683 4046 827 4103 sicut
872 4061 952 4110 es,
1006 4043 1303 4101 inveniaris
1333 4043 1391 4098 in
1416 4042 1743 4098 sermonibus

148 4139 289 4204 tuis;
319 4139 445 4208 quia
476 4153 658 4195 sermo
696 4145 827 4194 tuus
844 4137 1048 4193 veritas
1083 4144 1200 4202 est,
1234 4142 1290 4192 et
1330 4149 1426 4191 eos
1454 4132 1744 4190 mendaces

148 4230 426 4292 ostendes,
467 4230 560 4301 qui
612 4230 805 4286 dicunt
846 4229 988 4299 quod
1027 4228 1159 4283 mihi
1216 4226 1595 4299 ingemiscenti
1634 4241 1742 4282 non

146 4337 363 4391 parces.
401 4322 466 4377 Et
486 4337 581 4379 eos
604 4323 804 4386 uincas,
832 4336 955 4377 cum
983 4320 1052 4376 ab
1074 4321 1206 4390 ipsis
1235 4328 1318 4383 tu,
1344 4318 1429 4375 cui
1465 4318 1743 4389 proprium

1841 3205 2013 3253 staret
2039 3196 2093 3250 in
2110 3194 2482 3251 confractione
2518 3192 2572 3248 in
2603 3200 2895 3260 conspectu
2923 3201 3041 3259 tuo,
3069 3202 3131 3249 ut
3151 3203 3430 3250 avertere:

1840 3288 1976 3343 iram
2000 3295 2169 3353 tuam,
2194 3284 2497 3357 designavit
2522 3283 2575 3339 in
2599 3282 2795 3353 plurali
2824 3286 3055 3341 numero
3073 3284 3426 3357 singularem,

1839 3392 1962 3434 cum
2010 3377 2150 3433 dixit
2181 3392 2197 3432 :
2225 3376 2477 3434 Peccavit
2524 3374 2755 3446 populus
2796 3376 2899 3432 iste
2944 3384 3227 3448 peccatum
3256 3377 3430 3433 maxi-

1839 3487 2009 3535 mum,
2041 3470 2287 3527 fecerunt
2328 3470 2431 3527 sibi
2468 3472 2601 3528 deos
2627 3484 2859 3537 aureos;
2890 3469 3021 3528 licet
3048 3486 3215 3527 unum
3254 3472 3431 3528 solum

1838 3564 2067 3619 vitulum
2102 3563 2509 3621 conflavissent.
2532 3563 2611 3622 De
2634 3582 2743 3638 quo
2766 3566 2932 3623 etiam
2959 3564 3430 3637 vitulosingulari,

1839 3656 2124 3728 pluraliter
2158 3657 2501 3713 addiderunt.

1912 3749 2002 3804 14.
2036 3748 2096 3803 In
2121 3748 2500 3817 iniquitatibus
2530 3747 2882 3818 originalibus
2911 3754 2966 3803 et
2996 3747 3303 3802 actualihus
3343 3762 3432 3802 me

1840 3844 2185 3909 conceptum,
2232 3838 2473 3909 intelligo
2525 3839 2707 3894 dicere
2748 3853 2835 3893 me
2884 3847 3201 3908 conceptum
3239 3838 3294 3891 in
3339 3836 3433 3892 illo

1841 3948 1951 3989 uno
1975 3942 2031 3988 et
2059 3932 2320 4001 singulari
2351 3930 2606 4003 originali
2648 3939 2893 4001 peccato,
2926 3931 2980 3984 in
3027 3944 3136 4000 quo
3162 3944 3352 3986 omnes
3377 3929 3431 3984 in

1843 4027 2016 4083 Adam
2042 4035 2428 4097 peccaverunt,
2472 4032 2534 4079 ut
2579 4024 2632 4078 in
2666 4021 2937 4078 materiali
2977 4036 3180 4077 massa.
3211 4019 3347 4075 Nam
3376 4020 3431 4077 in

1842 4134 1909 4175 eo
1938 4117 2276 4175 seminaliter
2310 4131 2502 4173 omnes
2544 4118 2724 4179 erant,
2778 4114 2997 4184 quando
3028 4114 3143 4185 ipse
3180 4120 3434 4168 naturam

1844 4208 2087 4279 eorrupit
2155 4208 2481 4273 humanam;
2534 4215 2591 4263 et
2634 4208 2703 4261 ab
2752 4207 2845 4263 illo
2886 4220 2999 4261 uno
3042 4204 3281 4269 homine,
3338 4203 3434 4273 qui

1844 4301 2086 4357 omnium
2118 4309 2360 4357 nostrum
2390 4299 2492 4354 fuit
2524 4298 2753 4354 materia
2784 4307 2841 4353 et
2879 4297 3055 4367 origo,
3085 4310 3275 4350 omnes
3302 4309 3436 4349 cou-

148 4384 236 4469 est
264 4414 513 4469 misereri
539 4428 755 4485 semper
774 4384 830 4469 et
854 4384 1510 4484 parcere,-immisericors
1529 4384 1746 4481 jitdica-
1770 4418 1823 4479 ι)
1846 4390 2308 4485 θυρίδοθξιίίδίῖιθι·
2352 4390 2772 4485 ἀθεεεηξῖθτωην
2813 4396 2869 4485 εξ
2907 4402 3006 4459 Per
3030 4384 3439 4485 ρνορεεειίοπξῖε

149 4503 251 4557 ris.
300 4502 619 4569 Considera,
650 4504 964 4560 misericors
998 4504 1159 4566 Deus,
1194 4502 1554 4557 substantiam
1594 4500 1743 4555 inllr-

150 4597 361 4653 mitatis
406 4605 459 4651 et
493 4596 830 4666 paupertatis
878 4611 1048 4662 meae;
1096 4603 1154 4652 et
1193 4594 1420 4651 ostende
1457 4607 1622 4662 super
1659 4606 1746 4648 me

154 4688 583 4759 magnitudinem
612 4687 830 4758 pietatis
868 4695 994 4751 tuae,
1021 4695 1077 4742 et
1099 4687 1154 4741 in
1178 4686 1503 4741 immensum
1535 4682 1747 4739 miseri-

152 4781 359 4835 cordiae
392 4788 497 4835 tuae
539 4778 764 4848 pelagus
795 4793 880 4833 me
918 4778 1129 4844 attolle,
1155 4787 1210 4834 et
1252 4786 1342 4832 tua
1371 4776 1604 4847 benigna
1633 4774 1745 4831 cle-

153 4874 362 4929 mentia
388 4876 570 4930 omnia
619 4883 844 4946 peccata
887 4887 1006 4928 mea
1054 4872 1302 4935 remitte;
1335 4885 1456 4940 quas
1502 4868 1635 4923 mihi
1676 4883 1746 4924 ex

152 4962 409 5033 originali
460 4973 688 5034 peccato
728 4963 1096 5029 adhaeserunt,
1148 4968 1243 5014 aut
1277 4975 1341 5015 ex
1376 4957 1747 5028 pravitatibus

154 5054 299 5110 meis
323 5065 511 5125 postea
556 5061 1019 5127 supervenerunt;
1048 5061 1103 5109 et
1138 5052 1207 5108 ab
1234 5050 1342 5115 his,
1374 5048 1623 5114 Domine,
1660 5061 1748 5103 me

155 5144 458 5201 clementer
476 5147 727 5209 emunda,
757 5154 812 5201 et
837 5145 1091 5201 omnibus
1111 5140 1428 5215 parentibus
1445 5139 1591 5227 {meis
1614 5153 1745 5195 con-

154 5238 298 5293 cede
324 5236 521 5306 gaudia
544 5236 893 5307 sempiterna.

232 5328 322 5382 15.
351 5325 448 5398 (ν.
474 5327 561 5399 7.)
589 5326 725 5383 Ecce
749 5328 888 5383 enim
918 5326 973 5381 in
1008 5322 1373 5395 iniquitatibus
1398 5319 1751 5391 originalibus

159 5426 218 5474 et
238 5417 543 5475 actualihus
567 5426 843 5488 conceptus
876 5432 993 5470 sum
1021 5413 1116 5485 (6).
1151 5411 1261 5468 Nec
1290 5410 1581 5479 intelligas,
1608 5410 1749 5465 Deus

240 5609 317 5680 (6)
355 5610 658 5666 Observent
688 5608 922 5680 theolOgi
948 5625 1090 5671 eam,
1126 5623 1245 5678 quis
1269 5605 1532 5680 sequitur,
1556 5602 1746 5659 Ausel-

159 5677 335 5738 mide
387 5690 612 5750 peccato
654 5677 910 5750 origiuaii
964 5677 1239 5749 copiosam
1272 5677 1595 5742 doctrinam,
1629 5690 1751 5747 qua“:

1845 4482 2247 4540 successionem
2297 4490 2355 4539 et
2409 4480 2594 4537 carnis
2640 4478 3168 4550 concupiscentiam,
3222 4476 3440 4533 occulte

1845 4574 1939 4630 illa
1967 4574 2246 4644 corruptio
2275 4574 2329 4628 in
2368 4581 2614 4643 posteros
2634 4569 2978 4642 demigravit.
3001 4567 3113 4623 Nec
3137 4576 3317 4623 tamen
3329 4567 3442 4623 hoc

1845 4664 1979 4722 fecit
2021 4664 2362 4736 propagatio,
2396 4663 2489 4718 sed
2524 4661 2690 4718 libido
2724 4679 2738 4716 :
2770 4675 2874 4716 non
2926 4668 3136 4715 naturae
3184 4659 3443 4715 humanae

1846 4758 2174 4822 fecunditas,
2208 4756 2301 4811 sed
2328 4754 2568 4810 libidinis
2601 4752 2844 4816 fceditas,
2866 4767 3028 4822 quam
3055 4752 3308 4808 homines
3329 4750 3433 4805 ha-

1847 4846 1978 4903 bent
2002 4862 2071 4902 ex
2106 4846 2250 4901 illius
2290 4844 2454 4916 primi
2489 4842 2794 4913 justissima
2830 4851 2945 4907 tua,
2979 4840 3142 4904 Deus,
3167 4838 3439 4895 condem-

1847 4941 2069 4996 natione
2090 4938 2321 5010 peccati.
2354 4936 2470 4991 Non
2500 4937 2645 4992 enim
2672 4935 2798 5006 quia
2836 4935 2905 4990 ab
2931 4933 3102 4989 Adam
3133 4947 3232 5003 per
3253 4930 3437 4986 carnis

1847 5031 2292 5104 propagationem
2332 5027 2734 5091 descendimus,
2770 5026 2892 5081 ideo
2925 5021 3180 5094 originali
3212 5030 3437 5092 peccato

1850 5132 2119 5186 tenemur,
2148 5135 2271 5175 cum
2311 5126 2367 5174 et
2416 5127 2473 5172 tu
2503 5117 2638 5187 ipse,
2669 5115 2895 5170 Domine
2921 5113 3047 5169 Jesu
3075 5111 3314 5179 Christe,
3343 5107 3436 5179 qui

1850 5215 1998 5274 omni
2050 5220 2278 5284 peccato
2315 5208 2564 5281 originali
2599 5218 2656 5264 et
2701 5206 2906 5262 actuali
2951 5204 3170 5277 penitus
3190 5200 3435 5267 caruisti,

1850 5308 1904 5363 in
1933 5304 2383 5361 medicamentum
2419 5298 2593 5355 nostri
2623 5298 2884 5364 vulneris,
2914 5297 3034 5352 sine
3054 5308 3221 5365 opere
3242 5305 3439 5348 concu-

1849 5398 2178 5471 piscentiali,
2231 5397 2283 5452 in
2329 5396 2445 5451 sola
2490 5394 2721 5453 materia
2767 5387 3061 5461 corporali,
3088 5394 3144 5445 et
3177 5400 3277 5457 per
3300 5383 3441 5442 divi-

1856 5599 2063 5653 uliliter
2104 5595 2415 5651 conferetur
2455 5608 2576 5650 cum
2609 5590 2849 5658 ejusdem
2881 5586 2987 5643 divi
3022 5586 3161 5644 libro
3201 5584 3277 5642 De
3306 5598 3437 5641 con-

1857 5680 2016 5741 ceptu
2044 5667 2293 5741 virginali
2320 5675 2375 5723 et
2406 5662 2654 5738 originali
2687 5668 2930 5732 peccato.
