3906 6058
461 212 563 270 83!

819 207 878 262 s.
919 200 1220 260 ANSELMI
1262 193 1612 256 CANTUAR.
1653 190 1973 248 ARCHIEP.
2005 186 2155 243 ore.
2191 184 2369 240 rans
2407 186 2470 240 n.
2510 214 2580 224 —
2609 183 2977 238 PARASXET.
3022 182 3105 237 ET
3132 181 3375 239 ascur.

3655 177 3772 239 833

467 322 1048 393 nam‘conce'ptionem,
1082 313 1504 382 formatorisque
1535 311 1801 366 rationem
1825 308 2047 363 desceu-
2075 305 2122 364 Α
2153 309 2263 356 tam
2307 298 2600 354 violentum
2643 297 2943 352 dominium
2989 304 3354 360 exercentem,
3400 299 3548 367 quod
3602 298 3769 366 inge-

469 420 611 475 deris
634 418 701 471 ab
723 415 935 470 eodem.
967 411 1075 468 Sed
1103 408 1228 480 quia
1255 404 1504 473 concepti
1529 417 1716 458 sumus
1747 400 1832 454 illa
1855 399 2049 456 vitiosa

464 509 584 571 lcttc
629 502 995 572 concipiendi,
1033 499 1190 555 nobis
1237 511 1302 552 ex
1341 502 1565 563 peccato
1615 491 1776 563 primi
1816 488 2052 546 hominis

463 571 677 650 occulte
721 571 1214 648 etimiserahiliter
1264 587 1568 652 accedenti,
1617 585 1740 640 ideo
1773 580 2052 654 originalis

465 685 673 751 peccati
712 699 776 740 ex
827 691 919 738 tua
961 682 1288 752 justissima,
1327 680 1493 746 Deus,
1545 675 1815 733 sententia
1859 673 1938 729 rei
1962 687 2053 729 suo

470 792 608 832 mus.
665 774 801 830 Nam
852 773 1308 844 quemadmodum
1354 778 1454 835 tu,
1493 768 1638 822 Deus
1689 762 2050 836 omnipotens,

469 869 716 940 cognitor
741 867 1100 930 occultorum,
1143 862 1566 919 occultissimum
1603 859 1834 930 gratiam
1875 854 2051 926 Spiri—

470 969 558 1017 tus
581 960 752 1016 sancti
778 959 851 1014 tui
870 959 1099 1013 latenter
1125 954 1363 1012 infundis
1383 953 1490 1018 tuis
1517 951 1787 1014 fidelibus,
1806 959 1864 1004 et
1886 949 2050 1004 etiam

469 1052 708 1122 parvulis
759 1050 813 1105 in
851 1049 1156 1121 baptismo;
1205 1046 1287 1102 sic
1333 1053 1390 1100 et
1425 1044 1586 1099 homo
1625 1041 1736 1107 ille,
1767 1055 1864 1112 per
1891 1052 2053 1109 quem

472 1146 573 1200 hoc
603 1150 881 1213 peccatum
925 1138 1189 1211 originale
1230 1135 1454 1192 intravit
1489 1134 1543 1190 in
1588 1131 1868 1195 mundum,
1904 1130 1956 1186 in
1995 1143 2055 1186 se

467 1250 660 1292 omnes
687 1234 754 1289 de
780 1232 950 1302 stirpe
995 1244 1093 1286 sua
1123 1237 1382 1285 venturos
1409 1224 1618 1282 occulta
1651 1223 1771 1278 labe
1809 1231 1864 1278 et
1893 1220 2052 1277 fcedi-

472 1336 583 1382 tate
616 1341 728 1382 suae
751 1322 1051 1380 libidinosa:
1086 1318 1538 1390 concupiscentia:
1563 1315 1700 1371 adeo
1737 1312 2051 1379 labificavit,

471 1418 613 1488 quod
640 1417 817 1471 anima
845 1429 876 1469 a
921 1423 994 1480 te,
1030 1414 1190 1478 Deus,
1214 1410 1450 1468 creando
1479 1407 1657 1463 infusa
1687 1405 1906 1476 corpori
1933 1403 2056 1459 tali-

472 1520 554 1564 ter
584 1507 871 1574 labefacta,
903 1505 1170 1562 maculata
1200 1503 1461 1574 polluitur
1493 1509 1548 1557 et
1579 1498 1816 1555 findatur
1849 1514 1864 1552 :
1908 1496 2052 1553 sicut

469 1604 525 1658 in
555 1615 680 1654 vase
711 1613 816 1654 non
851 1597 1066 1653 sincero
1090 1596 1276 1650 vinum
1305 1593 1568 1658 infusum,
1597 1591 1724 1647 licet
1765 1590 2051 1659 optimum,

473 1691 709 1746 inlicitur
733 1698 791 1745 et
831 1689 1070 1754 acescit;
1109 1699 1163 1743 et
1204 1688 1260 1743 in
1293 1687 1381 1742 illa
1411 1686 1682 1742 inlusione
1722 1688 1838 1758 ipsa
1868 1688 2054 1742 anima

473 1781 834 1837 damnationis
879 1779 1208 1836 sententiam
1255 1779 1310 1834 in
1375 1793 1494 1835 sese
1529 1778 1734 1849 justam
1781 1781 2056 1851 excipiens

472 1872 681 1941 culpam
710 1871 984 1928 contrahit
1004 1878 1058 1926 et
1079 1879 1312 1938 reatum,
1343 1879 1401 1926 et
1419 1886 1595 1943 poena:
1615 1881 1892 1943 perpetuae
1919 1871 2056 1928 obli-

472 1974 649 2034 gatur.

541 2055 630 2109 15.
649 2054 776 2121 Sed,
811 2069 846 2111 ο
875 2054 1122 2123 Domine,
1153 2054 1284 2124 quid
1321 2054 1519 2124 dicam,
1551 2057 1679 2126 quid
1699 2056 2052 2126 respondebo,

471 2160 594 2200 cum
633 2159 751 2199 mea
797 2145 1124 2202 sensualitas
1171 2159 1228 2202 a.
1261 2159 1380 2199 mea
1431 2145 1794 2217 interrogetur
1845 2146 2058 2200 ratione

471 2234 743 2305 quomodo
782 2236 886 2293 hoc
914 2245 1094 2307 potest
1128 2249 1270 2301 esse,
1297 2243 1358 2289 ut
1383 2249 1508 2290 cum
1533 2237 1782 2306 originali
1834 2245 2057 2306 peccato

473 2339 729 2384 nascatur
760 2329 1036 2399 parvulus,
1067 2329 1286 2400 genitus
1325 2349 1356 2388 a
1397 2329 1717 2403 parentibus
1745 2329 2054 2399 haptizatis,

471 2432 596 2473 cum
646 2433 753 2473 non
804 2421 1015 2490 possint
1065 2421 1120 2476 in
1176 2423 1323 2478 illum
1355 2423 1743 2480 transfundere
1769 2421 1912 2494 quod
1949 2437 2058 2478 non

471 2507 708 2562 habent?
737 2508 899 2574 Ecce,
927 2509 1175 2576 Domine,
1203 2511 1296 2580 qui
1341 2513 1574 2568 docuisti
1602 2525 1690 2567 me
1718 2525 1749 2565 a
1772 2510 2059 2580 juventute

473 2615 591 2654 mea
623 2607 770 2655 stare
795 2615 961 2670 super
983 2601 1102 2657 vias
1139 2616 1310 2670 meas,
1339 2611 1396 2658 et
1425 2602 1767 2674 interrogare
1798 2603 1865 2658 de
1894 2601 2061 2658 semi-

471 2692 544 2744 tis
571 2690 828 2760 antiquis,
851 2706 948 2761 per
975 2692 1194 2748 easdem
1219 2695 1475 2765 antiquas
1494 2692 1717 2752 semitas
1739 2693 2062 2764 simpliciter

471 2782 815 2849 ambulando,
853 2783 1107 2840 existimo
1155 2787 1298 2854 quod
1343 2787 1533 2842 eodem
1566 2787 1746 2852 modo,
1777 2801 1888 2856 quo
1931 2800 2060 2855 par-

471 2875 628 2930 vulus
670 2875 800 2930 olim
847 2890 971 2930 cum
1025 2877 1290 2947 prazputio
1333 2880 1683 2948 nascebatur,
1732 2894 1891 2949 quem
1945 2888 2058 2934 tum

471 2975 726 3033 parentes
755 2977 1152 3034 generaverunt
1181 2968 1485 3024 circumcisi
1510 2985 1524 3035 ;
1552 2979 1609 3025 et
1635 2971 1904 3040 quomodo
1923 2984 2058 3040 quo-

473 3055 606 3112 tidie
635 3072 862 3127 granum
892 3057 1132 3132 nudum,
1184 3073 1214 3111 a
1244 3057 1400 3128 palea
1451 3061 1688 3116 humano
1722 3073 1884 3130 opere
1933 3075 2056 3114 cum

470 3148 751 3218 diligentia
799 3156 1130 3216 separatum,
1169 3157 1228 3202 et
1257 3149 1337 3205 sic
1369 3150 1717 3216 seminatum,
1756 3165 1877 3207 cum
1909 3151 2061 3220 palea

472 3249 650 3293 tamen
689 3238 932 3293 nascitur
957 3249 1011 3293 et
1039 3242 1312 3314 exsurgit;
1342 3243 1422 3300 sic
1442 3252 1500 3298 et
1531 3258 1630 3314 ego
1656 3259 1778 3298 cum
1809 3229 2059 3311 originali

471 3338 693 3398 peccato
735 3343 821 3383 me
848 3328 1023 3385 fateor
1057 3344 1180 3387 esse
1202 3342 1411 3401 natum,
1455 3334 1581 3390 licet
1609 3343 1687 3401 tu,
1719 3333 1861 3389 Deus
1888 3333 2064 3388 omni-

477 3429 688 3488 potens,
734 3435 988 3492 parentes
1022 3443 1174 3483 meos
1199 3428 1267 3483 ab
1297 3426 1390 3481 illo
1423 3426 1767 3481 mundaveris
1795 3425 1846 3480 in
1879 3425 2062 3496 bapti-

473 3522 591 3564 smo
619 3529 630 3562 :
669 3515 924 3580 quoniam
950 3517 1052 3587 ipsr
1085 3532 1172 3572 me
1196 3531 1264 3572 ex
1294 3517 1397 3571 hoc
1425 3516 1716 3572 carnaliter
1736 3525 2057 3584 genuerunt,

477 3599 620 3667 quod
651 3615 717 3655 ex
766 3613 1053 3673 peccatore
1097 3616 1283 3662 vetere
1315 3607 1533 3663 homine
1561 3616 1973 3674 contraxerunt,
2004 3616 2062 3664 et

475 3705 580 3745 non
631 3695 926 3750 secundum
971 3697 1118 3752 illam
1143 3699 1571 3769 generationem,
1602 3713 1709 3768 qua
1747 3698 1924 3754 denuo
1946 3697 2060 3753 nati

441 3828 444 3830 η
473 3793 629 3840 erant
646 3825 662 3849 ,
703 3787 802 3841 'sed
833 3787 1035 3856 potius,
1059 3779 1184 3860 quia
1208 3798 1264 3845 et
1287 3789 1391 3861 ipsi
1418 3789 1632 3846 fuerant
1654 3789 1949 3846 carnaliter
1966 3803 2061 3860 ge.

473 3881 668 3934 nerati.
692 3881 758 3936 Et
783 3881 887 3938 hoc
913 3884 1229 3940 recordatus
1252 3892 1467 3949 sum,et
1490 3883 1653 3939 ell'udi
1683 3885 1736 3938 in
1762 3899 1849 3938 me
1870 3897 2059 3938 coram

474 3978 528 4024 te
554 3972 787 4030 animam
834 3989 1036 4038 meam,
1066 3975 1232 4042 Deus,
1267 3985 1326 4030 ut
1359 3974 1653 4044 intelligam
1676 3972 2061 4029 miserabiliter

474 4057 528 4112 in
559 4074 643 4115 me
673 4060 896 4129 factum,
924 4064 1067 4133 quod
1118 4063 1208 4118 ille
1253 4064 1460 4134 primus
1508 4064 1690 4127 homo,
1728 4077 1852 4118 cum
1881 4063 1937 4118 in
1967 4063 2060 4118 ho-

474 4165 606 4205 nore
637 4161 796 4215 esset,
832 4153 883 4206 in
922 4169 982 4209 se
1017 4169 1123 4208 non
1168 4153 1436 4210 intellexit
1485 4169 1517 4210 a
1562 4163 1614 4209 te
1648 4152 1952 4223 justissime
1975 4153 2058 4208 fa-

474 4245 746 4300 ciendum.
802 4246 882 4301 Tn
914 4255 1117 4322 autem,
1159 4249 1323 4313 Deus,
1353 4246 1445 4316 qui
1477 4246 1632 4302 dives
1660 4261 1722 4302 es
1751 4247 1806 4302 in
1845 4247 2059 4302 miseri-

2151 393 2386 448 miscens
2429 390 2532 445 sub
2565 404 2735 445 onere
2777 389 2882 444 isto
2913 387 3063 458 gravi
3097 402 3322 443 necesse
3357 388 3530 444 habeo
3555 389 3766 444 excla-

2149 497 2350 540 mare:
2385 480 2577 536 Infelix
2626 495 2728 550 ego
2765 479 2948 541 homo,
2999 478 3090 548 qui
3142 493 3240 547 per
3291 493 3378 533 me
3428 480 3496 534 de
3527 478 3760 535 crudeli

2153 573 2390 629 dominio
2435 573 2539 628 isto
2587 571 2770 626 carnis
2807 570 3028 624 liberari
3087 585 3194 623 non
3232 571 3636 641 possum,quis
3671 585 3765 626 me

2153 665 2406 722 liberabit
2438 665 2505 720 de
2551 677 2781 733 corpore
2823 662 3016 718 mortis
3047 660 3244 730 hujus?
3288 661 3450 717 Certe
3497 679 3615 718 non
3675 663 3764 718 lex

2153 758 2372 829 Moysis,
2420 771 2528 812 non
2557 754 2856 826 prophetae,
2898 767 3005 806 non
3033 751 3266 822 propriae
3293 751 3436 808 vires
3459 769 3622 818 meae,
3661 752 3763 809 sed

2153 849 2329 921 gratia
2360 857 2473 914 tua,
2506 848 2670 912 Deus,
2703 861 2798 916 per
2817 843 3001 900 Jesum
3033 844 3308 899 Christum
3337 844 3631 899 Dominum
3659 859 3762 898 no-

2154 949 2364 1007 strum;
2393 953 2552 1010 quem
2586 947 2696 1003 tua,
2722 937 2902 1000 Pater,
2925 935 3297 991 misericordia
3324 933 3456 989 mihi
3483 933 3666 997 dedit,
3702 943 3764 988 ut

2156 1047 2255 1103 per
2277 1047 2402 1088 eum
2444 1029 2819 1086 remissionem
2859 1026 3120 1096 accipiam
3151 1036 3518 1097 peccatorum.
3556 1026 3619 1082 In
3649 1026 3760 1082 hoc

2157 1134 2338 1181 autem
2369 1121 2678 1188 considero,
2709 1130 2767 1178 et
2793 1120 3026 1190 suspiro,
3042 1119 3398 1190 iustissimam
3417 1118 3759 1176 condemna-

2157 1213 2321 1270 tionis
2361 1210 2687 1267 sententiam
2721 1216 2892 1274 tuam,
2917 1208 3082 1276 Deus,
3113 1223 3278 1279 quam
3309 1209 3361 1263 in
3387 1208 3559 1264 Adam
3597 1217 3657 1263 et
3692 1208 3750 1262 i

2155 1304 2272 1374 ejus
2298 1312 2542 1375 posteros
2580 1302 2790 1358 ratione
2817 1301 2960 1356 illius
3000 1301 3383 1357 inohedientia:
3412 1300 3694 1373 protulisti
3729 1319 3745 1356 :

2156 1398 2301 1469 quod
2337 1395 2590 1452 videlicet
2619 1410 2729 1452 non
2762 1401 2850 1451 est
2867 1395 3085 1466 aliquis,
3107 1394 3201 1465 qui
3231 1394 3394 1450 etiam
3421 1402 3544 1464 post
3565 1394 3755 1465 bapti-

2155 1502 2331 1544 smum
2362 1486 2559 1542 vixerit
2587 1486 2640 1542 in
2667 1485 2769 1541 hac
2797 1500 2987 1552 carne,
3015 1486 3107 1556 qui
3137 1501 3248 1541 non
3275 1484 3344 1540 ab
3369 1483 3530 1555 hujus
3555 1485 3751 1542 hostili

2157 1574 2596 1647 concupiscentia
2627 1572 2916 1646 allligatur,
2948 1574 3052 1630 nisi
3095 1573 3237 1630 forte
3283 1572 3539 1630 ineﬂ‘ahili
3571 1574 3750 1628 mira-

2086 1648 2130 1708 Β
2158 1666 2279 1722 culo
2322 1665 2392 1720 ab
2420 1662 2810 1735 omnipotentia
2851 1671 2965 1731 tua,
3014 1662 3185 1731 Deus,
3219 1662 3307 1719 lex
3355 1663 3588 1734 peccati,
3623 1678 3751 1735 qua

2158 1765 2241 1814 est
2296 1757 2351 1813 in
2402 1755 2662 1811 membris
2707 1754 2850 1826 ejus,
2885 1756 2939 1810 in
2983 1770 3050 1810 eo
3093 1755 3308 1826 penitus
3343 1756 3748 1827 exstinguatur,

2158 1847 2301 1918 quod
2327 1845 2484 1901 valde
2507 1860 2762 1917 maguum
2789 1845 3130 1922 privilegium
3157 1855 3240 1901 est
3269 1860 3584 1914 paucorum.
3615 1845 3750 1901 Inde

2161 1947 2336 1992 tamen
2375 1937 2578 2008 gratias
2625 1935 2718 1991 tibi
2774 1951 2874 2008 ago
2900 1936 3196 2008 gratiarum
3223 1936 3431 2006 optimo
3473 1935 3750 2007 largitori,

2159 2028 2284 2096 quia
2314 2027 2415 2083 etsi
2457 2027 2558 2083 iste
2581 2027 2912 2083 domesticus
2940 2027 3111 2082 hostis
3145 2041 3318 2093 meus,
3355 2027 3444 2083 hic
3468 2027 3747 2094 stimulus,

2159 2119 2248 2174 hic
2279 2128 2564 2190 tyrannus,
2604 2119 2659 2173 in
2695 2133 2782 2175 me
2813 2127 3033 2176 maneat
3076 2127 3198 2190 post
3232 2119 3584 2190 baptismum,
3633 2136 3749 2178 non

2162 2219 2340 2264 tamen
2371 2210 2507 2264 adeo
2536 2209 2842 2266 dominatur
2871 2221 2927 2263 et
2967 2217 3176 2279 regnat,
3207 2218 3268 2264 ut
3307 2219 3468 2275 ante;
3499 2211 3594 2267 sed
3619 2219 3751 2282 post

2160 2300 2411 2371 baptismi
2442 2300 2669 2370 gratiam
2699 2299 3040 2368 debilitatur;
3070 2300 3322 2357 inimicus
3359 2300 3658 2372 mitigatur,
3688 2311 3753 2357 ut

2160 2392 2214 2448 in
2239 2409 2324 2448 me
2353 2409 2456 2448 non
2489 2391 2668 2448 valeat
2697 2393 2986 2460 dominari,
3016 2393 3121 2449 nisi
3144 2409 3245 2464 ego
3273 2393 3327 2448 in
3357 2409 3586 2450 vacuum
3615 2409 3750 2451 sus-

2160 2484 2366 2552 cipiens
2406 2484 2636 2554 gratiam
2685 2492 2857 2547 tuam.
2917 2484 3079 2550 Deus,
3129 2493 3184 2539 et
3211 2493 3335 2554 post
3355 2486 3752 2556 concupiscen—

2163 2576 2267 2632 tias
2297 2590 2446 2631 meas
2490 2575 2709 2640 vadens,
2755 2577 3039 2633 restituam
3068 2577 3215 2633 vires
3242 2575 3409 2646 hosti,
3450 2576 3630 2634 eidem
3659 2591 3754 2634 me

2157 2681 2255 2738 per
2283 2681 2604 2723 consensum
2641 2666 2888 2724 illicitum
2910 2669 3282 2741 supponenda.

2232 2774 2320 2830 l7.
2372 2774 2478 2832 Sed
2514 2777 2619 2832 heu
2669 2775 2802 2833 mihi
2839 2778 3038 2834 misero
3062 2778 3356 2850 peccatori,
3408 2779 3485 2835 mi
3517 2778 3753 2835 Domine

2160 2870 2476 2926 metuende!
2521 2869 2655 2926 Cum
2704 2870 2902 2927 scirem
2946 2872 3093 2942 quod
3129 2880 3184 2927 tu
3218 2887 3306 2928 me
3330 2871 3566 2942 gaudeas
3595 2871 3748 2943 (cod.

2160 2963 2358 3033 videns)
2383 2973 2630 3035 spectare
2657 2963 2972 3033 luctantem,
2999 2963 3191 3035 iuvare
3219 2965 3582 3032 deficientem,
3609 2967 3749 3024 sub-

2165 3053 2347 3110 levare
2394 3055 2698 3123 cadentem,
2754 3071 3015 3113 coronare
3055 3057 3394 3125 vincentem;
3442 3071 3593 3124 ecce,
3637 3057 3755 3114 Do-

2163 3143 2331 3209 mine,
2359 3151 2414 3198 tu
2444 3144 2646 3212 vidisti,
2674 3147 2930 3217 quoniam
2962 3148 3015 3202 in
3038 3162 3125 3203 me
3147 3146 3336 3203 insiliit
3360 3146 3540 3205 subito
3568 3148 3754 3206 hostis

2163 3234 2266 3290 iste
2303 3235 2565 3306 impulsus
2597 3238 2666 3294 ah
2697 3237 2791 3294 illo
2819 3238 2974 3308 cujus
3000 3239 3201 3296 halitus
3219 3255 3422 3310 prunas
3455 3240 3648 3296 ardere
3669 3239 3755 3296 fa-

2162 3325 2258 3392 cit,
2287 3335 2343 3381 et
2391 3327 2630 3396 quietem
2673 3332 2855 3388 cordis
2884 3331 2988 3387 mei
3032 3339 3088 3387 et
3130 3333 3373 3403 corporis
3393 3333 3752 3404 perturbavit.

2163 3417 2386 3486 Quoties
2419 3419 2692 3478 obscoenis
2717 3431 2775 3478 et
2809 3422 3183 3479 immundis‘et
3211 3425 3367 3480 vanis
3400 3424 3754 3494 cogitationi-

2161 3507 2264 3564 bus
2301 3523 2388 3565 me
2441 3511 2671 3581 turpiter
2697 3511 3121 3582 hlasphemavitl
3161 3513 3374 3583 quoties
3426 3514 3495 3570 ad
3520 3514 3756 3585 phalan-

2161 3614 2256 3671 ges
2290 3601 2472 3658 cordis
2517 3602 2622 3657 mei
2663 3617 2824 3659 mane
2855 3612 2910 3659 et
2936 3617 3163 3674 vespere
3195 3603 3542 3672 exclamavit,
3573 3613 3636 3661 ut
3677 3606 3751 3662 ad

2161 3693 2434 3765 singulare
2471 3705 2749 3752 certamen
2803 3697 3184 3754 descenderem
3235 3706 3422 3755 contra
3450 3698 3652 3768 ipsum,
3695 3710 3755 3753 et

2162 3785 2505 3842 all'ectionum
2545 3803 2791 3845 mearum
2835 3788 3142 3860 agminibus
3170 3790 3520 3861 exprobavit!
3552 3788 3752 3845 Vidisti

2161 3879 2348 3946 etiam,
2388 3881 2635 3948 Domine,
2686 3895 2755 3937 ex
2795 3882 3024 3938 adverso
3048 3882 3320 3952 quomodo
3349 3868 3541 3939 contra
3568 3882 3749 3952 ipsum

2160 3967 2306 4022 velut
2333 3967 2693 4038 pusillanimis
2719 3985 2829 4025 non
2861 3971 3086 4038 certavi,
3117 3970 3264 4027 velut
3293 3971 3528 4028 infidelis
3573 3970 3752 4042 illegi-

2161 4055 2294 4113 time
2324 4059 2614 4128 decertavi,
2645 4060 2731 4116 vel
2755 4061 2977 4118 omnino
2989 4062 3132 4119 solvi
3172 4064 3378 4120 militia:
3403 4079 3537 4120 meae
3559 4064 3750 4119 vincu-

2160 4147 2272 4205 lum
2324 4151 2655 4220 indecenter,
2733 4161 3024 4224 antequam
3085 4155 3135 4211 ei
3182 4156 3405 4212 cederet
3445 4155 3750 4213 adversitas

2158 4241 2486 4312 praeliorum.
2505 4243 2698 4299 Vidisti
2719 4243 2940 4316 insuper
2957 4245 3230 4315 (Domine,
3252 4261 3322 4301 ne
3341 4245 3510 4302 sileas
3528 4260 3595 4300 ac
3618 4261 3747 4316 pro—

473 4335 680 4398 cordia,
713 4334 992 4391 dimittens
1022 4336 1308 4407 originalia
1333 4345 1389 4392 et
1418 4336 1673 4403 actualia,
1703 4351 1812 4392 non
1837 4346 2057 4408 propter
2082 4349 2136 4411 Ῑ)
2159 4341 2281 4404 pler
2314 4333 2416 4389 hoc
2443 4331 2677 4390 ﬁnaliter
2715 4335 2960 4392 discedas
3002 4351 3032 4390 a
3061 4335 3169 4407 me)
3198 4335 3468 4407 quomodo
3495 4352 3619 4392 cum
3647 4337 3750 4391 bu-

473 4426 723 4480 meritum
756 4436 1023 4494 nostrum,
1058 4427 1152 4482 sed
1183 4435 1405 4497 propter
1439 4426 1665 4481 nimiam
1707 4427 2051 4492 cbaritatem,

471 4533 577 4584 qua
622 4518 854 4574 dilexisti
885 4534 1003 4584 nos,
1048 4534 1173 4574 cum
1201 4533 1378 4575 essem
1409 4518 1462 4573 in
1490 4517 1652 4574 dictis
1679 4517 2056 4588 iniquitatibus

471 4607 551 4660 sic
583 4617 907 4677 conceptus,
957 4617 1011 4664 et
1043 4616 1292 4665 mortuus
1335 4610 1498 4665 etiam
1559 4619 1848 4679 antequam
1897 4618 2056 4666 natus

469 4711 668 4762 essem,
691 4699 1078 4756 convivilicasti
1121 4717 1207 4756 me
1236 4715 1334 4771 per
1360 4710 1506 4756 tuam
1524 4701 1756 4772 gratiam
1792 4701 1848 4754 in
1881 4701 2056 4770 bapti-

470 4801 609 4853 smo,
641 4788 878 4844 animam
917 4803 947 4844 a
968 4799 1240 4846 vetustate
1262 4790 1437 4862 culpat
1477 4789 1814 4854 mundando,
1845 4797 2055 4844 reatum

469 4876 586 4946 ejus
611 4878 887 4945 solvendo,
913 4895 977 4937 ac
1002 4881 1175 4950 ipsam
1211 4897 1240 4937 a
1264 4896 1438 4952 pinna
1455 4887 1718 4952 perpetua
1750 4878 2054 4935 liberando.

470 4971 538 5026 Et
562 4981 843 5042 propterea
891 4972 1010 5039 tibi,
1043 4973 1293 5039 Domine,
1341 4989 1554 5044 semper
1583 4973 1636 5029 in
1669 4973 1894 5044 psalmis
1919 4985 2078 5027 con-e

471 5063 685 5120 litebor.

542 5156 628 5212 16.
669 5158 1052 5214 Verumtamen
1097 5157 1275 5212 adhuc
1324 5156 1379 5210 in
1429 5169 1598 5211 carne
1627 5170 1769 5224 mea,
1800 5155 2047 5221 Domine,

469 5248 646 5302 sentio
677 5248 1012 5304 incessanter
1048 5250 1212 5304 etiam
1249 5255 1371 5315 post
1417 5246 1747 5316 baptismum
1797 5247 2053 5317 concupi—

469 5339 733 5394 scentiam
776 5339 923 5395 illam
952 5339 1159 5406 carnis,
1189 5354 1308 5408 qua:
1352 5349 1437 5394 est
1467 5337 1638 5394 fomes
1676 5339 1909 5409 peccati,
1937 5339 2054 5394 lan-

468 5441 566 5498 gor
602 5427 696 5496 (ita
718 5428 834 5481 cod.
877 5429 1144 5500 archaice)
1177 5437 1406 5493 naturae,
1437 5433 1700 5500 tyrannus
1729 5428 1928 5494 carnis,
1953 5428 2052 5484 sti-

470 5515 648 5569 tnulus
671 5517 883 5584 mortis,
918 5518 1006 5574 lex
1037 5519 1404 5574 membrorum
1433 5533 1741 5590 repugnans
1766 5519 1868 5590 legi
1898 5535 2052 5576 men-

469 5603 543 5659 tis
573 5619 724 5672 mea,
766 5613 817 5660 ct
854 5610 1131 5680 captivans
1165 5626 1252 5670 me
1279 5610 1332 5667 in
1363 5611 1482 5683 lcgc
1505 5611 1735 5682 peccati,
1768 5612 1932 5682 super
1963 5626 2050 5669 me

2161 4423 2397 4480 miliatus
2447 4440 2554 4480 non
2585 4439 2705 4481 mea
2757 4427 2851 4481 sed
2901 4434 2991 4480 tua
3027 4427 3228 4482 virtute
3256 4426 3463 4492 sileret,
3495 4435 3552 4481 et
3584 4427 3749 4481 relin-

2159 4524 2351 4585 queret
2373 4532 2458 4572 me
2486 4516 2539 4571 in
2574 4532 2742 4586 pace;
2777 4531 2877 4588 ego
2922 4517 3071 4573 illum
3109 4518 3223 4588 ipse
3254 4517 3538 4573 adversum
3566 4532 3655 4572 me
3679 4517 3747 4572 ad

2157 4606 2399 4676 praelium
2434 4607 2686 4675 excitavi,
2736 4617 2794 4662 et
2815 4607 2959 4663 vires
3001 4617 3184 4664 reatus
3211 4608 3351 4670 mei,
3389 4621 3527 4676 quas
3559 4607 3616 4661 in
3648 4606 3748 4660 ha-

2157 4698 2359 4767 ptismo
2387 4707 2441 4752 et
2483 4700 2534 4752 in
2571 4700 2796 4769 pristina
2831 4698 3153 4769 paenitentia
3179 4715 3296 4754 mea
3334 4699 3666 4770 perdiderat,
3693 4697 3742 4751 ei

2159 4791 2388 4857 reddidi,
2427 4801 2484 4846 et
2526 4792 2610 4848 sic
2652 4807 2909 4849 coronam
2935 4793 3058 4865 (veli
3091 4790 3248 4861 mihi)
3274 4793 3287 4847 !
3316 4790 3549 4861 perdidi,
3573 4804 3744 4860 quam

2157 4881 2369 4936 nonnisi
2385 4881 2629 4953 legitime
2666 4884 2999 4940 certantibus
3032 4881 3371 4954 praeparasti.
3402 4881 3471 4934 At
3494 4880 3566 4944 si,
3589 4895 3748 4935 recu-

2155 4973 2357 5041 peratis
2387 4988 2482 5042 per
2521 4983 2571 5028 te
2614 4975 2840 5040 viribus,
2871 4974 3157 5044 aliquando
3181 4972 3423 5045 praedicti
3452 4972 3627 5027 hostis
3651 4971 3745 5026 de-

2155 5065 2369 5122 sideriis
2391 5066 2600 5122 vitiosis
2629 5067 2858 5123 viriliter
2889 5068 3063 5123 restiti
3115 5068 3196 5122 vel
3227 5067 3480 5123 restitero
3507 5065 3564 5119 in
3595 5064 3742 5118 futu-

2156 5173 2297 5223 rum,
2345 5172 2578 5228 eumque
2623 5160 2871 5230 superavi
2899 5159 2984 5215 vel
3023 5173 3372 5229 superavero,
3400 5168 3452 5214 te
3487 5160 3741 5226 juvante.

2154 5247 2280 5304 licet
2311 5249 2523 5304 hostem
2556 5249 2728 5319 ipsum
2759 5259 3043 5321 tyrannum
3079 5250 3436 5305 domesticum
3464 5249 3732 5303 de.carne

2154 5356 2273 5398 mea
2318 5342 2370 5396 in
2413 5341 2514 5397 hac
2545 5342 2744 5398 misera
2769 5342 2879 5397 vita
2913 5357 3022 5398 non
3059 5343 3263 5414 possim
3305 5341 3528 5397 omnino
3554 5339 3745 5418 exper

2153 5431 2286 5498 lere,
2322 5431 2466 5487 velut
2525 5430 2753 5488 alterum
2810 5431 3150 5499 Jebusaeum,
3224 5431 3508 5504 providisti
3555 5441 3736 5486 tamen

2154 5523 2307 5592 mihi,
2342 5524 2386 5579 si
2435 5539 2541 5578 non
2587 5523 2974 5589 consentienti,
2996 5524 3140 5594 quod
3171 5531 3432 5592 quantum
3459 5521 3528 5576 ad
3555 5530 3734 5576 actum

2152 5623 2384 5680 tantum,
2426 5625 2480 5670 et
2507 5630 2613 5681 non
2638 5622 2902 5684 quantum
2925 5615 2992 5672 ad
3036 5624 3264 5682 reatum,
3296 5615 3350 5670 in
3378 5629 3467 5671 me
3495 5623 3733 5672 remanet
