3852 6050
86 240 192 299 853

1151 222 1528 286 MEDITATIO
1566 220 1632 278 IN
1680 217 1874 277 PSAL.
1919 214 2288 273 MISERERE.

3246 208 3352 267 854

85 365 207 430 post
253 353 601 425 baptismum.
649 349 782 407 Nam
811 349 878 406 de
899 357 990 405 tua
1017 347 1219 420 pietate
1245 343 1480 408 conﬁdo,
1526 339 1670 412 quod
1697 343 1744 403 Α
1773 337 2151 406 impugnantcs
2189 347 2275 388 me
2318 335 2629 387 constanter
2653 325 2860 382 valeam
2917 338 3263 397 expugnare;
3297 334 3352 378 et

83 429 148 504 ea
177 462 296 518 qua:
321 446 520 500 invitus
548 453 602 498 et
642 443 882 498 renitens
910 441 1086 512 patior
1114 438 1183 494 ab
1204 438 1304 492 hoc
1333 436 1512 498 hoste,
1537 429 1673 488 mihi

85 541 354 611 imputare
383 553 490 594 non
522 537 720 592 debeas
749 536 815 591 ad
841 543 1145 607 peceatum.
1174 531 1244 586 Et
1268 529 1436 586 etiam
1468 528 1522 583 in
1548 527 1671 592 hoc,

87 635 228 688 Deus
275 645 449 696 meus,
490 627 762 698 parcendo
794 627 1029 681 maxime
1062 633 1118 679 et
1171 619 1482 678 miserando
1525 627 1675 672 tuam

85 718 536 790 omnipotentiam
583 716 923 781 manifestas,
979 713 1123 784 quod
1174 711 1317 768 sicut
1373 710 1480 765 alia
1530 704 1676 762 mala

83 821 420 886 pneterenut
449 811 502 866 in
536 811 690 866 nobis
719 817 865 875 actu,
891 816 946 863 et
970 814 1255 862 remanent
1290 809 1465 868 reatu,
1492 809 1550 854 ut
1577 798 1676 853 ho-

88 907 392 973 micidium,
433 903 784 966 adulterium,
836 910 892 956 et
945 898 1175 963 similia;
1218 897 1294 950 ita
1343 909 1384 950 e-
1416 904 1679 948 converso

88 1008 348 1070 operatur
370 998 424 1052 in
449 995 604 1052 nobis
631 993 952 1049 mirabiliter
971 986 1361 1058 omnipotentia
1387 982 1677 1048 tua,Deus,

90 1104 151 1148 ut
169 1092 405 1149 carnalis
433 1086 890 1160 concupiscentia,
915 1083 1067 1152 cuius
1095 1096 1201 1136 non
1223 1077 1565 1136 consentitur
1587 1075 1681 1129 de-

91 1183 310 1238 sideriis
335 1179 567 1244 vitiosis,
619 1178 673 1233 in
705 1176 975 1246 baptismo
1000 1179 1288 1244 praetereat
1312 1174 1489 1233 reatu,
1523 1173 1579 1221 et
1625 1163 1681 1219 in

90 1290 310 1347 pmnam
349 1272 558 1344 peccati
589 1269 748 1326 nobis
781 1274 1060 1323 remaneat
1082 1276 1299 1333 semper
1323 1268 1468 1315 actu.

149 1370 255 1426 .18.
290 1368 359 1424 Et
406 1365 512 1423 hoc
549 1373 635 1420 est
669 1363 856 1435 iugum
907 1373 1092 1431 grave,
1133 1355 1278 1428 quod
1325 1360 1565 1408 creatum
1599 1355 1686 1404 est

93 1474 260 1530 super
307 1458 450 1514 ﬁlios
506 1455 678 1519 Adam
733 1470 764 1508 a
817 1452 904 1508 die
955 1449 1136 1506 exitus
1170 1447 1239 1502 de
1276 1453 1467 1500 ventre
1495 1439 1686 1496 matris

92 1566 309 1616 eorum,
341 1561 514 1618 usque
535 1546 602 1602 ad
630 1545 770 1600 diem
799 1538 1155 1613 sepulturtein
1174 1542 1402 1591 matrem
1415 1528 1684 1587 omnium.

41 1705 48 1708 _
95 1645 212 1702 Sub
268 1645 370 1698 hoc
406 1617 540 1708 iugo
591 1634 911 1707 gravissimo
953 1628 1318 1702 ingemiscant
1366 1635 1557 1679 omnes
1592 1617 1685 1691 qui

1775 427 2024 500 procacis
2045 423 2252 480 militize
2281 421 2552 478 turbinem
2574 418 2803 490 sapienti
2829 417 3199 473 moderatione
3233 417 3346 469 dis-

1777 516 2014 581 cutiens,
2065 512 2374 570 innocentia
2409 511 2534 566 vitae
2560 517 2616 565 et
2641 509 2850 564 devotae
2875 506 3140 562 orationis
3163 507 3355 561 suﬂ‘ra-

1778 610 1868 681 gio
1899 608 2031 664 mibi
2080 607 2399 664 continuare
2443 604 2655 660 valeam
2700 601 2930 673 gratiam
2977 609 3146 667 tuam,
3189 600 3356 655 Deus.

1775 702 1844 757 Et
1871 701 1996 757 inde
2021 700 2183 757 Josue
2219 697 2463 770 clypeum
2490 712 2594 752 non
2614 695 2907 760 dimittam,
2934 707 3213 764 quousque
3232 694 3362 746 obe-

1777 792 1962 848 diente
1998 799 2050 846 te
2077 790 2186 844 Deo
2225 788 2343 844 voci
2370 787 2625 852 hominis,
2656 786 2798 841 diem
2824 785 2950 839 vitae
2979 798 3111 838 mea:
3143 792 3358 852 protra-

1777 885 1878 940 has
1907 885 1975 938 ad
2005 881 2336 951 triumphum
2361 898 2376 933 :
2413 893 2513 934 nec
2538 878 2787 934 recedam
2811 878 2879 932 ab
2901 876 3038 941 acie,
3068 875 3239 930 donee
3267 888 3362 942 pa-

1779 974 1886 1029 riat
1931 972 2061 1028 mihi
2122 969 2436 1039 congressio
2484 975 2663 1037 empta
2711 965 2994 1022 victoriam
3047 965 3251 1034 pariter
3307 970 3364 1018 et

1780 1080 2057 1123 coronam.
2087 1062 2338 1132 Alioquin
2363 1059 2625 1131 quidquid
2652 1073 2752 1129 ago
2785 1059 2904 1114 sine
2934 1066 3007 1121 te,
3036 1057 3165 1111 mihi
3200 1056 3363 1111 verti-

1781 1167 1871 1214 tur
1897 1158 1949 1213 in
1975 1156 2207 1212 ruinam.
2233 1153 2374 1210 Nam
2401 1153 2580 1209 adhuc
2607 1161 2663 1207 et
2692 1151 2901 1207 macula
2929 1150 3210 1222 originalis
3230 1165 3361 1220 pec-

1782 1251 1888 1309 cati
1919 1258 2145 1315 teneor;
2174 1255 2231 1304 et
2263 1247 2403 1314 ideo,
2444 1254 2506 1301 ut
2532 1245 2779 1314 praedixi,
2816 1245 2991 1298 existo
3021 1242 3091 1297 ad
3125 1240 3363 1298 actualia

1781 1338 1956 1412 magis
1982 1351 2208 1409 pronus.
2251 1333 2364 1390 Nec
2409 1334 2514 1390 hoc
2552 1333 2698 1400 dico,
2734 1334 2876 1388 Dens
2901 1347 3074 1395 meus,
3104 1332 3172 1386 ad
3199 1345 3366 1386 excu-

1783 1431 1984 1489 sandas
2041 1426 2442 1494 excusationes,
2484 1426 2680 1496 quibus
2708 1441 2739 1481 a
2780 1433 2832 1481 te
2879 1427 2946 1480 de
2982 1421 3369 1495 peccatismeis

1784 1535 2002 1594 possum
2033 1519 2230 1575 merito
2259 1515 2527 1582 accusari,
2555 1515 2639 1570 vel
2667 1515 2792 1569 utin
2819 1521 3075 1584 parentes
3102 1525 3254 1567 meos
3276 1526 3369 1565 ve-

1786 1613 1879 1668 lim
1909 1609 2196 1666 rel'undere
2229 1607 2443 1677 culpam
2484 1619 2684 1670 meam,
2714 1617 2838 1658 cum
2888 1616 3162 1670 nunquam
3189 1601 3369 1670 credi-

92 1738 214 1808 eius
240 1693 488 1790 sentiunt
528 1693 869 1800 gravitatem,
900 1723 999 1778 sub
1012 1693 1144 1790 ‘quo
1173 1716 1373 1772 Tobias
1404 1709 1684 1783 ingemuit,
1717 1704 1762 1760 Β
1788 1703 1958 1762 derim
1995 1701 2207 1772 culpam
2245 1707 2300 1753 et
2330 1705 2612 1768 peccatum
2643 1711 2786 1762 esse,
2826 1694 2872 1749 si
2913 1693 3171 1763 coniuges
3208 1705 3370 1749 causa

1653 1803 1665 1808 -
1855 1797 1866 1808 -
1923 1795 1958 1808 ..
2444 1787 2727 1808 huc...”
2773 1785 3131 1808 _g_‘m-.____
3169 1784 3259 1808 ,,,.

96 1827 362 1903 ingemuit
409 1832 464 1880 et
512 1822 760 1878 Susanna
818 1836 832 1872 :
875 1816 970 1872 sed
1004 1823 1060 1871 et
1099 1810 1278 1868 omnis
1303 1815 1554 1864 creatura
1588 1803 1687 1858 sub

95 1896 205 1980 hove
248 1920 378 1990 iugo
423 1914 728 1987 ingemiscit
780 1920 837 1965 et
860 1907 1092 1980 parturit
1115 1917 1284 1974 usque
1311 1899 1507 1955 adhuc.
1540 1896 1690 1965 lnge-

97 2016 272 2072 misco
293 2021 348 2068 et
372 2024 473 2080 ego
508 2006 749 2064 sentiens
780 2003 832 2057 in
867 1999 1096 2070 meipso,
1156 1994 1282 2063 quia
1318 1985 1690 2047 circumdede-

98 2117 232 2164 runt
263 2120 351 2162 me
401 2077 634 2175 gemitus
680 2093 896 2160 mortis,
959 2100 1016 2145 et
1068 2093 1338 2143 torrentes
1392 2077 1692 2147 iniquitatis

97 2200 294 2256 aliena:
330 2206 387 2250 ct
435 2208 569 2249 mea:
624 2185 1079 2245 conturbaverunt
1133 2193 1240 2234 me.
1294 2175 1523 2243 Propter
1571 2182 1692 2239 qua:

99 2306 325 2366 possum
354 2282 779 2357 lacrymabiliter
819 2278 1002 2334 dicere
1037 2285 1162 2330 cum
1187 2268 1449 2340 propheta
1487 2283 1503 2319 :
1542 2262 1692 2318 Multi

99 2393 232 2442 sunt
265 2380 498 2453 gemitus
542 2375 672 2436 mei,
704 2380 760 2428 et
795 2383 894 2426 cor
947 2380 1127 2422 meum
1174 2362 1379 2416 factum
1406 2364 1491 2414 est
1515 2356 1571 2410 in
1610 2366 1696 2408 me

101 2445 368 2533 msere—ns.
407 2461 580 2526 Porro
623 2479 745 2522 cum
771 2473 1068 2532 oppressus
1109 2457 1214 2512 hoc
1235 2452 1365 2524 iugo
1405 2445 1696 2519 aliquando

100 2565 368 2637 recogito,
400 2563 542 2617 Deus
569 2572 741 2622 meus,
773 2554 916 2626 quod
940 2558 1227 2623 peccatum
1257 2543 1387 2600 illud
1411 2538 1694 2612 originale,

103 2663 164 2718 in
201 2632 309 2730 quo
364 2661 657 2724 conceptus
705 2663 846 2713 sum,
883 2647 939 2701 in
977 2643 1248 2714 baptismo
1289 2641 1435 2710 (cum
1467 2635 1540 2691 sit
1575 2632 1700 2687 inde

104 2727 306 2826 gratia)
361 2745 603 2804 delevisti
628 2758 644 2798 :
669 2751 723 2798 et
752 2738 1019 2813 gemendo
1049 2751 1114 2791 ac
1143 2728 1474 2803 suspiranda
1524 2727 1578 2782 in
1613 2739 1700 2779 me

107 2847 230 2916 ipso
267 2840 486 2911 requiro
513 2853 611 2893 cur
641 2833 982 2906 pmnalitates
1029 2829 1186 2892 istas,
1239 2837 1377 2894 quas
1417 2817 1703 2877 occasione

109 2909 244 2992 dicti
282 2909 562 3002 originalis
593 2924 802 2996 peccati
851 2920 1050 2994 patior,
1104 2918 1158 2972 in
1199 2914 1390 2971 eodem
1431 2909 1702 2979 baptismo

72 3094 80 3100 _
111 3027 321 3099 pariter
347 3039 453 3078 non
485 3018 653 3076 tulisti
678 3035 694 3071 :
740 3024 888 3072 certe
914 3013 1058 3068 inter
1084 3010 1229 3080 ipsas
1257 3002 1604 3076 ptenalitates
1649 3006 1706 3054 et

112 3130 400 3192 pressurae
426 3113 618 3177 fateor,
651 3110 796 3179 quod
826 3121 894 3162 ex
921 3099 1328 3173 dispensatione
1353 3093 1588 3150 maxima
1609 3104 1706 3146 eas

116 3187 176 3267 in
199 3223 286 3264 me
305 3205 476 3262 voluit
496 3212 585 3258 tua
609 3196 926 3256 admiranda
948 3188 1288 3264 providentia
1318 3194 1620 3242 remanere,
1648 3187 1722 3234 ut.

115 3299 371 3358 videlicet
412 3295 622 3368 sagittae
657 3301 783 3356 tuae,
833 3287 1080 3349 Domine,
1129 3283 1182 3337 in
1229 3294 1316 3334 me
1345 3283 1550 3340 essent,
1587 3285 1710 3342 quae

119 3399 218 3447 me"
233 3359 505 3446 docerent.
515 3383 658 3454 quod
687 3376 988 3436 humiliatio
1007 3373 1111 3429 mei
1134 3373 1186 3426 in
1209 3368 1387 3425 medio
1416 3370 1561 3421 esset
1582 3359 1704 3417 mei.

120 3483 280 3549 Item,
307 3487 368 3535 ut
395 3487 632 3532 terrores
655 3471 731 3527 tui
770 3477 963 3525 contra
998 3480 1086 3519 me
1111 3461 1355 3533 quotidie
1392 3456 1708 3516 militarent,

125 3577 218 3645 qui
268 3573 520 3627 timorem
569 3574 722 3620 tuum
770 3560 905 3616 mihi
956 3559 1308 3619 incuterent,
1357 3559 1414 3606 et
1450 3560 1710 3603 amorem.

124 3637 284 3733 Item,
309 3674 369 3720 ut
391 3661 609 3718 vexatio
635 3655 766 3711 mihi
807 3654 964 3708 daret
993 3648 1324 3704 intellectum
1352 3637 1714 3714 cognoscendi

125 3760 274 3834 quod
312 3771 344 3812 a
372 3755 550 3816 nobis,
587 3764 694 3806 non
721 3763 751 3802 a
777 3755 849 3812 te,
872 3743 1000 3798 mali
1031 3754 1239 3796 sumus.
1271 3737 1432 3800 Item,
1457 3742 1517 3788 ιιι
1540 3732 1714 3788 Adam

131 3833 438 3921 exemplum
461 3857 639 3902 meum
674 3841 742 3896 ab
770 3833 1134 3894 adolescentia
1165 3844 1284 3885 mea
1312 3835 1479 3890 esset,
1503 3834 1559 3878 et
1591 3835 1721 3892 pec-

135 3915 319 4002 catum
351 3933 737 3996 inobedientite
769 3944 902 3987 mete
931 3926 1215 3984 evitarem.
1244 3920 1378 3975 Item
1411 3925 1472 3971 ut
1496 3915 1575 3971 sic
1605 3922 1719 3967 tra-

136 4040 300 4094 heres
329 4047 416 4088 me
451 4029 519 4085 ad
562 4036 634 4094 te,
667 4025 830 4090 Deus,
871 4021 924 4075 in
965 4014 1218 4074 funiculis
1246 4011 1397 4076 Adae,
1435 4015 1493 4063 et
1521 4005 1578 4060 in
1606 4003 1726 4058 vin-

139 4126 281 4184 culis
305 4119 614 4183 charitatis,
637 4126 700 4172 ut
733 4121 1114 4185 cognoscerem
1151 4102 1294 4175 quod
1320 4110 1400 4165 tu,
1425 4097 1608 4185 Pater,
1637 4105 1725 4148 me

145 4229 308 4288 quem
331 4210 531 4281 diligis,
587 4205 757 4262 tilium
798 4184 879 4258 sic
907 4197 1089 4268 arguis
1111 4204 1167 4251 et
1189 4191 1446 4262 castigas.
1476 4184 1636 4250 Item,
1667 4189 1728 4237 ut

49 4297 58 4304 ’
143 4279 360 4374 semper
385 4279 642 4356 haberem
665 4302 852 4350 contra
878 4285 1188 4360 spirituales
1211 4279 1477 4350 nequitias
1500 4286 1728 4332 consueh

146 4369 390 4453 tudinem
437 4385 737 4462 praeliandi,
784 4391 840 4438 et
869 4396 957 4435 me
990 4375 1164 4433 sacris
1193 4369 1484 4427 virtutibus
1503 4378 1728 4421 exerce-
1755 4382 1807 4443 ι)

149 4504 267 4548 rem
305 4505 320 4541 :
353 4492 410 4541 et
440 4453 696 4538 maxime
743 4488 832 4538 ne,
861 4471 909 4527 si
947 4469 1209 4523 liberatus
1241 4461 1462 4517 fuissem
1512 4457 1582 4511 ab
1611 4453 1744 4508 istis-

151 4575 559 4652 ptenalitatibus
587 4571 643 4626 itt
675 4565 968 4652 baptismo,

156 4776 264 4816 non
285 4722 509 4830 gloriam
541 4722 691 4821 regni
732 4747 832 4802 tui.
860 4742 1093 4812 Ideoque
1118 4735 1295 4793 soluto
1324 4737 1481 4788 reatu
1512 4725 1580 4781 ab
1610 4722 1734 4778 ani-

160 4866 270 4915 ma,
287 4821 637 4919 providentia
671 4849 782 4904 tua,
831 4834 994 4895 Deus,
1029 4823 1374 4896 temporalem
1411 4829 1628 4889 ptenam
1656 4821 1741 4869 ta.-

161 4903 370 4999 men‘in
400 4951 487 4992 me
533 4903 959 4988 manerevoluit
988 4923 1044 4977 in
1079 4920 1183 4974 hac
1209 4916 1338 4980 vita,
1371 4919 1434 4968 ut
1461 4924 1491 4966 a
1520 4922 1606 4964 me
1632 4903 1740 4958 alia

157 5035 275 5088 vita
305 5026 597 5086 studiosius
639 5027 995 5093 quaereretur,
1021 5027 1141 5084 qua:
1167 5008 1276 5066 erit
1294 5021 1326 5060 a
1364 5002 1540 5075 poenis
1568 4997 1746 5055 omni-

163 5125 268 5182 bus
293 5121 490 5178 aliena.

240 5216 330 5271 I9.
369 5213 615 5279 Exsurge
637 5219 786 5277 ergo,
815 5198 1067 5265 Domine,
1097 5193 1288 5274 adiuva
1314 5204 1438 5248 me:
1468 5186 1634 5243 indue
1658 5196 1746 5239 me

168 5309 394 5365 thorace
411 5271 655 5372 iuuit-iac,
681 5271 966 5362 eiaccinge
995 5271 1308 5344 fortitudine
1333 5279 1544 5336 lumbos
1572 5288 1745 5339 meos,

173 5409 235 5456 ut
272 5399 414 5453 inter
448 5401 528 5448 tot
572 5387 805 5446 insultas
830 5382 1064 5439 hostium
1094 5379 1148 5434 in
1175 5375 1294 5432 acie
1325 5382 1462 5429 stem
1499 5379 1747 5431 securus,

175 5501 230 5548 et
269 5504 367 5560 per
413 5489 659 5556 patentes
691 5489 914 5546 campos
947 5465 1289 5528 humilitatis,
1330 5464 1385 5521 in
1425 5461 1625 5516 virtute
1653 5472 1749 5526 pa-

177 5545 381 5641 tientia:
408 5545 462 5636 et
503 5566 932 5643 Ionganimitatis
977 5561 1255 5620 accinctus
1284 5554 1425 5629 [cod.
1463 5545 1751 5619 accensus]

1007 4573 1106 4630 ego
1137 4563 1194 4611 et
1243 4552 1333 4608 alii
1357 4547 1607 4607 homines
1630 4544 1752 4600 hoc.

154 4637 276 4726 esse
317 4661 570 4736 baptismi
603 4655 840 4730 pretium
871 4649 953 4706 vel
997 4643 1279 4719 praemium
1310 4647 1652 4711 putaremus,
1679 4637 1750 4686 et.

1789 1795 1992 1855 sobolis
2041 1790 2391 1864 procreanda?
2437 1787 2728 1845 carnaliter
2773 1785 3133 1850 misceantur;
3167 1784 3262 1840 sed
3313 1791 3374 1836 ut

1791 1899 1869 1954 tu,
1893 1888 2057 1953 Deus,
2079 1885 2172 1956 qui
2193 1897 2256 1940 ea
2280 1896 2400 1952 qua:
2423 1889 2549 1935 sunt
2575 1879 2630 1934 in
2664 1878 2882 1933 homine
2918 1875 3243 1946 cognovisti,
3300 1876 3368 1930 ad

1791 1979 2156 2036 miserandum
2191 1975 2295 2032 mei
2351 1971 2565 2028 facilius
2614 1969 2912 2036 inclinet-is,
2965 1968 3012 2023 si
3040 1969 3110 2022 ab
3141 1968 3255 2038 ipsa
3288 1983 3376 2021 ra-

1792 2073 1914 2129 dice
1968 2084 2110 2136 mea,
2145 2080 2232 2121 me
2264 2079 2469 2121 coram
2505 2070 2558 2117 te
2609 2061 2874 2117 conﬁteor
2914 2066 3277 2130 peccatorem.
3319 2059 3374 2112 In

1793 2163 2044 2220 omnibus
2068 2158 2212 2216 enim
2242 2155 2474 2212 trahitur
2501 2152 2760 2224 iniquitas
2783 2167 2852 2206 ex
2881 2151 3074 2214 Adam,
3109 2159 3165 2205 et
3191 2149 3379 2203 vincu-

1794 2257 1908 2312 lum
1930 2251 2164 2326 peccati,
2197 2260 2252 2304 et
2292 2245 2610 2318 propagatio
2657 2243 2867 2308 mortis,
2905 2250 2958 2298 te
2984 2241 3099 2297 solo
3125 2248 3375 2309 excepto,

1795 2351 2023 2408 Domine
2040 2347 2170 2404 Iesu
2183 2343 2421 2409 Christe,
2443 2343 2556 2412 qui,
2592 2349 2790 2396 natura
2815 2336 3069 2399 mirante,
3091 2333 3158 2388 de
3187 2340 3378 2388 sancto

1799 2443 2002 2515 Spiritu
2029 2458 2090 2498 es
2122 2447 2437 2508 conceptus.
2473 2433 2539 2489 Et
2571 2436 2624 2490 in
2650 2430 2876 2503 peccatis
2902 2426 3132 2497 concepit
3162 2441 3244 2480 me
3265 2441 3380 2477 ma-

1799 2545 1876 2591 ter
1903 2549 2048 2598 mea;
2073 2531 2180 2586 hoc
2220 2536 2304 2585 est
2344 2523 2784 2595 concupiscentia
2812 2518 3076 2582 libidinis,
3099 2530 3220 2587 qua:
3255 2529 3378 2585 pec-

1801 2632 1982 2680 catum
2001 2631 2105 2688 est,
2127 2620 2228 2676 nisi
2267 2635 2364 2690 per
2388 2619 2529 2673 bona
2559 2612 2791 2683 coniugii
2815 2616 3124 2666 excusetur.
3165 2607 3232 2660 Et
3256 2605 3384 2659 licet

1801 2715 1855 2771 in
1880 2723 2112 2784 utroque
2140 2721 2366 2783 parente
2393 2724 2536 2772 meo,
2565 2707 2657 2776 qui
2687 2717 2760 2771 te,
2793 2702 3039 2766 Domine,
3062 2698 3381 2761 timuerunt,

1743 2832 1754 2843 ·
1803 2817 1858 2864 et
1883 2823 1970 2863 me
1991 2823 2098 2864 non
2125 2806 2181 2861 in
2205 2802 2495 2867 adulterio,
2527 2801 2623 2856 sed
2648 2800 2701 2852 in
2728 2806 2879 2853 casto
2906 2791 3157 2864 coniugio
3180 2806 3382 2864 genue-

1804 2905 1954 2962 runt,
1982 2896 2196 2965 culpam
2246 2907 2353 2948 non
2390 2889 2640 2946 habuerit
2674 2901 2809 2957 opus
2849 2884 3002 2950 illud,
3027 2891 3207 2937 tamen
3233 2880 3387 2949 origo

1805 2989 2013 3060 peccati
2061 2989 2116 3043 in
2153 2985 2302 3057 prole
2343 2998 2527 3040 secum
2563 2979 2800 3037 debitam
2849 2989 3069 3046 pcenam
3095 2973 3277 3028 traxit.
3311 2972 3388 3026 Ne

1809 3077 2177 3134 reminiscaris
2216 3090 2345 3144 ergo
2381 3072 2606 3129 Domine
2648 3076 2871 3140 peccata
2901 3079 3045 3132 mea,
3077 3063 3163 3120 vel
3192 3077 3388 3133 parcn-

1809 3182 1921 3226 tum
1948 3183 2190 3225 meorum
2219 3185 2234 3222 :
2286 3181 2356 3222 ne
2391 3178 2572 3220 sumas
2597 3161 2856 3217 ultionem
2883 3158 2951 3212 de
2971 3155 3209 3227 peccatis
3231 3155 3388 3218 meis,

1810 3261 1856 3316 si
1880 3261 1946 3316 de
1983 3273 2069 3313 me
2095 3265 2380 3330 peccatore
2403 3255 2522 3318 tibi,
2551 3252 2641 3322 qui
2672 3249 2854 3306 omnia
2874 3247 3004 3313 scis,
3031 3252 3201 3301 totam
3227 3257 3390 3312 quam

1811 3353 1928 3409 scio
1957 3350 2216 3423 profiteor
2238 3348 2548 3404 veritatem.
3057 3335 3065 3343 '

1845 3483 1850 3485 -
1880 3443 1971 3498 20.
2004 3439 2100 3514 (V.
2137 3439 2216 3511 8.)
2250 3439 2383 3494 Ecce
2425 3436 2564 3491 enim
2599 3433 2870 3488 ueritatem
2895 3427 3149 3514 dilexisti.
3179 3423 3397 3481 Veritas

1812 3552 1894 3602 es,
1935 3544 1994 3592 et
2029 3549 2135 3590 non
2177 3531 2391 3595 fallens,
2426 3530 2512 3584 via
2561 3542 2666 3582 non
2701 3512 2933 3589 errans,
2964 3522 3075 3576 vita
3111 3535 3215 3575 non
3261 3518 3397 3573 deli-

1814 3627 1982 3683 ciens.
2014 3623 2060 3680 Ο
2085 3637 2214 3678 vera
2240 3619 2502 3684 Charitas,
2543 3625 2598 3672 et
2633 3631 2740 3671 non
2773 3613 2938 3669 chara
2969 3609 3191 3675 veritas,
3222 3607 3316 3678 qui
3345 3607 3398 3661 in

1817 3720 1922 3774 hoc
1951 3725 2113 3771 natus
2147 3729 2208 3769 es
2257 3723 2314 3767 et
2359 3712 2427 3765 ad
2458 3711 2559 3764 hoc
2588 3706 2780 3761 venisti
2811 3705 2866 3759 in
2891 3703 3152 3760 mundam
3184 3708 3244 3754 ut
3271 3713 3398 3770 per-

1817 3810 2008 3865 hibeas
2053 3803 2418 3859 testimonium
2447 3798 2687 3859 veritati,
2713 3796 2766 3849 in
2803 3793 3032 3848 veritate
3059 3799 3150 3844 tua
3199 3788 3400 3844 exaudi

1821 3914 1930 3965 me,
1964 3894 2208 3956 Domine,
2254 3891 2309 3944 in
2363 3897 2454 3943 tua
2497 3885 2742 3956 iustitia!
2774 3883 2841 3937 Et
2865 3881 2992 3950 quia
3020 3879 3136 3934 scio
3171 3877 3314 3947 quod
3347 3885 3402 3931 tu

1816 3986 2087 4063 iudicabis
2116 3981 2340 4056 populos
2374 3980 2428 4034 in
2463 3977 2716 4046 veritate,
2755 3981 2810 4029 et
2854 3972 3048 4043 perdes
3078 3980 3270 4026 omnes
3309 3966 3404 4036 qui

1821 4059 2117 4152 loquuntur
2160 4071 2523 4136 mendacium,
2575 4068 2700 4124 ideo
2749 4065 2904 4137 prius
2957 4063 3051 4120 hic
3076 4063 3131 4118 in
3173 4059 3406 4115 veritate

1825 4151 2010 4231 coram
2059 4178 2114 4225 te
2161 4165 2536 4234 memetipsum
2577 4158 2842 4228 diiudico,
2873 4163 2934 4212 ut
2973 4169 3098 4211 cum
3151 4161 3232 4216 tu,
3264 4151 3410 4206 Deus

1819 4277 2006 4329 meus,
2036 4269 2246 4328 tempus
2272 4251 2572 4324 acceperis,
2609 4260 2664 4306 et
2684 4249 2831 4319 ipsas
2850 4245 3094 4318 iustitias
3113 4241 3406 4312 iudicabis,

1830 4368 1938 4410 non
1987 4352 2158 4407 intres
2198 4348 2253 4402 in
2293 4343 2558 4416 iudicium
2586 4355 2708 4397 cum
2741 4353 2828 4395 me
2866 4352 3026 4394 servo
3051 4345 3165 4402 tuo,
3192 4335 3276 4390 cui
3294 4331 3411 4402 iam

1833 4443 1954 4518 (tibi
1995 4442 2069 4498 sit
2101 4439 2228 4495 inde
2253 4436 2550 4508 gratiarum
2581 4431 2746 4500 actio,
2774 4439 2830 4486 et
2850 4443 2956 4483 vox
2986 4426 3214 4496 laudis!)
3237 4424 3415 4479 mani-

1832 4514 2026 4592 lestavi
2083 4531 2366 4588 veritatem
2393 4566 2408 4592 ,
2455 4525 2742 4580 veritatem
2799 4521 2973 4578 beata:
3023 4514 3414 4574 incarnationis

1836 4638 1959 4695 tute,
1990 4628 2126 4698 {quas
2171 4622 2351 4678 adhuc
2387 4631 2486 4688 per
2541 4614 2864 4686 sapientiam
2911 4620 3059 4667 tuam
3106 4607 3416 4665 inﬁdelibus

1837 4723 2043 4778 incerta
2067 4725 2152 4775 est
2172 4725 2230 4773 et
2259 4712 2509 4778 occulta;
2541 4718 2596 4767 et
2631 4709 2914 4765 veritatem
2941 4704 3276 4762 remissionis
3296 4718 3419 4774 pec-

1840 4822 2087 4872 catorum
2116 4820 2386 4871 meorum,
2413 4805 2480 4860 de
2525 4816 2629 4871 qua
2675 4799 2926 4856 similiter
2956 4798 3222 4854 incertum
3253 4806 3336 4852 est
3365 4804 3422 4848 et

1842 4903 2135 4967 occultum,
2165 4896 2254 4954 cui
2285 4893 2533 4952 misereri
2570 4891 2725 4956 velis,
2755 4898 2810 4945 et
2839 4902 3001 4959 quem
3030 4885 3266 4942 volueris
3283 4883 3422 4952 iudi~

1843 5008 1988 5052 care.
2014 4992 2083 5047 Et
2103 5000 2280 5044 tamen
2303 4987 2422 5041 haec
2436 4984 2579 5040 duo:
2613 4981 2822 5036 Incerta
2847 4988 2896 5034 et
2928 4977 3132 5034 occulta
3153 4974 3424 5042 εαρὶεηιὶσε

1846 5095 1949 5140 tum
1999 5075 2346 5148 manifestasti
2383 5073 2532 5127 mihi.
2559 5071 2800 5126 Primum
2840 5082 2936 5138 per
2957 5067 3141 5131 Iidem,
3164 5074 3422 5133 tanquam

1845 5191 1945 5249 per
1963 5173 2096 5228 alios
2125 5168 2317 5226 Isaiam
2341 5172 2395 5221 et
2422 5161 2724 5220 Gabrielem
2765 5167 2928 5215 testes
2951 5153 3275 5212 mirabiliter
3299 5167 3425 5206 con-

1848 5245 2140 5324 cordantes
2182 5267 2239 5315 et
2282 5256 2525 5313 dicentes
2568 5252 2743 5308 mihi:
2775 5249 2920 5306 Ecce
2953 5248 3106 5317 virgo
3133 5245 3425 5313 concipiet,

1849 5367 1905 5415 et
1945 5355 2124 5428 pariet
2156 5351 2345 5413 illium,
2387 5354 2444 5402 et
2488 5343 2772 5402 vocabitur
2817 5354 3014 5396 nomen
3044 5338 3160 5409 eius
3212 5337 3428 5392 Emma-

1852 5426 1999 5507 nuel.
2033 5444 2340 5502 Secundum
2383 5455 2479 5509 per
2503 5451 2677 5510 spem,
2720 5430 2874 5503 quasi
2896 5444 2997 5500 per
3018 5428 3182 5483 alium
3213 5426 3425 5480 Natlian

1853 5543 2201 5616 prophetam,
2245 5536 2510 5594 dicentem
2537 5529 2670 5587 mihi
2701 5537 2759 5584 ut
2797 5524 2985 5582 Davidi
3021 5522 3286 5580 veraciter
3316 5535 3428 5591 po:-
