3852 6050
389 194 491 248 8'35

846 187 1144 242 ANSELMI
1183 184 1541 241 CANTHAR.
1583 180 1908 239 A’RClllEP.
1950 182 2107 238 OPP.
2145 183 2328 236 PARS
2367 184 2508 235 ll.—
2531 176 2912 238 ῬᾹΒΕΝΕΤ.
2952 178 3044 234 ΕΤ
3082 177 3330 235 ASCET.

3563 179 3706 234 856

388 306 615 364 nitenti:
642 303 941 360 Transtulit
967 317 997 355 a
1032 310 1085 355 te
1123 298 1384 354 Dominus
1407 305 1686 367 peccatum
1715 306 1887 359 tuum,
1910 303 1966 351 et
1993 297 2042 355 A
2070 293 2303 364 primum
2360 301 2415 347 et
2468 291 2765 346 maximum
2813 298 2900 346 est
2937 289 3215 346 delictum.
3274 290 3343 345 Et
3392 304 3490 360 per
3523 292 3699 345 hanc

386 419 494 457 non
537 397 807 455 morieris.
844 394 911 449 Et
955 394 1000 448 si
1032 392 1140 447 dixi
1168 390 1334 447 corde
1369 390 1607 446 contrito
1639 399 1695 445 et
1734 388 1921 445 humili
1950 404 1963 440 :

386 493 689 554 Conﬁteor;
724 498 781 543 tu
804 486 1071 557 propitius
1105 481 1384 539 remisisti.
1415 482 1617 551 thuia
1640 480 1695 536 in
1716 494 1970 536 sermone

386 598 479 641 tuo
507 592 727 636 manere
754 577 893 641 volo,
925 583 980 631 et
1004 571 1438 643 verediscipulus
1457 585 1578 627 esse
1604 580 1748 635 tuus,
1774 569 1895 624 ideo
1917 577 1971 624 te

385 672 764 730 manifestante
794 666 1017 738 cognovi
1047 665 1187 721 hanc
1215 663 1503 734 duplicem,
1533 670 1588 718 et
1613 661 1667 716 in
1704 658 1969 731 sapientia

384 776 477 819 tua
522 778 553 817 a
600 760 812 816 saeculis
848 756 1223 813 absconditam
1282 754 1584 809 veritatem.
1640 749 1720 805 Tu
1764 758 1966 815 autem,

385 854 548 917 Deus,
604 851 696 922 qui
747 848 998 920 superbis
1046 846 1276 911 resistis,
1308 853 1363 901 et
1393 843 1686 899 humilibus
1723 841 1819 897 das
1846 857 1970 912 gra-

387 946 517 1017 tiam
548 945 599 999 in
627 942 901 1015 praesenti,
928 948 984 996 ct
1006 938 1159 1008 cujus
1186 937 1352 1009 gloria
1376 935 1635 991 humilem
1672 948 1822 1005 spem
1849 948 1972 988 sus-

386 1036 551 1106 cipiet
595 1035 647 1089 in
687 1034 890 1099 futuro,
938 1046 1003 1086 ex
1052 1043 1158 1099 quo
1184 1027 1515 1082 conﬁdenter
1547 1024 1676 1080 mihi
1722 1032 1808 1078 tua
1839 1037 1971 1093 prato

387 1128 529 1183 dicta
571 1124 784 1182 occulta
834 1132 891 1179 et
916 1121 1237 1177 abscondita
1269 1117 1539 1182 revelasti,
1581 1115 1794 1171 conﬁdo
1826 1115 1970 1185 quod

386 1216 491 1272 hoc
515 1216 714 1270 donum
746 1225 895 1268 tuum
921 1211 1274 1281 semiplenum
1305 1224 1409 1264 non
1442 1207 1733 1277 relinques.

456 1307 546 1361 21.
580 1304 675 1377 (V.
702 1303 780 1375 9.)
830 1301 937 1357 Sed
988 1316 1228 1371 asperges
1272 1314 1374 1362 me,
1432 1298 1675 1360 Domine,
1725 1297 1967 1367 Ityssopo.

389 1395 577 1457 Sancti
624 1398 721 1462 tui,
778 1396 1019 1458 Domine,
1052 1409 1149 1465 per
1171 1408 1308 1464 quos
1345 1390 1499 1447 nobis
1529 1399 1648 1445 tuas
1688 1388 1887 1461 ﬁguras
1915 1398 1971 1445 et

387 1490 673 1563 parabolas
713 1488 957 1544 ediscere
998 1485 1236 1550 voluisti,
1262 1485 1448 1539 dicunt
1472 1482 1628 1537 nobis
1665 1483 1808 1551 quod
1839 1482 1970 1554 hys-

387 1599 554 1655 sopus
581 1590 665 1637 est
702 1580 867 1636 herba
896 1579 1115 1633 humilis
1154 1586 1210 1631 et
1247 1575 1606 1642 medicinalis,
1636 1574 1787 1644 cujus
1816 1575 1969 1630 radix

2070 386 2511 443 emundationem
2542 384 2751 439 lavabis
2802 403 2890 441 me
2932 399 3029 456 per
3072 384 3303 453 gratiam
3358 392 3504 438 tuam
3541 399 3696 437 sane

2071 486 2235 545 ctam,
2269 477 2324 533 in
2351 476 2618 547 baptismo
2659 477 2937 547 sanguinis
2963 476 3159 531 animae
3195 490 3327 530 mea:
3348 490 3447 545 per
3476 476 3685 544 paeni-

2072 570 2297 628 tentiam
2348 568 2679 633 renovando,
2708 583 2870 638 quem
2907 567 2961 622 in
3007 567 3278 637 baptismo
3318 565 3567 620 ﬂuminis
3625 576 3694 621 et

2070 661 2309 716 ﬂaminis
2334 658 2453 730 (tibi
2487 658 2561 714 sit
2587 658 2713 713 inde
2739 660 2857 714 laus
2889 666 2947 713 et
2966 657 3218 729 jubilatio
3247 655 3419 727 ljjam
3450 656 3691 711 lavisti.

2072 752 2142 809 Et
2167 768 2323 821 super
2348 751 2513 805 nivem
2531 750 2823 806 dealbator.
2856 753 2935 808 Ex
2960 754 3062 808 hoc
3086 750 3257 805 audeo
3274 750 3457 805 dicere
3482 750 3693 805 conli-

2071 844 2288 907 deuter;
2319 842 2471 911 qui..,
2506 841 2750 909 Domine,
2780 851 2836 897 tu
2867 842 3086 898 dixisti:
3118 840 3176 897 Si
3200 838 3402 896 fuerint
3432 848 3683 908 peccata

2070 944 2271 1005 vestra,
2296 942 2358 989 ut
2384 931 2660 989 coccinum
2690 935 3005 1005 sanguinea,
3035 932 3192 1004 quasi
3216 933 3305 988 nix
3327 932 3679 987 dealbabun-

2072 1036 2161 1083 tur
2191 1028 2244 1084 in
2277 1025 2597 1099 paenitentia
2631 1041 2644 1078 :
2700 1032 2755 1079 et
2793 1025 2839 1080 si
2882 1024 3084 1079 fuerint
3134 1026 3295 1079 rubra
3345 1023 3504 1093 quasi
3541 1038 3689 1078 ver-

2071 1120 2323 1185 miculus,
2350 1120 2491 1175 sicut
2532 1120 2657 1175 lana
2685 1116 2807 1173 alba
2850 1124 3029 1181 erunt,
3058 1124 3111 1169 et
3140 1115 3220 1170 sic
3247 1129 3409 1184 epera
3435 1116 3681 1184 sangui-

2071 1213 2177 1278 nis,
2208 1213 2262 1267 in
2307 1222 2513 1270 vestem
2546 1224 2712 1279 tuam,
2754 1210 3001 1276 Domine,
3030 1208 3458 1264 misericorditer
3487 1215 3682 1261 muta-

2073 1304 2277 1360 buntur
2304 1323 2317 1360 :
2346 1306 2421 1360 ita
2446 1308 2589 1377 quod
2614 1308 2683 1363 de
2711 1319 2930 1361 mecum
2945 1302 3067 1358 aliis
3088 1294 3292 1357 sanctis
3317 1303 3443 1366 tuis,
3461 1302 3678 1372 quibus

2072 1397 2226 1466 quasi
2276 1397 2536 1468 praeclara
2567 1406 2719 1453 veste
2764 1396 2819 1451 in
2866 1394 3036 1467 gloria
3068 1394 3336 1455 veStieris,
3368 1393 3538 1448 facies
3569 1409 3677 1447 ve-

2073 1495 2209 1542 stem
2242 1494 2419 1555 tuam;
2453 1503 2615 1558 quam
2646 1485 2949 1542 dealbatam
2991 1484 3312 1539 mirabiliter
3339 1484 3673 1554 designasti,

2076 1592 2198 1633 cum
2230 1579 2284 1633 in
2334 1577 2815 1650 transﬁguratione
2862 1575 3182 1630 vestimenta
3222 1583 3312 1628 tua
3347 1573 3487 1627 facta
3533 1582 3675 1628 sunt

388 1644 556 1747 petra:
584 1673 784 1728 dicitur
826 1671 1122 1731 adhaerere.
1148 1677 1203 1723 et
1231 1667 1516 1739 pulmones
1544 1666 1759 1722 inﬂatos
1799 1667 1972 1737 repri-
2004 1644 2051 1706 Β
2078 1668 2221 1733 alba,
2249 1669 2428 1739 qualia
2457 1644 2565 1724 non
2591 1674 2776 1741 posset
2806 1663 2935 1721 fullo
2959 1665 3140 1721 facere
3170 1680 3334 1734 super
3361 1673 3594 1718 terram.

387 1778 543 1821 mere
577 1773 634 1820 et
681 1774 933 1832 purgare.
980 1760 1047 1814 Et
1099 1760 1219 1814 ideo
1270 1757 1487 1827 quando
1542 1758 1631 1812 hic
1668 1756 1881 1813 locutus
1910 1773 1972 1815 es

388 1854 636 1920 Domine,
665 1854 732 1908 de
752 1853 1011 1921 hySsopo,
1046 1850 1113 1905 de
1144 1849 1446 1903 humilitate
1474 1847 1790 1919 intelligeris
1817 1849 1971 1904 nobis

390 1946 558 2017 loqui,
585 1961 706 2015 quae
731 1946 782 2000 in
813 1942 1248 2000 consideratione
1277 1942 1356 1997 sui
1388 1950 1471 1996 est
1502 1942 1711 1998 modica
1749 1942 1835 1997 illa
1863 1944 1974 1998 vir-

390 2046 496 2101 tus,
527 2032 649 2107 qua:
688 2035 742 2091 in
779 2042 1071 2105 conspectu
1121 2043 1211 2087 tuo
1239 2041 1295 2087 et
1336 2032 1504 2088 totius
1527 2031 1765 2088 cmlestis
1806 2034 1972 2090 curiae

388 2128 627 2185 maxima
666 2135 968 2197 reputatur.
991 2124 1087 2182 Cui
1127 2134 1204 2191 tu,
1239 2125 1396 2189 Deus,
1431 2140 1675 2180 summus
1704 2127 1969 2193 medicus,

389 2232 641 2289 magnam
672 2216 949 2273 contulisti
980 2225 1169 2272 contra
1199 2224 1467 2271 tumorem
1495 2216 1763 2285 superbiae
1794 2219 1970 2273 medi-

388 2311 569 2367 cinam
594 2309 857 2379 :fquando
881 2317 956 2373 tu,
990 2306 1150 2373 Deus,
1184 2307 1277 2376 qui
1308 2307 1383 2361 de
1409 2305 1625 2361 excelso
1652 2305 1835 2376 gloria:
1866 2316 1968 2365 tua:

389 2402 595 2457 throno
614 2399 837 2456 humilia
866 2397 1185 2468 respicis,et
1204 2396 1361 2467 ponis
1382 2395 1615 2452 humiles
1644 2396 1698 2451 in
1728 2397 1967 2466 sublimi,

387 2507 513 2547 cum
541 2506 690 2547 esses
745 2490 1045 2544 immensus
1089 2495 1145 2542 et
1173 2484 1440 2551 excelsus,
1473 2484 1743 2542 inclinasti
1776 2487 1968 2555 cmlos,

388 2592 446 2637 et
472 2580 794 2637 descendisti
826 2580 878 2634 in
904 2588 1129 2644 terram,
1158 2576 1385 2631 formam
1417 2576 1560 2631 servi
1587 2576 1881 2647 accipiens,
1912 2588 1973 2634 ut

390 2671 710 2727 humilitatis
758 2668 1065 2739 exemplum
1094 2668 1331 2722 humano
1364 2666 1549 2736 generi
1580 2666 1891 2735 exhiberes,
1915 2678 1971 2725 et

388 2770 538 2814 esset
588 2759 855 2815 medicina
902 2755 1129 2812 tumoris
1187 2755 1242 2809 in
1293 2753 1513 2809 homine
1541 2755 1813 2811 humilitas
1855 2768 1967 2826 tua,

389 2848 626 2905 Christe.
662 2848 761 2904 Ubi
799 2847 967 2913 enim,
1014 2844 1260 2909 Domine,
1295 2851 1387 2898 tua
1427 2858 1487 2900 se
1531 2845 1827 2901 exinanivit
1864 2864 1971 2902 ma-

384 2940 582 3013 iestas,
608 2938 886 3011 indignum
919 2946 1004 2993 est
1047 2945 1107 2991 ut
1130 2945 1292 2992 vento
1318 2935 1586 3006 superbiae
1611 2935 1829 2993 inﬂetur
1848 2954 1970 2995 ver-

391 3032 618 3087 miculus
653 3045 721 3086 ac
766 3038 1050 3086 tumescat.
1091 3027 1232 3096 Quid
1270 3029 1417 3083 enim
1460 3027 1635 3099 magis
1664 3029 1969 3086 mirandum

389 3131 494 3189 est,
527 3123 656 3192 quid
692 3121 926 3192 amplius
977 3119 1374 3182 detestandum,
1426 3120 1555 3190 quid
1607 3123 1829 3191 gravius
1874 3138 1966 3195 pu-

386 3213 669 3278 niendum,
700 3228 862 3283 quam
880 3212 1019 3283 quod
1048 3211 1235 3267 videns
1262 3211 1356 3266 Dei
1391 3210 1585 3266 Filium
1611 3226 1885 3269 summum
1916 3214 1971 3270 in

387 3320 560 3375 regno
584 3305 867 3370 caelorum,
899 3303 1246 3360 novissimum
1277 3302 1482 3359 factum
1507 3303 1563 3358 in
1592 3316 1760 3373 regno
1800 3303 1974 3359 homi-

388 3413 542 3462 num,
566 3404 802 3466 apponat
828 3396 1005 3450 adhuc
1027 3395 1375 3466 magniﬁcare
1401 3409 1462 3449 se
1489 3394 1652 3449 homo
1674 3408 1839 3465 super
1864 3404 1974 3450 ter-

389 3488 543 3542 ram?
576 3486 621 3542 Ο
654 3486 908 3556 magister
934 3494 989 3540 et
1016 3484 1242 3539 Domine
1261 3484 1337 3555 (et
1373 3484 1510 3539 bene
1538 3484 1813 3555 dicimus),
1846 3493 1975 3542 tunc

389 3578 548 3634 nobis
567 3576 887 3632 humilitatis
934 3587 1039 3630 tua:
1064 3574 1261 3630 librum
1292 3582 1350 3629 et
1381 3572 1758 3644 magisterium
1784 3585 1973 3631 osten-

389 3672 539 3736 disti,
570 3685 692 3726 cum
727 3669 1012 3725 lectionem
1043 3667 1193 3722 illam
1217 3666 1371 3722 nobis
1391 3667 1669 3723 memoria:
1694 3682 1974 3724 commen-

388 3763 620 3820 dandam
670 3760 846 3832 legisti
890 3760 1077 3817 dicens
1114 3774 1129 3813 :
1179 3758 1385 3815 Discite
1439 3773 1471 3813 a
1526 3773 1614 3815 me
1660 3760 1787 3830 quia
1824 3760 1973 3817 mitis

387 3870 530 3922 sum,
572 3862 627 3910 et
673 3853 893 3909 humilis
919 3852 1105 3909 corde.
1139 3850 1185 3909 0
1225 3851 1447 3907 humilis
1474 3849 1769 3907 celsitudo!
1796 3852 1972 3920 Quam

386 3963 515 4006 vere
543 3947 906 4014 si.voluisses,
968 3945 1153 4003 dicere
1202 3944 1477 4017 potuisses
1512 3961 1528 3999 :
1560 3944 1762 4000 Discite
1808 3959 1840 3999 a
1882 3959 1973 4001 me

386 4042 659 4098 fabricare
707 4040 916 4106 lunam,
946 4048 1002 4096 et
1030 4037 1224 4103 solem,
1248 4035 1335 4092 vel
1363 4045 1534 4092 totam
1572 4034 1837 4093 fabricam
1865 4036 1969 4092 hu-

386 4136 473 4207 ius
501 4133 684 4189 mundi
710 4134 725 4187 ι
761 4131 847 4189 vel
878 4131 1071 4187 discite
1095 4145 1128 4185 a
1159 4144 1246 4185 me
1268 4128 1551 4185 triduanos
1576 4138 1824 4185 mortuos
1849 4144 1962 4186 sus

386 4226 586 4281 citare!
634 4223 743 4279 Sed
768 4221 899 4294 quia
946 4221 1220 4294 potentior
1246 4228 1334 4276 est
1359 4218 1690 4275 solidissima
1749 4220 1971 4277 humili-

2142 1759 2233 1813 22.
2263 1760 2329 1814 Et
2368 1760 2412 1817 si
2462 1775 2569 1826 me,
2602 1775 2725 1817 cum
2752 1760 2859 1817 illis
2889 1758 2982 1830 qui
3008 1756 3265 1811 viderunt
3291 1765 3343 1810 te
3373 1755 3581 1810 nudum
3613 1765 3672 1811 et

2072 1851 2398 1918 vestierunt,
2449 1867 2692 1923 unquam
2741 1850 3061 1924 permiseris
3101 1849 3246 1904 illam
3298 1848 3668 1903 laetabundam

2073 1959 2259 2001 vocem
2304 1955 2449 2001 tuam
2502 1945 2693 2002 audire
2722 1963 2735 1999 :
2771 1943 2987 2010 Venite,
3014 1942 3281 1998 benedicti
3314 1940 3496 1995 Patris
3528 1942 3663 2004 mei,

2073 2035 2336 2107 percipite
2360 2049 2581 2106 regnum
2613 2035 2755 2106 quod
2781 2044 3029 2106 paratum
3057 2033 3209 2087 vobis
3238 2042 3323 2087 est
3347 2032 3415 2085 ab
3448 2032 3669 2102 origine

2074 2127 2259 2182 mundi
2310 2126 2405 2195 (V.
2433 2126 2561 2198 10);
2596 2126 2805 2181 auditut’
2838 2142 2951 2181 meo
2988 2126 3137 2179 dabis
3165 2124 3415 2195 gaudium
3444 2135 3492 2178 et
3519 2124 3671 2177 laeti,

2071 2216 2220 2270 tiam.
2252 2215 2297 2272 Ο
2326 2231 2428 2271 vox
2449 2215 2828 2272 exsultationis
2848 2223 2904 2272 et
2924 2214 3141 2278 salutis,
3167 2230 3288 2283 quae
3312 2214 3668 2268 audientibus

2074 2314 2128 2360 te
2172 2306 2328 2361 dabis
2358 2306 2408 2361 in
2452 2304 2671 2362 Christo
2698 2305 2940 2361 laetitiam
2972 2304 3385 2374 sempiternam,
3419 2318 3555 2359 sona
3609 2305 3664 2357 in

2072 2396 2295 2452 auribus
2325 2398 2489 2453 meis!
2520 2396 2599 2453 Tu
2651 2399 2795 2454 enim
2837 2412 2896 2452 es
2924 2412 3030 2452 vox
3065 2395 3221 2450 valde
3245 2395 3441 2461 dulcis,
3480 2404 3535 2449 et
3581 2395 3665 2449 fa-

2069 2487 2184 2543 cies
2207 2489 2455 2544 sonantis
2490 2489 2723 2545 deeoral
2767 2489 2937 2555 Sona,
2967 2497 3027 2543 ut
3068 2488 3147 2543 sic
3174 2488 3359 2542 auditu
3386 2489 3535 2542 auris
3565 2503 3666 2541 au-

2071 2576 2218 2632 diam
2266 2586 2339 2644 te,
2369 2588 2430 2633 ut
2459 2579 2648 2635 oculus
2697 2594 2852 2635 meus
2906 2579 3087 2633 videat
3142 2587 3210 2640 te,
3264 2591 3421 2646 quem
3452 2578 3663 2643 videre,

2071 2668 2212 2724 idem
2247 2680 2331 2726 est
2366 2671 2511 2740 quod
2554 2672 2775 2728 habere.
2808 2671 3032 2727 Interim
3064 2682 3245 2726 autem
3276 2686 3374 2741 pro
3403 2686 3664 2726 reveren-

2046 2760 2146 2815 -tia
2176 2769 2306 2825 tua,‘
2330 2762 2497 2830 Deus,
2543 2764 2766 2820 audiam
2802 2772 3007 2827 tacens,
3053 2764 3182 2833 quid
3214 2764 3268 2819 in
3295 2779 3382 2819 me
3407 2764 3666 2834 ioquatur

2072 2850 2307 2922 Spiritus
2351 2866 2474 2911 tuus
2515 2864 2758 2921 sanctus,
2791 2856 3048 2927 quoniam
3080 2856 3134 2911 in
3171 2870 3258 2911 me
3296 2856 3409 2927 jam
3441 2872 3547 2911 nou
3579 2857 3664 2910 lo-

2070 2945 2255 3013 quitur
2279 2947 2382 3002 nisi
2406 2962 2612 3018 pacem.
2641 2946 3132 3017 Quantumcunque
3154 2947 3420 3017 inquietet
3466 2955 3522 3001 et
3543 2962 3665 3017 per-

2078 3045 2287 3109 strepat
2325 3037 2457 3095 foris
2502 3038 2756 3103 mundus,
2808 3046 2863 3093 et
2894 3038 3182 3100 audiendo,
3214 3037 3460 3107 quaedam
3487 3037 3541 3091 in
3564 3053 3662 3092 cor

2076 3144 2256 3187 meum
2275 3131 2477 3187 veritas
2522 3131 2816 3187 indicibilis
2861 3129 3162 3200 eliquatur;
3203 3145 3345 3200 quae,
3377 3130 3422 3186 si
3453 3138 3509 3185 tu
3551 3145 3659 3184 non

2074 3234 2154 3287 es,
2200 3221 2386 3276 nescio
2416 3219 2561 3290 'quid
2609 3220 2701 3275 sit.
2758 3220 2804 3276 Ο
2855 3220 3222 3276 secretissime
3272 3220 3470 3275 animae
3524 3234 3662 3274 meae

2075 3324 2290 3380 sponse,
2344 3309 2433 3365 fac
2478 3324 2567 3365 me
2594 3310 2781 3367 audire
2819 3311 3047 3367 interius
3102 3311 3157 3366 in
3200 3310 3414 3367 silentio
3462 3326 3655 3365 vocem

2076 3399 2257 3467 istam,
2305 3408 2364 3454 ut
2407 3401 2562 3470 quasi
2592 3402 2800 3457 amicus
2826 3403 3006 3473 sponsi
3049 3402 3175 3458 item
3205 3416 3309 3457 non
3338 3402 3533 3457 cadam
3563 3418 3661 3472 per

2074 3490 2494 3561 multiloquium,
2543 3500 2601 3547 et
2645 3492 2845 3562 gaudio
2890 3492 3154 3563 gaudeam
3207 3502 3428 3563 propter
3468 3507 3661 3547 vocem

2073 3583 2289 3653 sponsi;
2328 3584 2403 3639 ita
2451 3584 2595 3655 quod
2630 3584 2810 3640 aninta
2842 3599 2987 3653 mea,
3024 3598 3155 3656 qua:
3174 3586 3352 3641 adhuc
3396 3596 3482 3641 est
3500 3584 3660 3655 quasi

2074 3677 2165 3733 nix
2188 3678 2242 3733 in
2264 3677 2737 3748 montesuperbie
2755 3677 3055 3749 congelata,
3086 3677 3154 3733 ad
3177 3676 3413 3732 calorem
3442 3676 3519 3730 tui
3546 3676 3663 3732 elo-

2073 3768 2208 3840 quii,
2252 3770 2397 3839 quod
2445 3768 2796 3823 vehementer
2848 3767 3079 3839 ignitum
3125 3776 3234 3831 cst,
3285 3765 3574 3837 liquefacta
3604 3766 3658 3822 in

2074 3857 2266 3913 vallem
2313 3858 2640 3914 humilitatis
2672 3856 2925 3915 celeriter
2950 3866 3007 3914 et
3045 3857 3294 3914 hilariter
3321 3858 3658 3914 condescen-

2071 3946 2185 4003 dat.
2239 3947 2307 4003 Et
2355 3949 2691 4003 exsultabant
2741 3964 2863 4003 ossa
2916 3948 3220 4003 humilium.
3273 3947 3411 4005 Ossa
3465 3949 3660 4005 animm

2070 4053 2227 4106 meae,
2252 4034 2498 4108 Domine,
2545 4050 2674 4097 sunt
2705 4042 2955 4109 virtutes,
2999 4040 3199 4110 quibus
3248 4040 3365 4110 ipsa
3404 4041 3657 4110 interius,

2070 4131 2213 4188 sicut
2238 4146 2437 4203 corpus
2471 4133 2714 4189 exterius
2740 4133 2959 4189 ossibus
3006 4141 3383 4204 supportatur.
3416 4141 3474 4187 ut
3513 4140 3660 4187 stare

2069 4224 2241 4295 possit
2272 4232 2400 4279 ante
2437 4232 2489 4279 te
2531 4237 2694 4295 supra
2724 4223 2892 4295 pedes
2932 4221 3246 4290 aﬁ‘ectuum,
3300 4237 3371 4279 ne
3418 4223 3657 4279 labatur.

390 4326 475 4372 tas
528 4330 692 4386 quam
737 4313 1118 4369 ventosissima
1147 4308 1437 4377 celsitudo,
1470 4308 1673 4365 idcirco
1709 4320 1764 4366 tu
1794 4312 1972 4367 humi-
1997 4325 2050 4389 ι)
2074 4315 2155 4372 Tu
2178 4324 2383 4383 autem,
2424 4316 2587 4381 Deus,
2638 4317 2731 4387 qui
2762 4316 2945 4372 omnia
2982 4316 3145 4383 nosti,
3179 4314 3290 4371 scis
3317 4317 3397 4385 (et
3425 4329 3530 4382 ego
3559 4330 3663 4370 nec

388 4409 557 4465 litatis
585 4408 777 4464 doctor
801 4406 1053 4478 egregius
1078 4403 1258 4477 potius
1278 4402 1459 4459 dicere
1490 4401 1710 4459 voluisti
1733 4420 1748 4458 :
1771 4402 1973 4461 Discite

386 4514 418 4553 a
476 4514 563 4554 me
616 4506 894 4565 nascente,
948 4496 1237 4562 moriente,
1286 4491 1617 4565 praedicante
1641 4530 1659 4559 ,
1712 4492 1973 4550 miracula

387 4590 644 4654 faciente,
679 4590 807 4658 quia
863 4588 1011 4643 mitis
1078 4600 1200 4642 sum
1263 4593 1320 4641 et
1375 4584 1597 4646 humilis
1633 4586 1816 4645 corde.
1853 4585 1898 4644 0
1926 4585 1973 4643 si

384 4680 568 4736 cordis
602 4679 709 4735 mei
763 4679 953 4734 intima
998 4693 1319 4750 aspergeres
1373 4680 1627 4753 hyssopo,
1678 4681 1783 4737 hoc
1824 4687 1974 4736 certe

387 4772 505 4838 tibi,
536 4772 629 4843 qui
658 4784 719 4828 es
747 4772 1053 4827 ﬁrmissima
1080 4782 1256 4842 petra,
1281 4772 1520 4841 Christe,
1553 4783 1668 4830 toto
1692 4773 1858 4831 corde
1881 4788 1973 4828 ra-

384 4862 584 4919 dicitus
626 4863 981 4927 adhaererem,
1032 4861 1106 4917 ita
1148 4862 1294 4933 quod
1335 4878 1475 4919 unus
1519 4863 1742 4934 spiritus
1794 4878 1971 4919 essem

386 4947 589 5022 tecum,
635 4964 694 5010 et
732 4968 845 5026 prae
890 4954 1087 5024 gaudio
1134 4954 1522 5019 exclamarem,
1552 4956 1696 5025 quod
1725 4955 1819 5011 tibi
1867 4955 1973 5010 Do-

384 5049 534 5105 mino
554 5060 675 5104 meo
701 5047 899 5103 bonum
939 5055 1024 5102 est
1052 5046 1354 5103 adhaerere.
1384 5045 1451 5101 Et
1484 5047 1610 5117 quia
1642 5047 1758 5104 haec
1786 5048 1974 5119 hysso-

381 5154 485 5211 pus
513 5149 598 5197 est
630 5138 828 5195 inﬂatis
854 5136 1108 5194 omnibus
1138 5136 1301 5193 nobis
1342 5152 1499 5209 opus,
1532 5139 1739 5195 idcirco
1770 5150 1845 5205 te,
1882 5140 1971 5195 cui

384 5233 666 5290 humilium
695 5240 753 5289 et
776 5239 1185 5288 mansuetorum
1237 5243 1452 5299 semper
1478 5230 1682 5302 placuit
1711 5233 1972 5303 depreca-

385 5327 482 5391 tio,
511 5327 774 5397 deprecor
820 5320 1097 5379 humillter
1123 5329 1181 5377 et
1209 5320 1424 5389 devote,
1455 5331 1516 5376 ut
1541 5337 1628 5379 me
1649 5323 1882 5380 interius
1917 5332 1973 5380 et

384 5420 625 5474 exterius
648 5417 891 5488 digneris
917 5427 1205 5486 aspergere
1230 5411 1337 5469 hac
1366 5412 1623 5484 byssopo,
1649 5425 1707 5471 et
1735 5414 1970 5470 munda.

387 5510 509 5578 bor,
539 5527 604 5566 ac
631 5512 846 5581 penitus
880 5506 1217 5564 emundabor
1247 5521 1278 5561 a
1310 5504 1508 5561 delicto
1536 5507 1799 5573 maximo,
1825 5506 1969 5578 quod

387 5610 474 5656 cst
493 5601 764 5670 superbia,
791 5615 910 5669 quae
937 5600 1080 5656 inter
1101 5613 1297 5670 magna
1319 5612 1426 5655 non
1455 5596 1630 5657 solum
1655 5597 1848 5670 majus,
1872 5598 1970 5657 sed

2072 4409 2197 4466 volo
2219 4409 2335 4475 tibi,
2379 4422 2479 4465 nec
2527 4410 2722 4474 audeo,
2774 4423 2876 4464 nec
2908 4407 3065 4463 valeo
3097 4406 3336 4479 diﬂiteri)
3371 4408 3519 4478 quod
3546 4408 3662 4462 hac

2073 4502 2267 4560 anima!
2296 4516 2430 4558 mea:
2458 4516 2580 4557 ossa
2607 4499 2808 4572 pluries
2836 4498 3135 4570 dissipasti,
3164 4515 3287 4568 quae
3314 4498 3533 4570 placere
3562 4499 3660 4553 ho-

2072 4594 2309 4651 minibus
2332 4594 2665 4665 qutesierunt
2712 4591 2872 4659 adeo,
2924 4591 3071 4662 quod
3113 4592 3341 4648 medella
3385 4591 3485 4665 (ita
3529 4593 3652 4647 cod.

2073 4683 2337 4754 archaice)
2372 4682 2697 4750 devotionis,
2744 4696 2774 4736 a
2802 4695 2911 4752 qua
2942 4690 3113 4737 totum
3144 4682 3458 4753 concipiunt
3487 4683 3657 4738 robur

2071 4790 2254 4841 suum,
2294 4774 2445 4830 arida
2496 4783 2580 4831 est
2623 4783 2682 4830 et
2723 4773 2890 4841 sicca,
2918 4774 2995 4831 ita
3022 4775 3294 4845 utpossim
3319 4774 3506 4829 dicere
3531 4790 3655 4829 cum

2072 4863 2374 4935 propheta:
2414 4862 2550 4920 Ossa
2594 4877 2715 4919 mea
2755 4864 2897 4919 sicut
2933 4864 3200 4929 cyremium
3224 4873 3508 4920 aruerunt.
3547 4863 3655 4921 Sed

2072 4956 2197 5026 quia
2241 4963 2297 5010 tu
2342 4969 2405 5011 es
2456 4954 2600 5011 Deus
2646 4952 2930 5021 virtutum,
2986 4954 3147 5024 cujus
3173 4969 3237 5012 os
3268 4954 3351 5011 vel
3393 4955 3566 5011 virtus
3600 4956 3652 5011 in

2070 5062 2234 5103 cruce
2263 5064 2371 5104 non
2399 5046 2522 5117 fuit,
2565 5046 2863 5104 confractis
2894 5047 3126 5104 aliorum
3159 5048 3387 5104 duorum
3412 5048 3653 5113 ossibus,

2071 5141 2484 5208 comminutum,
2508 5140 2715 5197 idcirco
2754 5139 3000 5211 supplico
3024 5146 3129 5195 tum
3149 5138 3408 5195 ineffabili
3438 5139 3651 5209 pietati,

2072 5242 2133 5288 ut
2155 5233 2224 5290 de
2253 5233 2470 5291 excelso
2496 5233 2674 5305 ignem
2698 5233 2902 5291 amoris
2928 5231 3005 5287 tui
3028 5231 3083 5287 in
3105 5232 3322 5288 ossibus
3352 5232 3491 5287 meis
3516 5232 3649 5287 mit-

2072 5331 2178 5386 tas,
2206 5322 2333 5393 quia
2367 5322 2461 5378 tibi
2488 5323 2589 5380 soli
2623 5323 2876 5380 desidero
2913 5320 3054 5375 bene
3084 5319 3298 5392 placitis
3337 5319 3553 5376 actibus
3584 5319 3655 5377 de

2072 5422 2268 5470 caetero
2299 5414 2658 5487 complacare,
2688 5423 2749 5469 ut
2785 5409 3101 5470 holocausta
3138 5411 3234 5469 tibi
3270 5410 3497 5468 oll‘eram
3530 5427 3650 5466 me-

2072 5505 2274 5562 dullata
2306 5524 2319 5561 :
2350 5497 2511 5564 et'sic
2535 5508 2792 5578 pmdieta
2819 5507 3017 5564 anima:
3048 5519 3184 5562 mete
3218 5518 3342 5560 ossa
3371 5502 3652 5559 humiliata

2069 5611 2168 5669 per
2210 5597 2578 5669 aspersionem
2631 5597 2878 5672 hyssopi,
2938 5606 2992 5654 et
3048 5594 3301 5667 gaudium
3349 5592 3503 5650 vocis
3548 5602 3653 5649 tua
