3906 6058
240 248 343 306 857

1347 240 1722 297 ΜΕΒΙΤΑΤΙΟ
1762 239 1825 295 IN
1863 239 2058 297 PSAL.
2100 240 2465 297 MISERERE.

3410 251 3513 308 858

206 368 207 371 ‘
242 362 447 418 auditui
478 361 821 428 mandatum,
852 358 907 417 in
930 364 1011 428 te,
1048 359 1305 428 Domine,
1333 354 1674 413 exsultabqu
1699 372 1830 430 gau«
1861 364 1909 423 Α
1938 356 2054 411 cius
2082 365 2245 424 atque
2274 356 2537 422 vivacius,
2584 364 2640 409 tu
2673 370 2732 410 es
2758 370 2854 411 cor
2887 366 2942 411 et
2988 358 3094 412 vita
3135 360 3328 415 anima:
3360 378 3510 429 mem,

243 453 334 507 dio
364 467 563 520 magno
590 450 765 506 valde.

310 544 387 600 25
414 546 432 609 (
449 542 509 599 γ.
542 544 653 615 ll.)
681 543 747 597 Et
777 559 845 599 ne
877 544 990 600 lucc
1012 544 1303 601 exsultatio
1333 546 1399 602 de
1428 556 1627 603 caetero
1652 549 1703 603 in
1732 548 1828 602 tri-

245 636 449 691 stitiam
494 644 866 701 convertatur,
903 645 1075 691 averte
1112 636 1301 704 faciem
1339 649 1484 692 tuam
1528 655 1560 692 α
1604 639 1829 709 peccatis

244 726 391 778 uicis.
429 722 703 778 Hactenus
742 724 1070 779 mentionem
1123 725 1217 780 tibi
1266 726 1392 791 feci,
1433 727 1650 783 domine
1686 729 1829 783 Deus

246 832 421 882 meus,
453 817 518 870 de
571 831 675 870 una
708 816 1014 885 iniquitate,
1060 827 1117 872 et
1154 818 1219 873 de
1255 834 1363 873 uno
1399 830 1658 888 peccato,
1688 821 1830 891 quod

245 919 326 964 est
380 908 632 978 superbia
676 920 732 963 ct
774 910 1083 979 arrogantia
1139 926 1357 981 magna,
1402 912 1469 967 de
1515 930 1621 982 qua
1668 916 1829 968 timeo

246 1000 376 1053 mihi
414 998 586 1061 valde,
619 1000 906 1054 attendens
938 1002 1081 1069 quod
1124 1015 1225 1056 nec
1263 1003 1834 1069 superbientilmsau-

245 1092 378 1161 gt‘llS
408 1091 714 1160 pepercisti,
755 1093 849 1146 sed
896 1091 1045 1145 illum
1088 1090 1326 1159 Cherub,
1359 1095 1596 1164 quierat
1642 1096 1830 1167 signa-

245 1182 425 1235 culum
466 1180 855 1245 similitudinis,
892 1182 1082 1252 plenus
1127 1184 1410 1254 sapientia,
1461 1195 1515 1240 et
1564 1186 1833 1256 perfectus

247 1275 464 1337 decore,
497 1283 719 1344 prepter
758 1274 1068 1344 superbiam
1120 1274 1188 1330 de
1234 1275 1442 1332 deliciis
1482 1279 1717 1347 paradisi
1765 1279 1834 1335 ad

252 1365 454 1419 inferos
495 1365 797 1421 detraxisti.
852 1365 919 1420 Et
964 1366 1169 1423 idcirco
1212 1382 1241 1422 a
1292 1374 1363 1432 te,
1416 1367 1659 1432 Domine,
1707 1371 1832 1439 petii

248 1466 357 1511 tam
405 1458 693 1523 instanter,
742 1467 804 1514 ut
855 1458 997 1515 hanc
1059 1458 1400 1529 iniquitatem
1448 1470 1504 1516 et
1550 1470 1833 1532 peccatum

251 1569 429 1608 meum
484 1554 713 1620 deleres,
755 1552 987 1623 lavares,
1034 1555 1358 1619 mundares,
1404 1556 1529 1624 quia
1571 1557 1834 1613 maculam

250 1641 405 1698 valde
443 1642 733 1697 haerentem
782 1642 836 1697 in
867 1644 1048 1700 anima
1073 1661 1192 1702 mea
1228 1648 1437 1704 fecerit.
1471 1647 1624 1703 Nunc
1654 1656 1835 1703 autem

1933 448 2103 513 Deus;
2159 450 2249 518 qui
2290 448 2529 519 quandiu
2560 451 2731 519 ipsam
2763 449 2997 515 habitas,
3042 452 3149 506 vita
3180 455 3369 522 gratia:
3410 466 3514 511 tum

1932 540 2092 605 vivit,
2122 549 2301 609 gustat
2340 540 2697 610 spiritualiter
2733 542 2907 597 dulcia
2939 552 2994 599 et
3047 559 3272 600 amara:
3314 564 3436 603 nam
3463 553 3515 607 ei

1930 629 2244 686 dulcescunt
2277 630 2521 686 coelestia
2568 640 2624 686 et
2667 632 2917 698 virtutes,
2959 643 3015 689 et
3054 643 3269 691 terrena
3294 652 3359 692 ac
3380 641 3512 694 vitia

1932 731 2055 776 sunt
2092 737 2297 777 amara.
2336 723 2403 777 Et
2444 722 2611 778 etiam
2650 725 2803 795 quasi
2837 742 3001 781 unum
3032 728 3245 797 mystici
3271 734 3517 801 corporis

1932 816 2007 867 tui
2042 815 2365 879 membrum,
2392 815 2436 869 si
2464 817 2823 885 prosperitate
2846 818 3211 873 membrorum
3235 820 3378 875 aliud
3402 824 3517 893 glo-

1936 904 2128 969 riatur,
2159 906 2494 975 congaudet;
2547 915 2604 961 et
2634 910 2677 962 si
2710 908 3095 965 adversitatem
3123 912 3343 982 patitur,
3382 930 3517 983 quo-

1934 994 2055 1048 dam
2090 997 2483 1066 compassionis
2530 999 2819 1069 participio
2864 1002 3185 1058 molestatur
3226 1015 3280 1060 et
3322 1006 3514 1061 dolet:

1936 1086 2000 1140 Et
2020 1087 2099 1141 sic
2128 1089 2363 1142 animam
2389 1104 2564 1144 meam
2593 1092 2770 1146 sentio
2799 1108 2896 1149 cor
2918 1094 3138 1151 habere.
3164 1094 3299 1151 Cum
3336 1108 3515 1154 autem

1933 1184 2155 1245 prapter
2184 1175 2497 1245 iniquitates
2528 1194 2679 1235 meas
2721 1181 2787 1236 ab
2816 1182 2997 1237 anima
3026 1198 3144 1239 mea
3174 1184 3339 1242 fueris
3366 1202 3518 1258 sepa-

1934 1277 2106 1329 ratus,
2137 1274 2264 1320 tunc
2300 1282 2401 1322 nec
2428 1270 2616 1335 vitam,
2650 1285 2748 1327 nec
2796 1288 3067 1342 saporem,
3098 1290 3196 1330 nec
3236 1278 3513 1347 gaudium,

1936 1371 2036 1411 nec
2092 1358 2332 1413 dolorem
2384 1361 2553 1415 sentit
2582 1362 2661 1417 vel
2700 1364 2863 1419 habet
2891 1380 3055 1435 super
3081 1365 3261 1437 aliquo
3290 1368 3356 1422 de
3390 1383 3516 1438 pro-

1937 1448 2141 1515 missis,
2172 1449 2267 1504 sed
2298 1449 2444 1505 velut
2470 1461 2682 1506 mortua
2710 1454 2826 1510 sine
2848 1455 3015 1511 corde
3038 1456 3090 1510 iu
3120 1455 3295 1512 loculo
3322 1472 3517 1528 corpo-

1939 1538 2017 1593 ris
2049 1540 2131 1594 sui
2172 1537 2341 1608 jacet,
2377 1548 2432 1594 et
2464 1549 2593 1596 tunc
2637 1557 2767 1598 vere
2795 1552 2975 1613 potest
3018 1544 3201 1601 dicere
3241 1538 3363 1601 cum
3394 1561 3521 1616 pro-

1938 1627 2099 1696 pheta
2130 1625 2277 1682 :Cor
2306 1642 2487 1683 meum
2520 1630 2849 1701 derelinquit
2873 1648 2987 1699 me;
3020 1642 3074 1688 et
3097 1635 3241 1704 quod
3272 1634 3414 1690 facta
3438 1646 3522 1690 est

250 1737 375 1805 quia
406 1737 643 1806 ίηιειιίεο
668 1740 812 1809 quod
854 1752 921 1793 εχ
954 1738 1056 1793 hoc
1088 1749 1313 1808 peccaw
1363 1755 1485 1797 meo
1513 1751 1770 1811 umquam
1808 1754 1839 1794 a
1872 1727 1915 1783 Β
1944 1722 2102 1791 quasi
2130 1714 2380 1776 columba
2410 1724 2633 1779 seducta
2666 1737 2771 1778 non
2802 1723 3008 1778 habens
3029 1738 3145 1779 cor.
3184 1725 3250 1778 Et
3277 1741 3403 1780 vere
3430 1726 3525 1780 mi-

250 1830 480 1899 quadam
508 1829 773 1885 virulenta
801 1830 1006 1895 radice,
1033 1830 1200 1885 multa
1220 1830 1277 1885 in
1305 1831 1632 1901 me'peccata
1657 1839 1713 1886 et
1737 1829 1840 1885 ini-

250 1922 489 1991 quitates
519 1921 640 1977 alite
684 1922 1037 1993 pullularunt,
1071 1936 1197 1978 cum
1230 1921 1408 1976 omnis
1437 1919 1689 1991 superbia
1718 1920 1841 1976 fun-

251 2016 566 2070 damentum
606 2025 662 2070 et
685 2015 898 2071 initium
940 2015 1259 2086 sitpeccati,
1284 2024 1337 2070 et
1361 2013 1612 2083 angelum
1647 2023 1702 2069 et
1736 2014 1838 2069 ho-

251 2108 453 2163 minem
476 2118 788 2178 apostatare
809 2124 837 2162 a
876 2116 929 2164 te
956 2108 1149 2164 fecerit
1178 2108 1405 2164 nimium
1435 2108 1835 2181 imprudenter;

251 2198 374 2253 ideo
402 2198 628 2269 imploro
657 2199 934 2254 humiliter
965 2207 1137 2274 tuam,
1170 2200 1333 2267 Deus,
1370 2200 1694 2258 ineffabilem
1725 2201 1838 2270 pie-

253 2300 445 2357 tatem,
488 2306 556 2347 ne
593 2290 776 2347 laetitia
810 2299 867 2347 et
898 2291 1210 2361 exsultatio,
1240 2307 1377 2364 quas
1406 2293 1610 2349 auditui
1639 2307 1761 2347 meo
1785 2299 1842 2348 et

252 2384 552 2440 humiliatis
580 2384 794 2440 ossibus
829 2385 965 2441 meis
992 2383 1259 2454 infudisti,
1304 2385 1357 2440 in
1406 2384 1703 2463 lamentam
1752 2383 1838 2440 vel

254 2491 444 2531 vocem
466 2473 707 2530 ﬂentium
728 2485 1099 2531 convertatur.
1121 2476 1324 2532 Averte
1350 2475 1543 2531 faciem
1571 2484 1716 2530 tuam
1732 2489 1839 2530 non

254 2566 430 2622 solum
476 2566 544 2620 ab
574 2564 665 2621 illo
709 2574 933 2635 peccato
969 2580 1089 2621 meo
1136 2566 1424 2635 superbiae,
1460 2564 1553 2620 sed
1580 2564 1742 2618 etiam
1773 2564 1841 2618 ab

252 2654 510 2711 omnibus
541 2655 781 2724 peccatis
808 2655 986 2710 meis:
1021 2656 1093 2710 ita
1130 2664 1308 2710 tamen
1338 2655 1479 2725 quod
1506 2670 1535 2708 a
1575 2669 1662 2709 me
1696 2664 1840 2708 tuam

256 2746 452 2804 faciem
495 2763 602 2804 non
638 2758 875 2814 avertas,
916 2750 1007 2819 qui
1042 2749 1095 2803 in
1147 2749 1250 2804 hac
1296 2748 1404 2803 vita
1433 2747 1553 2805 volo
1597 2761 1843 2817 quaerere

258 2848 405 2893 tuam
449 2836 662 2906 faciem,
714 2839 816 2894 hoc
849 2849 932 2894 est
969 2839 1264 2910 jucundam
1301 2826 1643 2910 praesentiam
1676 2846 1841 2891 ,tuam

256 2946 489 3002 semper.
539 2931 670 2987 Seio
697 2934 866 2998 enim,
902 2933 1148 2996 Domine,
1191 2931 1315 3002 quia
1352 2940 1441 2986 tua
1474 2930 1642 2985 facies
1671 2930 1723 2983 in
1757 2927 1844 2997 ju-

258 3025 367 3081 bllo
393 3025 804 3095 contemplatur,
833 3033 888 3080 et
925 3024 970 3080 si
993 3038 1113 3079 eam
1139 3022 1465 3087 ostenderis,
1496 3021 1678 3077 salvus
1702 3035 1798 3075 ero
1825 3036 1839 3074 :

259 3126 537 3172 avertente
571 3126 754 3172 autem
807 3125 859 3171 te
912 3115 1104 3170 faciem
1140 3126 1286 3170 tuam
1320 3129 1351 3168 a
1392 3127 1501 3180 me,
1538 3110 1843 3168 inconsola-

259 3205 446 3261 biliter
474 3207 860 3263 conturbabor.
900 3204 978 3262 Ne
1010 3214 1227 3261 avertas
1260 3204 1443 3276 igitur,
1486 3204 1631 3259 Deus
1668 3217 1841 3268 meus,

259 3297 459 3353 faciem
491 3308 636 3354 tuam
671 3314 702 3354 a
748 3314 866 3365 me;
894 3298 988 3354 sed
1016 3313 1047 3353 a
1081 3299 1321 3369 peccatis
1349 3295 1486 3352 meis
1509 3306 1745 3360 avertas,
1777 3308 1845 3350 ne

264 3388 747 3445 animadvertendo
778 3390 831 3444 in
858 3405 967 3455 me,
993 3390 1185 3459 punias
1216 3404 1302 3445 me
1338 3404 1436 3459 pro
1467 3388 1573 3445 illis
1602 3405 1617 3444 :
1661 3404 1691 3443 a
1720 3388 1843 3460 qui-

263 3479 365 3534 bus
386 3494 631 3547 aversus,
658 3489 714 3536 et
740 3496 861 3551 qua:
881 3495 980 3552 ego
1009 3481 1203 3547 habeo,
1227 3491 1282 3536 et
1308 3481 1519 3536 habebo
1533 3480 1599 3535 de
1624 3490 1845 3547 cmtero,

266 3577 320 3624 te
349 3569 592 3640 iuvante,
619 3571 687 3627 ad
716 3579 770 3627 te
796 3571 988 3627 faciem
1032 3585 1206 3627 meam
1236 3569 1622 3643 [convertam],
1654 3580 1714 3626 ut
1764 3569 1849 3625 fu-

267 3660 406 3731 giam
434 3676 497 3717 ea
544 3676 780 3732 semper.
830 3661 897 3716 Et
939 3678 1117 3717 omnes
1141 3662 1447 3732 iniquitates
1474 3678 1615 3716 meas
1643 3661 1756 3716 dele
1782 3661 1849 3716 de

267 3752 459 3806 notitia
494 3762 606 3819 tua,
648 3753 811 3821 Deus,
841 3762 898 3809 et
927 3754 1165 3810 radicem
1202 3762 1258 3808 et
1287 3753 1598 3823 progeniem
1638 3762 1693 3807 et
1729 3768 1851 3823 ger-

269 3855 415 3904 men,
434 3840 578 3897 sicut
593 3843 815 3899 omnino
833 3842 1024 3900 delesti
1050 3841 1365 3899 memoriam
1391 3840 1646 3898 Amalech
1666 3841 1733 3896 de
1752 3840 1852 3895 sub

269 3931 430 3987 ccelo.

339 4023 433 4080 24.
467 4022 564 4096 (γ.
597 4025 711 4098 12.)
744 4026 810 4081 Et
838 4024 1030 4083 deletis
1067 4024 1205 4081 meis
1247 4021 1620 4094 iniquitatibus
1647 4030 1703 4077 et
1729 4035 1853 4092 pec-

272 4116 434 4181 catis,
459 4133 550 4171 cor
570 4118 827 4172 mundum
869 4133 988 4172 crea
1028 4118 1084 4171 in
1110 4132 1210 4181 me,
1242 4114 1401 4171 Deus.
1429 4113 1475 4170 Ο
1502 4114 1644 4169 Deus
1673 4112 1854 4170 cordis

273 4208 406 4273 mei,
433 4208 525 4277 qui
557 4209 887 4265 intellectum
938 4210 1037 4264 das
1093 4209 1353 4279 parvulis,
1387 4208 1455 4263 da
1487 4208 1619 4263 mihi
1659 4204 1857 4261 intelli-

273 4315 405 4371 gere
428 4300 572 4356 hoc:
615 4303 762 4358 intus
792 4302 963 4373 legem
1002 4311 1152 4372 pcto,
1194 4308 1254 4356 ut
1282 4315 1379 4355 cor
1414 4300 1673 4353 mundum
1702 4310 1857 4353 crees

1946 1816 2255 1871 serabiliter
2296 1816 2552 1872 seductus
2583 1825 2667 1870 est
2710 1816 2890 1870 omnis
2938 1815 3122 1882 homo,
3165 1818 3259 1887 qui
3303 1827 3528 1888 propter

1940 1908 2075 1963 tanti
2098 1917 2152 1964 et
2180 1907 2302 1963 talis
2332 1907 2513 1964 cordis
2563 1902 2800 1977 inopiam
2847 1908 3084 1963 animam
3128 1924 3282 1963 suam
3319 1911 3524 1980 perdit.

1940 1999 2076 2055 Nam
2120 2000 2222 2056 hoc
2247 2010 2330 2056 est
2375 2015 2474 2071 pro
2505 1999 2695 2065 nihilo,
2726 2000 2830 2054 hoc
2861 2008 2944 2055 est
2971 2015 3071 2070 pro
3102 2010 3348 2071 peccato,
3381 2002 3526 2073 quod

1939 2104 2071 2147 vere
2096 2090 2231 2145 nihil
2258 2100 2364 2158 est,
2396 2106 2494 2161 pro
2525 2105 2633 2161 quo
2671 2090 2838 2145 nihilo
2873 2091 3014 2161 perit
3037 2106 3133 2147 cor
3154 2093 3303 2163 impii
3336 2108 3527 2164 pecca-

1943 2184 2098 2240 toris.
2974 2208 2979 2211 ‹

2010 2272 2102 2328 25.
2139 2273 2206 2328 Et
2231 2272 2335 2329 heu
2362 2272 2518 2339 mihi,
2550 2272 2769 2329 domine
2790 2273 2930 2329 Deus
2962 2288 3136 2339 meus,
3166 2274 3285 2330 sine
3321 2283 3396 2339 te,
3430 2289 3527 2344 per

1942 2381 2104 2437 quem
2132 2366 2317 2421 omnia
2364 2365 2506 2421 facta
2539 2374 2688 2431 sunt,
2718 2381 2746 2419 a
2780 2381 2866 2421 me
2900 2365 3104 2421 factum
3135 2377 3219 2422 est
3261 2368 3401 2421 istud
3434 2367 3524 2421 ni-

1941 2457 2041 2525 hil,
2068 2467 2121 2513 et
2151 2472 2249 2529 pro
2278 2458 2384 2513 isto
2411 2456 2582 2513 nihilo
2630 2458 2788 2528 perii,
2822 2470 2876 2514 et
2904 2460 2971 2513 ad
3006 2458 3235 2514 nihilum
3268 2460 3524 2515 redactus

1943 2564 2061 2605 sum
2087 2557 2139 2603 et
2187 2548 2415 2605 nescivi.
2454 2548 2561 2604 Sed
2601 2557 2678 2614 tu,
2729 2557 2949 2604 creator
2972 2550 3215 2603 omnium
3248 2550 3408 2617 Deus,
3436 2550 3529 2621 qui

1942 2639 2012 2696 de
2038 2640 2209 2696 nihilo
2240 2648 2436 2696 cuncta
2466 2640 2804 2710 creasti,jcor
2826 2641 3083 2696 mundum
3109 2657 3233 2696 crea
3262 2642 3314 2696 in
3347 2642 3527 2696 anima

1944 2747 2089 2797 mea,
2115 2732 2279 2797 Deus,
2330 2734 2399 2787 ad
2451 2732 2624 2802 ipsam
2657 2731 2712 2786 in
2762 2732 3155 2792 misericordiis
3208 2732 3530 2787 revertendo

1944 2825 2312 2895 suspirantem
2366 2832 2421 2879 et
2463 2824 2788 2879 clamantem
2811 2824 2878 2878 ad
2906 2832 2957 2878 te
2982 2838 2998 2876 :
3028 2824 3302 2879 Velociter
3333 2825 3528 2879 exaudi

1944 2930 2055 2980 me,
2090 2916 2360 2971 Domine:
2412 2914 2610 2971 defecit
2654 2914 2893 2985 Spiritus
2944 2931 3139 2982 meus;
3196 2932 3265 2970 ne
3314 2927 3533 2972 avertas

1944 3020 2074 3076 ergo
2098 3020 2284 3060 aurem
2313 3013 2457 3059 tuam
2480 3020 2510 3058 a
2538 3002 2772 3074 singultu
2808 3019 2947 3070 meo,
2978 3004 3071 3058 sed
3093 3014 3313 3073 propter
3338 3015 3532 3060 temet-

1950 3096 2151 3166 ipsum,
2181 3094 2350 3160 Deus,
2387 3104 2442 3149 et
2488 3104 2710 3164 propter
2750 3108 2946 3149 nomen
2975 3102 3224 3147 sanctum
3255 3102 3405 3147 tuum
3446 3107 3532 3149 re-

1944 3195 2162 3244 vertere
2214 3186 2281 3241 ad
2322 3186 2558 3241 animam
2611 3199 2808 3248 meam,
2840 3192 2899 3238 ut
2946 3185 3093 3238 vivat
3126 3200 3140 3238 :
3208 3192 3262 3237 tu
3302 3199 3361 3238 es
3388 3185 3533 3238 enim

1944 3280 2163 3350 proprie
2187 3278 2463 3351 praprium
2490 3292 2585 3333 cor
2612 3277 2781 3347 ipsius
2807 3287 2863 3332 et
2894 3277 3023 3331 vita.
3048 3276 3188 3348 Ergo
3219 3276 3533 3333 misericor-

1947 3372 2194 3438 dissime,
2244 3369 2632 3435 secretissime,
2666 3370 2875 3435 intime,
2902 3369 2996 3439 qui
3031 3368 3272 3425 custodis
3314 3377 3534 3437 pactum

1947 3473 2004 3520 et
2051 3462 2482 3520 misericordiam
2530 3460 2707 3517 servis
2750 3460 2888 3526 tuis;
2920 3460 3013 3531 qui
3063 3460 3358 3531 promisisti
3394 3460 3538 3530 quod

1948 3556 2111 3613 dares
2144 3556 2304 3612 nobis
2327 3569 2424 3612 cor
2448 3569 2669 3621 novum,
2703 3563 2761 3609 et
2798 3554 3052 3624 spiritum
3077 3569 3277 3608 novum
3309 3568 3539 3624 poneres

1952 3649 2006 3704 in
2043 3648 2220 3705 medio
2265 3646 2463 3713 nostri,
2495 3647 2541 3701 si
2573 3647 2875 3702 rediremus
2921 3647 2989 3701 ad
3016 3660 3144 3711 cor;
3178 3654 3232 3699 et
3262 3646 3541 3715 pla’ntares

1954 3738 2096 3811 [cod.
2128 3737 2423 3808 plorantes]
2459 3753 2559 3797 nos
2593 3738 2649 3792 in
2695 3738 2859 3792 corde
2889 3746 3000 3801 tuo,
3047 3746 3104 3791 et
3132 3736 3186 3791 in
3219 3737 3401 3791 anima
3446 3746 3537 3791 tua

1955 3840 2087 3886 tnta.
2114 3828 2190 3882 Da
2236 3837 2292 3883 te
2336 3827 2509 3882 solum
2544 3826 2705 3891 mihi,
2729 3835 2785 3880 et
2810 3834 2863 3880 te
2890 3827 2943 3880 in
2968 3826 3147 3880 anima
3178 3841 3297 3881 mea
3335 3826 3540 3896 planta,

1952 3929 2010 3975 et
2057 3919 2248 3989 plenus
2299 3931 2440 3974 sum.
2482 3917 2596 3988 Ego
2640 3926 2821 3970 autem
2853 3916 3250 3986 praevaricator,
3282 3919 3349 3971 ad
3380 3932 3544 3972 voca-

1940 4011 2157 4067 tionem
2182 4018 2333 4065 tuam
2378 4008 2558 4064 redire
2587 4006 2708 4063 volo
2734 4006 2801 4061 ad
2832 4021 2947 4071 cor,
2979 4007 3086 4062 hoc
3111 4017 3195 4062 est
3234 4007 3302 4062 ad
3337 4016 3412 4073 te,
3447 4008 3541 4078 qui

1956 4118 2018 4160 es
2047 4118 2164 4168 cor,
2188 4116 2297 4172 quo
2325 4100 2479 4166 vivit,
2508 4099 2672 4171 sapit,
2704 4100 2924 4170 gaudet,
2947 4098 3114 4164 dolet,
3143 4098 3269 4165 scit,
3292 4098 3543 4169 intelligit

1958 4195 2139 4249 anima
2167 4208 2310 4260 mea,
2341 4194 2502 4248 Deus.
2533 4192 2600 4247 Et
2640 4192 2745 4247 hoc
2771 4200 2856 4246 est
2881 4205 2978 4245 cor
3014 4191 3293 4254 mundum,
3318 4190 3461 4259 quod
3485 4200 3545 4245 ut

1958 4304 2113 4346 crees
2125 4289 2179 4344 in
2198 4304 2302 4352 me,
2318 4289 2481 4351 Deus,
2508 4288 2773 4357 requiroa
2797 4294 2867 4341 te.
2896 4284 3281 4341 Verumtamen:
3297 4283 3542 4350 attende,

274 4392 330 4447 in
354 4406 462 4460 me,
493 4393 635 4450 Deus
674 4412 689 4450 ς
723 4410 791 4451 ηε
825 4396 869 4450 εξ
899 4395 1105 4466 petiero
1125 4392 1267 4462 quod
1300 4393 1511 4462 ignoro,
1535 4391 1685 4445 dicas
1724 4387 1854 4444 mihi
1890 4414 1936 4470 Β
1961 4379 2209 4470 Domine,
2259 4378 2402 4450 quod
2451 4377 2714 4433 intendo:
2751 4390 2859 4430 non
2910 4384 2997 4470 est
3040 4375 3186 4429 enim
3226 4374 3545 4430 intentionis

275 4484 429 4554 quod
448 4484 631 4541 dixisti
677 4486 839 4541 matri
864 4485 1094 4541 filiorum
1122 4492 1177 4539 et
1207 4482 1332 4537 tiliis
1355 4481 1597 4537 Zehedtei
1631 4497 1645 4534 :
1674 4479 1858 4536 Nesci-

273 4576 348 4632 tis
372 4576 501 4648 quid
530 4576 748 4648 petatis.
778 4576 919 4633 Ecce
942 4576 1087 4632 enim
1120 4574 1242 4632 οωιί
1280 4588 1387 4630 non
1417 4580 1544 4629 sunt
1574 4571 1758 4627 mundi
1802 4572 1857 4627 in

275 4678 573 4741 conspectu
620 4679 735 4737 tuo,
781 4677 839 4725 et
885 4670 941 4725 in
988 4668 1197 4740 angelis
1247 4667 1456 4738 reperis
1498 4665 1858 4737 pravitatem,

278 4773 486 4834 quanto
516 4762 697 4819 minus
740 4761 904 4818 homo
955 4760 1188 4832 putredo
1223 4768 1279 4815 et
1327 4758 1470 4814 illius
1508 4757 1625 4828 ejus
1661 4755 1861 4811 vermis

276 4856 483 4926 poterit
522 4855 708 4911 dicere
745 4868 761 4908 :
812 4851 1069 4909 Mundum
1114 4860 1199 4907 est
1251 4866 1349 4908 cor
1395 4850 1603 4906 meum!
1652 4848 1719 4904 Et
1752 4862 1859 4902 non

278 4954 493 5015 Oportet
512 4959 599 5000 me
637 4946 837 5001 habere
864 4959 979 5009 cor,
1033 4953 1089 4999 et
1118 4942 1246 4998 illud
1280 4941 1540 4998 mundum
1571 4949 1859 5010 antequam

278 5038 491 5094 videam
527 5049 598 5105 te,
631 5052 792 5107 quem
834 5036 931 5092 soli
961 5036 1060 5091 viri
1089 5033 1298 5091 cordati
1320 5032 1599 5097 videbunt,
1626 5031 1717 5101 qui
1748 5029 1863 5085 fue-

284 5141 413 5184 runt
452 5130 653 5185 mundo
697 5130 880 5185 corde.
926 5128 1081 5184 Nunc
1126 5137 1331 5192 autem,
1380 5126 1472 5180 lux
1515 5120 1863 5192 intelligibilis

283 5221 463 5293 (cujus
502 5220 796 5277 invisibilia
833 5235 930 5291 per
956 5234 1040 5284 ea,
1064 5234 1185 5289 quae
1234 5218 1375 5272 facta
1416 5225 1562 5281 sunt,
1590 5213 1863 5269 intellecta

290 5314 735 5385 conspiciuntur),
761 5312 1020 5384 intelligo,
1041 5322 1093 5366 te
1116 5309 1377 5382 magistro
1397 5306 1653 5362 intimoin
1679 5302 1864 5361 schola

291 5405 393 5461 mei
422 5404 660 5474 pectoris
691 5405 880 5459 intime
922 5417 1010 5458 me
1039 5403 1290 5464 docente,
1318 5398 1462 5468 quod
1504 5397 1646 5451 sicut
1668 5408 1866 5464 corpus

292 5514 493 5563 meum,
526 5498 717 5561 vitam,
748 5510 1018 5567 saporem,
1044 5491 1319 5564 gaudium,
1345 5498 1402 5544 et
1434 5488 1675 5544 dolorem
1701 5482 1868 5541 habet

293 5602 325 5641 a
345 5598 408 5638 ca
418 5598 545 5639 meo
570 5582 753 5639 cordis
775 5580 959 5646 modo,
980 5594 1088 5649 quo
1110 5585 1360 5648 separato
1382 5574 1449 5629 ab
1478 5574 1593 5644 ipso
1615 5584 1864 5642 corpore,

296 5668 545 5747 privatur
574 5674 641 5732 iis
668 5672 922 5732 omnibus
959 5671 1134 5743 Ipsum
1176 5682 1398 5740 corpus;
1433 5666 1535 5734 sic,
1567 5664 1675 5722 imo
1713 5676 1868 5722 vera-

1961 4485 2115 4537 ωδε,
2147 4468 2289 4524 Deus
2317 4483 2488 4531 meus,
2504 4475 2690 4536 petere
2716 4480 2748 4519 a
2781 4473 2854 4530 te,
2885 4464 3225 4534 quisemper
3256 4477 3316 4517 es
3344 4476 3545 4517 creans

1960 4561 2163 4625 omnia,
2192 4573 2298 4615 non
2328 4566 2568 4621 creatus,
2596 4564 2659 4609 ut
2682 4563 2733 4609 te
2754 4568 2911 4610 crees
2932 4554 2987 4608 in
3012 4567 3128 4618 me;
3156 4567 3280 4608 cum
3308 4551 3365 4635 in
3396 4559 3546 4606 tuam

1958 4661 2218 4706 aeternam
2248 4647 2541 4703 essentiam
2584 4643 2790 4700 creatio
2835 4643 2981 4699 nulla
3026 4642 3222 4708 cadat;
3267 4642 3364 4698 sed
3392 4651 3545 4696 tuum

1960 4750 2207 4799 sanctum
2237 4740 2497 4810 Spiritum
2522 4734 2820 4793 emittendo
2842 4734 2896 4791 in
2922 4735 3133 4804 me,qui
3154 4734 3197 4790 si
3222 4733 3546 4789 charitatem

1961 4849 2070 4891 non
2096 4832 2356 4898 habuero,
2389 4828 2524 4885 nihil
2566 4843 2712 4893 sum,
2746 4841 2836 4882 me
2861 4824 2928 4883 de
2966 4826 3072 4881 hoc
3101 4824 3270 4881 nihilo
3292 4838 3449 4880 crees
3484 4824 3543 4878 in

1963 4932 2038 4989 te,
2067 4922 2160 4993 qui
2189 4935 2320 4976 vere
2348 4934 2409 4975 es
2450 4933 2548 4974 cor
2576 4918 2769 4972 animat
2806 4929 2941 4971 mete
2961 4930 3150 4971 verum
3186 4923 3244 4969 et
3272 4914 3453 4969 vivum
3489 4921 3545 4967 et

1963 5013 2253 5077 mundum;
2306 5022 2361 5068 et
2402 5010 2664 5066 mundum
2694 5009 2856 5065 istum
2899 5008 2968 5063 ab
3010 5005 3263 5063 omnibus
3290 5004 3543 5073 inquina-

1964 5105 2163 5160 mentis
2189 5105 2304 5159 suis
2323 5102 2500 5159 abluis
2538 5111 2594 5157 et
2621 5100 2883 5155 emundas
2912 5115 2928 5154 :
2967 5106 3024 5153 et
3048 5104 3267 5167 propter
3294 5107 3546 5149 reveren-

1967 5194 2098 5249 tiam
2142 5194 2218 5248 tui
2258 5192 2439 5247 vitalis
2480 5202 2535 5246 et
2579 5189 2764 5245 mundi
2810 5187 3006 5243 animae
3044 5184 3250 5252 cordis,
3308 5183 3550 5240 concede

1966 5285 2102 5342 mihi
2140 5300 2236 5356 per
2264 5294 2407 5339 tuam
2439 5280 2767 5338 ineffabilem
2813 5278 3134 5340 bonitatem,
3176 5283 3237 5330 ut
3268 5287 3363 5330 cor
3390 5289 3550 5328 mun-

1966 5376 2093 5433 dum
2147 5376 2419 5432 sincerum
2448 5382 2506 5428 et
2550 5387 2745 5443 purum
2778 5371 2847 5425 ab
2886 5366 3177 5423 immundis
3221 5374 3276 5421 et
3313 5364 3465 5419 vanis
3492 5373 3548 5419 et

1967 5469 2150 5526 noxiis
2175 5465 2594 5539 cogitationibus
2640 5463 2721 5519 sic
2750 5462 2954 5516 valeam
2985 5458 3278 5525 custodire,
3318 5465 3377 5511 ut
3413 5471 3546 5527 pro-

1968 5569 2091 5631 pter
2119 5558 2436 5619 munditiam
2469 5554 2651 5614 cordis
2676 5553 2780 5610 mei
2816 5560 2867 5608 te
2895 5564 3076 5622 regem
3108 5548 3291 5622 gloriae
3319 5548 3547 5603 habeam

1971 5666 2223 5710 amicum.
