3852 6050
341 143 482 202 859'

720 147 784 206 S.
823 151 1124 208 ANSEIMI
1155 111 1505 214 DANTUAR.
1532 157 1849 214 ARCIIIEP.
1889 157 2040 214 OPP.
2071 157 2252 214 PARS
2276 157 2338 214 ll.
2367 189 2435 198 —
2471 157 2835 214 ΡΑΒᾹΞΝΕΤ.
2875 159 2962 214 ET
2993 157 3233 216 ASCET.

3500 171 3633 227 843

411 258 502 318 26.
545 259 614 318 Et
638 265 890 334 quoniam
931 268 1068 321 dum,
1102 270 1282 324 anima
1308 286 1425 325 mea
1464 271 1565 327 fuit
1597 275 1802 343 absque
1846 282 1916 336 te,
1945 277 1999 336 Α
2030 274 2194 330 reduc
2218 273 2285 328 ad
2321 287 2417 328 cor
2441 287 2665 328 enorme
2693 273 2971 337 delictum,
2995 287 3050 330 et
3079 276 3278 347 perduc
3307 287 3359 333 te
3392 294 3460 336 ad
3487 300 3631 340 cor-

339 351 504 406 eorde
533 368 647 415 suo,
699 355 863 409 miser
898 355 1074 412 l‘actus
1101 373 1244 423 sum,
1273 370 1328 414 et
1361 372 1616 418 curvatus
1663 379 1804 425 sum,
1863 373 1920 419 et

344 445 603 500 inclinata
657 455 736 500 est
786 447 852 500 ad
890 456 1105 506 terrena
1162 453 1267 506 mei
1319 454 1546 524 spiritus
1609 457 1916 523 rectitudo;

342 534 465 590 ideo
506 545 554 588 et
589 535 848 607 Spiritum
881 550 1078 593 rectum
1107 541 1294 597 innova
1342 545 1396 600 in
1433 561 1536 600 me.
1572 545 1650 601 Tu
1678 562 1740 602 es
1773 548 1920 602 enim

341 629 521 677 rectus
547 621 806 681 Dominus
835 625 975 684 Deus
999 638 1206 695 noster,
1239 633 1331 701 qui
1357 635 1422 688 ad
1456 635 1560 689 hoc
1585 645 1794 690 rectum
1825 637 1920 691 ho-

337 713 538 767 minem
577 713 760 771 facere
790 717 1028 785 voluisti,
1055 729 1116 775 ut
1145 724 1517 792 spectantibus
1552 733 1751 779 terram
1785 740 1918 795 pro-

335 804 422 859 nis
460 806 827 864 animantibus
873 811 1161 876 universis,
1211 815 1312 870 ista
1352 816 1642 871 exterioris
1673 815 1918 888 ﬁgmenti

334 912 624 969 corporum
674 902 961 968 rectitudo,
993 904 1270 960 hominem
1322 906 1472 961 illum
1498 906 1812 963 interiorem
1845 905 1914 960 ad

334 989 628 1059 imaginem
663 999 810 1045 tuam
858 991 1082 1058 factum,
1119 995 1416 1064 spiritualis
1442 1011 1551 1050 sua:
1581 997 1920 1053 rectitudinis

333 1082 681 1150 admoneret;
712 1093 768 1138 et
795 1085 1062 1141 rectitudo
1091 1089 1337 1157 corporis
1364 1089 1687 1144 curvitatem
1719 1104 1920 1160 argue-

332 1181 414 1228 ret
439 1173 631 1238 animi,
673 1175 720 1230 si
757 1175 967 1232 videret
1000 1178 1239 1233 animum
1280 1179 1334 1234 in
1365 1195 1592 1251 corpore
1616 1189 1766 1236 recto
1793 1197 1920 1237 cur-

329 1281 481 1321 vum.
506 1267 572 1322 Et
600 1269 724 1337 quia
749 1269 1064 1326 innocentes
1085 1282 1140 1326 et
1165 1272 1298 1327 recti
1328 1274 1678 1328 adhaeserunt
1705 1274 1822 1341 tibi,
1850 1289 1917 1329 eo

330 1360 476 1427 quod
501 1357 729 1430 diligunt
752 1369 824 1426 te,
844 1370 900 1415 et
925 1361 1100 1417 bonus
1127 1377 1186 1418 es
1211 1363 1298 1418 his
1316 1364 1569 1433 quirecto
1583 1373 1709 1420 sunt
1727 1365 1913 1432 corde,

328 1447 538 1506 idcirco
564 1448 794 1518 imploro
824 1450 1103 1507 humiliter
1129 1453 1512 1509 rectitudinem
1543 1455 1716 1519 tuam,
1749 1455 1911 1522 Deus,

329 1549 391 1592 ut
415 1539 664 1609 spirituum
699 1548 910 1595 rectum
939 1542 1071 1597 velis
1106 1543 1160 1597 in
1209 1557 1330 1599 meo
1371 1551 1593 1614 pectore
1630 1545 1911 1612 innovare,

2022 364 2107 419 dis
2132 365 2421 419 immanem
2450 364 2712 432 rugitum:
2740 365 2982 431 intende,
3015 366 3218 431 infelix,
3247 369 3464 426 intende
3491 389 3630 429 sce-

2021 454 2152 510 leris
2185 456 2260 510 tui
2302 470 2569 538 errorem,
2609 464 2663 508 et
2703 455 2930 526 proinde
2961 456 3275 512 horriﬁcum
3320 469 3621 525 terrorem,

2021 555 2076 602 et
2105 546 2396 602 terriﬁcum
2443 547 2706 603 dolorem.
2739 548 2851 610 Tu,
2887 548 3133 618 inquam,
3179 565 3214 605 ο
3251 554 3429 606 anima
3459 569 3624 620 mea,

2020 638 2291 708 quondam
2319 638 2606 694 caudidata
2629 639 2836 694 caelesti
2863 639 3097 706 lavacro,
3124 641 3444 711 desponsata
3475 646 3622 715 ﬁde,

2019 729 2204 784 dotata
2229 728 2449 800 Spiritu,
2483 730 2758 799 redempta
2786 729 2987 784 Christi
3013 732 3298 801 sanguine,
3337 733 3429 789 Dei
3461 735 3621 808 imq-

2019 818 2144 889 gine
2161 819 2436 888 insignita,
2456 827 2510 873 et
2534 817 2587 872 in
2601 817 2908 873 Christiana
2928 817 3429 888 religioneimbuta,
3449 824 3621 892 virgo

2018 908 2166 964 fuisti
2194 907 2413 962 Christo
2452 907 2678 962 Domino
2711 908 3061 978 desponsata.
3093 907 3138 964 Ο
3174 909 3316 965 unde
3343 913 3612 968 memini!

2017 998 2062 1056 Ο
2091 999 2233 1070 quod
2263 998 2568 1053 nominavi!
2601 998 2798 1069 Utique
2839 1013 2943 1054 non
2976 1008 3084 1054 tam
3113 1001 3402 1071 benignum
3435 1019 3625 1075 spon-

2016 1105 2135 1147 sum
2161 1090 2494 1160 virginitatis
2521 1104 2677 1156 meae,
2713 1105 2876 1160 quam
2910 1091 3206 1146 terribilem
3227 1091 3464 1162 iudicem
3497 1097 3618 1152 im-

2014 1184 2295 1240 munditiae
2323 1198 2476 1239 meae.
2507 1183 2620 1239 Heu
2658 1185 2918 1240 memoria
2947 1186 3174 1256 perdita:
3205 1186 3610 1258 iucunditatis!

2013 1272 2124 1329 Cur
2146 1273 2227 1329 sic
2252 1287 2679 1344 superaggravas
2711 1289 3020 1343 pressuram
3058 1277 3386 1344 possidentis
3419 1279 3611 1336 infeli-

2013 1365 2230 1422 citatis?
2261 1365 2434 1433 Quam
2467 1366 2665 1420 misera
2688 1367 2928 1421 conditio
2950 1381 3092 1431 mea,
3127 1369 3211 1423 cui
3236 1377 3293 1424 et
3318 1370 3516 1425 bonum
3541 1381 3611 1426 et

2011 1458 2214 1514 malum
2244 1467 2372 1514 sunt
2403 1458 2608 1529 pariter
2637 1458 2690 1512 in
2720 1459 3034 1513 tormentis!
3075 1459 3316 1529 Torquet
3338 1461 3483 1516 enim
3509 1476 3610 1517 me

2013 1547 2153 1602 mala
2181 1547 2512 1604 conscientia
2547 1557 2602 1601 et
2629 1539 2901 1603 cruciatus
2929 1548 3066 1616 ejus,
3098 1549 3150 1602 in
3175 1549 3383 1620 quibus
3427 1550 3606 1608 timeo

331 1639 393 1684 ut
418 1631 559 1685 sicut
593 1631 875 1687 incensum
922 1633 975 1687 in
1021 1643 1314 1703 conspectu
1346 1643 1459 1699 tuo,
1507 1649 1626 1690 mea
1654 1633 1828 1690 oratio
1856 1644 1912 1691 et
1940 1629 1985 1688 B
2013 1654 2100 1695 me
2119 1654 2392 1695 arsurum.
2421 1638 2663 1709 Torquet
2691 1653 2776 1693 me
2798 1638 2954 1694 bona:
2983 1639 3352 1705 conscientiae,
3374 1650 3428 1695 et
3456 1655 3607 1710 prte-

329 1719 560 1776 intentio
603 1722 889 1793 dirigatur.
944 1722 1011 1778 Et
1057 1739 1162 1778 non
1197 1723 1373 1780 solum
1409 1724 1464 1778 in
1495 1725 1688 1795 spiritu
1719 1740 1806 1780 me
1833 1725 1914 1780 in-

329 1827 491 1878 nova,
518 1812 614 1869 sed
637 1815 802 1869 etiam
827 1815 881 1870 in
909 1815 1188 1871 visceribus
1213 1817 1363 1882 meis,
1389 1818 1533 1872 unde
1559 1817 1693 1872 exiit
1718 1833 1911 1886 pecca-

330 1909 445 1956 tum
497 1903 856 1959 immunditiae
898 1905 1082 1960 carnis
1137 1921 1289 1960 meae.
1329 1905 1386 1960 In
1429 1906 1728 1962 visceribus
1765 1908 1906 1962 enim

327 2009 519 2050 renum
549 1996 708 2076 sedes
727 2005 812 2052 est
832 1997 1144 2069 voluptatis,
1174 1998 1278 2054 illis
1303 1999 1433 2055 solis
1469 1999 1710 2070 exceptis
1736 1998 1910 2055 beatis

320 2085 627 2141 visceribus
670 2102 791 2157 quae
848 2097 900 2144 te
940 2089 1110 2144 Deum
1159 2099 1214 2144 et
1254 2089 1540 2145 Dominum
1581 2090 1634 2144 in
1663 2089 1905 2160 virginali

325 2175 469 2239 aula,
500 2192 680 2251 quam
720 2177 984 2248 elegeras,
1027 2190 1403 2250 portaverunt.
1452 2181 1520 2236 Et
1551 2183 1676 2251 quia
1707 2181 1905 2237 diaboli

323 2265 585 2324 fortitudo
612 2248 691 2324 esi
744 2270 796 2324 in
825 2248 1180 2340 lumbis—ejus
1225 2283 1281 2328 et
1317 2273 1372 2328 in
1412 2248 1668 2327 umbilico
1698 2272 1907 2340 ventris

321 2358 488 2428 illius,
531 2361 734 2417 idcirco
760 2361 970 2419 lumbos
1007 2379 1156 2420 meos
1185 2366 1335 2420 nisus
1359 2375 1440 2422 est
1467 2367 1670 2437 pluries
1695 2366 1904 2422 illusio-

321 2452 481 2508 nibus
509 2453 825 2524 adimplere,
853 2463 913 2510 ut
936 2455 988 2510 in
1017 2470 1114 2510 sua
1142 2456 1461 2514 fortitudine
1485 2459 1753 2513 inﬁrmam
1788 2458 1904 2513 alli-

321 2555 475 2615 garet
511 2561 732 2600 carnem
764 2559 964 2602 meam.
995 2548 1107 2617 Ego
1141 2558 1320 2604 autem
1344 2560 1566 2620 propter
1583 2550 1764 2606 cordis
1787 2549 1902 2605 ino-

319 2636 466 2707 piam
507 2645 562 2691 et
599 2637 962 2692 effeminatam
993 2639 1306 2694 maestitiam
1361 2641 1559 2696 mentis
1582 2655 1736 2708 mea,
1775 2655 1904 2696 con-

319 2728 465 2783 sensi
523 2727 816 2784 infeliciter
872 2748 888 2786 :
950 2739 1004 2786 et
1069 2731 1187 2803 ipse
1254 2733 1536 2799 diabolus,
1601 2750 1762 2805 quem
1820 2735 1907 2789 vir

318 2819 632 2891 sagittarius
679 2833 786 2875 non
837 2819 1076 2892 fugabat,
1121 2823 1336 2894 sagittis
1369 2825 1482 2880 suis
1509 2825 1824 2881 ardentibus
1847 2835 1904 2880 et

319 2909 504 2982 ignitis
533 2909 601 2966 ab
629 2910 746 2981 ipso
773 2919 829 2967 et
863 2912 1073 2983 angelis
1102 2914 1224 2969 suis.
1253 2914 1409 2971 malis
1437 2916 1706 2987 sagittatis
1733 2917 1785 2972 in
1815 2931 1895 2972 rc-

2011 1730 2245 1786 miorum
2291 1729 2407 1798 ejus
2450 1728 2733 1794 memoria,
2765 1743 2930 1799 quam
2967 1729 3081 1784 scio
3125 1744 3214 1785 me
3265 1730 3603 1799 perdidisse,

2011 1831 2112 1872 nec
2160 1814 2390 1884 amplius
2421 1821 2886 1882 recuperaturum.
2918 1811 3026 1877 Vae,
3059 1828 3140 1869 va:
3172 1814 3432 1870 miserum
3461 1829 3600 1886 per-

2010 1906 2139 1963 dere
2170 1904 2479 1968 dolendum,
2512 1903 2743 1974 perdere
2790 1903 2864 1970 id,
2901 1904 3131 1974 perdere
3163 1903 3604 1974 irrecuperabili-

2010 2005 2114 2064 ter,
2137 1996 2284 2066 quod
2329 2009 2360 2050 a
2401 2010 2488 2050 me
2533 1995 2744 2052 servari
2783 1996 2972 2052 debuit
3012 1996 3502 2053 interminabiliter.
3545 1998 3601 2055 Ο

2006 2086 2290 2158 virginitas
2317 2085 2430 2156 jam
2487 2101 2594 2142 non
2635 2086 2830 2143 dilecta
2871 2102 3017 2149 mea,
3065 2087 3161 2143 sed
3191 2087 3403 2158 perdita
3432 2104 3593 2156 mea;

2005 2192 2115 2233 non
2137 2177 2432 2248 jucundata
2467 2192 2610 2244 mea,
2641 2178 2736 2234 sed
2765 2179 3044 2250 desperata
3069 2195 3210 2246 mea,
3233 2196 3340 2252 quo
3365 2182 3596 2238 deveni-

2005 2270 2118 2327 sti?
2167 2270 2219 2325 in
2249 2283 2412 2340 quam
2447 2268 2659 2336 fmtido,
2686 2269 2739 2325 in
2767 2285 2930 2340 quam
2965 2285 3154 2326 amaro
3182 2285 3342 2327 caeno
3377 2289 3463 2328 me
3502 2275 3596 2329 de-

2005 2361 2311 2433 reliquisti?
2360 2362 2406 2418 Ο
2452 2360 2741 2418 fornicatio
2806 2361 3140 2417 sordidatrix
3191 2365 3389 2419 mentis
3429 2379 3592 2430 mea,

2003 2452 2267 2523 perditrix
2313 2451 2508 2507 anima:
2545 2467 2699 2517 meas,
2739 2451 2881 2506 unde
2931 2451 3131 2508 misera
3171 2454 3496 2509 surrexisti‘!
3521 2456 3592 2511 de

2005 2559 2167 2614 quam
2201 2543 2378 2610 niveo,
2404 2542 2473 2599 de
2493 2558 2654 2614 quam
2670 2544 2911 2615 jucundo
2933 2555 3078 2602 statu
3101 2562 3186 2603 me
3208 2549 3591 2619 praecipitasti?

2005 2634 2084 2690 Tu
2115 2649 2368 2704 namque,
2392 2637 2577 2691 anima
2619 2650 2763 2701 mea,
2801 2636 3008 2706 perﬁda
3049 2638 3183 2704 Deo,
3217 2639 3433 2710 periura
3463 2640 3589 2707 Dei,

2004 2729 2249 2786 adultera
2273 2728 2496 2796 Christi,
2534 2729 2601 2784 de
2623 2728 2958 2784 sublimitate
2996 2728 3327 2800 virginitatis
3355 2729 3590 2786 misera-

2003 2819 2184 2876 biliter
2210 2835 2270 2876 es
2291 2820 2535 2876 demersa
2565 2819 2620 2876 in
2651 2819 2971 2876 barathrum
3004 2818 3406 2886 fornicationis,
3431 2820 3586 2890 abje-

2005 2924 2091 2971 cta
2125 2931 2156 2970 a
2211 2916 2344 2981 Deo,
2387 2913 2627 2984 proiecta
2668 2913 2903 2981 diabolo,
2955 2915 3062 2969 imo
3091 2915 3358 2986 abjiciens
3387 2915 3584 2980 Deum,

317 3016 448 3056 num
476 3016 720 3058 meorum
742 3003 1044 3060 visceribus
1073 3013 1128 3061 et
1151 3005 1353 3073 inﬁxis,
1379 3023 1466 3064 me
1487 3008 1744 3064 miserum
1772 3024 1900 3079 pec-
1928 3003 1969 3026 υ
2002 3006 2334 3076 amplectens
2375 3005 2651 3061 diabolum
2686 3023 2703 3060 :
2755 3014 2808 3061 te
2853 3005 3177 3077 impendens
3207 3005 3585 3068 fornicationi,

317 3100 556 3148 calorem
602 3092 669 3149 de
708 3092 922 3149 excelso
963 3094 1158 3151 throno
1195 3097 1521 3168 virginitatis
1547 3107 1601 3154 et
1629 3099 1901 3168 pudicitiae

314 3182 608 3254 deponeret
651 3193 708 3241 et
751 3186 982 3257 fugaret.
1019 3187 1249 3259 Propter
1282 3191 1426 3259 quod
1449 3190 1574 3254 veb,
1604 3191 1706 3246 veh
1731 3191 1892 3247 mihi!

297 3276 524 3346 ‘perdidi
564 3278 824 3335 honorem
856 3279 1028 3347 illum,
1054 3288 1111 3338 et
1137 3283 1438 3338 decentiam
1474 3283 1643 3349 illam,
1690 3285 1896 3341 sertum

317 3367 452 3424 illud
496 3369 768 3435 diadema,
825 3385 1084 3428 coronam
1115 3373 1257 3428 illam
1289 3389 1531 3440 auream,
1562 3375 1670 3430 imo
1700 3391 1898 3431 aureo-

314 3459 442 3523 lam,
467 3473 630 3528 quam
671 3459 800 3516 solae
837 3462 1033 3516 anima:
1073 3461 1126 3516 in
1160 3463 1306 3517 vasis
1333 3463 1588 3519 ﬁctilibus
1610 3479 1897 3534 corporum

317 3551 710 3607 constituenda:
739 3553 1046 3622 acquirunt,
1070 3562 1250 3610 motus
1272 3554 1487 3612 illicitos
1513 3557 1727 3626 penitus
1749 3573 1900 3613 com-

311 3641 613 3711 primendo,
639 3655 704 3696 ac
726 3642 993 3698 incentiva
1016 3643 1198 3699 carnis
1219 3644 1470 3700 similiter
1492 3645 1894 3714 restringendo.

315 3730 423 3787 Sed
455 3730 559 3786 heu
595 3731 783 3797 miser,
814 3733 1030 3800 quando
1059 3732 1429 3805 virginitatem
1458 3749 1632 3790 meam
1666 3735 1894 3806 perdidi,

311 3836 482 3893 quare
529 3839 634 3879 non
679 3822 909 3895 cogitavi
958 3824 1103 3894 quod
1150 3826 1326 3882 omnis
1371 3825 1595 3884 ftedatio
1640 3843 1746 3883 non
1813 3837 1900 3884 est

311 3916 473 3988 digna
502 3917 698 3972 animae
725 3918 1091 3974 continentis?
1111 3918 1291 3986 Quare
1318 3920 1510 3976 infelix
1541 3923 1745 3978 nescivi
1775 3939 1899 3993 pre-

311 4003 445 4059 tium
483 4004 633 4074 ejus?
664 4006 845 4073 Quare
890 4023 1014 4066 cum
1066 4008 1194 4064 forti
1253 4010 1485 4067 muliere
1535 4027 1639 4067 non
1682 4014 1891 4070 accinxi

311 4091 634 4150 fortitudine
665 4095 877 4153 lumbos
906 4097 1096 4154 meos?
1129 4107 1186 4154 et
1228 4107 1305 4166 tu,
1333 4099 1557 4156 domine
1591 4100 1718 4158 Jesu
1743 4102 1900 4158 Chri-

310 4195 418 4251 ste,
443 4187 633 4256 procul
667 4195 722 4243 et
761 4188 970 4244 ultimis
995 4189 1259 4247 ctelorum
1292 4191 1492 4248 ﬁnibus
1531 4192 1646 4265 [ad]
1678 4196 1899 4267 virgini-

311 4277 442 4333 tatis
472 4291 604 4335 mea
633 4279 891 4348 praedium
929 4279 1071 4353 [cod.
1126 4280 1382 4355 pretium]
1425 4284 1738 4348 adveniens,
1775 4300 1895 4341 eam
1929 4304 1974 4360 ι)

308 4366 378 4424 de
409 4367 604 4440 teipso,
652 4370 742 4440 qui
770 4379 854 4428 est
881 4370 981 4428 ﬂos
1008 4372 1208 4442 campi,
1269 4381 1327 4429 et
1355 4373 1524 4429 lilium
1549 4376 1894 4444 convallium,

309 4461 365 4513 in
392 4461 670 4528 praemium
715 4477 1029 4520 coronares.
1075 4463 1121 4520 Ο
1149 4465 1292 4521 bone
1314 4463 1465 4529 Jesu,
1499 4480 1698 4520 corona
1733 4466 1898 4538 virgi-

310 4564 464 4614 num,
493 4550 538 4605 si
568 4547 690 4606 'soli
738 4564 796 4608 et
837 4553 968 4609 solae
995 4553 1255 4623 virgines,
1287 4569 1612 4624 quocunque
1655 4554 1803 4619 ieris,
1843 4567 1896 4612 te

310 4647 630 4708 sequuntur,
656 4649 714 4696 et
741 4651 865 4696 ante
889 4650 941 4696 te
963 4652 1166 4698 canunt
1189 4642 1330 4716 [cod.
1362 4643 1512 4716 sunt]
1542 4660 1742 4700 novum
1765 4661 1892 4702 can-

310 4730 499 4793 ticum,
526 4729 671 4800 quod
714 4745 872 4787 nemo
907 4740 1085 4801 potest
1114 4732 1254 4790 alius
1297 4734 1621 4798 decantare;
1659 4750 1759 4806 ego
1801 4737 1894 4806 qui

307 4821 675 4890 virginitatem
719 4837 895 4878 meam
925 4825 1157 4894 perdidi,
1192 4827 1328 4895 proh
1360 4827 1514 4882 dolor
1550 4827 1562 4881 l
1603 4842 1712 4898 quo
1743 4827 1829 4883 ibo
1862 4843 1894 4883 a

307 4913 502 4981 spiritu
530 4923 642 4978 tuo,
670 4921 724 4969 et
761 4929 872 4984 quo
918 4930 948 4970 a
997 4914 1134 4972 facie
1184 4925 1271 4972 tua
1301 4916 1539 4988 fugiam?
1583 4918 1640 4973 Si
1669 4918 1814 4974 enim
1842 4927 1895 4975 te

307 5016 525 5060 secutus
575 5021 678 5061 non
718 5005 894 5073 fuero,
935 5007 988 5061 in
1030 5008 1270 5064 tenebris
1313 5009 1634 5075 ambulabo;
1683 5018 1736 5063 et
1764 5009 1892 5079 quid

307 5097 538 5152 cantabo
563 5097 665 5154 nisi
687 5097 1131 5165 lamentationes,
1181 5100 1425 5156 carmine
1458 5099 1657 5155 laetitiae
1681 5100 1894 5171 perdito

306 5195 364 5240 et
391 5185 612 5242 relicto?

378 5277 470 5333 27.
508 5278 767 5346 Proinde,
796 5280 978 5336 anima
1007 5292 1127 5336 mea
1154 5280 1396 5346 seducta,
1424 5279 1604 5336 anima
1631 5295 1746 5336 mea
1782 5279 1887 5334 mi-

309 5382 455 5432 sera,
484 5372 662 5426 anima
693 5387 1018 5436 aerumnosa,
1042 5386 1195 5428 sume
1216 5373 1477 5443 hymnum
1501 5371 1887 5428 confessionis:

309 5463 569 5515 meretrix
609 5463 866 5520 oblivioni
917 5465 1141 5531 tradita,
1179 5473 1374 5520 excute
1419 5464 1689 5534 torporem
1719 5474 1888 5530 tuum,

308 5546 520 5604 discute
560 5562 842 5618 peccatum
885 5563 1060 5624 tuum,
1103 5564 1157 5614 et
1189 5563 1418 5614 concute
1454 5565 1690 5612 mentem
1719 5564 1886 5625 tuam,

2003 3107 2058 3153 tu
2098 3098 2248 3168 prior
2276 3098 2510 3154 creatori
2558 3104 2614 3152 et
2652 3096 3029 3153 amantissimo
3079 3096 3193 3153 Deo
3221 3097 3462 3153 libellum
3499 3115 3584 3153 re-

1997 3189 2146 3261 pudii
2183 3189 2450 3256 obtulisti,
2485 3197 2540 3244 et
2591 3188 2660 3244 ad
2690 3187 3060 3245 insidiatorem
3103 3197 3253 3243 tuum
3279 3187 3584 3244 daemonem

2000 3286 2054 3333 te
2077 3286 2271 3347 sponte
2299 3277 2601 3334 contulisti.
2630 3276 2675 3334 O
2719 3277 2919 3332 misera
2954 3285 3009 3332 et
3039 3276 3160 3348 plus
3185 3291 3346 3348 quam
3377 3278 3580 3332 misera

1998 3361 2384 3417 commutatio!
2432 3359 2546 3428 Vat,
2577 3362 2705 3431 quia
2753 3362 3044 3432 benignum
3093 3362 3493 3433 contempsisti,
3526 3373 3588 3418 et

1997 3451 2234 3524 maligno
2277 3452 2577 3530 adhaesistil
2609 3452 2748 3521 Quid
2776 3452 2972 3518 fecisti,
3003 3470 3038 3512 ο
3077 3455 3277 3511 mentis
3319 3455 3583 3518 amentia,

1998 3557 2185 3600 amens
2205 3544 2484 3616 spurcitia,
2506 3546 2687 3616 spuria
2707 3546 2966 3616 nequitia,
2990 3545 3119 3615 quid
3142 3545 3350 3602 fecisti?
3369 3545 3425 3601 ln
3441 3547 3587 3601 coelo

1998 3633 2268 3705 reliquisti
2310 3635 2523 3690 castum
2551 3644 2872 3701 amatorem,
2917 3643 2974 3691 et
3007 3635 3277 3691 infernum
3303 3644 3490 3692 secuta
3522 3651 3586 3690 es

1997 3725 2244 3781 odiosum
2267 3735 2662 3798 corruptorem.
2691 3725 3026 3791 Consolatio,
3054 3727 3342 3792 securitas,
3366 3726 3584 3793 laetitia,

2001 3815 2126 3871 nolo
2171 3832 2288 3883 vos,
2338 3831 2508 3872 renuo
2557 3832 2653 3872 vos
2688 3833 2702 3871 :
2745 3817 2790 3872 si
2846 3817 3056 3888 peccati
3100 3818 3256 3873 venia
3285 3818 3350 3873 ad
3380 3833 3466 3874 me
3498 3835 3586 3872 re-

1999 3907 2214 3964 duxerit
2241 3923 2358 3973 vos,
2380 3907 2568 3977 procul
2597 3915 2769 3962 estote
2799 3921 2814 3961 :
2862 3907 3054 3977 procul
3080 3916 3253 3966 estote
3283 3919 3409 3966 ante
3439 3923 3587 3963 mo-

2001 4007 2132 4064 tem,
2170 3997 2213 4053 si
2247 3998 2386 4053 forte
2420 3997 2750 4068 indulgentia
2784 4006 3006 4066 revocet
3031 4013 3147 4064 vos,
3171 3997 3256 4052 vel
3282 4008 3404 4068 post
3432 4015 3586 4053 mor-

1999 4097 2129 4144 tem.
2150 4087 2255 4143 Sed
2283 4089 2354 4144 sit
2377 4089 2633 4144 continuo
2655 4087 2972 4158 ptenitentia
2996 4102 3183 4144 amara
3207 4103 3393 4144 comes
3405 4091 3586 4158 etatis

1997 4193 2156 4245 meae,
2190 4178 2261 4232 sit
2307 4179 2597 4234 continuus
2636 4178 2807 4241 dolor,
2855 4178 3179 4235 insatiabilis
3208 4179 3428 4235 tristitia
3457 4181 3585 4234 vitae

2000 4285 2153 4332 meae,
2203 4270 2314 4326 sint
2369 4283 2574 4326 mceror
2616 4278 2671 4326 et
2723 4269 2954 4326 acerbus
2989 4269 3166 4326 luctus
3219 4269 3586 4341 infatigabiles

2002 4361 2346 4418 tribulatores
2372 4360 2672 4431 iuventutis
2717 4369 2772 4417 et
2794 4362 3095 4417 senectutis
3131 4376 3287 4418 meae.
3335 4360 3581 4422 Utinam,

1997 4452 2208 4507 utinam
2239 4452 2314 4507 ita
2363 4452 2468 4519 sit,
2509 4461 2658 4522 opto,
2701 4466 2820 4518 oro,
2851 4452 3117 4515 desidem,
3158 4461 3220 4506 ut
3257 4452 3330 4507 ita
3369 4453 3470 4506 sit!
3525 4454 3584 4507 Si

1997 4545 2141 4599 enim
2174 4559 2282 4600 non
2310 4560 2430 4602 sum
2457 4544 2649 4614 dignus
2686 4544 2874 4600 oculos
2904 4545 2973 4600 ad
3021 4544 3222 4600 cmlum
3261 4547 3464 4599 orandc
3509 4543 3583 4598 le-

1997 4651 2150 4702 vare,
2199 4636 2400 4692 etenim
2444 4650 2551 4691 non
2594 4651 2713 4691 sum
2753 4635 3007 4708 indignus
3052 4650 3147 4692 eos
3195 4633 3280 4688 vel
3317 4633 3583 4704 plorando

1998 4743 2140 4784 caaca
2149 4742 2225 4783 re.

2065 4819 2156 4875 28.
2196 4817 2382 4890 Cogita
2413 4817 2596 4890 igitur,
2627 4817 2802 4888 cogita
2839 4825 2896 4873 et
2937 4815 3176 4886 recogita
3207 4815 3333 4886 quid
3374 4813 3579 4877 fecisti,

1994 4924 2050 4970 et
2081 4912 2208 4983 quid
2232 4912 2500 4977 meruisti,
2531 4893 2587 4967 et
2624 4911 2918 4967 descendat
2961 4924 3114 4964 mens
3141 4919 3233 4963 tua
3265 4907 3332 4964 ad
3368 4915 3580 4962 terram

1996 5005 2360 5070 tenebrosam,
2389 5011 2444 5058 et
2461 5011 2706 5073 opertam
2728 5007 2917 5060 mortis
2950 5000 3222 5072 caligine;
3255 5009 3309 5053 et
3330 4999 3590 5054 conside-

1995 5104 2077 5152 ret
2123 5110 2244 5165 qute
2270 5094 2341 5148 ibi
2371 5101 2688 5163 exspectant
2724 5094 3046 5148 scclerosam
3081 5091 3316 5144 animam
3356 5104 3533 5143 meam
3557 5131 3576 5154 ,

1995 5186 2238 5242 intendat
2275 5194 2330 5239 et
2373 5185 2794 5256 contempletur,
2820 5183 3000 5238 videat
3025 5192 3079 5238 et
3106 5183 3355 5236 turbetur
3386 5180 3582 5234 anima

1993 5293 2136 5334 mea.
2152 5277 2482 5348 Expavesce,
2508 5279 2688 5334 anima
2713 5293 2853 5347 mea,
2883 5277 3077 5342 deﬁce,
3101 5291 3197 5332 cor
3217 5290 3398 5331 meum
3426 5276 3576 5329 scin-

1995 5371 2144 5427 dere.
2185 5369 2230 5427 O
2277 5369 2418 5426 bone
2457 5365 2586 5426 Jesu
2626 5379 2809 5427 nostra
2839 5369 3161 5440 redemptio,
3197 5368 3244 5424 si
3278 5367 3583 5438 hucusque

1997 5461 2292 5532 permisisti
2345 5468 2408 5516 ut
2449 5461 2762 5533 plangerem
2792 5459 3066 5530 paululum
3099 5458 3339 5514 dolorem
3373 5472 3582 5522 meum,

1997 5550 2064 5608 de
2093 5561 2305 5621 cetero,
2334 5552 2478 5608 bone
2494 5553 2652 5621 Deus,
2679 5552 2932 5624 permitte
2962 5563 3022 5608 ut
3044 5551 3286 5609 invocem
3315 5546 3582 5604 auxilium
