3906 6058
239 337 308 396 εει
321 338 342 392 ι

1207 321 1580 384 ΜΕΒΙΤΛἸῚΟ
1623 329 1684 380 IN
1731 327 1922 384 I’SAL.
1964 321 2313 381 insultent;

3411 330 3517 391 85?.

238 463 392 508 tuum
417 466 433 513 ;
462 445 507 502 si
533 443 678 503 enim
707 445 808 501 feci
837 453 898 500 ut
919 459 1094 500 essem
1127 459 1270 507 reus,
1299 457 1572 511 nunquam
1601 455 1824 510 possunt
1853 449 1900 504 Α
1933 449 2097 504 mate,
2129 441 2223 494 sed
2257 439 2396 492 facie
2429 438 2494 493 ad
2525 437 2738 501 facient,
2777 435 3080 494 videbimus
3106 447 3156 497 te
3185 442 3344 499 ﬁnem
3373 445 3518 502 ἀρεῖς

238 543 443 606 facere,
478 549 539 594 ut
571 553 676 594 non
716 553 894 593 essem
941 537 1137 590 citatus
1167 543 1310 588 tuus.
1340 532 1398 588 Si
1444 531 1572 586 tnihi
1607 530 1830 601 virgini-

239 645 410 690 tatem
438 632 638 698 ademi,
670 645 944 700 nunquam
973 627 1398 684 misericordiam
1425 634 1571 679 tuam
1599 624 1826 693 peremi,

241 725 488 787 Domine,
521 723 768 777 Domine.
811 719 866 776 Si
897 735 997 791 ego
1029 717 1222 774 admisi
1267 717 1408 770 unde
1455 730 1542 770 me
1567 715 1828 768 damnare

243 831 418 888 potes,
461 825 590 869 tunc
640 813 867 868 amisisti
905 811 1045 866 unde
1093 811 1306 865 salvare
1335 807 1506 863 soles?
1559 805 1681 860 Noli
1722 807 1826 861 Do-

241 911 411 974 mine,
441 909 546 962 noli
569 907 646 962 sic
676 906 958 960 attendere
987 903 1188 958 malum
1221 917 1420 965 meum,
1454 909 1507 955 ιιι
1535 901 1822 954 ohlivrsca-

241 1001 318 1054 ris
337 999 534 1053 bonum
562 1007 730 1052 tutum.
752 995 851 1050 Ubi
883 1002 986 1058 est,
1017 1009 1048 1046 ο
1067 1007 1233 1046 verax
1257 993 1422 1054 Deus,
1452 991 1541 1044 ubi
1572 990 1827 1055 est,Nolo

243 1100 478 1145 mortem
507 1085 844 1158 peccatoris?
875 1083 932 1139 Si
967 1094 1020 1138 ιιι
1039 1083 1232 1152 sepelis
1255 1083 1304 1136 in
1337 1081 1606 1136 infernum
1633 1095 1828 1151 pecea-

243 1191 414 1236 torem
444 1179 508 1232 ad
533 1187 584 1232 te
597 1177 940 1240 clamantem,
965 1189 1030 1228 an
1055 1175 1156 1228 hoc
1184 1182 1267 1228 est
1287 1172 1420 1227 Nolo
1451 1181 1676 1228 mortem
1706 1187 1829 1240 pec-

235 1269 476 1328 catoris?
515 1285 580 1324 an
609 1283 715 1323 non
747 1268 924 1337 potius
954 1268 1055 1320 hoc
1075 1274 1180 1329 est,
1210 1264 1344 1319 Nolo
1376 1273 1434 1318 ut
1457 1271 1828 1328 convertatur,

241 1375 296 1420 et
333 1363 512 1418 vivat?
567 1361 834 1416 Peccator
889 1374 1032 1423 sum,
1089 1357 1341 1420 Domine,
1401 1364 1658 1425 peccator
1705 1371 1824 1409 sum

241 1471 361 1525 ego.
397 1455 454 1510 Si
499 1467 630 1524 ergo
663 1461 717 1506 tu
757 1467 862 1505 non
895 1451 976 1504 vis
1005 1457 1234 1504 mortem
1267 1449 1591 1518 peccatoris,
1629 1449 1752 1516 quis
1773 1456 1828 1502 te

243 1550 402 1618 cogit,
464 1547 607 1617 quod
659 1559 765 1599 non
829 1544 928 1608 vis,
983 1557 1105 1597 cum
1155 1541 1230 1597 sis
1269 1541 1615 1609 omnipotens
1645 1539 1828 1594 Deus?

241 1639 420 1702 Absit,
463 1637 719 1702 Domine;
753 1635 916 1700 absit,
966 1634 1131 1701 Deus,
1165 1641 1222 1686 ut
1255 1631 1548 1702 praevaleat
1589 1631 1824 1700 nequitia

240 1730 546 1801 peccatoris
589 1727 922 1791 conﬁtentis,
950 1734 1004 1780 et
1043 1723 1274 1778 detentis
1295 1721 1622 1777 sententiam
1649 1721 1827 1775 omni—

1931 531 2206 584 dcriorum
2274 539 2606 594 nostrorum,
2659 545 2820 600 quem
2867 529 2984 584 sine
3025 531 3130 586 ﬁne
3185 535 3514 600 videbimus,

1929 621 2046 675 sine
2077 620 2296 674 fastidio
2323 621 2642 685 amabimus,
2673 622 2790 676 sine
2819 620 3132 691 fatigatione
3155 623 3513 680 laudabimus.

1930 713 2042 768 Hoc
2069 729 2282 778 munus,
2309 713 2396 767 hic
2425 713 2673 782 eﬁ‘ectus,
2703 714 2790 769 hic
2817 728 2968 771 actus
2996 713 3243 786 profecto
3273 717 3389 771 sine
3414 717 3515 772 ﬁde

1929 803 2033 856 erit
2061 803 2334 865 omnibus,
2365 803 2454 871 qui
2501 803 2572 857 ibi
2607 803 2842 858 revelata
2883 805 3020 858 faeie
3059 817 3114 860 te
3141 807 3416 860 videbunt.
3451 803 3516 860 Et

1931 895 2190 965 Spiritum
2240 905 2487 950 sanctum
2519 904 2690 961 tuum,
2745 911 2852 966 quo
2896 907 3178 967 peccatum
3209 913 3388 952 meum
3421 913 3516 953 co-

1929 1001 2152 1058 gnosco,
2179 987 2460 1052 conﬁteor,
2483 996 2544 1042 et
2565 989 2813 1057 pmnitet,
2829 1003 2899 1043 ne
2919 987 3132 1043 auferas
3151 1005 3180 1042 a
3195 1005 3306 1054 me;
3334 1004 3517 1058 quem,

1931 1093 1998 1131 ex
2028 1093 2136 1146 quo
2175 1078 2306 1132 mihi
2342 1079 2572 1143 irascor,
2601 1077 2859 1132 confiteor
2889 1093 3006 1133 mea
3035 1080 3306 1148 praeterita
3349 1081 3516 1144 mala,

1929 1176 1984 1221 et
2025 1167 2244 1237 plango,
2276 1177 2331 1223 et
2363 1169 2558 1222 iterum
2581 1171 2698 1221 ‘non
2729 1168 3070 1223 committere
3099 1184 3365 1239 propono,
3404 1169 3516 1239 jam

1930 1273 2018 1312 me
2042 1259 2194 1326 quasi
2225 1259 2422 1329 pignus
2447 1258 2632 1327 gloriae
2671 1260 2870 1313 habere
2894 1259 3137 1325 conﬁdo;
3167 1262 3347 1315 sciens
3375 1264 3519 1330 quod

1931 1347 2048 1402 haec
2079 1363 2184 1401 non
2217 1361 2433 1416 possum
2483 1347 2684 1400 habere
2723 1348 2935 1418 pariter
2977 1363 3044 1402 ex
3087 1349 3314 1419 meipso.
3375 1351 3518 1420 Ergo

1932 1437 2098 1504 Deus,
2145 1437 2299 1507 cujus
2329 1437 2422 1490 ira:
2455 1437 2708 1492 resistere
2739 1451 2898 1492 nemo
2927 1447 3124 1505 potest,
3164 1455 3231 1493 ne
3263 1440 3518 1494 irascaris

1931 1527 2060 1580 mihi
2111 1528 2162 1580 in
2193 1536 2480 1592 :eternum,
2527 1537 2583 1580 et
2621 1541 2726 1580 non
2757 1526 2928 1580 solum
2970 1543 3000 1580 a
3037 1543 3124 1582 me
3162 1543 3268 1584 non
3297 1528 3518 1584 auferas

1931 1618 2197 1688 Spiritum
2255 1625 2436 1683 tuum;
2493 1619 2588 1673 sed
2633 1618 2800 1672 etiam
2855 1617 2951 1688 (V.
3013 1619 3102 1689 14)
3157 1620 3314 1674 redde
3389 1621 3517 1674 mihi

1929 1711 2187 1776 la’tiliam,
2221 1726 2382 1779 quam
2409 1710 2560 1778 prius
2587 1710 2770 1774 habui,
2799 1711 2892 1764 sed
2921 1725 3017 1780 per
3041 1719 3322 1780 peccatum
3335 1711 3516 1777 amisi,

239 1822 494 1890 potentis.
529 1819 734 1874 Memor
757 1827 896 1884 esto,
925 1817 1070 1885 juste
1103 1817 1264 1880 Deus,
1295 1816 1386 1884 qui
1415 1813 1725 1869 misericors
1746 1829 1824 1878 es,

1938 1803 2173 1858 laetitiam
2201 1803 2322 1858 dico
2353 1815 2458 1856 non
2499 1801 2708 1864 mundi,
2741 1798 2835 1870 qui
2867 1803 3082 1858 laetatur
3111 1816 3236 1858 cum
3267 1801 3410 1856 male
3439 1801 3518 1856 fe-

237 1925 294 1966 et
319 1922 535 1968 creator
563 1919 618 1965 et
641 1918 916 1964 recreator
937 1923 1119 1973 mens;
1150 1917 1206 1961 et
1229 1921 1296 1960 ne
1325 1905 1658 1970 memineris,
1689 1905 1829 1960 bone

243 2004 496 2069 Domine,
545 1993 826 2056 adversus
863 2009 1204 2070 peccatorem
1256 2007 1404 2052 tttum
1455 1997 1682 2065 justitiae
1725 2007 1830 2052 tuae

241 2097 441 2162 solius;
493 2109 560 2150 ne
609 2094 920 2150 memineris
968 2093 1062 2146 ira:
1092 2101 1194 2146 tuae
1232 2092 1492 2146 adversus
1531 2105 1702 2156 reum,
1735 2091 1830 2145 sed

239 2186 610 2244 miserationis
649 2199 776 2256 erga
831 2184 1111 2238 miserum.
1169 2181 1368 2236 Verum
1409 2191 1496 2237 est
1540 2193 1596 2236 et
1625 2181 1825 2244 fateor,

238 2278 792 2341 misericordissime,
839 2277 986 2346 quod
1039 2273 1372 2330 conscientia
1430 2289 1548 2327 mea
1591 2283 1832 2328 meretur

239 2371 643 2425 damnationem
678 2376 734 2422 et
773 2366 916 2435 quod
962 2363 1280 2435 pmnitentia
1329 2378 1446 2418 mea
1493 2377 1600 2416 non
1632 2359 1828 2415 sullicit

237 2462 307 2517 nd
331 2461 752 2517 satisfactionem
784 2475 796 2511 :
847 2459 945 2512 sed
987 2465 1196 2510 certum
1227 2463 1310 2509 est
1342 2455 1483 2524 quod
1524 2453 1831 2508 misericor-

238 2553 330 2608 dia
361 2561 446 2606 tua
475 2559 696 2622 superat
716 2563 930 2604 onmem
960 2545 1340 2610 oﬁensionem,
1363 2554 1418 2600 et
1441 2544 1642 2599 idcirco
1667 2543 1828 2613 abys-

239 2662 334 2701 sus
361 2659 492 2699 meae
515 2642 744 2697 miseria:
772 2642 1025 2710 abyssum
1061 2639 1276 2692 invocat
1303 2646 1404 2692 tuae
1426 2635 1828 2690 misericordia.

241 2737 412 2790 Parce
445 2751 570 2804 ergo
611 2743 690 2798 tu,
721 2731 969 2796 Domine,
1003 2729 1094 2798 qui
1128 2743 1188 2783 es
1227 2728 1400 2792 salus;
1430 2739 1592 2796 parce
1620 2739 1815 2795 pecca-

243 2833 366 2887 trici
401 2831 596 2886 aninne
647 2841 803 2892 mete,
833 2840 954 2894 quae
983 2824 1114 2894 fugit
1141 2823 1324 2876 attrita
1358 2837 1387 2875 a
1413 2820 1834 2891 terrentejustia

241 2929 320 2982 tia
376 2937 463 2980 tua
517 2925 582 2980 ad
637 2922 1034 2978 eonfortantem
1091 2918 1517 2974 misericordiam
1567 2925 1734 2972 tuam.
1767 2917 1835 2971 Et

237 3018 498 3090 quoniam
527 3015 806 3084 praemium
834 3009 1162 3081 virginitatis
1187 3016 1272 3062 est
1293 3007 1586 3077 perditum,
1620 3023 1653 3059 o
1681 3005 1833 3060 dolor

243 3110 644 3181 irrepat-altilis!
682 3105 872 3160 saltem
905 3101 1226 3172 supplicium
1259 3115 1364 3155 non
1393 3099 1462 3154 sit
1499 3099 1827 3164 inevitabile,

239 3207 386 3275 quod
412 3213 496 3258 est
531 3217 635 3256 non
669 3195 1002 3267 impossibile
1029 3191 1435 3262 omnipotentize
1466 3203 1590 3252 tuae,
1619 3205 1718 3245 nec
1750 3191 1832 3244 in-

241 3301 444 3352 decens
473 3304 576 3348 tuze
595 3291 840 3362 iustitiae,
867 3303 966 3342 nec
987 3285 1266 3342 insolitum
1297 3291 1401 3336 tua:
1424 3282 1829 3347 misericordiae,

239 3391 500 3459 quoniam
549 3387 722 3440 bonus
764 3397 824 3436 es
854 3389 932 3443 tu,
966 3388 1019 3434 et
1057 3376 1312 3446 quoniam
1347 3375 1400 3428 in
1432 3381 1690 3428 aeternum
1733 3372 1833 3425 mi-

245 3477 542 3535 sericordia
592 3485 680 3528 tua
729 3479 932 3526 manet.
975 3468 1218 3537 Denique
1239 3466 1366 3536 quia
1399 3480 1498 3534 ego
1527 3465 1743 3534 peccavi
1779 3464 1831 3518 in

241 3570 426 3623 anima
457 3565 662 3637 pariter
687 3575 742 3618 et
777 3563 828 3616 in
853 3575 1044 3625 carne,
1073 3573 1184 3614 nec
1204 3556 1406 3626 aliquid
1442 3553 1546 3608 tale
1585 3554 1832 3608 commit-

249 3675 362 3716 tere
399 3659 536 3714 ultra
577 3657 718 3721 volo,
760 3655 880 3708 ideo
926 3667 958 3706 a
1009 3660 1080 3715 te,
1133 3645 1557 3704 clementissime
1607 3646 1833 3700 Domine

249 3753 421 3826 Deus,
439 3751 532 3821 qui
585 3763 746 3819 quem
777 3760 942 3801 sanas
993 3744 1044 3798 in
1087 3741 1288 3806 anima,
1337 3751 1394 3794 et
1421 3753 1648 3806 corpore
1675 3737 1834 3792 simul

247 3859 431 3910 sanas,
463 3843 528 3898 de
575 3851 807 3909 utroque
837 3839 1090 3892 ardenter
1123 3833 1374 3888 desidero
1397 3831 1627 3901 expiari.
1654 3831 1826 3885 Porro

247 3937 294 3991 si
325 3935 563 4006 peccavi,
601 3933 711 3986 imo
746 3927 931 4000 procul
979 3925 1142 3980 dubio
1191 3923 1314 3991 quia
1352 3919 1593 3990 peccavi,
1624 3929 1680 3972 et
1711 3933 1836 3986 pro-

249 4037 372 4098 pter
425 4026 528 4079 hoc
565 4021 754 4078 oculus
798 4033 950 4073 meus
1001 4016 1052 4070 in
1099 4011 1460 4068 amaritudine
1509 4008 1838 4079 paenitentia!

251 4123 644 4178 commoratur,
701 4113 768 4167 de
807 4109 963 4163 venia
1017 4115 1197 4160 tamen
1249 4115 1432 4172 Spero,
1480 4099 1660 4154 sciens
1693 4099 1837 4167 quod

251 4207 428 4277 major
456 4214 540 4259 est
572 4213 658 4258 tua
691 4201 928 4263 bonitas,
957 4211 1120 4266 quam
1153 4209 1273 4248 mea
1301 4191 1590 4261 iniquitas,
1617 4205 1736 4260 quae
1755 4198 1838 4244 est

253 4311 448 4368 .aagna
485 4295 664 4348 nimis.
1095 4279 1110 4290 ”

321 4391 412 4445 29.
459 4390 843 4444 Verumtamen
893 4383 936 4437 si
981 4380 1182 4436 malum
1215 4391 1398 4432 corant
1432 4385 1483 4430 te
1513 4374 1640 4440 feci,
1667 4383 1721 4427 et
1753 4371 1836 4426 fa-

252 4483 390 4538 ciem
433 4491 579 4534 tuam
619 4495 722 4532 non
749 4475 965 4539 erubui,
994 4482 1052 4525 ut
1079 4471 1330 4526 deberem
1360 4469 1378 4539 (
1395 4467 1456 4522 V.
1491 4467 1604 4536 l3),
1629 4482 1692 4518 ne
1719 4481 1838 4533 pro-
1870 4499 1916 4552 Β

247 4575 404 4649 ficins
427 4590 508 4627 me
539 4589 568 4625 a
602 4571 739 4640 [acie
783 4579 896 4622 tua.
933 4565 1084 4620 Sicut
1110 4562 1240 4617 Cain
1272 4575 1370 4630 pro
1395 4566 1706 4629 perpetrato
1735 4555 1838 4608 fra-

253 4669 472 4724 tricidio
523 4682 550 4718 a
597 4663 734 4718 facie
779 4671 868 4715 tua
917 4667 972 4714 et
1008 4665 1166 4712 terra:
1217 4653 1360 4707 facie
1402 4650 1676 4720 projecisti
1717 4651 1841 4718 (nec

252 4761 475 4822 mirum,
509 4757 634 4828 quia
679 4754 870 4808 intima
917 4765 1018 4810 sua
1053 4745 1380 4818 proiecerat,
1429 4752 1484 4798 et
1522 4743 1838 4810 desperatus

253 4853 324 4908 de
367 4849 542 4912 venia,
599 4846 772 4901 noluit
813 4841 1101 4914 poenitere,
1155 4836 1248 4891 sed
1307 4833 1446 4889 dixit
1493 4832 1637 4902 quod
1670 4831 1843 4900 major

251 4951 374 5000 erat
413 4943 529 5012 ejus
558 4939 814 5009 iniquitas
842 4949 1004 5006 quant
1029 4941 1084 4986 ut
1117 4929 1330 4984 veniam
1361 4924 1704 4994 mereretur),
1737 4939 1842 4977 non

253 5039 358 5102 sic,
393 5035 640 5098 Domine,
663 5047 768 5085 non
797 5029 877 5084 sie
899 5024 1158 5097 projicias
1185 5036 1272 5076 me
1295 5037 1322 5073 a
1347 5019 1486 5074 facie
1521 5027 1632 5082 tua,
1662 5031 1840 5085 neque

255 5131 398 5186 sicut
427 5128 705 5198 pulverem
735 5135 896 5192 quem
939 5114 1153 5190 proiicit
1185 5119 1382 5167 ventus
1409 5125 1438 5162 a
1469 5107 1607 5165 faeie
1651 5117 1838 5169 terrm;

255 5223 352 5279 sed
379 5237 476 5292 per
505 5231 650 5274 tuam
676 5211 1094 5285 superﬂuentem
1119 5215 1174 5259 et
1195 5201 1520 5258 ineﬂahilem
1545 5198 1842 5255 bonitatem

256 5291 431 5373 facias
485 5330 570 5369 me
617 5312 682 5366 tle
743 5308 848 5362 illis
895 5299 1232 5372 simplicibus
1263 5309 1399 5364 quos
1449 5307 1556 5348 non
1591 5291 1841 5361 projicis;

260 5411 358 5466 sed
404 5409 606 5478 projice
635 5412 752 5474 post
787 5410 996 5468 tergum
1039 5401 1188 5446 tuum
1223 5387 1403 5442 omnia
1447 5395 1669 5454 peccata
1703 5397 1841 5446 mea,

257 5515 316 5560 ct
341 5477 531 5558 omnes
561 5496 878 5566 iniquitates
898 5501 1048 5544 meas
1071 5483 1274 5556 projice
1297 5481 1350 5534 in
1375 5477 1698 5549 profundum
1728 5489 1846 5529 ma-

265 5597 374 5658 ris;
419 5607 500 5647 me
530 5565 712 5644 autem
749 5583 1023 5637 hominem
1077 5590 1146 5631 ne
1175 5569 1436 5643 projicias
1466 5583 1496 5620 a
1551 5565 1688 5620 fa‘cie
1734 5572 1844 5628 tua,

261 5654 372 5744 sed
395 5687 462 5740 ad
491 5683 638 5738 illam
693 5693 782 5732 me
815 5673 985 5728 facias
1029 5663 1420 5723 beatitudinem
1451 5655 1758 5730 pervenire,
1795 5654 1846 5707 in

261 5795 374 5848 qua
419 5791 524 5830 non
571 5773 714 5826 sicut
757 5767 810 5819 in
861 5765 963 5818 hac
1003 5760 1112 5812 vita
1141 5769 1238 5824 per
1283 5749 1560 5823 speculum
1599 5746 1652 5802 in
1682 5745 1848 5813 antig-

671 5864 944 5924 I‘n'ttot..
993 5847 1261 5912 CLVIII.

1933 1894 2092 1958 cerit,
2140 1893 2234 1948 sed
2281 1892 2524 1948 laetitiam
2557 1889 2812 1946 salutaris
2852 1891 2927 1946 tui
2969 1891 3172 1946 Christi
3218 1889 3520 1946 Salvatoris

1933 1990 2062 2057 mei,
2101 1989 2192 2061 qui
2240 1995 2323 2044 est
2351 1987 2606 2059 gaudium
2659 2002 2862 2050 meum,
2890 1986 2980 2056 qui
3027 1993 3110 2042 est
3139 1985 3354 2040 futurus
3377 2001 3518 2056 prae.

1933 2080 2122 2140 mium,
2150 2077 2346 2147 quiest
2369 2091 2494 2146 spes
2529 2091 2672 2140 mea.
2713 2077 2804 2130 lux
2831 2089 2973 2140 mea,
2999 2074 3120 2130 laus
3154 2089 3296 2140 mea,
3325 2075 3522 2130 domus

1935 2186 2074 2236 mea,
2123 2169 2298 2240 patria
2341 2185 2482 2234 mea,
2534 2169 2640 2223 vita
2700 2183 2842 2231 mea,
2885 2167 3032 2221 salus
3082 2181 3226 2230 mea,
3277 2166 3522 2221 salutare

1933 2275 2136 2316 meum.
2198 2258 2312 2314 Hoc
2364 2258 2603 2314 salutare
2653 2265 2970 2327 spectavere
3016 2256 3258 2310 futurum
3297 2255 3394 2320 illi,
3425 2257 3518 2326 qui

1934 2355 2152 2410 fuerunt
2175 2361 2304 2407 ante
2345 2367 2442 2406 nos
2468 2360 2651 2420 patres
2676 2351 2870 2414 nostri,
2902 2359 2956 2404 et
2987 2350 3040 2403 in
3083 2339 3192 2404 hac
3215 2349 3340 2404 ﬁdei
3393 2362 3518 2418 spe-

1935 2445 2174 2500 clat-ione
2201 2450 2326 2500 sunt
2353 2441 2572 2507 salvati;
2598 2453 2652 2497 et
2681 2442 2734 2496 in
2767 2441 2856 2496 illo
2879 2440 3100 2496 salutari
3121 2447 3206 2495 est
3235 2449 3290 2494 et
3309 2439 3415 2494 erit
3439 2441 3520 2494 eis

1933 2537 2124 2592 laetitia
2167 2537 2534 2606 sempiterna;
2578 2541 2632 2587 et
2660 2531 2784 2602 quia
2829 2545 2926 2601 per
2955 2529 3200 2586 eamdem
3229 2528 3388 2584 ﬁdent
3415 2529 3518 2598 (rei

1935 2637 2116 2684 tamen
2145 2627 2258 2698 jam
2285 2629 2462 2692 factae,
2487 2639 2592 2680 non
2627 2623 2902 2684 faciendae,
2935 2623 3028 2676 sed
3055 2619 3388 2691 temporibus
3424 2634 3519 2675 va-

1936 2723 2114 2794 riatis)
2152 2721 2350 2796 salvari
2413 2727 2672 2792 eXSpecto
2715 2716 2782 2770 ab
2824 2714 3018 2770 eodem
3061 2712 3366 2774 Salvatore,
3431 2710 3528 2779 qui

1935 2828 2128 2870 omnes
2157 2812 2404 2866 homines
2443 2811 2558 2864 vult
2599 2809 2778 2866 salvos
2819 2805 2960 2872 ﬁeri,
3001 2811 3057 2858 et
3099 2802 3372 2874 neminem
3406 2800 3523 2854 vnit

1933 2905 2134 2976 perire.
2179 2903 2386 2959 Idcirco
2433 2901 2596 2956 Pater
2643 2910 2702 2956 et
2751 2896 2970 2952 domine
3013 2895 3140 2946 vita:
3173 2907 3328 2956 meae,
3353 2891 3522 2947 etiam

1935 2993 2324 3062 sempiternam
2357 2991 2620 3056 laetitiam,
2649 3003 2813 3058 quam
2839 2999 2939 3054 per
2972 2990 3196 3054 peccata
3241 2994 3362 3034 mea
3391 2994 3521 3050 pcr-

1937 3083 2072 3148 didi,
2105 3083 2272 3138 redde
2299 3081 2454 3136 mihi.

2005 3176 2098 3232 '50.
2143 3173 2211 3228 Et
2241 3172 2428 3243 spiritu
2457 3167 2736 3240 principali
2755 3165 3008 3234 confirma
3045 3179 3142 3218 me.
3186 3163 3230 3216 υ
3255 3160 3399 3216 Deus
3427 3161 3521 3230 qui

1933 3283 1994 3324 es
2024 3266 2296 3322 maximus
2337 3262 2592 3332 Spiritus,
2619 3259 2852 3314 maxima
2891 3256 3039 3328 regio
3068 3255 3356 3324 spirituum
3387 3252 3520 3306 bea-

1935 3369 2138 3422 torum,
2185 3358 2237 3410 in
2286 3369 2390 3424 qua
2424 3360 2736 3409 sanctorum
2787 3349 2984 3403 anima:
3034 3345 3412 3414 requiescunt,
3467 3351 3522 3396 te

1935 3451 2110 3520 primo
2155 3446 2408 3518 superius
2449 3445 2644 3500 invoco
2688 3440 2940 3510 spiritum
2990 3444 3224 3502 rectum,
3267 3432 3520 3504 spiritum

1937 3547 2210 3604 sanctum,
2240 3545 2296 3592 et
2339 3535 2430 3590 hic
2459 3531 2620 3588 tertio
2649 3529 2900 3600 spiritum
2927 3522 3306 3596 principalem,
3349 3520 3526 3574 inten-
3604 3538 3612 3546 ·

1937 3634 2072 3690 dens
2111 3641 2301 3696 totam,
2337 3642 2459 3698 qua:
2501 3626 2553 3680 in
2605 3633 2656 3678 te
2699 3628 2820 3686 est,
2873 3617 3193 3673 Trinitatem
3248 3613 3300 3668 in
3344 3625 3527 3666 meum

1937 3723 2196 3778 auxilium
2215 3720 2490 3782 invocare,
2529 3715 2598 3770 ad
2628 3715 2729 3769 hoc
2755 3719 2816 3766 ut
2842 3711 2940 3780 (ita
2961 3707 3104 3774 cod.)
3133 3713 3313 3760 rectus
3335 3701 3525 3757 Domi-

1939 3831 2042 3870 nus
2075 3814 2214 3868 Deus
2241 3819 2446 3870 noster,
2483 3817 2540 3862 et
2583 3820 2688 3859 non
2725 3813 2810 3858 est
2835 3799 3094 3868 iniquitas
3125 3796 3178 3850 in
3214 3811 3299 3850 eo.
3351 3793 3526 3864 Spiri-

1941 3917 2052 3960 tum
2095 3911 2342 3958 sanctum
2391 3911 2542 3954 tuum
2573 3896 2794 3950 nomine
2829 3907 2928 3948 suo
2957 3888 3216 3957 intelligo.
3247 3887 3312 3940 Et
3341 3897 3389 3940 te
3418 3885 3524 3940 Pa-

1941 4006 2076 4050 trem
2105 3993 2194 4048 hic
2215 3990 2425 4059 accipio
2463 4001 2558 4058 per
2587 3984 2840 4055 spiritum
2868 3977 3244 4050 principalem,
3272 3975 3398 4044 quia
3429 3974 3525 4028 tibi

1939 4094 2022 4140 est
2065 4091 2310 4152 potestas
2361 4075 2734 4148 principaliter
2783 4068 3044 4125 attributa
3098 4065 3297 4118 bonum
3335 4063 3525 4130 gratiae

1939 4177 2082 4246 quod
2113 4175 2166 4228 in
2199 4187 2286 4226 me
2305 4179 2562 4240 cperatus
2596 4180 2654 4221 es
2691 4158 3066 4220 conﬁrmandi.
3098 4153 3368 4212 Coatirma
3394 4167 3524 4224 ergo

1939 4268 2092 4334 illud,
2127 4266 2290 4322 Pater
2319 4281 2332 4317 :
2378 4273 2432 4318 et
2453 4262 2498 4316 si
2535 4273 2622 4315 me
2653 4249 3084 4314 conlirmaveris,
3116 4248 3258 4303 sicut
3295 4255 3443 4315 opto,
3471 4253 3532 4299 et

1939 4362 2080 4416 sicut
2136 4373 2222 4413 me
2275 4354 2379 4412 scit
2421 4363 2508 4408 tua
2553 4347 2965 4420 supereminens
2996 4339 3226 4396 scientia
3257 4337 3523 4407 indigere,

1939 4453 2293 4507 conﬁrmatus
2321 4461 2426 4500 non
2453 4459 2548 4498 ero
2576 4440 2828 4502 inaniter,
2857 4436 2950 4490 sed
2979 4430 3201 4487 docebo.
3230 4427 3288 4482 In
3315 4441 3421 4496 quo
3445 4437 3524 4488 tu,

1942 4545 2084 4598 Deus
2113 4553 2284 4603 meus,
2311 4537 2513 4590 docens
2542 4545 2627 4584 me
2656 4527 2825 4589 utilia,
2863 4521 3128 4577 mirabilis
3151 4527 3312 4586 atque
3341 4515 3528 4594 lauda»

1941 4635 2068 4690 bilis
2101 4629 2406 4702 apparehis,
2436 4639 2500 4679 eo
2537 4621 2676 4692 quod
2708 4624 2930 4688 repente
2954 4627 3040 4667 me
3069 4611 3340 4666 doctorem
3385 4605 3526 4662 fece-

1943 4729 2020 4784 ris
2057 4697 2424 4793 tle—plorantc;
2473 4719 2537 4772 de
2581 4715 2727 4783 lupo,
2775 4723 3004 4780 agnum;
3041 4706 3106 4758 de
3140 4702 3310 4756 altero
3339 4697 3524 4762 Saulo,

1943 4792 2168 4875 Paulum
2203 4834 2215 4868 :
2253 4825 2308 4868 et
2349 4811 2440 4865 alii
2477 4816 2789 4878 peccatores
2835 4800 3077 4854 videntes
3105 4794 3248 4866 quod
3277 4792 3404 4845 tttihi
3437 4805 3526 4859 pe-

1947 4911 2204 4984 perceris,
2253 4902 2540 4974 prolicient
2577 4912 2674 4968 per
2702 4891 3030 4962 exemplum,
3060 4896 3117 4942 et
3163 4885 3242 4941 sic
3279 4881 3445 4936 verbo
3473 4889 3529 4934 et

1945 4975 2192 5071 exemplo
2223 4995 2316 5070 (ιν.
2351 4992 2439 5064 lii)
2467 4987 2659 5043 docebo
2691 4985 2922 5054 iniquos,
2954 4979 3046 5050 qui
3085 4978 3137 5032 itt
3170 4975 3274 5030 Iide
3306 4985 3530 5026 manen-

1949 5109 2053 5162 tes,
2089 5061 2326 5162 peccatis
2367 5061 2481 5139 suis
2513 5091 2768 5148 tanquam
2801 5081 3062 5146 apostata:
3100 5065 3430 5123 mortiticant
3473 5061 3530 5114 ti-

1949 5191 2070 5246 dem
2097 5199 2252 5240 suam
2285 5199 2300 5236 :
2335 5179 2471 5240 illos,
2507 5176 2749 5243 inquam,
2781 5170 3172 5237 apostatantes,
3207 5173 3301 5226 qut
3349 5167 3530 5208 reces-

1947 5289 2132 5337 serunt
2165 5293 2194 5329 a
2251 5283 2302 5328 te
2336 5313 2349 5336 ,
2401 5277 2456 5322 et
2481 5280 2618 5335 quos
2660 5272 2733 5324 ιιι,
2766 5261 2898 5328 ipse,
2941 5253 3188 5314 Domine,
3227 5259 3424 5302 vocare
3462 5243 3532 5297 ad

1950 5370 2324 5448 pmnitentiam
2341 5363 2560 5426 venisti,
2583 5367 2638 5413 et
2664 5371 2768 5410 non
2795 5357 2993 5424 justus.
3023 5344 3227 5399 Docebo
3253 5341 3360 5442 vias
3387 5347 3530 5439 tuas,

1951 5427 2058 5522 iton
2085 5477 2254 5524 meas,
2285 5458 2380 5514 sed
2407 5463 2526 5510 tuas
2555 5467 2570 5505 :
2607 5449 2722 5502 vias
2755 5456 2894 5506 tuas,
2925 5455 3044 5509 qua:
3081 5443 3205 5490 sunt
3227 5427 3533 5524 misericor-

2147 5517 2370 5611 veritas,
2413 5557 2508 5616 per
2530 5554 2665 5612 quas
2701 5537 2770 5592 ad
2811 5547 2910 5586 nos
2952 5527 3124 5594 venis,
3161 5535 3215 5580 et
3257 5536 3356 5577 nos
3387 5517 3534 5616 adte

1954 5659 2240 5719 possumus
2293 5609 2597 5712 pervenire.
2635 5629 2700 5684 Et
2735 5627 2836 5719 ipsi
2887 5620 3036 5690 impii
3063 5627 3358 5716 peccatores
3391 5609 3460 5665 ad
3482 5619 3534 5662 te

1955 5706 2512 5798 Icanrcrtentuhetpcr
2532 5733 2603 5790 te,
2627 5709 2872 5784 Domine,
2894 5709 2984 5784 qui
3009 5706 3278 5767 convertis
3301 5712 3529 5772 petram,

3211 5799 3284 5858 2'7
