3906 6058
465 289 569 348 8ιὸ

821 287 884 345 S.
923 285 1223 374 ANSELBll
1259 285 1611 343 CANTUAR.
1651 285 1970 342 ARCHIEP.
2007 289 2021 342 i

2126 292 2156 343 ⁵.
2206 287 2402 344 PARS.
2443 288 2502 343 ll.
2526 320 2586 329 -—
2619 290 2986 346 ΡΑΙὶιιΕΝΙΞΤ.
3017 290 3103 347 ΕΤ
3141 294 3361 350 ASCE'I‘

3626 299 3737 354 8H

463 402 671 456 scilicet
709 398 890 454 cordis
919 397 1196 461 duritiam,
1228 396 1280 449 in
1307 404 1500 466 stagna
1523 411 1808 464 aquarum,
1843 398 1942 452 hoc
1964 407 2049 451 est
2075 411 2122 466 Α
2149 399 2296 454 dices
2337 414 2349 451 :
2381 400 2538 456 Salus
2583 414 2670 456 tua
2721 420 2821 476 ego
2865 421 3005 471 sunt,
3037 409 3254 476 quando
3281 410 3494 479 plenam
3524 424 3580 467 et
3606 432 3730 470 cer-

463 491 519 545 itt
545 489 766 544 flumina
806 487 1190 558 lacrymarum.
1226 485 1338 540 Lex
1373 487 1516 541 enim
1551 496 1661 553 tua,
1686 487 1929 552 Domine,
1961 500 2045 544 est

462 577 834 640 immaculata,
889 587 1210 632 convertens
1254 577 1484 631 animas.
1537 575 1647 647 Ego
1693 590 1872 632 autem
1926 593 2042 644 cor,

460 669 716 740 linguam,
740 676 794 722 et
824 666 962 722 labia
982 677 1201 736 paratus
1220 682 1338 722 sum
1361 669 1426 722 ad
1439 668 1863 736 exsequendum,
1894 680 2043 723 tuum

464 760 829 815 ministerium
857 759 1146 826 exhibere;
1197 760 1550 815 devotissime
1577 759 1952 829 supplicando,
1986 770 2045 815 ut

461 860 517 906 tu
551 852 644 922 (mi
679 853 820 907 Deus
847 860 900 907 et
930 851 1160 906 Domine
1204 851 1332 907 Jesu
1371 851 1606 918 Christe,
1656 852 1747 920 qui
1774 851 1826 904 in
1852 851 2042 907 diebus

457 942 641 998 carnis
671 951 772 998 tua:
819 943 981 997 verba
1017 946 1139 997 vitae
1182 950 1401 997 aeternae
1439 943 1574 997 adeo
1613 942 1934 997 mirabiliter
1960 943 2040 996 lo-

457 1035 734 1103 quebaris,
767 1049 891 1088 eum
935 1034 1274 1089 mirabantur
1300 1048 1488 1088 omnes
1523 1035 1588 1089 de
1627 1033 1804 1089 verbis
1833 1036 2036 1105 gratiae,

457 1139 577 1193 quae
602 1124 709 1179 tuis
737 1123 894 1179 labiis
934 1124 1343 1195 procedebant,)
1376 1125 1456 1179 sic
1481 1141 1576 1179 cor
1603 1139 1781 1178 meum
1805 1126 2037 1195 aperias,

456 1217 696 1288 linguam
727 1217 971 1279 erudias,
1021 1217 1162 1271 labia
1193 1217 1523 1282 circumdes,
1561 1225 1622 1270 ttt
1665 1218 1816 1287 impii
1858 1218 1927 1272 ab
1955 1235 2039 1272 er-

455 1323 582 1362 rore
619 1309 743 1362 vitae
767 1316 868 1361 tua:
909 1322 1004 1376 per
1030 1317 1102 1372 te,
1135 1307 1214 1362 sic
1240 1309 1305 1362 ad
1341 1316 1391 1361 te
1422 1322 1542 1362 meo
1578 1307 1826 1375 exemplo
1858 1316 1909 1360 et
1934 1307 2037 1360 mi-

456 1398 685 1453 nisterio
730 1407 1096 1464 revertantur,
1138 1398 1280 1466 quod
1322 1398 1505 1451 anima
1553 1411 1672 1451 mea
1702 1397 1942 1452 salvetur
1983 1399 2034 1452 in

455 1500 653 1556 morte,
686 1501 742 1546 et
782 1500 836 1545 tu
888 1506 1131 1546 meorum
1161 1491 1375 1560 operias
1406 1489 1803 1544 multitudinem
1839 1505 2038 1560 pecca-

452 1592 654 1651 torum,
705 1583 783 1638 ita
837 1584 982 1653 quod
1029 1597 1131 1638 nec
1159 1597 1188 1637 a
1224 1590 1275 1638 te
1316 1597 1415 1637 nec
1439 1597 1468 1635 a
1497 1581 1712 1637 diabolo
1739 1583 1806 1638 de
1837 1592 2036 1638 caetero

450 1684 872 1744 cognoscantur.

2152 504 2282 556 tam,
2307 508 2552 548 securam
2585 505 2640 551 et
2669 500 3054 568 sempiternam
3086 499 3403 557 felicitatem
3436 505 3569 560 mihi
3595 522 3734 563 con-

2147 583 2377 638 cesseris
2407 595 2459 639 et
2486 586 2733 642 salutem.

2217 675 2306 730 32.
2347 676 2390 731 Ο
2431 680 2648 747 quando
2675 682 2742 735 ad
2795 677 2940 736 illam
2990 683 3448 754 incorruptionem
3492 690 3736 758 veniam,

2106 787 2114 801 κ
2146 776 2199 821 et
2228 767 2306 822 sic
2340 769 2520 823 salvus
2551 775 2674 824 ero!
2719 771 2858 827 Vere
2904 783 3030 829 tunc
3078 777 3338 842 satiabor,
3368 795 3492 833 cum
3542 785 3730 837 mani-

2147 857 2433 914 festabitur
2461 861 2608 914 salus
2638 871 2693 917 et
2743 863 2974 920 felicitas
3009 866 3096 921 illa
3133 868 3286 932 mihi,
3316 871 3382 923 ad
3411 887 3574 939 quam
3607 890 3735 942 per-

2145 955 2328 1008 venire
2355 970 2460 1009 non
2498 971 2736 1025 possum,
2780 958 2882 1014 nisi
2928 961 3076 1029 prius
3120 978 3150 1015 a
3203 971 3252 1016 te
3282 963 3436 1019 fuero
3462 966 3528 1020 de
3569 967 3734 1024 dictis

2144 1045 2494 1114 sanguiuibus
2521 1046 2805 1114 liberatus,
2834 1064 2863 1103 a
2890 1051 3086 1119 quibus
3113 1054 3156 1106 si
3188 1053 3445 1110 liberatus
3473 1056 3652 1122 fuero,
3677 1069 3733 1114 et

2143 1135 2290 1188 nullo
2317 1135 2422 1190 alio
2453 1137 2740 1205 liberante,
2780 1149 2828 1194 el
2858 1142 3135 1206 exultabit,
3169 1145 3270 1199 hoc
3317 1157 3400 1200 est
3431 1163 3554 1201 cum
3577 1151 3730 1204 exul-

2143 1227 2346 1282 talione
2393 1237 2449 1282 et
2495 1231 2710 1299 gaudio,
2757 1235 3025 1288 nuntiabit
3072 1235 3252 1305 lingua
3305 1255 3417 1292 mea
3457 1241 3727 1308 justitiam

2141 1330 2287 1372 tuam
2312 1333 2331 1369 :
2369 1335 2474 1374 non
2513 1321 2678 1386 illam,
2707 1323 2954 1390 Domine,
2979 1342 3008 1380 a
3037 1341 3140 1395 qua
3170 1331 3420 1399 superius
3438 1333 3726 1401 appellavi,

2139 1424 2206 1463 eo
2255 1411 2400 1480 quod
2455 1411 2730 1466 dontinam
2783 1431 2957 1470 meam
3020 1419 3468 1485 misericordiam,
3512 1424 3564 1477 in
3617 1441 3724 1493 qua

2139 1512 2316 1566 spero,
2347 1515 2452 1553 non
2483 1505 2761 1569 permittet
2787 1519 2968 1559 secum
2997 1507 3048 1560 in
3075 1517 3165 1562 tuo
3197 1511 3339 1564 finali
3361 1510 3566 1579 judicio
3594 1531 3726 1570 con-

2137 1589 2373 1644 sedere:
2419 1607 2543 1645 nam
2582 1591 2728 1646 illam
2776 1593 3110 1661 justitiarum
3145 1600 3412 1668 justitiam
3458 1621 3564 1658 non
3596 1622 3724 1675 pos-

2135 1695 2251 1736 setn
2278 1697 2404 1735 eum
2458 1683 2792 1739 exultatione
2833 1688 2900 1740 ad
2933 1692 3249 1744 memoriam
3283 1708 3562 1760 revocare,
3594 1699 3723 1767 quia

521 1783 611 1837 δι.
656 1785 812 1851 Quod
840 1793 901 1840 ut
941 1785 1073 1841 mihi
1118 1785 1390 1842 emendus
1431 1788 1779 1854 concedatur,
1819 1787 1915 1858 (ν⁹
1945 1789 2032 1861 16)
2069 1764 2112 1818 Β
2140 1772 2294 1829 valde
2342 1776 2716 1830 contrentiscit
2775 1792 2871 1832 cor
2920 1795 3098 1834 meum
3149 1781 3295 1837 illam
3349 1786 3546 1842 timens
3578 1764 3723 1844 :ised

449 1874 613 1930 libera
635 1892 716 1930 me
735 1877 800 1932 de
819 1878 1180 1947 sanguinibus,
1210 1877 1370 1944 Deus,
1390 1878 1525 1933 Deus
1546 1879 1732 1933 salutis
1749 1896 1895 1934 mete.
1916 1879 2036 1950 Spi-

451 1965 588 2022 ritus
632 1976 819 2023 sancte
850 1969 1012 2034 Deus,
1040 1971 1132 2040 qui
1176 1972 1242 2025 ad
1287 1971 1389 2025 hoc
1418 1972 1469 2025 in
1498 1971 1695 2041 linguis
1726 1973 1898 2042 igneis
1925 1973 2034 2027 dis-

443 2059 658 2126 pertitis
705 2062 924 2116 voluisti
970 2063 1074 2118 tuis
1111 2062 1395 2131 discipulis
1449 2078 1735 2133 apparere,
1768 2073 1828 2118 ut
1878 2065 2034 2121 nobis

454 2153 617 2206 dares
663 2152 968 2225 intelligere
1038 2156 1180 2224 quod
1237 2156 1417 2211 omnia
1477 2157 1784 2227 linguarum
1833 2173 2032 2228 genera

443 2244 834 2312 eognoscebas,
887 2245 1012 2300 audi
1062 2245 1372 2312 efﬁcaciter,
1423 2255 1479 2300 et
1511 2248 1708 2302 exaudi
1751 2263 1944 2303 novam
1977 2262 2032 2305 et

445 2334 724 2404 antiquam
762 2338 1174 2406 grammaticam
1227 2339 1423 2410 lingua:
1454 2354 1611 2404 mea),
1651 2341 1704 2394 in
1743 2356 1848 2411 qua
1875 2343 2057 2411 quasi'

445 2436 692 2477 meorum
725 2436 1071 2495 peccatorum
1121 2428 1398 2484 doloribus
1428 2439 1555 2498 peto
1578 2447 1607 2484 a
1638 2439 1690 2486 te
1719 2432 1786 2486 de
1811 2435 2029 2503 sangui-

443 2513 604 2569 nihus
651 2513 894 2570 liberari.
927 2517 1068 2571 Ecce
1111 2519 1256 2572 enim
1286 2530 1340 2573 tu
1372 2520 1503 2584 scis,
1535 2522 1626 2590 qui
1672 2523 2028 2576 scientiarum

446 2617 508 2657 es
533 2603 698 2668 Deus,
733 2605 876 2672 quod
909 2605 961 2658 in
988 2606 1179 2661 Latino
1215 2617 1407 2663 nostro
1437 2610 1578 2679 apud
1617 2613 2026 2680 grammaticos,

441 2694 734 2763 sanguines
775 2694 1197 2764 pluralitennon
1239 2699 1516 2767 dicuntur,
1561 2703 1657 2756 sed
1687 2703 1943 2772 sanguis;
1974 2713 2029 2757 et

443 2791 628 2838 tamen
661 2785 726 2839 ad
754 2785 1118 2842 conﬁtendum
1169 2791 1372 2844 nomini
1414 2800 1524 2858 tuo,
1550 2792 1849 2858 Altissime,
1881 2795 2026 2863 quod

440 2891 506 2930 ex
540 2891 705 2933 carne
754 2891 855 2947 per
890 2891 1173 2948 peccatum
1199 2882 1464 2952 originale
1491 2895 1766 2955 corrupta,
1805 2901 1910 2940 non
1939 2901 2027 2941 so-

438 2965 550 3020 lum
574 2983 766 3034 unum,
806 2969 902 3024 sed
940 2969 1095 3039 plura
1136 2973 1384 3027 contraxi
1418 2982 1662 3043 peccata,
1691 2976 1864 3045 magis
1893 2991 2023 3045 pro—

437 3060 557 3128 prie
583 3066 637 3114 et
657 3075 914 3130 expresse
939 3063 1160 3119 intendo
1178 3079 1207 3118 a
1239 3076 1291 3119 te
1316 3075 1523 3136 petere,
1556 3067 1700 3122 Deus
1724 3084 1894 3124 meus.
1912 3083 2016 3124 non

438 3157 506 3206 de
555 3153 816 3224 sanguine
844 3156 939 3210 sed
983 3156 1050 3212 de
1094 3159 1448 3229 sanguinibus
1479 3159 1735 3226 liberari;
1776 3162 1876 3216 hoc
1911 3171 2015 3227 est,

437 3244 687 3299 omnibus
735 3246 975 3314 peccatis
1015 3247 1347 3315 carnalibus,
1398 3265 1520 3320 qua:
1557 3261 1687 3306 sunt
1730 3252 1917 3316 ntulta,
1963 3262 2019 3308 et

438 3333 753 3402 Specialiter
813 3337 880 3391 de
943 3341 1260 3408 parentibus
1317 3343 1652 3410 carnalibus,
1708 3345 1775 3399 de
1831 3361 2018 3401 amore

442 3439 631 3478 eorum
665 3426 745 3480 sic
789 3426 1012 3495 junctus
1042 3439 1232 3486 tenear
1259 3442 1313 3486 et
1362 3433 1581 3504 ligatus,
1613 3436 1757 3505 quod
1795 3451 1863 3491 ne
1887 3436 2018 3492 illud

435 3513 736 3582 incurram,
771 3517 826 3570 in
857 3520 1000 3587 quod
1053 3521 1315 3590 incidunt,
1349 3524 1444 3592 qui
1484 3524 1762 3580 aadilicant
1799 3527 1930 3582 Sion
1961 3528 2017 3582 in

436 3602 813 3673 sanguinibus,
835 3606 918 3662 vel
943 3609 1034 3677 qui
1060 3609 1110 3662 in
1145 3613 1504 3683 sanguinibus
1521 3614 1793 3671 aediﬁcant
1823 3619 2021 3674 civita-‘

438 3699 578 3758 tem;
605 3693 802 3762 quibus
851 3697 896 3752 si
929 3712 1026 3768 per
1054 3702 1283 3772 gratiam
1334 3714 1482 3759 tuam
1534 3704 1687 3762 fuero
1731 3708 2014 3777 liberatus,

435 3795 544 3835 non
581 3787 921 3858 congregabo
945 3792 1320 3849 conventicula
1350 3810 1560 3863 eorum,
1597 3799 1808 3856 scilicet
1845 3801 2016 3857 malo-

435 3889 555 3928 rum
583 3876 954 3949 collegiorum,
989 3885 1056 3939 de
1084 3886 1470 3957 sanguinibus;
1504 3904 1572 3945 ne
1601 3901 1749 3947 motu
1779 3893 2016 3948 carnali-

431 3967 562 4022 tatis
588 3983 717 4040 erga
754 3987 853 4027 nos
894 3973 1204 4033 inordinate
1248 3979 1506 4045 mollitus,
1541 3981 1880 4053 disrumpere
1908 3999 2015 4039 non

429 4060 633 4125 possim
660 4062 1033 4134 eolligationes
1077 4067 1392 4138 impietatis,
1421 4071 1507 4126 vel
1539 4073 1748 4129 solvere
1784 4073 2017 4131 fascicu-

429 4147 512 4203 los
534 4148 907 4221 deprimentis.
939 4155 1066 4212 Scio
1089 4159 1234 4214 enim
1256 4161 1399 4230 quod
1423 4177 1553 4218 caro
1580 4173 1635 4218 et
1663 4166 1884 4228 sanguis
1907 4183 2014 4224 non

427 4240 783 4308 possidebunt
812 4245 1040 4314 gloriam
1077 4250 1227 4318 regni
1259 4252 1363 4316 tui;
1387 4261 1441 4306 et
1469 4253 1613 4323 quod
1637 4254 1712 4308 nil
1752 4255 2011 4325 iniquius,

429 4343 592 4396 quam
629 4333 770 4399 quod
816 4337 1147 4407 excogitavit
1176 4354 1306 4395 caro
1333 4350 1388 4397 et
1434 4343 1678 4414 sanguis.
1715 4343 1832 4400 Non
1864 4348 2010 4402 enim

2140 1866 2282 1919 illam
2309 1867 2487 1935 potius
2535 1877 2679 1922 tuam
2711 1869 2977 1937 justitiam
3018 1874 3199 1945 lingua
3248 1891 3366 1930 mea
3410 1893 3533 1931 cum
3570 1885 3720 1932 exul-

2139 1958 2359 2023 tatione,
2403 1970 2458 2013 et
2508 1959 2688 2016 laetitia
2718 1964 3019 2026 nunciabit,
3066 1981 3172 2034 qua
3214 1967 3267 2020 itt
3310 1971 3560 2037 ptmsettti
3611 1973 3720 2024 vita

2135 2065 2202 2104 ex
2229 2051 2432 2106 virtute
2465 2053 2634 2122 ipsius
2670 2064 2774 2109 tua:
2822 2058 3105 2125 praesentis
3131 2059 3352 2127 justitias
3385 2077 3470 2116 me
3516 2067 3720 2118 teneris

2137 2144 2377 2212 recipere
2398 2145 2774 2210 conﬁtentem;
2803 2163 2868 2202 eo
2893 2152 3035 2218 quod
3056 2165 3227 2206 sacra:
3258 2152 3403 2223 leges
3433 2165 3537 2208 tua:
3559 2156 3719 2225 justi-

2136 2233 2224 2286 tia:
2247 2233 2414 2288 inhac
2448 2236 2556 2290 vita
2595 2251 2700 2290 non
2733 2237 3093 2308 dedignantur
3126 2256 3313 2298 sacros
3347 2260 3585 2300 canones
3615 2257 3719 2302 tua:

2133 2325 2518 2380 misericordia:
2552 2328 2777 2396 imitari,
2810 2341 3292 2405 quantumcunque
3326 2335 3377 2390 in
3401 2350 3717 2405 peccatores

2132 2417 2536 2488 impoenitentes
2581 2422 2770 2476 saevire
2796 2423 3031 2479 debeant
3060 2426 3114 2480 in
3142 2426 3344 2484 futuro.
3375 2429 3471 2484 Sin
3507 2443 3712 2500 autem,

2133 2509 2275 2565 Deus
2299 2526 2452 2566 meus
2477 2523 2531 2567 et
2562 2513 2822 2568 liberator
2850 2532 3023 2583 meus,
3061 2533 3148 2573 tne
3179 2520 3345 2590 (quod
3382 2523 3579 2592 absit!)
3608 2540 3712 2578 non

2129 2600 2444 2658 liberaveris
2471 2605 2536 2658 de
2582 2607 2957 2676 sanguinibus,
2998 2610 3139 2663 sicut
3167 2620 3318 2680 Opto,
3347 2627 3454 2682 qua
3493 2615 3713 2669 temeri-

2131 2701 2239 2748 tate
2271 2706 2563 2762 prtcsumet
2607 2697 2787 2768 lingua
2831 2715 2950 2754 mea
2992 2710 3137 2756 tuam
3179 2702 3472 2771 justitiam,
3502 2721 3713 2760 remor-

2126 2783 2289 2838 dente
2338 2801 2425 2840 me
2481 2789 2836 2854 conscientia,
2889 2793 3157 2860 exultare,
3203 2795 3288 2850 vel
3332 2811 3455 2850 cum
3503 2798 3714 2852 exulta-

2126 2872 2277 2927 tione
2321 2875 2489 2929 animi
2539 2880 2835 2933 nunciare?
2862 2879 3022 2936 Certe
3052 2884 3230 2951 potius
3258 2885 3595 2954 formidaret,
3641 2904 3713 2943 ne

2128 2975 2206 3032 tu,
2237 2968 2403 3035 Deus,
2427 2971 2560 3025 mihi
2591 2973 2800 3029 diceres
2830 2978 3100 3044 peccatori
3145 2996 3160 3033 :
3189 2978 3369 3046 Quare
3407 2989 3461 3035 tu
3483 2998 3712 3040 cnarras

2119 3059 2359 3129 justitias
2405 3079 2572 3130 meas,
2610 3075 2664 3120 et
2711 3069 2943 3124 assumis
2981 3079 3363 3128 testamentum
3393 3089 3574 3130 meum
3610 3091 3711 3146 per

2121 3168 2184 3206 os
2215 3155 2412 3208 tuum?
2458 3155 2564 3212 Sed
2604 3159 2730 3227 quia
2768 3160 2884 3216 ista:
2933 3162 3051 3217 duze
3093 3177 3202 3227 res,
3237 3166 3609 3222 misericordia
3651 3179 3709 3223 et

2115 3245 2349 3316 justitia,
2385 3264 2604 3320 semper
2642 3252 2695 3305 in
2744 3261 2833 3307 tuo
2860 3255 3063 3324 judicio
3097 3267 3222 3312 sunt
3254 3259 3581 3328 conjunctae,
3635 3277 3706 3317 ex

2119 3353 2226 3406 quo
2257 3340 2323 3393 de
2366 3342 2718 3412 sanguinibus
2747 3345 3029 3411 conﬁteor,
3056 3359 3114 3403 et
3153 3352 3532 3418 pmnitentiam
3565 3354 3707 3409 bene

2117 3427 2374 3498 placitam
2414 3431 2505 3486 tibi
2532 3448 2633 3500 ago
2664 3435 2730 3489 de
2765 3435 3088 3494 liberatione
3111 3455 3227 3495 mea
3262 3442 3503 3497 indubia.

2190 3519 2279 3575 55.
2323 3519 2420 3590 (ν.
2453 3522 2564 3593 17.)
2589 3524 2788 3592 Quare,
2818 3542 2851 3582 ο
2873 3527 3116 3595 Domine,
3143 3531 3284 3585 labia
3320 3549 3454 3601 mea,
3481 3543 3709 3604 propter

2117 3620 2340 3680 peccata
2372 3627 2491 3668 mea
2528 3614 2792 3673 hactenus
2830 3619 3034 3686 clausa,
3064 3625 3284 3692 aperias,
3313 3627 3404 3695 qui
3439 3629 3706 3697 aperuisti

2118 3717 2182 3758 os
2219 3702 2497 3760 Zacharias
2544 3709 2838 3778 prophetze,
2889 3713 3030 3781 quod
3061 3729 3221 3770 nemo
3247 3715 3498 3772 claudere
3528 3719 3710 3788 potuit

2118 3793 2248 3862 quin
2293 3803 2342 3850 te
2392 3796 2742 3854 benediceret
2789 3800 3076 3858 Dominum
3130 3821 3317 3873 suum;
3354 3809 3446 3879 qui
3494 3823 3526 3864 e
3571 3826 3707 3865 eon-

2119 3897 2282 3940 verso
2326 3899 2422 3940 ora
2466 3887 2699 3943 leonum
2743 3893 2797 3945 in
2849 3891 2968 3948 lacu
3005 3894 3141 3950 adeo
3186 3899 3520 3959 conclusisti.
3556 3903 3704 3969 quod

2119 3988 2280 4032 nemo
2308 3978 2485 4045 potuit
2535 3981 2625 4034 illa
2673 3983 2906 4052 aperire,
2956 3994 3014 4039 ttt
3057 3986 3316 4044 laederent
3401 3990 3699 4048 Danielem.

2119 4065 2222 4133 Tu,
2248 4069 2488 4137 inquam,
2523 4073 2616 4141 qui
2647 4074 2728 4129 sie
2757 4078 2936 4143 aperis
2965 4087 3020 4134 et
3059 4094 3219 4136 nemo
3240 4080 3464 4150 claudit,
3492 4083 3703 4139 claudis

2117 4166 2174 4212 et
2202 4171 2362 4214 nemo
2388 4161 2585 4230 aperit,
2617 4165 2767 4234 aperi
2809 4166 2949 4222 labia
2987 4185 3125 4235 mea,
3166 4172 3334 4237 Deus;
3373 4184 3428 4228 ιιι
3460 4190 3566 4229 non
3605 4190 3702 4232 so-

2117 4247 2229 4303 lum
2257 4249 2397 4306 labia
2427 4256 2672 4324 corporis
2697 4256 2765 4311 ad
2805 4259 3167 4317 conﬁtendum
3199 4264 3320 4330 tibi,
3347 4266 3442 4322 sed
3483 4275 3538 4321 et
3564 4268 3703 4322 den-

2117 4352 2202 4402 tes
2244 4355 2301 4402 et
2331 4347 2470 4404 labia
2499 4351 2679 4408 cordis
2723 4357 2849 4420 mei,
2899 4373 3018 4428 quae
3050 4370 3174 4414 sunt
3203 4361 3318 4430 ejus
3348 4363 3611 4419 desideria
3639 4373 3703 4421 et

428 4433 559 4475 caro
601 4430 655 4477 et
703 4427 924 4496 sanguis
972 4428 1134 4485 beato
1188 4429 1400 4488 Simoni
1451 4432 1701 4491 Baroniae
1751 4437 2011 4494 revelavit
2035 4443 2087 4504 Ι)
2115 4436 2382 4493 voluntas.
2416 4439 2551 4496 Nam
2584 4443 2724 4498 sicut
2766 4445 2821 4500 in
2864 4462 2926 4502 os
2970 4451 3214 4521 corporis
3257 4455 3360 4508 mei
3389 4471 3494 4508 non
3518 4464 3700 4524 potest

427 4510 702 4568 Christum
737 4531 859 4573 esse
897 4518 1093 4576 Filium
1123 4522 1215 4578 Dei
1248 4524 1374 4591 vivi,
1420 4527 1513 4581 sed
1545 4529 1723 4597 potius
1772 4545 1895 4584 eum
1941 4533 2009 4587 ad

425 4617 614 4658 vocem
641 4609 853 4664 ancillae
878 4612 1036 4668 unius
1063 4614 1198 4670 adeo
1219 4617 1537 4684 exetecavit,
1576 4627 1635 4673 ut
1661 4620 1778 4690 ejus
1808 4622 2008 4678 habere

424 4694 674 4752 notitiam
708 4698 1023 4771 denegaret.
1068 4704 1174 4760 Sed
1210 4715 1266 4761 tu
1313 4708 1386 4777 ei,
1432 4709 1679 4777 Domine,
1733 4713 2004 4780 revelasti,

425 4789 519 4856 qui
548 4803 608 4845 es
650 4790 1052 4850 ﬁrmamentum
1099 4812 1301 4867 meum,
1331 4811 1386 4856 et
1417 4800 1684 4872 refugium
1721 4817 1920 4869 meum,
1953 4814 2007 4859 et

422 4879 683 4938 liberator
732 4899 928 4942 meus:
976 4889 1067 4958 qui
1163 4889 1438 4948 Danielem
1488 4895 1554 4950 de
1606 4895 1726 4950 lacu
1767 4897 2003 4963 leonum,

422 4971 730 5031 Susannam
771 4978 838 5034 de
880 4979 1017 5038 falso
1046 4984 1276 5040 crimine
1326 4985 1591 5042 liberasti.
1629 4988 1698 5043 Et
1745 4989 2002 5045 ideircoa

424 5075 478 5123 te
507 5068 798 5128 liberatore
836 5089 956 5129 meo
991 5086 1115 5145 peto
1144 5077 1461 5147 suppliciter
1488 5088 1543 5134 et
1587 5080 1825 5149 requiro,
1852 5091 1909 5136 ut
1941 5082 2002 5135 li-

417 5158 580 5216 heres
601 5177 687 5219 me
716 5164 782 5219 de
809 5168 1166 5236 sanguinibus
1187 5180 1313 5224 ante
1336 5171 1516 5237 dictis,
1541 5181 1597 5226 et
1617 5173 1686 5228 ab
1711 5179 1857 5230 omni
1883 5190 1998 5230 eor-

423 5253 676 5321 ruptione
701 5270 877 5325 paenae
895 5268 950 5313 et
977 5259 1148 5330 culpa:
1187 5279 1200 5314 :
1241 5262 1334 5317 sed
1363 5263 1430 5317 da
1476 5265 1611 5319 mihi
1641 5266 2003 5338 incorruptio-

420 5359 568 5410 nem,
599 5361 760 5416 quam
791 5347 946 5407 dabis
974 5353 1081 5407 tuis
1106 5353 1355 5410 ﬁdelibus
1381 5354 1433 5408 in
1466 5354 1670 5423 futuro,
1705 5359 1868 5426 Deus,
1900 5361 2000 5415 da-

420 5444 508 5492 tor
535 5439 725 5498 salutis
787 5457 942 5511 meae,
993 5461 1154 5516 quam
1187 5461 1242 5501 ttt
1292 5447 1546 5504 Salvator
1579 5461 1835 5522 operatus
1864 5467 1922 5510 es
1946 5455 2000 5509 in

418 5528 602 5586 medio
630 5539 830 5604 terrae,-
870 5550 991 5606 quae
1029 5537 1177 5593 salus
1210 5539 1316 5594 erit
1355 5539 1408 5594 in
1443 5538 1532 5595 illa
1572 5542 1998 5614 incorruptione,

420 5631 546 5670 cum
604 5625 968 5704 corruptibile
1025 5627 1127 5684 hoc
1185 5629 1371 5687 induet
1424 5631 1890 5704 incorruptionem
1944 5648 2002 5693 et

421 5703 651 5763 mortale
698 5708 802 5767 hoc
849 5713 1330 5778 immortalitatem.
1365 5720 1518 5781 Tunc
1563 5703 1835 5784 veraciter
1864 5729 1997 5784 mihi

2111 4526 2266 4585 cibus
2304 4530 2501 4600 aliquis
2548 4533 2792 4601 introire,
2820 4547 2875 4592 et
2923 4540 3118 4596 cedere
3164 4543 3215 4596 in
3252 4545 3420 4613 ipsius
3449 4547 3698 4616 corporis

2110 4619 2502 4677 nutrimentum
2530 4665 2545 4688 ,
2598 4625 2702 4681 nisi
2746 4628 2897 4697 prius
2940 4633 3145 4701 apertis
3190 4635 3348 4690 labiis
3387 4639 3698 4694 ruminetur

2109 4709 2362 4765 dentibus
2407 4722 2464 4767 et
2511 4724 2744 4781 teratur;
2783 4719 2865 4774 sic
2903 4720 3112 4778 intrare
3143 4741 3247 4779 non
3280 4735 3457 4793 potest
3495 4744 3694 4799 magna

2108 4798 2394 4855 multitudo
2429 4802 2730 4861 dulcedinis
2769 4817 2873 4862 tua:
2905 4809 2958 4864 in
2998 4826 3092 4866 cor
3141 4829 3342 4881 meum,
3391 4816 3496 4872 nisi
3540 4798 3696 4886 prius

2111 4890 2207 4944 tibi
2257 4893 2479 4949 omnino
2533 4895 2701 4964 ipsius
2730 4899 3000 4965 voluntas,
3031 4907 3184 4973 quasi
3236 4906 3377 4960 labia
3432 4918 3489 4963 et
3532 4912 3692 4978 quasi

2108 4982 2319 5051 dentes,
2377 4986 2608 5043 virtutes
2648 4999 2702 5044 et
2747 4991 3038 5059 desideria,
3096 5007 3408 5052 reserentur
3463 5010 3523 5054 ut
3589 5017 3693 5076 per

2107 5087 2295 5146 aperta
2327 5079 2422 5135 tibi
2456 5079 2596 5137 labia
2641 5083 2956 5154 voluntatis,
3012 5089 3064 5143 in
3117 5105 3214 5146 cor
3258 5101 3314 5147 et
3352 5093 3406 5148 in
3445 5090 3690 5152 animam

2106 5180 2284 5222 meam
2311 5168 2514 5236 intres;
2537 5181 2590 5226 et
2619 5184 2677 5228 ut
2705 5186 2758 5230 tu
2782 5179 2974 5234 anima:
2997 5180 3169 5246 cibus,
3199 5183 3250 5238 ei
3279 5187 3558 5254 spirituale
3591 5190 3692 5244 tri-

2103 5260 2237 5317 buas
2264 5263 2656 5321 nutrimentum
2691 5267 2835 5324 inter
2867 5271 3058 5328 dentes
3090 5274 3349 5331 virtutum
3378 5287 3436 5334 et
3472 5281 3694 5337 deside-

2106 5353 2310 5410 riorum
2334 5356 2680 5415 ferventium.
2710 5360 2810 5428 Qui
2844 5375 3066 5435 propter
3085 5367 3288 5423 scelera
3313 5380 3496 5426 nostra
3528 5373 3692 5429 attri-

2107 5454 2192 5502 tus
2216 5462 2295 5512 es,
2330 5449 2557 5506 viriliter
2601 5455 2851 5522 attrahis,
2884 5466 2942 5512 ut
3001 5459 3326 5517 revolvenda
3369 5461 3690 5534 frequenter

2103 5547 2195 5594 tua
2234 5540 2496 5599 benelicia
2533 5537 2873 5602 meminerim
2905 5565 2919 5603 :
2955 5549 3024 5604 ita
3059 5554 3201 5620 quod
3230 5555 3408 5610 anima
3436 5572 3554 5611 mea
3586 5557 3693 5613 ltu-

2097 5631 2331 5702 jusmodi
2365 5634 2521 5691 labiis
2559 5645 2614 5692 et
2640 5638 2914 5706 dentibus,
2947 5643 3227 5712 degustata
3264 5648 3532 5704 suavitate
3579 5659 3688 5705 tua:

2103 5727 2390 5786 indicibilis
2425 5728 2700 5800 bonitatis,
2736 5733 2803 5790 de
2835 5744 2886 5792 te
2907 5738 3060 5803 quasi
3093 5739 3160 5795 de
3189 5739 3360 5796 altero
3389 5741 3520 5799 illud
3546 5758 3685 5800 can-
