3852 6050
186 268 286 325 845

1149 258 1524 317 ΜΕΙΜΤᾹΊΊΟ
1562 260 1626 317 lN
1669 258 1862 315 PSAL.
1889 255 2239 312 MISERERE

3346 255 3451 319 διδ

189 387 355 440 ticum
395 385 734 440 canticorum
785 380 966 436 valeat
1017 383 1308 434 decantare
1349 397 1364 432 :
1401 384 1598 434 Guttur
1647 393 1764 447 ejus
1796 387 1840 444 Α
1872 374 1944 426 tia
1985 383 2162 426 tamen
2194 370 2422 425 interius
2449 371 2682 439 mitigat,
2724 381 2774 426 et
2809 372 3016 428 deliuit.
3051 351 3182 430 Nam
3214 378 3356 432 sicut
3381 385 3460 434 vir

187 473 828 543 suavissimum,dignum
849 472 1046 526 dilecto
1068 470 1134 522 ad
1159 470 1476 538 potandum,
1505 469 1768 538 labiisque

187 571 242 616 et
289 563 542 616 dentibus
591 561 657 615 ad
709 560 1110 615 ruminandmn.
1162 559 1226 612 Et
1261 559 1308 612 si
1353 559 1434 612 sic
1481 558 1620 612 labia
1652 572 1769 611 mea

187 651 486 719 aperueris,
532 650 624 720 qui
673 651 930 719 aperuisti
981 649 1258 718 discipulis
1301 650 1407 702 tuis
1454 663 1672 702 sensum
1712 655 1772 700 ut

189 741 553 812 intelligerent
583 741 915 811 Scripturas,
945 757 1001 794 os
1033 755 1206 794 meum
1239 739 1419 794 cordis
1448 750 1504 794 et
1529 739 1770 808 corporis

189 833 520 887 annuntiabit
567 831 778 886 laudem
819 843 986 896 tuam,
1025 831 1152 899 quia
1189 829 1304 898 jam
1339 839 1391 884 te
1438 844 1544 882 non
1575 829 1771 898 poterit

189 941 296 980 non
336 924 558 980 laudare
578 925 644 980 de
675 925 832 980 bonis
863 934 916 978 et
939 923 1241 987 beneﬁciis,
1267 936 1388 991 quae
1428 936 1458 974 a
1490 929 1600 974 tam
1631 922 1772 975 bono

189 1017 408 1072 domino
434 1015 544 1071 Deo
573 1032 672 1072 suo
701 1031 762 1070 se
789 1017 1081 1072 confitetur
1101 1024 1152 1068 et
1199 1015 1432 1084 percipit
1461 1014 1766 1082 recepisse;

189 1105 442 1160 videlicet
473 1107 614 1174 quod
645 1121 730 1160 me
755 1106 979 1171 creasti,
1013 1109 1156 1176 quod
1197 1119 1284 1160 me
1311 1115 1629 1174 peccantem
1663 1121 1768 1158 non

191 1195 478 1264 reliquisti,
527 1197 668 1264 quod
707 1212 830 1250 cum
880 1205 1106 1266 peccato
1153 1211 1260 1250 non
1317 1195 1594 1264 ignovisti,
1627 1195 1770 1264 quod

191 1287 440 1341 conliteri
466 1287 740 1354 monuisti,
772 1287 914 1356 quod
938 1285 1601 1356 conversmnjustiﬁcasti,
1629 1286 1772 1356 quod

191 1393 224 1432 a
263 1379 402 1433 meis
449 1378 826 1448 iniquitatibus
877 1394 962 1434 me
1011 1380 1306 1445 mundasﬁ,
1355 1379 1498 1448 quod
1549 1392 1634 1432 me
1676 1393 1775 1447 per

195 1481 342 1526 tuam
367 1471 598 1542 gratiam
633 1471 888 1536 visitasti,
921 1471 1064 1542 quod
1091 1481 1532 1541 perseverantem
1569 1486 1772 1526 corona

189 1561 412 1631 iustitia:
437 1561 722 1617 coronabis
742 1577 901 1631 quam
927 1561 1402 1631 perseverantibus
1427 1561 1770 1632 praeparasti.

193 1650 288 1705 lla:
314 1661 442 1706 sunt
481 1651 666 1706 laudes
692 1667 828 1722 quas
861 1667 922 1707 os
951 1667 1130 1706 meum
1167 1652 1416 1716 interius,
1448 1661 1503 1706 et
1531 1651 1775 1706 exterius

193 1745 468 1800 nunciabit
506 1746 570 1800 de
601 1754 670 1811 te,
704 1745 796 1814 qui
833 1746 886 1799 in
925 1755 1114 1800 sancto
1143 1746 1375 1812 habitas,
1408 1745 1524 1800 laus
1549 1744 1772 1808 Israhel,
1811 1729 1850 1783 Β

193 1837 286 1903 qui
320 1833 490 1902 major
512 1850 570 1889 es
598 1836 745 1890 omni
773 1834 950 1890 laude.
979 1834 1044 1888 Et
1075 1844 1133 1888 ut
1154 1835 1270 1890 laus
1302 1845 1412 1900 tua,
1441 1836 1598 1898 Deus,
1627 1849 1774 1888 sem-

192 1940 290 1994 per
305 1923 375 1978 sit
405 1926 458 1978 in
481 1940 576 1980 ore
599 1939 738 1991 meo,
761 1925 1056 1994 repleatur,
1071 1941 1274 1995 quaeso,
1297 1941 1358 1980 os
1381 1941 1556 1980 meum
1582 1925 1772 1980 laude:

195 2031 321 2070 nam
366 2017 408 2070 si
439 2031 501 2071 os
537 2030 717 2070 meum
761 2015 920 2070 laude
951 2027 1038 2069 tua
1069 2031 1176 2070 non
1227 2015 1538 2086 repleveris,
1569 2015 1778 2070 deside-

195 2106 338 2159 rium
367 2121 472 2160 non
500 2105 730 2170 ardebit,
759 2121 859 2160 nec
885 2106 992 2160 erit
1017 2106 1262 2174 speciosa
1295 2107 1412 2159 laus
1451 2107 1504 2158 in
1533 2120 1628 2160 ore
1653 2120 1779 2174 pec-

192 2199 421 2254 catoris.
456 2197 562 2252 Sed
586 2197 843 2266 quoniam
865 2196 1106 2264 jucunda
1142 2205 1224 2250 est
1255 2196 1560 2266 decoraque
1589 2195 1776 2250 lauda-

196 2291 272 2344 tio
303 2299 408 2344 tuae
433 2287 718 2344 ineﬁ‘abilis
748 2289 1028 2354 bonitatis,
1059 2303 1157 2357 ego
1180 2295 1442 2356 quantum
1473 2289 1523 2340 in
1557 2302 1642 2340 me
1669 2295 1776 2350 est,

195 2391 253 2434 te
274 2379 520 2448 juvaute,
550 2379 787 2433 dilatabo
815 2392 878 2432 os
907 2393 1106 2446 meum,
1138 2387 1196 2432 ut
1223 2389 1275 2430 tu
1307 2376 1600 2445 adimpleas
1629 2375 1776 2440 illud,

197 2473 265 2526 de
293 2470 447 2540 cujus
499 2469 830 2540 plenitudine
875 2470 1188 2540 accepimus
1231 2481 1440 2523 omnes.
1491 2466 1782 2521 Laudatio-

196 2577 322 2616 nem
357 2573 500 2616 tuam
534 2563 784 2630 loquetur
809 2575 870 2616 os
913 2575 1110 2624 meum,
1144 2568 1202 2614 ut
1246 2559 1462 2612 laudem
1493 2567 1544 2612 te
1581 2559 1634 2611 in
1668 2557 1780 2611 vita

197 2667 322 2706 mea
371 2653 622 2722 praesenti
669 2651 876 2721 pariter
918 2661 974 2705 et
1009 2651 1210 2704 futura.
1248 2649 1316 2703 Et
1353 2650 1478 2720 quia
1510 2659 1562 2704 tu
1597 2649 1781 2704 dixisti

197 2745 340 2814 quod
380 2744 706 2800 sacriﬁcium
763 2743 940 2798 laudis
983 2741 1304 2797 honoriﬁcet
1357 2751 1430 2806 te,
1465 2739 1588 2795 ideo
1638 2757 1782 2794 nunc

197 2839 314 2894 scio
355 2837 498 2907 quod
543 2851 708 2904 nunc,
751 2835 1004 2890 videlicet
1057 2833 1111 2886 iu
1157 2832 1492 2902 plenitudine
1527 2832 1783 2901 triuporis

196 2928 405 2998 gratim,
445 2925 710 2982 sacriﬁcia
741 2927 1006 2996 pecudum
1039 2939 1143 2978 non
1175 2924 1434 2993 requiris.

273 3017 384 3089 (54.
425 3015 482 3071 γ.
513 3018 624 3086 18.)
652 3015 934 3088 ,ριιοηὶαιη
980 3015 1026 3068 si
1061 3012 1308 3067 voluisses
1339 3011 1658 3080 sacriﬁcium
1711 3011 1784 3065 le-

199 3113 342 3184 gale,
374 3111 517 3181 quod
533 3110 826 3166 secundum
857 3107 1030 3175 legem
1061 3105 1280 3177 llloysis,
1311 3105 1518 3174 antiqui
1552 3104 1646 3160 tibi
1685 3120 1783 3174 pro

198 3202 508 3271 expiatione
549 3215 770 3255 suorum
823 3207 1170 3268 peccatorum
1215 3196 1543 3250 liducialiter
1589 3194 1785 3252 offere-

202 3292 372 3356 bant;
403 3300 456 3346 et
489 3306 630 3345 nunc
675 3299 758 3345 est
811 3289 866 3342 in
918 3287 1094 3343 laudis
1123 3286 1450 3342 sacrilicium
1482 3295 1788 3341 commuta-

205 3391 353 3448 tum;
379 3382 634 3436 dedissent
664 3381 861 3450 utique,
893 3389 944 3434 et
969 3379 1034 3434 ad
1067 3377 1452 3433 innuolandum
1479 3379 1574 3433 tibi
1601 3388 1786 3434 tauros

204 3484 258 3528 et
288 3474 488 3528 arietes
519 3482 686 3528 totam
711 3487 888 3527 meam
920 3472 1280 3526 substantiam
1310 3471 1558 3526 hilariter
1585 3487 1790 3541 expen-

205 3569 431 3624 disscm.
487 3567 595 3621 Sed
643 3567 768 3635 quia
826 3565 1004 3618 audivi
1051 3574 1126 3631 te,
1171 3563 1422 3629 Domine,
1455 3565 1507 3618 in
1547 3564 1788 3620 Ecclesia

204 3658 601 3712 exclatnautem
630 3671 643 3707 :
677 3655 999 3708 llolocausta
1049 3654 1276 3708 arietum
1319 3665 1374 3708 et
1417 3655 1632 3722 adipmn
1671 3656 1793 3724 pin-

205 3749 420 3820 guium,
461 3757 515 3802 et
545 3747 860 3816 sanguinem
897 3744 1185 3800 vitulorum
1219 3754 1274 3800 et
1310 3761 1570 3814 agnorum
1601 3756 1655 3800 et
1679 3745 1792 3799 hir-

207 3857 400 3896 corum
432 3841 600 3904 nolui,
631 3849 682 3895 et
730 3841 874 3910 quod
918 3855 1022 3894 non
1071 3840 1348 3909 acciperes
1391 3841 1458 3894 de
1485 3840 1648 3894 domo
1673 3855 1792 3893 mea

207 3933 430 4000 vitulos,
485 3947 660 4003 neque
709 3933 773 3986 de
819 3932 1070 4002 gregibus
1117 3933 1250 3986 meis
1291 3931 1491 3996 hircos,
1529 3941 1586 3984 ut
1618 3945 1702 3984 me
1739 3931 1792 3984 in

211 4025 519 4096 hujusmodi
547 4023 830 4079 sacriﬁciis
863 4039 968 4078 non
985 4023 1192 4078 oblatis
1221 4037 1327 4078 non
1359 4038 1634 4094 argueres,
1669 4039 1792 4078 cum

212 4133 405 4171 carnes
429 4133 532 4172 non
563 4118 918 4170 mauducares
949 4125 1250 4179 taurorum,
1278 4126 1330 4170 et
1359 4117 1632 4170 hircorum
1659 4131 1790 4170 san-

211 4209 428 4279 guinem
470 4223 574 4262 non
619 4219 867 4276 petares;
924 4207 1128 4260 idcirco
1175 4207 1502 4260 sacriﬁcium
1557 4207 1659 4260 hoc
1688 4223 1792 4261 uou

235 4301 356 4364 'edi,
389 4300 567 4352 sciens
593 4281 734 4368 quod
755 4295 1061 4366 hujusmodi
1093 4296 1412 4350 holocaustis
1445 4313 1548 4350 non
1569 4297 1794 4350 delectu-

1811 3068 1857 3130 C

1875 463 2169 518 iracundus
2216 463 2444 518 suscitat
2495 463 2657 526 rixas,
2693 465 2765 518 ita
2813 467 2962 534 pacis
3010 471 3221 536 patiens
3251 472 3461 541 mitigat

1875 555 2194 618 suscitatus;
2229 563 2285 606 ut
2323 555 2442 620 tibi,
2475 553 2714 617 Domine,
2745 559 2835 625 qui
2873 573 2932 612 es
2958 561 3242 628 spirituum
3271 565 3458 618 mode-

1876 653 2044 712 rator,
2077 643 2300 711 spiritus
2349 658 2472 698 cum
2507 644 2770 714 patientia
2817 647 3122 714 tribulatus,
3157 650 3210 703 in
3239 653 3450 706 sacriﬁ-

1875 737 2017 790 cium
2048 735 2274 789 olleratu
2284 751 2320 788 r.

1945 825 2035 879 55.
2079 825 2144 878 Et
2169 831 2270 880 hoc
2307 833 2388 879 est
2435 825 2564 879 illud
2609 826 2960 895 sacriﬁcium,
2993 830 3138 898 quod
3175 831 3320 886 inter
3351 832 3459 886 alia

1875 917 2186 972 holocausta
2243 918 2336 972 tibi
2387 918 2567 972 oblata
2609 935 2638 972 a
2677 921 3074 988 peccatoribus,
3103 938 3212 989 pra:
3251 925 3462 978 cancris

1873 1018 1958 1062 est
1984 1008 2380 1078 beucplacitum
2432 1010 2526 1064 tibi
2573 1025 2807 1080 semper.
2847 1012 2978 1066 Nam
3005 1029 3127 1067 cum
3166 1014 3284 1068 alia:
3315 1016 3464 1070 obla-

1877 1099 2053 1152 tiones
2089 1108 2145 1152 et
2195 1099 2464 1152 sacriﬁcia
2511 1100 2578 1154 de
2624 1101 2936 1155 extrinseco
2973 1101 3296 1170 ollerantur,
3330 1105 3464 1160 illud

1877 1199 2054 1244 tamen
2086 1189 2310 1244 elici-tur
2336 1192 2401 1246 de
2421 1193 2622 1260 proprii
2657 1194 2834 1247 cordis
2867 1194 3075 1250 intimis
3105 1208 3160 1250 et
3189 1197 3462 1253 medullis.

1876 1283 2010 1336 Cum
2039 1283 2182 1338 enim
2221 1284 2446 1352 spiritus
2493 1284 2932 1341 tribulationibus
2975 1289 3240 1356 quatitur,
3275 1299 3464 1344 contu-

1877 1375 2054 1430 meliis
2091 1376 2349 1446 agitatur,
2383 1385 2440 1430 et
2465 1377 2820 1432 nihilominus
2857 1388 3002 1433 totus
3032 1381 3314 1436 charitatis
3341 1381 3464 1451 igne

1878 1483 2194 1535 succensus,
2251 1478 2306 1523 et
2344 1470 2549 1523 virtute
2595 1471 2870 1539 patientia:
2901 1473 3046 1528 intus
3077 1474 3130 1526 in
3179 1479 3464 1542 peceatore

1878 1559 2087 1630 integer
2136 1569 2464 1625 reservatus,
2513 1575 2618 1614 non
2665 1561 2910 1629 cogitans
2947 1563 3012 1616 de
3053 1563 3315 1627 vindicta,
3367 1565 3464 1618 tibi

1879 1649 2125 1716 Domine,
2163 1651 2252 1720 qui
2285 1667 2344 1705 es
2369 1652 2506 1706 Deus
2533 1653 2805 1722 patientia:
2825 1663 2880 1708 et
2900 1654 3099 1720 solatii,
3126 1655 3270 1711 inter
3289 1656 3465 1710 illatas

1878 1745 2106 1814 injurias
2138 1753 2372 1808 tenetur,
2409 1746 2778 1814 restringitur,
2821 1756 2876 1801 et
2916 1757 3216 1814 mactatur;
3252 1758 3378 1802 tunc
3411 1750 3463 1802 in

1879 1837 2062 1892 furore
2107 1847 2198 1892 tuo
2225 1838 2444 1907 ponitur
2479 1838 2796 1906 thymiama,
2847 1848 2976 1895 tunc
3005 1839 3322 1895 holocausta
3356 1855 3466 1896 me‘

1879 1929 2076 1984 dullata
2110 1928 2206 1984 tibi
2261 1944 2382 1983 cum
2429 1929 2654 1984 incenso
2683 1930 3028 1984 innocentum
3067 1929 3298 1985 arietum
3333 1929 3467 1985 oll'e-

1879 2029 2096 2074 runtur.
2127 2019 2280 2074 Tunc
2307 2021 2360 2074 in
2397 2020 2636 2085 homine,
2667 2020 2822 2075 ferali
2853 2019 3139 2076 ferocitate
3161 2021 3464 2086 destrueta,

1879 2113 2042 2166 boves
2070 2112 2234 2166 totius
2261 2111 2661 2166 cervicositatis
2697 2128 2818 2166 cum
2847 2113 3014 2166 hircis
3046 2112 3354 2182 petulantia:
3383 2111 3467 2167 of-

1879 2201 2133 2256 feruntur
2169 2210 2224 2255 et
2273 2199 2638 2254 immolantur.
2692 2199 2759 2253 Et
2781 2201 3007 2265 idcirco,
3053 2211 3113 2254 ut
3172 2209 3322 2269 puto,
3367 2215 3470 2270 per

1881 2294 2168 2362 quemdam
2215 2293 2512 2362 sapientem
2563 2293 2760 2349 docere
2808 2293 3048 2356 voluisti,
3101 2295 3244 2362 quod
3277 2293 3470 2348 melior

1879 2394 1966 2440 est
1991 2385 2072 2438 vir
2101 2385 2335 2454 patiens,
2363 2385 2479 2440 viro
2509 2385 2669 2452 forti;
2702 2395 2756 2438 et
2778 2386 2868 2455 qui
2899 2385 3210 2439 dominatur
3255 2386 3460 2452 animo,

1880 2486 2248 2546 expugnatore
2277 2477 2510 2532 urbium.
2543 2477 2970 2532 Innumerabiles
2994 2478 3136 2534 enim
3160 2477 3264 2532 viri
3293 2479 3344 2532 in
3376 2491 3470 2547 po-
3554 2477 3559 2482 ’

1885 2575 2082 2622 testate
2111 2568 2274 2622 urbes
2297 2575 2350 2622 et
2381 2567 2608 2638 pepulos
2639 2568 2968 2633 habuerunt,
3001 2569 3312 2638 paucissimi
3343 2583 3470 2623 vero

1882 2667 1938 2712 et
1975 2657 2254 2712 verissime
2299 2659 2639 2728 semetipsos.
2705 2659 2776 2713 Et
2823 2675 2946 2714 cum
2985 2659 3105 2728 quis
3135 2669 3324 2714 contra
3375 2673 3472 2728 po-

1883 2749 2038 2819 pulos
2097 2749 2186 2803 vel
2241 2750 2400 2805 urbes
2459 2751 2718 2814 decertat,
2771 2759 2916 2806 totus
2959 2751 3117 2806 simul
3165 2752 3393 2806 interior
3416 2761 3474 2806 et

1883 2841 2127 2896 exterior
2165 2841 2329 2896 homo
2386 2851 2638 2911 pugnat:
2677 2851 2732 2896 et
2767 2843 2814 2896 si
2857 2851 3150 2912 expugnat,
3205 2859 3312 2896 non
3357 2857 3474 2896 ωει-

1885 2946 2048 3002 gnam
2082 2931 2295 2986 videtur
2319 2946 2578 2986 coronam
2605 2933 2674 2986 de
2705 2931 2796 2990 tali
2831 2931 3062 2987 victoria
3091 2933 3378 2997 meruisse,
3406 2949 3473 2988 eo

1887 3023 2032 3094 quod
2075 3039 2138 3078 ea
2167 3032 2292 3078 sunt
2331 3031 2485 3078 extra
2533 3039 2612 3086 se,
2645 3039 2764 3093 qua:
2815 3023 3126 3078 vincuntur.
3157 3021 3256 3089 Qui
3289 3032 3472 3077 autem

1889 3123 2080 3168 contra
2124 3113 2402 3182 proprium
2457 3113 2700 3166 animum
2763 3113 2960 3166 virtute
3007 3113 3287 3181 sapientia:
3320 3112 3374 3165 in
3413 3127 3473 3166 se

1890 3214 2084 3268 certat,
2135 3220 2242 3258 non
2289 3211 2454 3270 totus,
2499 3205 2594 3258 sed
2631 3205 2806 3259 minor
2833 3220 2994 3273 quam
3026 3204 3282 3258 dimidius
3309 3204 3473 3258 dimi-

1891 3307 1998 3354 cat.
2037 3297 2104 3352 Et
2132 3297 2176 3352 si
2193 3311 2290 3367 per
2317 3297 2632 3366 patientiam
2662 3311 2816 3352 suam
2841 3297 3028 3362 vincit,
3056 3305 3112 3350 et
3149 3295 3475 3366 repugnanti

1889 3393 1992 3450 sibi
2023 3393 2206 3448 animo
2245 3392 2577 3460 dominatur,
2609 3394 2826 3448 hostem
2871 3393 3191 3459 iracundiae,
3231 3393 3321 3462 qui
3360 3391 3475 3462 jam

1893 3487 2190 3542 intraverat
2235 3493 2470 3540 castrum
2511 3500 2689 3552 suum,
2726 3493 2782 3539 et
2825 3485 3155 3540 ascenderat
3197 3499 3382 3540 secum
3417 3485 3474 3540 in

1891 3593 2096 3639 arcem,
2127 3578 2246 3632 sine
2271 3578 2440 3632 armis
2463 3587 2517 3632 et
2547 3579 2795 3633 manibus
2825 3579 3246 3649 prosterneudo;
3285 3579 3368 3633 vir
3389 3577 3480 3633 ille

1895 3685 2023 3724 vere
2068 3670 2260 3724 melior
2300 3677 2386 3724 est
2441 3683 2604 3737 quam
2659 3671 2874 3724 urbium
2931 3681 3286 3742 expugnator,
3315 3679 3369 3724 et
3395 3680 3481 3724 est

1895 3760 2050 3830 longe
2097 3759 2383 3828 gloriosior
2411 3758 2500 3812 hic
2538 3759 2861 3828 triumphus.
2903 3760 2970 3812 Et
3007 3761 3086 3814 sic
3137 3769 3304 3827 patet,
3333 3761 3480 3828 quod

1897 3850 2130 3904 maxima
2163 3851 2418 3904 virtutum
2449 3851 2708 3918 patientia
2733 3851 2908 3904 vincat
2933 3851 3175 3915 inermls,
3209 3861 3479 3905 armatos-

1894 3957 2002 4011 que
2037 3951 2173 3996 solet
2221 3943 2436 3996 vincere
2479 3956 2691 4012 semper
2718 3943 2881 3996 viros.
2910 3941 3176 4008 Quocirca
3210 3955 3282 4004 tu,
3317 3942 3476 4006 Deus,

1895 4031 2098 4086 electus
2123 4047 2186 4086 ex
2218 4031 2474 4098 millibus,
2507 4033 2610 4086 hoc
2637 4029 2962 4086 sacriﬁcium
2991 4031 3339 4086 contribulati
3367 4032 3479 4101 spi-

1899 4125 2034 4177 ritus
2083 4138 2192 4191 pra:
2238 4123 2454 4176 caeteris
2497 4122 2728 4193 elegisti.
2787 4122 2934 4193 Elegi
2989 4132 3043 4177 et
3079 4139 3178 4194 ego
3229 4133 3481 4194 peccator

1899 4223 2039 4276 tuus,
2076 4215 2175 4268 hoc
2225 4215 2365 4268 idem
2424 4214 2520 4270 tibi
2565 4215 2630 4270 de
2682 4215 2820 4268 meis
2869 4215 3077 4270 intimis
3124 4215 3246 4270 laeto
3296 4215 3480 4268 animo

1900 4305 2202 4370 immolare,
2239 4306 2282 4360 si
2330 4305 2486 4360 dares
2527 4305 2660 4359 mihi
2712 4305 2852 4359 unde
2887 4305 2980 4360 tibi
3018 4305 3344 4360 sacriﬁcium
3377 4306 3482 4362 hoc

213 4392 372 4444 beris.
419 4389 661 4460 Spernis,
709 4390 955 4450 Domine,
1008 4399 1287 4441 taurorum
1331 4395 1385 4442 et
1417 4388 1694 4444 hircorum
1741 4397 1796 4442 et
1827 4408 1872 4466 ι)
1901 4395 2171 4449 oneri-cm.

213 4483 443 4538 aliarum
472 4483 734 4554 pecudum
765 4481 1102 4546 holocausta,
1125 4495 1244 4549 qua:
1269 4488 1476 4550 tempus
1493 4482 1800 4536 habuerunt

213 4577 342 4632 dum
373 4575 614 4630 l'uturum
643 4575 846 4644 aliquid
877 4575 1274 4644 promiserunt;
1306 4583 1364 4628 at
1398 4583 1684 4646 postquam
1709 4591 1800 4630 ve-

203 4671 298 4726 nit
339 4671 616 4740 plenitudo
657 4669 932 4739 temporis,
987 4678 1042 4724 et
1089 4668 1280 4726 misisti
1309 4668 1499 4723 Filium
1543 4679 1692 4722 tuum
1745 4670 1798 4723 in

213 4763 502 4826 mundum,
553 4761 646 4832 qui
697 4777 794 4830 per
839 4759 1104 4830 Spiritum
1156 4769 1408 4815 sanctqu
1452 4761 1548 4816 tibi
1579 4761 1688 4816 Deo
1719 4763 1800 4816 vi-

215 4852 366 4908 venti
397 4851 796 4906 immaculatam
833 4851 1068 4904 hostium
1098 4849 1293 4904 obtulit
1328 4853 1704 4920 semetipsum,
1747 4862 1798 4904 et

217 4954 462 4998 nostram
493 4943 880 4999 conscientiam
903 4945 971 4998 ab
999 4943 1256 5011 operibus
1287 4943 1514 4996 mortuis
1541 4943 1794 4998 etnuuda-

219 5039 338 5100 vit;
371 5053 436 5092 ex
461 5047 588 5092 tunc
619 5039 930 5092 holocausta
968 5045 1024 5090 et
1063 5035 1334 5090 sacriﬁcia
1373 5035 1688 5090 animalium
1719 5051 1804 5091 rc-

219 5129 436 5198 spuisti,
461 5145 582 5184 eum
611 5129 782 5198 pretio
814 5125 1198 5180 immolationis
1228 5125 1430 5180 Christi
1465 5126 1608 5182 nulla
1629 5128 1802 5196 possit

219 5224 424 5279 oblatio
453 5221 818 5290 cornpeusari.
857 5221 961 5274 Sed
997 5219 1262 5288 qmerenti
1297 5218 1426 5272 mihi
1457 5234 1486 5272 a
1517 5228 1586 5285 te,
1613 5219 1742 5288 quid
1771 5235 1801 5274 a

219 5327 310 5368 me
336 5313 429 5366 tibi
458 5313 529 5365 sit
567 5310 922 5374 olIerendum,
957 5319 1010 5362 te
1046 5309 1206 5362 audio
1236 5308 1302 5362 de
1342 5318 1394 5360 to
1419 5309 1572 5377 quasi
1603 5309 1668 5362 de
1698 5307 1803 5362 alio

219 5403 640 5473 respondentem
663 5419 675 5453 :
700 5397 897 5471 (V.19)
921 5397 1254 5466 Sacriﬁcium
1277 5407 1644 5466 peccatorum,
1661 5399 1804 5466 quod

221 5497 400 5568 placet
433 5494 564 5560 Deo,
605 5495 820 5564 spiritus
869 5489 1277 5554 contribulatus,
1329 5491 1432 5544 hoc
1468 5499 1549 5545 est
1582 5491 1804 5562 spiritus

221 5605 344 5642 cum
379 5587 640 5658 patientia
673 5585 990 5650 tribulatus;
1047 5582 1292 5652 spiritus,
1345 5598 1504 5652 quem
1541 5583 1642 5637 etsi
1693 5583 1806 5638 fur-

223 5695 328 5734 nus
363 5679 722 5736 tribulationis
747 5675 990 5734 exterius
1019 5671 1244 5728 tribulat
1273 5681 1325 5728 et
1365 5674 1565 5742 exurit,
1589 5675 1800 5742 patien-

1971 4485 2059 4538 56.
2103 4485 2208 4539 Sed
2251 4499 2376 4540 ecce
2409 4485 2498 4553 qui
2545 4483 2804 4538 tribulant
2827 4501 2913 4540 me
2945 4487 3150 4540 inimici
3183 4487 3286 4541 mei
3323 4489 3485 4557 spiri-

1905 4581 2078 4636 tuales
2103 4589 2156 4634 et
2201 4579 2512 4649 corporales
2555 4580 2896 4646 exultabant,
2929 4581 2974 4636 si
3005 4591 3182 4636 motus
3203 4583 3357 4638 l'uero
3391 4601 3487 4654 per

1905 4672 2295 4741 impatientiam
2325 4683 2380 4726 et
2407 4687 2500 4740 per
2523 4672 2678 4725 iram.
2706 4673 2772 4726 Et
2798 4682 2948 4726 certe
2975 4675 3191 4728 conlldo
3215 4675 3266 4728 in
3293 4685 3364 4738 te,
3393 4678 3486 4746 qui

1903 4783 1962 4821 es
1990 4766 2248 4834 patientia
2277 4779 2418 4828 mea,
2443 4765 2584 4833 quod
2615 4767 2830 4834 quando
2853 4767 3142 4822 tribularer
3167 4770 3486 4837 patientiam

1905 4856 2033 4910 mihi
2073 4855 2252 4919 dares,
2285 4855 2329 4908 si
2364 4865 2492 4908 tunc
2515 4855 2580 4907 ad
2608 4869 2691 4908 me
2719 4856 2891 4925 ipsum
2925 4871 3194 4924 reversus,
3225 4875 3346 4911 cum
3379 4858 3484 4912 l'ra-

1907 4949 2081 5002 tribus
2134 4944 2354 5022 Joscphi
2417 4945 2692 5000 humiliter
2745 4949 3042 5016 cogitarem
3080 4967 3092 5002 :
3129 4947 3318 5001 Merito
3373 4949 3487 5002 huic

1903 5039 2098 5110 patior,
2131 5039 2254 5106 quia
2279 5040 2496 5108 peccavi
2524 5039 2812 5108 aliquando
2842 5040 2894 5092 in
2921 5040 3142 5093 fratrem
3185 5053 3384 5091 tueuin.
3419 5039 3486 5093 Et

1905 5127 1952 5182 si
1972 5127 2208 5181 dicerem
2235 5141 2358 5181 omn
2375 5125 2596 5182 Micluea
2621 5147 2634 5182 :
2664 5129 2800 5182 lrant
2825 5129 2920 5183 Dei
2945 5129 3192 5198 portabo,
3218 5128 3339 5194 quia
3364 5143 3489 5196 pec-

1906 5216 2023 5270 cavi
2057 5215 2137 5281 ei;
2181 5225 2236 5270 et
2267 5225 2392 5271 tunc
2425 5215 2628 5270 illatam
2657 5217 3040 5272 contumeliam
3073 5217 3264 5272 leviter
3288 5219 3490 5285 depor-

1909 5319 2102 5368 tarem,
2127 5323 2248 5362 cum
2299 5309 2351 5362 in
2391 5321 2602 5365 secreto
2634 5312 2830 5364 mentis
2859 5311 2926 5364 ad
2969 5309 3108 5363 mala
3141 5325 3482 5365 recurrerent

1909 5411 2238 5472 perpetrata.
2287 5401 2422 5456 Nam
2453 5405 2594 5458 sicut
2635 5407 2846 5472 patiens
2879 5411 3029 5456 tanto
3064 5404 3352 5472 patientius
3379 5421 3490 5456 mc-

1909 5493 2013 5547 dici
2046 5492 2252 5546 ferrum
2297 5503 2494 5562 portat,
2532 5505 2732 5564 quanto
2763 5495 3030 5564 putritlius
3071 5509 3194 5550 esse
3225 5497 3492 5564 conspicit

1911 5585 2012 5638 hoc
2041 5585 2182 5654 quod
2227 5597 2392 5650 secat,
2447 5601 2546 5657 ego
2592 5597 2796 5653 quanto
2825 5587 2942 5655 plus
2971 5591 3174 5658 pondus
3203 5605 3491 5656 cognosce-

1911 5689 2024 5734 rem
2057 5675 2226 5744 culpae
2259 5691 2414 5742 more,
2469 5687 2618 5730 tanto
2663 5676 3030 5734 tribulationis
3071 5697 3286 5750 ptenatu
3323 5681 3490 5732 levius
