3906 6058
414 265 517 324 847

755 262 813 336 S.
858 263 1155 318 ANSICLMI
1194 262 1542 318 (TANTUAR.
1584 260 1903 319 ARCIHEP.
1943 263 1993 317 0‘

2134 264 2314 321 rans
2353 265 2414 321 tt.
2443 253 2527 308 -’
2553 265 2927 322 ιτειιιίιεκετ.
2970 266 3055 322 EI
3096 265 3336 324 ASCET.

3578 272 3693 326 ets

413 374 759 440 sustinerem,
785 386 839 431 et
867 379 959 431 tibi
993 378 1212 430 domino
1246 377 1352 429 Deo
1384 392 1502 429 meo
1530 376 1856 431 sacriﬁcium
1891 379 1992 432 tri-
2023 380 2071 436 Α
2099 395 2287 441 curva,
2322 388 2377 434 et
2404 379 2625 435 infamis
2658 379 2930 436 desiderat
2960 374 3185 452 gloriam
3217 381 3351 436 dare
3382 383 3502 437 tibi.
3538 383 3607 438 Et
3634 395 3691 439 ut

413 470 578 527 bulati
630 467 852 537 spiritus
904 466 1203 523 ferventius
1246 467 1605 522 immolarem.
1650 468 1754 522 Sed
1786 484 1819 522 o
1856 469 1996 524 Deus

380 560 571 621 tortis
603 568 659 615 et
694 558 926 628 patiens,
971 559 1064 628 qui
1096 559 1203 612 vita
1250 573 1310 613 es
1353 558 1418 613 iis
1447 559 1536 626 qui
1583 558 1836 612 tribulato
1870 568 1999 614 sunt

413 651 596 718 corde,
629 660 689 706 ut
719 652 770 705 in
804 659 878 714 te,
920 651 963 706 si
994 649 1183 715 velint,
1223 650 1495 719 accipiant
1530 650 1802 719 patientia:
1827 651 1994 704 docn-

410 750 635 807 menta,
689 740 904 811 quoties
972 741 1025 797 in
1077 739 1297 795 fornace
1351 741 1737 804 tribulationis,
1792 740 1843 794 in
1891 756 1993 810 qua

408 833 692 891 examines
711 833 833 905 jura
863 843 977 900 tua,
1013 848 1110 903 per
1140 833 1470 888 iracundiam
1498 834 1681 903 crepui
1706 840 1759 887 ct
1786 833 1998 888 defeci?

411 923 655 991 Quoties,
686 924 886 979 oblitus
923 926 1067 995 quod
1098 925 1151 979 in
1186 924 1627 979 tribulationibus
1664 927 1798 980 meis
1822 938 1993 989 esses,

408 1030 508 1084 per
554 1015 949 1084 impatientiam
1000 1016 1052 1069 in
1095 1016 1292 1071 fratres
1327 1015 1615 1069 incandui?
1648 1015 1872 1082 Quoties
1901 1031 1999 1071 cor

408 1121 590 1162 meum
620 1108 826 1180 perdidi
865 1109 916 1163 in
954 1108 1160 1174 furore,
1185 1109 1330 1164 etde
1356 1108 1794 1163 tribulationibus
1820 1122 1996 1163 exem-

370 1258 377 1265 ,
408 1208 570 1254 catus
601 1216 705 1254 non
758 1200 905 1269 potui
946 1199 1144 1254 ostium
1177 1199 1446 1264 invenire,
1488 1212 1586 1267 per
1621 1198 1764 1266 quod
1817 1215 1998 1257 rever-

410 1300 556 1345 terer
596 1291 662 1345 ad
698 1306 784 1345 me
813 1290 1011 1361 ipsum,
1044 1299 1101 1343 ut
1132 1290 1447 1345 tribulatmn
1492 1292 1739 1360 spiritum
1769 1293 1993 1347 interius

410 1381 767 1445 continerent,
788 1397 856 1437 ue
889 1382 972 1439 vel
1004 1397 1098 1451 per
1123 1383 1310 1450 verba,
1351 1384 1434 1437 vel
1467 1384 1718 1447 verbera,
1750 1386 1994 1440 exterius

409 1472 643 1541 mugiret
659 1472 917 1537 tonitrua,
938 1473 1148 1542 fulgura
1171 1475 1523 1530 coruscarel?
1546 1475 1612 1529 Et
1639 1476 1682 1530 si
1708 1477 1995 1546 aliquando

411 1564 536 1620 licet
586 1580 711 1620 raro
754 1565 893 1620 inter
939 1566 1167 1621 adversa
1214 1567 1299 1621 vel
1327 1567 1522 1637 probra
1574 1582 1695 1623 meo
1736 1568 1995 1624 tribulato

411 1658 626 1727 spiritui
667 1659 981 1728 patientiam
1021 1659 1273 1725 tribuisti,
1312 1660 1487 1716 visum
1544 1659 1646 1714 fttit
1696 1661 1848 1726 mihi,
1897 1662 1993 1715 do-

411 1749 561 1804 mine
607 1726 750 1805 Deus
792 1765 967 1811 meus.
997 1751 1138 1819 quod
1171 1751 1393 1820 angelus
1441 1751 1530 1807 ille
1571 1761 1716 1816 tuus,
1749 1752 1840 1821 qui
1902 1753 1995 1808 de-
2030 1726 2073 1782 Β

412 1842 629 1896 scendit
656 1856 780 1896 cum
824 1842 1018 1897 Azaria
1070 1852 1123 1897 et
1153 1843 1269 1910 ejus
1319 1844 1482 1900 sociis
1517 1845 1571 1900 in
1615 1844 1913 1909 fornacem,
1942 1853 1997 1899 et

412 1934 651 1989 excussit
677 1932 951 1990 ﬂammam
986 1936 1124 2006 ignis
1155 1935 1223 1990 de
1255 1935 1497 2005 fornace,
1529 1945 1580 1991 et
1615 1936 1739 1992 fecit
1762 1936 1994 1991 medium

411 2024 653 2079 fornacis
681 2025 835 2094 quasi
868 2034 1087 2083 ventum
1127 2026 1268 2081 roris
1290 2026 1532 2091 ﬂantem,
1559 2027 1913 2082 descenderet
1941 2026 1994 2080 in

410 2133 508 2174 cor
547 2134 726 2173 memn
758 2126 813 2175 et
855 2119 907 2174 in
961 2119 1311 2175 tribulatione
1351 2134 1529 2174 meum
1573 2119 1992 2176 contribulatum

412 2208 684 2278 spiritum,
743 2207 797 2264 in
836 2209 925 2264 illo
968 2209 1215 2264 interiori
1261 2210 1549 2275 sacriﬁcio,
1595 2210 1674 2266 sic
1709 2220 1795 2264 tua
1823 2211 1995 2279 gratia

412 2298 642 2355 interius
683 2299 1066 2369 impingnaret.
1097 2301 1239 2356 sicut
1282 2302 1470 2357 asinus
1511 2300 1756 2357 exterius
1786 2300 1998 2356 tribulis

413 2392 812 2463 impinguatur;
866 2402 921 2448 et
950 2402 1076 2448 tunc
1123 2394 1344 2449 omnino
1389 2408 1476 2448 me
1521 2393 1664 2463 ignis
1706 2393 1998 2448 iracundiae

411 2499 519 2540 non
544 2485 743 2554 tetigit,
772 2499 948 2554 neque
976 2484 1345 2550 contristavit,
1388 2499 1490 2540 nec
1520 2484 1816 2553 quidquam
1863 2483 1995 2538 mihi

304 2632 319 2646 κ
413 2575 630 2643 molesti
659 2576 861 2641 intulit,
893 2577 987 2631 sed
1029 2576 1251 2646 probavi
1290 2592 1386 2646 per
1410 2577 1801 2646 experientiam
1828 2578 1881 2632 in
1912 2591 1996 2630 me

411 2671 557 2742 ipso,
581 2671 724 2739 quod
752 2671 854 2726 etsi
895 2679 1273 2740 persecutores
1301 2679 1563 2742 pugnant,
1593 2680 1779 2741 postea
1815 2678 1994 2724 tamen

412 2778 521 2819 non
546 2762 659 2818 sibi.
677 2761 1011 2828 mellificant,
1045 2762 1139 2819 sed
1184 2763 1432 2833 patienti.
1457 2762 1686 2832 Propter
1706 2761 1857 2831 quod
1897 2760 1999 2817 Da-

413 2854 502 2911 vid
531 2854 838 2923 exemplum
867 2854 937 2910 de
973 2869 1031 2910 se
1078 2869 1308 2921 ponens.
1344 2863 1405 2910 ut
1449 2870 1534 2911 me
1580 2856 1643 2911 ad
1680 2855 1994 2911 patientiam

414 2945 693 3011 invitaret,
731 2949 801 3000 de
831 2947 1272 3017 persecutoribus
1313 2946 1426 3002 suis
1461 2947 1587 3001 dicit
1629 2963 1641 3000 :
1678 2946 1994 3002 Circumde-

413 3036 612 3091 derunt
642 3051 727 3091 me
755 3036 897 3091 sicut
929 3050 1078 3107 apes.
1120 3036 1262 3105 Apes
1293 3037 1439 3092 enim
1462 3036 1563 3093 etsi
1590 3037 1826 3093 inferant
1851 3053 1993 3108 pun-

411 3128 612 3184 ctionis
638 3128 903 3195 dolorem,
940 3137 1192 3184 amantur
1225 3137 1428 3196 tamen,
1455 3130 1581 3200 quia
1620 3129 1796 3186 mellis
1818 3129 1998 3187 dulce-

412 3219 596 3276 dinem
626 3219 1028 3299 administrant.
1062 3221 1155 3276 Sic
1194 3229 1249 3276 et
1280 3230 1656 3291 persecutores
1690 3236 1862 3284 meos,
1885 3219 1995 3275 Do-

412 3312 583 3377 mine.
612 3327 798 3369 amare
824 3312 966 3379 volo,
995 3321 1051 3368 et
1088 3314 1411 3384 punctiones
1442 3330 1581 3384 quas
1603 3315 1806 3370 amaris
1831 3329 1997 3370 cona-

411 3402 556 3458 tibus
600 3403 859 3470 inferunt,
900 3405 1160 3460 tribulato
1183 3405 1373 3474 spiritu
1408 3406 1662 3470 tolerare,
1705 3415 1761 3460 ut
1791 3405 1994 3461 mellita

409 3490 722 3561 iucunditas
755 3493 1138 3563 subsequatur.
1176 3493 1313 3548 Nam
1347 3508 1444 3563 per
1465 3494 1753 3563 quemdam
1778 3495 1997 3564 sapien-

411 3589 522 3639 tem
553 3582 754 3648 audivi,
798 3582 1044 3651 Ilomiue,
1099 3590 1152 3637 te
1198 3583 1488 3647 dicentem,
1540 3582 1682 3652 quod
1732 3599 1900 3655 usque
1927 3587 1995 3641 ad

414 3682 627 3742 tempus
654 3671 944 3729 sustinebit
969 3673 1205 3744 patiens,
1233 3681 1289 3728 et
1323 3682 1512 3743 postea
1546 3673 1778 3729 redditio
1798 3672 1995 3744 jucun-

411 3756 613 3822 ditatis.

480 3856 571 3912 57'.
617 3857 775 3929 Ergo,
814 3859 954 3914 bone
997 3858 1251 3926 Domine,
1296 3859 1437 3916 bone
1482 3859 1645 3926 Deus,
1672 3859 1764 3930 qui
1790 3858 1997 3915 contri-

410 3946 610 4005 bulasti
664 3949 841 4019 capita
888 3949 1187 4006 draconum
1236 3951 1290 4005 in
1321 3950 1500 4022 aquis,
1551 3960 1608 4006 et
1657 3951 1993 4019 rogationem

409 4041 757 4097 contribulati
789 4057 895 4097 non
930 4042 1139 4113 adjicis,
1168 4041 1473 4098 contribula
1494 4052 1777 4098 venenata:
1804 4057 1996 4112 super-

408 4132 514 4188 biae
548 4147 682 4187 mea:
706 4141 869 4203 caput
889 4132 942 4187 in
969 4132 1174 4188 diluvio
1202 4133 1590 4205 lacrymarum,
1613 4141 1671 4187 ut
1697 4133 1792 4188 tibi
1824 4132 1994 4187 sacri-

408 4221 566 4277 ﬁcent
594 4236 773 4279 meum
795 4221 1045 4293 spiritum
1070 4237 1191 4278 cum
1218 4222 1474 4292 patientia
1501 4222 1839 4285 tribulatum,
1867 4236 1993 4275 nam

407 4322 465 4368 et
508 4328 599 4367 cor
632 4313 937 4378 contritum,
990 4312 1095 4368 hoc
1144 4320 1233 4368 est
1265 4327 1389 4368 cum
1439 4312 1614 4381 gratia
1674 4320 1763 4366 tua
1803 4312 1992 4366 tritum

2102 474 2205 526 ista
2233 472 2339 525 duo
2373 471 2638 526 sacrificia
2665 471 2889 541 spiritus
2914 482 2968 526 et
3003 473 3186 527 cordis
3221 474 3443 528 contriti
3473 475 3568 530 tibi
3593 479 3692 531 do-

2100 563 2249 616 mino
2301 563 2411 617 Deo
2458 578 2579 617 meo
2617 562 2776 632 digne
2804 562 3009 617 valeam
3060 572 3115 617 et
3147 562 3351 635 jugiter
3380 564 3687 632 immolare,

2104 663 2158 707 tu
2186 655 2414 724 benigne
2460 655 2622 719 Deus,
2670 653 2823 722 ettjus
2866 654 3174 725 benignitas
3204 656 3272 709 ad
3311 658 3690 727 pmnitentiam

2100 759 2200 800 nos
2227 746 2475 814 perducit
2497 745 2590 817 (V.
2618 744 2735 816 ρο),
2763 744 2977 815 benigne
2996 745 3102 815 fnc,
3126 745 3368 813 Domine,
3392 747 3525 804 Sion
3547 749 3694 815 ;boc

2100 844 2183 890 est
2214 835 2287 890 illi
2318 836 2579 907 superiori
2625 836 2823 890 animae
2850 849 2985 890 mea}
3020 838 3182 906 parti,
3212 853 3333 907 qua:
3377 854 3474 909 per
3499 854 3688 895 arcem

2102 924 2232 981 Sion
2263 925 2391 981 olim
2443 927 2603 982 sitam
2642 926 2697 980 in
2746 927 3007 981 eminenti
3054 927 3175 981 loco
3219 928 3361 983 illius
3388 930 3690 985 materiaiis

2104 1018 2438 1074 Hierusalem
2484 1018 2821 1089 designatur,
2853 1018 2907 1073 in
2947 1019 3105 1089 cujus
3137 1020 3352 1088 fastigio
3382 1021 3536 1090 quasi
3564 1037 3689 1091 spc-

2100 1110 2312 1164 culator
2361 1109 2638 1165 excubans
2694 1109 2826 1165 visis
2883 1108 3129 1165 hostibus
3183 1111 3548 1167 exclamabat.
3597 1112 3687 1167 Sic

2102 1215 2231 1268 pars
2268 1199 2356 1253 illa
2388 1201 2633 1270 superior
2659 1200 2904 1265 rationis,
2938 1201 3092 1270 quasi
3123 1200 3174 1255 in
3204 1202 3463 1257 eminenti
3492 1203 3688 1258 anima:

2102 1310 2236 1349 mea:
2264 1293 2402 1349 solio
2424 1295 2805 1367 constituatur.
2835 1293 3158 1363 Spirituales
3182 1295 3474 1364 nequitias.
3504 1312 3684 1351 meam

2102 1385 2417 1440 interiorem
2453 1383 2793 1440 Hierusalem
2832 1386 3232 1454 impugnantes,
3277 1388 3568 1455 providens
3594 1403 3688 1446 ve—

2104 1476 2333 1538 nientes,
2379 1485 2568 1531 contra
2598 1490 2691 1531 eas
2734 1490 2896 1545 super
2923 1492 3107 1532 muros
3140 1477 3433 1541 exclamat,
3472 1495 3539 1535 ne
3579 1480 3686 1535 ista

2103 1565 2232 1621 Sion
2285 1567 2339 1621 iu
2394 1582 2504 1631 me,
2545 1566 2791 1629 Domine,
2836 1567 3093 1633 dormiat,
3134 1567 3216 1621 vel
3252 1567 3529 1635 dormitet,
3559 1584 3688 1625 cum

2104 1666 2282 1712 tecum
2311 1673 2488 1713 meam
2516 1658 2786 1713 custodire
2811 1657 3002 1713 debeat
3027 1658 3325 1714 civitatem.

2172 1750 2260 1805 '58.
2303 1748 2417 1805 Fac
2440 1751 2488 1805 ei
2528 1750 2743 1819 benigne
2778 1749 3037 1817 Domine,
3069 1750 3210 1806 boue
3254 1751 3414 1816 Deus,
3456 1753 3512 1805 in
3550 1751 3686 1807 bona

2100 1844 2366 1900 uoluntate
2402 1854 2519 1907 tua,
2550 1858 2656 1898 nou
2694 1843 2746 1898 in
2802 1851 3015 1899 mortua
3061 1843 3339 1899 voluntate
3377 1860 3516 1909 mea,
3566 1860 3687 1913 qua:

2104 1936 2233 1991 mihi
2270 1935 2503 2005 adjacet,
2553 1936 2656 1989 hoc
2709 1943 2793 1989 est
2828 1935 3127 2007 paralytica
3157 1935 3304 2004 jacet
3340 1935 3497 2004 juxta
3545 1938 3687 1991 latus

2102 2028 2294 2083 animm
2329 2042 2482 2093 mem,
2512 2026 2619 2092 fac,
2654 2026 2899 2096 inquam,
2932 2027 3181 2098 benigne,
3230 2026 3477 2089 Domine,
3527 2026 3686 2081 dictae

2103 2117 2256 2182 Sion,
2289 2131 2409 2186 qua:
2424 2131 2489 2171 ex
2515 2115 2599 2175 iis.
2624 2130 2744 2186 qua:
2765 2124 2968 2187 sperat,
2989 2116 3102 2187 jam
3125 2116 3326 2187 aliquid
3351 2115 3682 2187 speculatur,

2100 2218 2156 2264 et
2186 2212 2237 2265 in
2278 2210 2417 2265 bona
2448 2208 2725 2264 voluntate
2754 2216 2840 2263 tua
2870 2207 2956 2264 fac
2978 2209 3049 2274 ei,
3083 2217 3142 2264 ut
3168 2224 3266 2280 ego
3294 2224 3508 2280 semper
3535 2218 3682 2265 tuam

2101 2299 2329 2355 habeam
2364 2301 2558 2355 bonam
2609 2308 2663 2355 et
2713 2299 2907 2355 faciam
2940 2299 3297 2367 voluntatem,
3353 2309 3408 2356 et
3457 2301 3682 2371 probem

2100 2407 2221 2462 qum
2250 2391 2584 2447 sitvoluntas
2610 2401 2697 2446 tua
2731 2395 2895 2456 bona,
2926 2392 3288 2463 beneplacens
3316 2401 3370 2448 et
3405 2391 3678 2462 perfecta:

2104 2483 2243 2537 bona
2269 2483 2321 2538 in
2354 2492 2427 2548 te,
2457 2484 2677 2551 placens
2705 2483 2759 2537 iu
2779 2481 3080 2550 affectibus,
3106 2483 3466 2553 bencplaccns
3500 2482 3687 2539 fruen-

2102 2573 2267 2639 tibus,
2295 2581 2350 2628 et
2378 2574 2619 2644 perfecta
2648 2572 2901 2643 perfectis
2931 2584 2985 2631 et
3016 2575 3149 2630 nihil
3177 2574 3407 2646 amplius
3437 2589 3681 2645 queren-

2101 2663 2265 2720 tibus.
2301 2665 2369 2719 Et
2397 2681 2526 2721 vere
2578 2664 2831 2736 benigne,
2874 2665 3121 2731 Domine,
3176 2666 3219 2721 si
3262 2681 3475 2721 mecum
3504 2664 3680 2737 egeris

2100 2756 2179 2810 sic
2204 2756 2455 2828 benigne,
2487 2755 2693 2822 majora
2727 2764 2778 2810 te
2806 2756 3019 2811 dedisse
3062 2756 3195 2811 mibi
3232 2756 3497 2812 beneficia
3527 2770 3683 2827 repu-

2104 2845 2229 2901 tabu
2247 2860 2409 2915 quam
2449 2845 2495 2901 si
2519 2860 2709 2900 omnes
2758 2844 3076 2915 praebendas
3115 2860 3169 2901 et
3195 2847 3489 2915 dignitates
3520 2848 3681 2901 totius

2103 2937 2388 2993 militantis
2416 2937 2658 2993 ecclesiae
2697 2937 2827 2991 mihi
2861 2937 3041 2993 dares.
3093 2936 3228 2992 Nam
3269 2938 3382 3008 ipsa
3411 2939 3554 2993 bona
3592 2952 3682 2991 vo.

2025 3069 2070 3131 Ο
2103 3032 2282 3088 luntas
2326 3042 2441 3099 tua,
2477 3032 2522 3089 si
2554 3041 2608 3087 tu
2656 3032 2796 3087 Deus
2825 3047 3002 3097 meus,
3035 3040 3096 3086 ut
3137 3040 3286 3101 opto,
3325 3030 3541 3086 dederis
3562 3046 3680 3085 eam

2102 3122 2479 3195 mihi,dietam
2524 3140 2700 3180 meum
2740 3123 2870 3180 Sion
2918 3140 3023 3178 non
3060 3125 3398 3194 permitteret
3426 3138 3491 3178 ex
3527 3122 3683 3177 taedio

2099 3216 2432 3282 dormitare;
2464 3217 2558 3271 sed
2587 3230 2707 3270 eam
2759 3214 2837 3270 sic
2881 3213 3041 3269 faciet
3066 3213 3271 3284 jngiter
3314 3227 3478 3283 super
3503 3223 3682 3268 custo-

2100 3308 2242 3364 diam
2278 3323 2432 3363 suam
2475 3315 2624 3362 stare
2657 3324 2671 3360 :
2700 3307 2842 3376 quod
2882 3307 2997 3375 ipse
3041 3304 3329 3375 speculans
3371 3302 3683 3374 spirituales

2100 3399 2287 3456 hostes
2314 3406 2505 3454 contra
2537 3413 2712 3452 meam
2752 3398 3066 3453 interiorem
3102 3397 3436 3453 Hierusalem
3468 3397 3684 3452 irruen-

2099 3500 2203 3557 tes,
2227 3498 2282 3546 et
2311 3490 2501 3547 videns
2524 3491 2714 3546 urbem
2739 3489 2910 3556 illam,
2933 3505 3096 3560 quam
3124 3499 3309 3545 servat
3327 3490 3531 3559 absque
3560 3503 3683 3541 mu-

2098 3598 2283 3640 rorum
2314 3584 2576 3639 virtutum
2612 3584 2818 3639 ambitu
2847 3591 3119 3654 patentem
3151 3583 3388 3652 undique
3426 3589 3480 3635 et
3527 3594 3684 3649 aper-

2098 3688 2228 3743 tam,
2258 3687 2441 3733 tacere
2458 3692 2564 3732 non
2590 3676 2787 3748 poterit
2816 3684 3037 3747 propter
3062 3675 3298 3746 pericula
3318 3673 3681 3738 imminentia,

2099 3783 2220 3838 qum
2249 3768 2471 3833 videbit,
2514 3767 2645 3838 quin
2692 3781 2903 3821 mecum
2936 3766 3137 3821 clamet
3165 3766 3217 3819 in
3242 3762 3493 3828 excelsis,
3520 3771 3577 3817 et
3599 3761 3685 3817 di-

2097 3865 2224 3913 cat:
2253 3858 2490 3930 Benigne
2517 3855 2761 3921 Domine,
2793 3856 2879 3925 {ac
2908 3856 3124 3924 benigne
3147 3855 3203 3907 in
3248 3855 3382 3907 bona
3414 3850 3683 3905 voluntate

2098 3959 2190 4003 (na
2234 3947 2381 4013 Sion,
2424 3957 2481 4002 ut
2509 3947 2841 4015 rrdiﬁcentnr
2865 3948 3004 4001 muri
3031 3945 3385 4008 Hierusalem,
3417 3942 3556 3997 illius
3577 3943 3684 3997 sci-

2097 4041 2224 4096 licet
2248 4036 2899 4103 interiorisHierusalem,
2927 4054 3046 4108 qum
3071 4046 3153 4093 est
3182 4037 3360 4090 anima
3390 4050 3531 4089 mea.
3556 4033 3685 4087 Haec

2096 4141 2182 4187 est
2202 4132 2345 4187 enim
2386 4130 2474 4185 illa
2506 4130 2860 4192 Hierusalem,
2892 4145 3014 4199 qua:
3050 4129 3352 4183 maliﬁcatur
3378 4136 3435 4180 ut
3463 4126 3681 4188 civitas,

2096 4237 2196 4292 pro
2218 4236 2323 4292 qua
2359 4221 2599 4292 supplico
2633 4221 2726 4276 tibi
2759 4222 3065 4277 animarum
3097 4218 3486 4289 benignissimo
3529 4233 3685 4271 aina-

2097 4316 2224 4372 tori.
2258 4315 2384 4371 Scio
2408 4316 2550 4370 enim
2584 4315 2727 4386 quod
2775 4316 3041 4386 benignus
3076 4327 3154 4379 es,
3195 4312 3443 4377 Domine,
3468 4318 3523 4364 et
3561 4309 3685 4379 pla-

407 4403 491 4459 vel
536 4405 807 4460 strictum.
854 4403 1004 4459 Multi
1032 4404 1177 4459 enim
1209 4404 1328 4459 sine
1353 4404 1527 4474 gratia
1565 4413 1678 4467 tua,
1712 4404 1875 4467 Deus,
1908 4403 1989 4458 di-
2023 4415 2069 4476 ι)
2097 4406 2287 4462 cabilis
2318 4422 2480 4477 super
2506 4405 2730 4471 malitia,
2757 4414 2812 4461 et
2839 4406 2979 4474 quod
3006 4404 3234 4473 benigna
3263 4411 3347 4457 est
3375 4401 3686 4456 misericor-

406 4494 580 4550 versis
608 4495 886 4552 doloribus
916 4503 972 4551 et
1013 4495 1469 4552 sollicitudinibus
1501 4503 1749 4549 teruntur
1779 4495 1833 4549 in
1870 4510 1991 4550 cor-

407 4586 567 4641 dibus
586 4595 642 4642 et
667 4588 1027 4659 stringuntur,
1052 4596 1108 4643 et
1136 4598 1318 4642 tamen
1350 4586 1513 4642 corda
1540 4601 1729 4641 eorum
1757 4586 1991 4656 despicis

407 4683 465 4731 et
494 4677 821 4744 contemnis,
864 4677 994 4747 quia
1042 4677 1299 4734 contritio
1344 4689 1400 4732 et
1446 4675 1737 4732 infelicitas
1777 4676 1832 4731 in
1886 4677 1991 4731 viis

408 4781 619 4834 eorum,
659 4778 718 4824 et
758 4769 880 4826 ideo
911 4785 1021 4841 pm
1065 4769 1525 4826 eontribulatione
1556 4769 1780 4840 spiritus
1822 4768 1991 4824 ulula-

404 4860 561 4914 bunt.
591 4858 698 4915 Car
727 4869 904 4917 autem
951 4862 1234 4917 contritum
1274 4862 1594 4932 poenitentia
1626 4863 1693 4918 de
1731 4862 1987 4932 peccatis,

403 4949 548 5020 quod
576 4947 743 5013 ludas
791 4951 1099 5008 confitendo
1138 4961 1281 5019 arat,
1323 4962 1378 5009 et
1427 4952 1600 5009 Jacob
1643 4953 1993 5029 subsequitur

400 5039 678 5099 sulcorum
731 5042 987 5099 duritiam
1041 5045 1395 5109 conterendo,
1455 5044 1609 5114 cujus
1656 5059 1850 5115 magna
1904 5054 1989 5100 est.

402 5134 660 5190 contritio
705 5135 851 5193 velut
900 5150 1085 5199 mare;
1124 5147 1173 5190 et
1220 5136 1583 5198 Immiliatnm,
1637 5151 1742 5191 non
1784 5137 1988 5192 elatum

400 5237 625 5298 peccata
669 5228 1001 5293 excusando,
1062 5228 1225 5293 Deus,
1284 5245 1389 5281 non
1438 5228 1710 5298 despicies,
1747 5230 1839 5299 qui
1881 5244 1986 5283 non

399 5317 636 5388 despicis
672 5317 939 5389 loquelam
984 5318 1241 5390 gemitus,
1288 5317 1382 5374 sed
1415 5318 1636 5374 humilia
1664 5320 1890 5390 respicis
1932 5319 1988 5374 in

399 5410 543 5467 caelo
570 5421 625 5467 et
674 5410 726 5466 in
759 5419 920 5466 terra.
958 5412 1040 5467 Ad
1074 5426 1236 5481 quem
1262 5426 1394 5482 ergo
1435 5413 1712 5482 respicies.
1739 5412 1981 5480 domine,

400 5500 545 5556 Deus
576 5518 748 5567 meus,
796 5504 899 5557 nisi
954 5504 1019 5557 ad
1056 5502 1313 5558 humilem
1357 5515 1413 5558 et
1435 5506 1752 5568 contritum,
1786 5515 1841 5560 et
1874 5513 1988 5560 tre-

401 5598 641 5643 mentem
676 5604 955 5647 sermones
996 5593 1154 5649 tuos?
1197 5593 1306 5649 Sed
1360 5603 1416 5650 et
1464 5596 1644 5649 anima
1686 5611 1826 5664 mea,
1868 5611 1988 5666 quae

398 5675 584 5737 ,tristts
624 5687 709 5732 est
758 5693 921 5749 super
986 5684 1409 5754 magnitudinem
1459 5685 1585 5741 mali
1634 5687 1739 5753 sui,
1786 5687 1988 5743 incedit

2096 4499 2182 4554 dia
2220 4507 2328 4561 tua,
2366 4498 2595 4553 Domine
2627 4505 2724 4552 :et
2763 4497 2882 4551 ideo
2929 4494 3016 4550 fac
3076 4494 3325 4565 benigne,
3353 4504 3406 4548 et
3447 4492 3501 4545 in
3544 4490 3686 4543 bona

2095 4590 2359 4645 voluntate
2385 4601 2500 4655 tua,
2527 4605 2689 4659 quam
2721 4597 2811 4643 tua
2840 4587 3144 4657 benignitas
3174 4586 3361 4654 gratis,
3393 4592 3447 4638 et
3476 4584 3685 4654 absque

2095 4682 2232 4737 meis
2247 4682 2472 4746 meritis,
2508 4681 2636 4735 mihi
2668 4680 2938 4745 dabit;'ut
2966 4679 3301 4733 aediﬁcentur
3323 4675 3520 4729 animm
3543 4688 3685 4728 mea:

2093 4771 2257 4832 muri,
2296 4772 2385 4839 qui
2432 4770 2779 4825 stabiliuutur
2822 4766 3211 4838 principaliter,
3255 4772 3310 4818 et
3345 4772 3687 4832 consurgunt

2094 4861 2162 4917 de
2222 4861 2327 4915 fide
2383 4861 2527 4924 viva,
2574 4875 2669 4929 spe
2715 4868 2889 4923 certa,
2927 4857 3194 4912 cbaritate
3232 4870 3338 4909 non
3391 4854 3537 4908 licta.
3569 4853 3684 4907 Fac

2092 4952 2255 5006 etiam
2302 4961 2360 5005 ut
2388 4959 2442 5005 et
2485 4950 2623 5005 muri
2669 4948 2829 5018 hujus
2874 4949 3161 5002 mundana:
3206 4944 3464 5001 Hiericho
3509 4946 3562 4999 itt
3591 4959 3683 5000 me

2093 5042 2337 5097 funditus
2364 5042 2670 5106 diruantur,
2701 5049 2757 5096 et
2792 5055 3067 5110 nunquam
3093 5040 3160 5093 de
3186 5046 3390 5093 caetero
3421 5051 3682 5108 reparen-

2097 5143 2202 5190 tur.
2234 5133 2502 5201 Quoniam
2536 5141 2615 5200 tu,
2667 5133 2912 5197 Domine,
2958 5147 3056 5203 per
3083 5131 3246 5188 Josue
3277 5129 3685 5188 maledictionis

2092 5230 2419 5285 sententiam
2463 5229 2732 5299 protulisti
2778 5230 2831 5282 in
2863 5244 2977 5293 eos,
3009 5228 3101 5298 qui
3142 5243 3323 5283 muros
3363 5225 3523 5294 hujus
3552 5224 3686 5279 Hie-

2092 5321 2243 5377 richo
2289 5322 2619 5375 suscitarent
2663 5336 2677 5373 :
2717 5319 2950 5374 aedificat
2993 5317 3137 5372 enim
3184 5317 3431 5372 diabolus
3489 5329 3685 5370 muros

2092 5413 2224 5468 istos
2261 5412 2327 5466 de
2375 5412 2488 5467 luto
2520 5411 2831 5481 voluptatis,
2869 5408 3022 5480 palea
3068 5408 3320 5463 vanitatis
3388 5415 3445 5462 et
3504 5406 3684 5460 latere

2091 5503 2421 5574 cupiditatis.

2161 5598 2247 5652 59.
2291 5597 2393 5652 Per
2439 5607 2493 5651 te
2546 5610 2695 5667 ergo,
2745 5595 2992 5660 Domine,
3025 5594 3163 5650 muri
3210 5594 3365 5649 istius
3420 5590 3680 5647 lliericbo

2090 5686 2439 5744 destruantur
2470 5688 2523 5744 in
2566 5703 2672 5753 me,
2705 5695 2758 5743 et
2800 5687 3137 5744 aedificentur
3162 5686 3299 5742 muri
3334 5683 3675 5740 Hierusalem
