3906 6058
233 315 346 373 849

1311 311 1684 368 MEDlTATlO
1721 313 1784 366 IN
1824 311 2026 368 PSAL.
2063 307 2438 364 MlSEliERE’.

3407 301 3511 358 850

233 427 562 500 supradicti,
600 441 734 497 quos
765 426 865 480 nisi
901 437 954 479 ιιι
988 427 1100 495 ipse
1131 425 1508 488 :edilicaverts,
1537 426 1596 480 in
1623 441 1821 479 vanum
1851 441 1898 484 Α
1929 431 2151 492 tensque
2180 421 2246 476 de
2274 421 2486 474 cunctis
2510 415 2620 470 suis
2659 412 2944 484 pecoribus
2967 411 3176 468 scilicet
3207 415 3507 484 corporali-

234 522 491 580 laborant
514 521 604 590 qui
631 535 723 575 eos
748 520 1017 575 :ediﬁcare
1041 529 1250 589 putant.
1278 520 1354 574 Tu
1380 521 1545 586 enim,
1577 519 1822 582 Domine,

233 618 390 676 solus
439 631 498 670 es
536 613 625 682 qui
667 615 825 668 ﬁdem
877 613 1028 682 quasi
1083 611 1494 666 fundamentum
1547 627 1824 666 murorum

235 709 468 764 istorum
515 705 752 759 infundis
795 723 808 758 :
855 720 1002 774 spem
1069 703 1256 756 veluti“
1291 704 1551 770 parietem
1612 704 1822 772 erigis:

237 801 564 857 charitatem
617 809 872 868 tanquam
915 795 1350 866 inexpugnabilia
1388 797 1824 888 propugnacula,

233 909 362 960 quze
401 907 676 961 nunquam
720 892 997 954 excidunt,
1043 889 1314 945 construis
1355 899 1411 943 et
1466 889 1700 957 largiris.
1760 889 1827 941 Et

233 987 332 1044 hic
363 996 447 1041 est
475 984 904 1054 inexpugnabilis
931 984 1020 1038 ille
1050 999 1257 1046 murus,
1298 999 1458 1052 quem
1489 997 1586 1049 per
1629 991 1698 1048 to,
1735 985 1824 1050 qui

233 1095 302 1134 es
327 1077 626 1136 tediﬁcator
653 1085 706 1130 et
731 1084 915 1130 custos
938 1073 1526 1130 llierusalemcivitatis
1555 1089 1822 1142 superna‘,

233 1170 495 1225 aediﬁcari
547 1169 854 1222 desiderant
913 1167 1180 1221 desideria
1232 1167 1411 1220 cordis
1459 1167 1586 1232 mei,
1619 1176 1674 1220 et
1715 1166 1826 1219 cla-

235 1272 391 1316 mant
439 1279 450 1314 :
505 1259 656 1314 Μαι-ο
691 1267 780 1312 ιιιο
841 1258 1243 1327 inexpugnabili
1295 1258 1658 1328 circumcinge
1705 1274 1823 1324 nos,

237 1353 488 1414 Domine,
529 1361 582 1404 ct
636 1352 804 1405 armis
859 1362 967 1404 tum
997 1351 1251 1418 potentiae
1281 1361 1502 1420 protcge
1551 1365 1648 1404 nos
1679 1367 1822 1405 scm-

233 1459 357 1516 per.
397 1445 462 1499 Et
489 1445 591 1499 hoc
613 1453 714 1508 est,
741 1443 956 1498 domine
979 1443 1120 1497 Deus
1153 1459 1322 1508 mens,
1359 1443 1823 1511 pernecessarium

236 1536 394 1601 mihi,
429 1543 486 1588 ut
543 1536 596 1589 in
641 1551 728 1588 me
763 1535 994 1589 :cdiﬁccs
1035 1536 1210 1590 dictos
1255 1551 1458 1590 muros.
1505 1534 1636 1588 Nam
1668 1542 1824 1588 antc—

235 1641 400 1693 quam
451 1625 700 1679 tetliﬁcali
747 1624 967 1686 fuerint,
1008 1633 1220 1695 gratum
1274 1641 1380 1679 non
1433 1625 1694 1694 accipies,
1741 1624 1825 1678 vcl

237 1725 522 1786 acceptum
554 1717 619 1770 de
654 1715 904 1770 manibus
941 1717 1073 1769 meis
1105 1715 1430 1783 quidquam;
1463 1715 1556 1768 sed
1586 1716 1823 1770 :Pdiﬁca-

237 1810 309 1864 tis
347 1809 579 1862 ﬁrmiter
615 1809 667 1862 In
717 1823 835 1863 mea
863 1808 1106 1862 interiori
1142 1807 1479 1864 Hierusalem
1517 1808 1676 1862 dictis
1705 1825 1822 1862 mu-

235 1899 430 1970 ris(i’.
468 1901 581 1970 2|),
629 1911 752 1954 tunc
785 1900 1114 1968 acceptabis;
1167 1901 1292 1971 quia
1340 1909 1466 1954 ante
1495 1899 1828 1969 acceptabile

235 2007 346 2045 non
385 1990 608 2044 habebis
643 1989 958 2058 sacrificium
996 1989 1240 2059 justitim.
1277 1990 1328 2042 in
1377 2004 1484 2055 quo
1523 2005 1612 2043 me
1651 1990 1826 2057 ipsum

233 2083 446 2152 punies.
473 2081 590 2135 Tibi
621 2097 718 2151 per
747 2081 1122 2150 paenitentiam
1157 2080 1452 2133 victimaho
1479 2097 1492 2133 :
1529 2080 1654 2148 quid
1682 2080 1826 2133 enim

231 2173 455 2243 jnstins,
490 2189 652 2242 quam
699 2181 760 2227 ut
805 2172 940 2225 meis
979 2173 1185 2226 irascar
1219 2172 1596 2240 iniquitatibus
1621 2184 1674 2226 ct
1705 2187 1828 2239 pec-

233 2268 396 2332 catis,
423 2275 478 2321 et
522 2281 683 2335 opera
725 2265 872 2336 justa
903 2265 1100 2321 iaciam
1133 2282 1230 2336 per
1259 2267 1633 2336 pcenilentiam
1672 2277 1726 2321 et
1753 2267 1828 2320 la-

237 2360 526 2414 mentum?
553 2360 616 2414 Et
649 2375 775 2415 vere
807 2359 1013 2428 justum
1055 2367 1159 2422 est,
1183 2369 1244 2413 ut
1275 2360 1342 2413 de
1369 2359 1539 2414 veteri
1567 2360 1673 2414 \ita
1705 2375 1823 2413 mea

236 2449 292 2505 in
325 2467 518 2505 novam
573 2461 842 2506 transeam
875 2451 1061 2516 vitam,
1113 2459 1172 2505 ut
1209 2451 1480 2506 exstincto
1528 2451 1696 2506 veteri
1731 2452 1828 2504 ho-

241 2541 388 2596 mine
412 2557 508 2610 per
533 2543 930 2612 pmnitentiam,
957 2543 1010 2596 in
1027 2546 1240 2610 meipso
1267 2541 1828 2610 sacriﬁciumjustitite

239 2633 539 2688 secundum
579 2633 1046 2700 regenerationem
1079 2635 1201 2688 novi
1233 2634 1467 2688 hominis
1497 2633 1590 2688 tibi
1621 2635 1826 2688 sacriﬁ-

239 2740 360 2780 cem
393 2725 612 2779 domino
659 2725 766 2780 Deo
798 2739 936 2778 meo.
972 2724 1296 2796 Acceptahis
1327 2726 1491 2780 etiam
1523 2726 1826 2780 oblationes

239 2815 706 2888 eleemosynarum
737 2817 853 2883 tibi,
886 2817 1132 2878 Dandae,
1158 2833 1185 2869 a
1221 2832 1308 2872 me
1345 2831 1444 2886 per
1475 2831 1668 2872 manus
1695 2833 1827 2886 pau-

241 2921 431 2976 perum
459 2905 788 2970 oblatarum,
834 2906 924 2974 qui
981 2913 1198 2975 reputas
1231 2907 1326 2960 tibi
1373 2907 1678 2975 specialiter
1707 2921 1828 2962 esse

241 2999 466 3060 factum,
500 2999 642 3068 quod
673 3000 763 3052 uni
801 3015 864 3054 ex
907 2999 1165 3058 minimis,
1195 3002 1428 3068 quorum
1463 3001 1637 3070 angeli
1683 3015 1826 3055 sem-

1927 515 2048 578 bus,
2096 523 2152 568 et
2205 513 2271 567 de
2305 510 2628 575 ,volucribus
2673 505 3050 576 Spirilualibus
3107 505 3410 573 purificatis
3455 516 3512 562 et

1931 609 2168 670 mundis,
2206 621 2368 675 super
2403 603 2576 658 altare
2606 600 2734 656 illud
2769 599 2860 654 tibi
2891 597 3084 653 obtulit
3113 597 3506 654 holocaustum.

1929 701 2055 756 [hnc
2081 710 2165 755 cst
2201 715 2292 752 ara
2337 695 2518 765 templi
2548 693 2719 750 sancti
2745 691 3018 760 tui,-quod
3051 705 3169 745 sum
3203 705 3330 760 ego;
3357 689 3510 760 juxta

1929 809 2088 863 quam
2127 799 2238 845 stat
2272 787 2494 858 angelus
2523 786 2588 839 ad
2625 784 2926 840 custodiam
2955 782 3264 852 deputatus,
3309 781 3512 836 habens

1931 883 2260 937 tlmribulnm
2293 893 2514 934 aureum
2567 877 2619 930 in
2651 891 2812 930 manu
2855 889 2970 938 sua,
3024 881 3078 926 ut
3129 887 3250 927 cum
3293 873 3514 926 incenso

1929 975 2100 1030 multo
2121 973 2397 1026 orationes
2425 983 2608 1024 coram
2641 975 2712 1030 te,
2747 967 2992 1028 Domine,
3027 963 3170 1018 fusas
3195 979 3314 1017 cum
3342 961 3510 1033 lact-y-

1929 1066 2031 1120 mis
2061 1069 2426 1132 repraesentet.
2465 1057 2576 1112 lloc
2603 1065 2684 1111 est
2714 1055 2888 1108 altare
2919 1068 3216 1108 concavum
3245 1064 3297 1108 et
3331 1053 3506 1114 inane,

1929 1175 1958 1213 a
1983 1155 2194 1212 cunctis
2221 1153 2428 1209 scilicet
2457 1149 2687 1205 terrenis
2712 1145 2993 1200 aﬁ'cctibus
3021 1153 3338 1208 vacuatum,
3367 1144 3512 1213 quod

1931 1253 2020 1307 tibi
2063 1249 2176 1304 ﬁeri
2207 1244 2530 1302 mandavisti
2569 1240 2634 1296 ad
2659 1239 3041 1310 imponendum
3069 1237 3280 1293 cineres
3311 1252 3510 1290 memo-

1929 1345 2024 1397 riae
2069 1352 2268 1395 nostra:
2321 1337 2538 1392 mentis.
2579 1335 2650 1388 De
2689 1331 2791 1388 hoc
2829 1329 3008 1396 altari,
3035 1327 3283 1384 amabilis
3315 1328 3510 1390 amice,

1928 1436 2080 1504 Cujus
2106 1433 2288 1488 dicere
2331 1439 2416 1485 est
2448 1428 2645 1491 facere,
2695 1435 2748 1478 tu
2790 1423 2994 1488 dixisti,
3029 1431 3086 1476 ut
3139 1421 3280 1492 ignis
3309 1422 3512 1474 amoris

1927 1529 2003 1580 tui
2033 1539 2246 1593 semper
2272 1523 2324 1576 in
2373 1523 2474 1575 hoc
2521 1519 2676 1572 altari
2718 1518 2928 1583 ardeat,
2961 1529 3121 1585 quem
3151 1515 3390 1569 nutricet
3419 1529 3510 1568 sa-

1928 1618 2120 1673 cerdos
2142 1613 2434 1683 subjiciens
2463 1627 2560 1682 per
2607 1609 2846 1678 singulos
2877 1608 2992 1662 dies
3037 1607 3178 1675 ligna
3206 1605 3510 1659 desiderata

1928 1691 2108 1764 cordis
2139 1707 2263 1760 mei.
2295 1704 2395 1771 Qui
2445 1703 2622 1772 ignem
2673 1699 2834 1754 istum
2869 1699 2918 1751 in
2959 1707 3158 1752 terram
3189 1699 3424 1763 mittere,
3455 1705 3514 1748 ut

1931 1800 2136 1863 ardeat,
2166 1795 2393 1860 venisti,
2428 1793 2570 1858 veni,
2607 1801 2660 1848 et
2689 1792 2742 1846 in
2775 1789 2877 1846 hoc
2909 1789 3065 1842 altari
3097 1789 3275 1844 cordis
3299 1789 3404 1843 mei
3436 1788 3512 1842 tui

1931 1891 2136 1945 amoris
2161 1890 2338 1958 ignem
2369 1884 2626 1940 accende.

2000 1982 2090 2036 41.
2132 1979 2176 2036 0
2221 1993 2432 2034 summe
2481 1973 2734 2030 sacerdos
2781 1973 2832 2026 in
2870 1983 3156 2038 internum,
3187 1981 3240 2026 et
3272 1970 3509 2041 pontifex

1931 2075 2234 2130 futurorum
2282 2073 2574 2131 bonorum,
2603 2066 2724 2120 veni
2759 2074 2813 2120 et
2843 2065 2908 2118 ad
2942 2065 3287 2118 nutriendum
3331 2063 3511 2132 ignem

1933 2169 2115 2231 istum,
2153 2180 2221 2220 ne
2257 2161 2476 2217 deﬁciat
2532 2159 2582 2212 in
2622 2156 2770 2212 Sion.
2823 2154 3004 2210 Donec
3049 2153 3142 2208 ﬁat
3186 2153 3434 2208 caminus
3457 2154 3512 2206 iu

1929 2259 2040 2324 illa,
2071 2271 2191 2326 quae
2217 2267 2431 2308 sursum
2461 2259 2544 2304 est
2571 2245 2906 2330 Hierusalem
2943 2253 3116 2298 matre
3147 2251 3355 2308 nostra,
3381 2244 3507 2298 sub-

1928 2351 2036 2421 jice
2067 2349 2210 2419 ligna
2255 2343 2523 2400 incentiva
2563 2348 2619 2395 et
2646 2337 2938 2392 nutrientia
2971 2337 3148 2405 ignem
3183 2336 3366 2388 istum.
3394 2332 3514 2388 Pri-

1931 2458 2078 2497 mum
2109 2438 2362 2494 videlicet
2412 2433 2778 2502 temetipsum,
2809 2429 2900 2500 qui
2928 2443 2990 2484 es
3025 2428 3091 2482 iis
3116 2427 3210 2497 qui
3235 2435 3287 2480 te
3317 2439 3515 2496 appre-

1931 2531 2195 2594 hendunt,
2223 2528 2426 2597 lignum
2469 2523 2625 2588 vitae;
2655 2521 2858 2590 lignum
2879 2559 2892 2583 ,
2933 2519 3173 2588 inquam,
3216 2517 3340 2570 vita:
3369 2515 3515 2586 posi-

1931 2632 2044 2676 tmn
2079 2621 2130 2674 in
2161 2618 2336 2673 medio
2365 2613 2623 2685 paradisi,
2651 2621 2730 2674 ut,
2767 2625 2834 2666 ex
2865 2609 3010 2664 omni
3045 2617 3202 2677 parte
3229 2615 3514 2663 currentes

1930 2714 1996 2767 ad
2029 2721 2104 2776 te,
2131 2710 2342 2782 possint
2371 2717 2422 2762 te
2467 2704 2873 2776 apprehendere
2903 2701 3066 2754 vitam
3095 2713 3249 2754 suam
3285 2706 3342 2752 et
3371 2698 3512 2752 vita-

1931 2821 2047 2858 rum
2077 2803 2263 2856 vitam.
2288 2799 2516 2868 Lignum
2537 2795 2698 2850 etiam
2720 2793 2843 2848 vitae
2857 2789 3136 2862 proferens
3155 2804 3252 2858 per
3276 2787 3514 2859 singulos

1929 2909 2162 2960 menses,
2188 2901 2496 2948 nostrorum
2527 2887 2816 2942 aﬁ‘cctuum
2851 2885 3060 2939 fructus
3093 2897 3220 2938 suos
3250 2881 3515 2936 excitatos

1929 3005 2026 3058 per
2047 2985 2398 3048 desiderium,
2419 2983 2780 3042 dulcissimos,
2820 2976 3200 3047 pacatissimos
3222 2983 3278 3030 et
3296 2991 3508 3040 suaves,

241 3105 344 3159 per
370 3066 562 3145 faciem
598 3089 777 3144 Patris
809 3089 1014 3152 vident,
1049 3105 1076 3142 a
1118 3066 1492 3143 meicollatum
1539 3066 1710 3143 inerit
1745 3090 1826 3144 vel
1855 3111 1900 3173 ε
1930 3081 2124 3150 quibus
2151 3088 2462 3133 sanctorum
2487 3074 2680 3128 animae
2702 3070 3014 3124 reﬁciuntur
3041 3067 3159 3122 sine
3197 3066 3429 3173 fastidio,
3459 3077 3514 3122 et

241 3181 506 3236 oblatum.
549 3181 663 3234 Non
709 3181 801 3234 ﬁat
835 3181 949 3235 haec
979 3179 1180 3234 oblatio
1207 3182 1270 3234 de
1299 3180 1504 3250 iniquo,
1523 3180 1625 3234 hoc
1652 3189 1736 3235 est
1763 3181 1828 3236 de

241 3271 386 3325 male
417 3271 683 3341 acquisito
713 3271 796 3325 vel
827 3271 968 3325 male
1011 3279 1246 3326 retento.
1281 3271 1414 3338 Quia
1455 3281 1534 3336 tu,
1571 3273 1728 3334 Deus,
1762 3274 1829 3326 ad

243 3361 399 3423 Cain,
438 3371 494 3415 et
535 3361 653 3432 ejus
701 3377 926 3417 munera
981 3363 1246 3432 respicere
1303 3363 1547 3428 noluisti,
1584 3377 1650 3417 eo
1686 3362 1830 3431 quod

245 3454 346 3508 tibi
379 3469 544 3524 prava
581 3469 804 3508 munera
837 3453 1120 3509 offerebat.
1152 3451 1270 3508 Non
1317 3454 1545 3524 respicis
1579 3455 1630 3508 iu
1681 3455 1832 3510 obla-

247 3546 492 3601 tionibus
529 3547 869 3615 iniqnorum;
903 3547 997 3601 sed
1027 3545 1152 3600 illas
1181 3545 1485 3601 oblationes
1514 3547 1704 3614 dignas
1735 3550 1828 3603 tibi

245 3645 530 3706 reputaset
553 3646 959 3707 acceptas,qu:c
983 3637 1114 3691 ﬁunt
1141 3639 1205 3692 de
1227 3639 1527 3694 substantia
1555 3639 1638 3694 illa
1666 3642 1828 3706 bona,

247 3729 402 3804 cujus
431 3743 536 3782 non
567 3737 650 3783 est
672 3739 954 3798 peccatum
985 3729 1036 3782 in
1074 3730 1406 3783 conscientia
1437 3749 1449 3783 :
1478 3741 1532 3784 et
1559 3733 1656 3785 has
1687 3749 1714 3784 ιι
1744 3727 1829 3786 me

249 3805 552 3873 oblationes
585 3833 680 3887 per
711 3817 1024 3888 Sapientem
1073 3819 1327 3887 requiris,
1361 3819 1548 3874 dicens
1581 3837 1593 3872 :
1627 3820 1746 3885 Fili,
1785 3823 1832 3874 si

251 3909 440 3972 habes,
489 3909 625 3964 bene
662 3909 747 3964 fac
775 3920 971 3976 tecum,
1013 3919 1068 3964 et
1106 3911 1217 3964 Deo
1259 3909 1452 3980 dignas
1477 3909 1610 3966 olfer
1631 3913 1834 3982 gratias

247 4009 304 4055 et
336 4001 655 4056 oblationes.

322 4092 410 4147 40.
457 4091 555 4163 (V.
605 4091 722 4162 24.)
779 4093 923 4148 Tunc
965 4095 1130 4148 etiam
1183 4095 1476 4163 acc'eplabis
1504 4095 1832 4158 lmiocausla,

251 4197 372 4238 mea
399 4185 628 4248 scilicet,
673 4186 774 4239 hoc
814 4195 898 4239 est
929 4201 1034 4239 non
1067 4186 1238 4239 solum
1267 4188 1335 4242 de
1359 4203 1500 4250 meo,
1529 4189 1624 4242 sed
1657 4189 1722 4242 de
1749 4203 1835 4242 me
1863 4199 1872 4206 '

253 4287 368 4330 toto
399 4275 569 4341 facta;
605 4277 729 4332 ideo
773 4277 914 4346 quod
953 4278 1176 4346 Spiritus
1203 4275 1411 4341 dolore,
1441 4287 1493 4332 et
1533 4293 1730 4346 corpus
1759 4279 1836 4330 la-

252 4366 384 4420 bore
415 4367 694 4428 adiciatur,
731 4377 786 4422 et
815 4369 994 4422 omnia
1031 4383 1146 4421 mea
1191 4367 1446 4424 interiora
1479 4379 1534 4422 et
1559 4371 1833 4424 exteriora

1933 3176 2204 3229 fruuntur.
2261 3167 2566 3225 Secundum
2615 3165 2816 3234 iiguum
2871 3160 3078 3230 subjice
3129 3159 3357 3214 viviﬁcae
3409 3169 3516 3212 tuae

1935 3265 2136 3330 crucis,
2168 3263 2309 3332 quod
2341 3269 2424 3316 est
2452 3257 2593 3314 istud
2637 3255 2792 3310 dulce
2823 3254 3046 3324 lignum,
3070 3266 3167 3320 per
3191 3250 3333 3318 quod
3361 3265 3514 3319 aquae

1931 3373 2135 3414 amara:
2173 3356 2224 3409 in
2257 3351 2590 3407 dulcedinem
2632 3354 2760 3402 sunt
2785 3357 3094 3406 conversae;
3121 3341 3319 3409 lignum
3353 3339 3516 3393 bene-

1933 3437 2158 3511 dictum,
2191 3461 2286 3516 per
2329 3441 2472 3512 quod
2519 3441 2662 3494 facta
2705 3445 2792 3490 est
2819 3433 3028 3504 justitia
3055 3432 3124 3486 de
3152 3431 3418 3502 maligno;
3447 3429 3513 3484 li-

1933 3559 2098 3613 gnum
2148 3541 2424 3608 exiguum,
2481 3534 2566 3588 cui
2622 3531 2804 3584 ﬁdeles
2853 3528 3100 3582 homines
3135 3541 3276 3580 .suas
3306 3525 3516 3578 animus

1933 3635 2344 3694 rouunisernnt,
2396 3626 2642 3683 couunisi
2689 3631 2746 3678 et
2791 3637 2892 3692 ego
2933 3635 3106 3674 meam
3125 3625 3144 3682 ;'
3180 3617 3323 3686 quod
3362 3615 3518 3670 ﬁdele

1935 3733 2212 3784 inventum
2249 3733 2354 3786 est,
2392 3737 2456 3775 eo
2482 3719 2622 3788 qunti
2654 3717 2816 3770 salvae
2845 3715 2999 3768 facta:
3034 3719 3159 3766 sunt
3187 3723 3380 3764 omnes
3411 3705 3516 3760 sal-

1933 3830 2073 3873 vatre
2122 3815 2318 3870 anima:
2363 3825 2459 3880 per
2509 3811 2612 3862 hoc
2651 3807 2876 3874 lignum.
2911 3803 3036 3856 llatc
3088 3816 3215 3855 vero
3249 3809 3374 3853 sunt
3411 3801 3517 3852 duo

1937 3911 2099 3980 ligna,
2157 3907 2210 3960 in
2259 3901 2416 3956 altari
2467 3898 2646 3952 cordis
2697 3895 2802 3949 mei
2853 3892 3150 3947 nutrientia
3199 3890 3272 3943 tui
3316 3890 3517 3942 alueris

1937 4001 2113 4068 ignem
2143 3994 2465 4051 salviﬁcum.
2494 3988 2572 4042 Tu
2595 4001 2724 4055 ergo
2757 3984 2902 4040 solus
2924 3983 3044 4039 sine
3071 3981 3278 4050 peccati
3307 3989 3516 4032 macuta

1935 4091 2264 4146 sacerdosin
2291 4081 2642 4141 altaricordis
2673 4079 2776 4133 mei
2799 4091 2897 4147 per
2917 4073 3157 4142 singulos
3183 4069 3520 4138 dicssuiijice

1937 4185 2077 4252 ligna
2113 4185 2235 4244 ista,
2287 4189 2346 4232 ut
2390 4188 2444 4231 et
2491 4191 2592 4246 ego
2623 4188 2744 4228 cum
2793 4170 3020 4224 muliere
3071 4175 3358 4234 sarcptana
3403 4163 3518 4216 haec.

1937 4279 2184 4348 colligam
2237 4275 2342 4328 duo
2392 4271 2560 4341 ligna,
2609 4275 2664 4322 et
2695 4263 2966 4336 ingrediar
3007 4262 3072 4315 ad
3107 4260 3278 4314 altare
3317 4258 3434 4320 Dei,
3463 4263 3520 4310 et

1937 4369 2136 4424 exinde
2171 4365 2362 4424 iaciam
2413 4361 2544 4416 mihi
2593 4367 2646 4414 et
2695 4357 2826 4419 ﬁlio,
2873 4355 2976 4408 hoc
3014 4361 3097 4406 est
3129 4349 3344 4405 aﬁectui
3373 4363 3515 4410 meo.

253 4459 378 4528 igne
401 4457 682 4513 charitatis
731 4457 1132 4512 inﬁammentur
1170 4459 1374 4527 pariter
1413 4469 1468 4514 et
1501 4467 1832 4514 crementur.
1867 4456 1912 4510 D
1939 4473 2131 4529 panem
2163 4456 2288 4510 vitae
2321 4463 2376 4508 et
2408 4449 2731 4512 intellectus,
2763 4453 2816 4499 nt
2849 4444 3195 4498 ccmedamus
3227 4449 3282 4496 et
3319 4439 3519 4494 moria-

253 4551 386 4606 Nam
417 4552 532 4606 hmo
561 4552 648 4606 illa
676 4567 797 4606 esse
817 4553 1056 4622 intelligo
1078 4552 1418 4617 holocausta,
1439 4553 1506 4607 de
1531 4555 1726 4622 quibus
1753 4565 1833 4621 tu,

255 4641 499 4706 Domine,
553 4642 686 4696 mihi
711 4643 849 4697 dicis
880 4661 892 4696 :
921 4643 1244 4698 I‘lolocausta
1278 4653 1460 4698 autem
1500 4653 1587 4698 tua
1623 4645 1676 4700 in
1708 4661 1837 4701 con-

255 4743 439 4800 Spectn
503 4749 624 4789 meo
677 4745 802 4788 sunt
851 4750 1066 4804 semper
1105 4735 1442 4805 beneplacita
1493 4745 1546 4790 et
1587 4749 1832 4806 accepta.

255 4826 544 4894 Postquam
576 4825 720 4879 enim
770 4825 822 4878 in
852 4840 937 4879 me
982 4823 1231 4880 aediﬁcati
1281 4827 1482 4881 fuerint
1513 4827 1642 4882 dicti
1675 4831 1833 4894 muri,

255 4927 382 4972 tunc
411 4935 531 4972 cum
560 4921 762 4972 auxilio
785 4919 1188 4986 angelorum,et
1217 4919 1441 4974 consilio
1465 4921 1834 4988 praebitorum,

257 5003 422 5065 nuos-
449 5027 554 5064 una
610 5027 732 5064 cum
790 5010 1027 5081 perfecta
1065 5011 1194 5065 Sion
1233 5027 1398 5081 super
1439 5013 1611 5066 dictos
1654 5029 1836 5067 muros

257 5101 508 5156 constitui
561 5103 747 5173 vigiles
789 5114 842 5158 ct
869 5103 1144 5168 custodes,
1185 5104 1378 5157 animm
1412 5120 1544 5158 mea:
1573 5106 1716 5158 vires
1741 5105 1838 5158 im-

253 5203 442 5262 ponent
481 5209 638 5262 super
671 5195 840 5248 altare
869 5205 1015 5248 tuum
1041 5204 1096 5249 et
1134 5210 1335 5261 meum,
1367 5196 1508 5264 quod
1543 5205 1621 5258 tu,
1656 5198 1746 5265 qui
1779 5214 1838 5250 es

253 5299 498 5340 soluimus
537 5287 777 5356 pontifex
809 5287 1112 5342 futurorum
1161 5288 1449 5344 bonorum.
1487 5288 1580 5340 tibi
1621 5289 1701 5342 vis
1727 5291 1838 5342 sin-

253 5377 514 5449 gulariter
563 5379 822 5443 dedicari,
852 5389 906 5434 et
949 5380 1000 5434 in
1028 5395 1134 5445 quo
1169 5379 1432 5448 quidquid
1475 5381 1628 5443 boni,
1665 5382 1832 5436 devo-

255 5471 436 5538 tionis,
467 5479 524 5524 et
555 5471 756 5526 intimae
786 5473 1082 5527 dulcedinis
1129 5472 1321 5532 habeo,
1375 5487 1401 5522 a
1447 5481 1495 5524 te
1533 5473 1756 5538 accipio.
1785 5482 1841 5524 et

255 5564 350 5617 tibi
381 5561 572 5631 oﬂ‘ero,
623 5575 678 5618 et
710 5573 762 5619 tu
801 5567 952 5620 mihi.
989 5565 1060 5619 De
1091 5581 1196 5634 quo
1244 5565 1400 5617 altari
1443 5565 1707 5632 sapientia
1747 5577 1836 5618 tua

255 5655 385 5708 dicit
419 5673 432 5707 :
467 5653 682 5710 Oblatio
709 5654 832 5724 justi
865 5656 1165 5725 impinguat
1191 5655 1380 5709 altare.
1419 5654 1529 5708 lloc
1561 5664 1640 5708 est
1671 5655 1839 5710 altare

254 5745 396 5811 quod
437 5744 547 5800 Noe
586 5745 680 5802 tibi
714 5745 1000 5802 aediﬁcavit
1027 5745 1382 5818 Spiritualitcr
1409 5745 1458 5800 in
1486 5746 1680 5816 seipse,
1741 5745 1840 5799 tol-

1939 4567 2097 4606 tnur:
2127 4557 2182 4602 et
2231 4561 2300 4600 ne
2345 4543 2660 4600 moriamur,
2712 4547 2770 4590 ut
2823 4537 3103 4589 videamus
3145 4541 3200 4585 ct
3236 4545 3521 4602 cognosca-

1939 4660 2060 4698 mus
2101 4650 2153 4695 te
2187 4641 2362 4694 solum
2400 4636 2566 4690 Deum
2607 4633 2788 4684 vivum
2821 4639 2876 4682 et
2913 4641 3118 4690 verum,
3149 4633 3200 4678 et
3231 4639 3390 4696 quem
3427 4624 3522 4676 mi-

1937 4735 2056 4790 sisti
2081 4733 2263 4789 lesum
2293 4728 2586 4784 Christum.
2620 4724 2794 4792 Super
2818 4724 2919 4776 hoc
2948 4721 3118 4774 altare
3149 4720 3522 4787 imposuerunt

1937 4839 2129 4879 omnes
2165 4822 2358 4875 aninue
2405 4833 2537 4872 mea:
2569 4815 2713 4868 vires
2742 4813 2940 4866 vitulos
2969 4811 3272 4864 orationum
3313 4816 3368 4862 et
3403 4807 3521 4860 lau-

1939 4920 2087 4982 dum,
2121 4914 2414 4984 gratiarqu
2453 4909 2724 4964 actionum
2767 4917 2822 4962 et
2849 4905 3309 4966 benedictionum,
3335 4901 3518 4956 chari-

1941 5013 2068 5063 tatis
2095 5018 2146 5062 et
2177 5005 2416 5068 honoris,
2453 5001 2786 5056 fortitudinis
2811 5008 2864 5053 et
2901 4998 3117 5052 virtutis
3148 5014 3161 5050 :
3197 5005 3251 5050 et
3297 4995 3375 5048 sic
3400 4995 3524 5047 red-

1941 5105 2062 5156 dam
2097 5101 2186 5154 tibi
2220 5099 2473 5168 quamdiu
2511 5096 2663 5150 inero
2710 5109 2951 5148 meorum
2986 5092 3182 5146 vitulos
3235 5089 3518 5148 iabiorum.

1942 5211 1970 5246 a
1999 5192 2128 5261 jngo
2179 5190 2382 5259 peccati
2425 5187 2681 5240 liberatos
2741 5195 2826 5236 tua
2873 5184 3072 5252 gratia,
3117 5191 3172 5234 et
3207 5179 3526 5233 solutos.Et

1941 5288 2065 5356 quia
2115 5295 2166 5339 tu
2217 5297 2276 5336 es
2325 5281 2582 5334 Dominus
2639 5278 2918 5337 virtutum,
2959 5289 3054 5326 rex
3105 5287 3256 5326 ruens
3295 5279 3350 5323 et
3379 5269 3524 5324 Deus

1944 5393 2114 5443 mens,
2179 5375 2301 5443 quia
2359 5372 2460 5426 alia
2515 5370 2704 5424 altaria
2755 5367 2928 5420 adhuc
2977 5365 3162 5426 habes,
3204 5361 3523 5430 suppliciter

1941 5467 2386 5536 ninnipotcntiam
2421 5473 2566 5516 tuam
2601 5473 2748 5530 rogo,
2778 5468 2832 5510 ut
2857 5456 3050 5524 jnbeas
3083 5455 3196 5508 haec
3219 5453 3398 5506 omnia
3425 5467 3524 5506 an-

1947 5558 2140 5614 tedicta
2175 5557 2442 5621 (videlicet
2473 5551 2799 5607 sacriﬁcium
2837 5547 3082 5614 jllSiilii‘E,
3107 5545 3428 5608 oblationes,
3470 5553 3526 5597 et

1943 5651 2272 5712 holocausta,
2321 5659 2374 5701 et
2426 5645 2641 5711 vitulos)
2673 5657 2836 5710 super
2872 5641 3040 5694 altare
3073 5639 3251 5693 cordis
3283 5637 3384 5690 mei
3425 5638 3526 5690 im-

1943 5745 2114 5812 posita
2174 5741 2402 5812 pcrl'crri
2443 5756 2537 5809 per
2597 5751 2815 5792 manum
2879 5733 3052 5793 sancti
3103 5731 3277 5800 angeli
3338 5731 3412 5785 tui
3467 5730 3520 5783 in
