3906 6058
419 241 517 298 851

770 243 829 299 S.
864 244 1161 300 ANSELMI
1202 244 1551 300 CANTUAR.
1590 245 1908 303 ARCHIEP.
1950 246 2101 304 OPP.
2159 247 2339 304 PARS
2374 246 2541 319 11η-
2574 247 2939 304 PAIUENET.
2981 247 3069 303 ET
3105 246 3348 304 ASCET.

3576 248 3691 305 852

418 357 652 413 sublime
682 353 852 411 altare
880 367 1031 410 tuum
1072 356 1122 410 in
1153 366 1444 426 conspectu
1474 357 1669 412 divinat
1694 360 1995 429 majestatis
2025 360 2072 416 A
2100 375 2204 414 non
2255 350 2596 415 sanctafTu
2644 375 2704 414 es
2751 359 2894 414 enim
2952 375 3114 429 quem
3165 359 3311 414 Deus
3360 358 3525 416 Pater
3552 374 3687 419 ante

422 458 558 515 tuae;
599 446 688 502 ubi
731 459 814 502 est
841 446 985 516 jugis
1037 446 1175 512 laus,
1207 446 1297 502 ubi
1340 448 1480 503 beati
1532 450 1624 519 qui
1668 451 1916 506 habitant
1941 452 1998 507 in

421 542 583 596 domo
615 549 725 604 tua,
771 538 1015 603 Domine,
1043 538 1095 593 in
1126 538 1322 594 szecula
1354 540 1670 595 saeculorum
1704 541 2001 598 laudabunt

418 640 497 696 te,
526 632 592 685 ad
619 645 847 699 quorum
872 632 1205 685 consortium
1235 647 1333 687 nos
1354 631 1517 687 faciat
1538 633 1819 703 pervenire
1843 633 2002 688 Cluvi,

417 732 535 780 etus
558 721 715 780 Jesus
742 722 910 778 Filius
942 732 1065 779 tuus
1093 723 1353 779 Dominus
1378 733 1577 789 noster,
1605 726 1694 795 qui
1721 735 1805 780 est
1835 739 2000 794 super

417 814 601 872 omnia
630 815 772 869 Deus
803 816 1119 870 benedictus
1142 815 1194 869 in
1226 816 1442 871 smcula.

488 907 577 960 42.
603 907 841 977 Denique
868 907 992 977 quia
1026 915 1096 973 te,
1140 908 1385 974 Domine,
1418 908 1667 972 faciente,
1696 908 1785 977 qui
1816 910 2000 963 omnia

416 1000 558 1054 bene
586 999 740 1063 facis,
774 1001 1183 1056 iuvenitservus
1212 1010 1335 1055 tuus
1368 1010 1426 1054 ιιι
1459 1010 1643 1056 oraret
1674 1010 1726 1055 te
1750 1002 1999 1056 oratione

417 1089 543 1153 bac,
574 1091 694 1145 inde
728 1093 798 1145 sit
848 1091 1015 1158 gloria
1046 1092 1191 1147 Patri
1230 1092 1487 1163 ingenito,
1514 1091 1659 1148 Patri
1703 1093 1867 1150 futuri
1896 1109 1998 1147 saa-

416 1168 722 1247 culi,‘Patri
750 1198 1069 1254 pauperum,
1101 1182 1248 1238 Patri
1281 1186 1674 1254 orphanorum,
1719 1185 1866 1239 Patri
1897 1185 1999 1238 tui-

418 1272 857 1328 sericordiarum.
880 1274 1027 1329 Patri
1053 1276 1359 1345 spirituum,
1375 1274 1521 1329 Patri
1538 1274 1820 1339 luminum,
1845 1276 1994 1330 Patri

410 1368 580 1433 justo,
609 1364 758 1419 Patri
792 1374 1000 1431 sancto,
1033 1366 1123 1435 qui
1156 1368 1376 1437 proprio
1408 1367 1545 1422 Filio
1583 1381 1689 1420 non
1732 1367 1995 1436 pepercit,

413 1455 511 1509 sed
548 1470 648 1525 pro
689 1458 845 1514 nobis
873 1458 1128 1513 omnibus
1166 1460 1389 1513 tradidit
1430 1459 1596 1513 illum.
1652 1459 1754 1515 ilio
1782 1474 1909 1514 vere
1942 1468 1998 1515 et

413 1544 563 1600 solus
618 1555 702 1601 est
762 1547 924 1601 Pater
976 1557 1162 1604 noster
1198 1565 1212 1603 :
1250 1563 1280 1602 a
1332 1549 1530 1604 szeculo
1577 1565 1773 1603 nomen
1815 1564 1994 1603 suum.

412 1638 646 1693 Attende
669 1653 833 1710 ergo,
876 1639 1041 1694 Pater
1067 1650 1122 1695 et
1156 1640 1393 1705 domine,
1427 1642 1647 1696 attende
1679 1643 1745 1697 de
1775 1643 1914 1697 etelo
1941 1651 1996 1696 et

414 1729 731 1786 babitacuio
768 1742 959 1787 sancto
1014 1740 1125 1795 tuo,
1180 1742 1235 1787 et
1288 1733 1355 1788 de
1403 1734 1538 1788 solio
1577 1734 1761 1805 glorize
1790 1745 1913 1798 une,
1940 1744 1996 1789 et

412 1818 557 1883 vide,
589 1828 644 1874 et
676 1820 833 1876 visita
867 1822 1078 1877 vineam
1102 1824 1296 1878 anima:
1328 1839 1479 1889 mere,
1520 1826 1611 1895 qui
1648 1824 1700 1879 in
1727 1826 1995 1896 baptismo

412 1912 716 1983 plasmasti.
753 1912 852 1969 Ubi
888 1923 994 1979 est,
1025 1915 1270 1982 Domine,
1296 1915 1444 1971 zelus
1474 1924 1619 1978 tuus,
1646 1924 1703 1971 et
1731 1915 1993 1971 fortitudo

411 2020 556 2072 mea,
595 2006 688 2078 qui
733 2021 821 2064 me
869 2022 975 2062 non
1017 2009 1301 2063 retrahunt
1337 2008 1601 2065 violenter
1639 2018 1695 2064 et
1723 2010 1936 2079 penitus
1961 2024 1992 2064 a

409 2097 676 2165 peccato?
734 2096 850 2152 Heu
899 2098 1051 2162 mihi,
1108 2098 1355 2163 Domine,
1401 2099 1689 2153 multitudo
1722 2100 1991 2155 viscerum

409 2199 628 2244 tuorum
657 2190 1042 2245 continuerunt
1096 2206 1260 2261 super
1308 2206 1414 2246 me.
1465 2191 1646 2259 Quare
1676 2206 1763 2246 me
1804 2206 1994 2247 errare

406 2277 587 2333 fecisti
615 2279 681 2334 de
725 2280 829 2335 viis
873 2280 1004 2345 tuis,
1035 2280 1299 2336 indurasti
1343 2297 1440 2337 cor
1467 2297 1644 2338 meum
1678 2298 1747 2338 ne
1777 2284 1993 2338 timeret

407 2371 503 2427 te?
547 2371 615 2426 Et
655 2386 820 2438 nunc,
856 2372 1105 2440 Domine,
1155 2374 1316 2429 Pater
1343 2383 1532 2428 noster
1557 2389 1645 2440 es;
1670 2389 1858 2429 omnes
1892 2390 1992 2429 nos

407 2463 580 2519 lutum
613 2484 627 2520 :
659 2466 833 2521 factor
851 2475 1040 2523 noster
1061 2481 1141 2531 es,
1168 2476 1223 2522 et
1248 2484 1410 2539 opera
1444 2485 1701 2524 manuum
1750 2479 1989 2534 tuarum,

409 2553 577 2621 Deus,
609 2569 799 2610 omnes
823 2571 941 2611 nos.
974 2555 1053 2611 Ne
1080 2557 1354 2625 irascaris,
1382 2558 1630 2628 Domine,
1661 2561 1814 2624 satis,
1846 2569 1900 2615 et
1922 2575 1991 2617 ne

407 2644 553 2697 ultra
609 2645 921 2700 memineris
966 2646 1309 2715 iniquitatum
1353 2663 1619 2703 mearum.
1658 2649 1795 2705 Ecce
1844 2651 1991 2705 enim

406 2734 595 2789 omnia
656 2734 1031 2791 desiderabilia
1099 2752 1215 2792 mea
1264 2752 1424 2794 versa
1482 2748 1609 2793 sunt
1666 2739 1718 2793 in
1779 2739 1985 2795 ruinas.

408 2827 681 2898 Numquid
713 2842 874 2898 super
894 2828 959 2884 iis
988 2829 1291 2885 continebis
1313 2837 1384 2895 te,
1411 2830 1652 2893 Domine,
1685 2830 1907 2898 tacebis,
1936 2840 1992 2886 et

408 2917 615 2990 amiges
636 2932 723 2974 me
746 2919 1137 2974 vehementer?
1157 2919 1338 2985 Pater,
1371 2920 1587 2989 peccavi
1627 2920 1678 2973 in
1710 2920 1907 2976 eteltun
1934 2929 1990 2976 et

2104 452 2383 507 luciferum
2427 454 2479 507 in
2504 453 2657 508 etelis
2686 454 2872 524 genuit
2902 453 3273 545 Unigenitum,
3299 462 3355 507 et
3388 454 3543 509 beata
3576 454 3686 508 Ma-

2105 545 2184 598 ria
2219 545 2386 613 Virgo
2417 543 2542 598 felix
2567 543 2738 599 Mater
2766 552 2854 597 tua
2904 544 2959 599 in
2992 544 3155 597 terris
3174 543 3383 613 peperit
3411 545 3685 615 primoge—

2103 638 2300 702 nitum,
2350 647 2471 707 post
2499 635 2924 706 quenrnullum.
2965 635 3018 689 In
3045 634 3198 703 cujus
3229 635 3509 689 nativitate
3538 634 3685 691 facta

2101 736 2186 782 est
2235 725 2522 782 multitudo
2562 726 2802 783 ctelestis
2837 726 3114 781 exercitus
3150 725 3488 779 laudantium
3518 738 3574 780 ct
3597 728 3685 781 di-

2101 820 2339 875 centium
2369 837 2383 872 :
2418 819 2528 874 Deo
2553 819 2723 891 gloria
2750 819 2802 873 in
2834 818 3085 874 excelsis.
3118 817 3185 871 Et
3210 818 3437 885 Spiritui
3467 828 3684 882 sancto.

2102 927 2208 965 non
2261 909 2426 976 facto,
2476 925 2581 965 non
2625 919 2832 974 creato,
2874 925 2980 964 non
3007 912 3209 979 genito,
3248 909 3342 963 sed
3375 924 3406 962 a
3444 908 3609 963 Patre
3628 917 3684 964 et

2103 997 2243 1058 Fili’o
2272 1002 2605 1075 procedenti,
2663 1003 2756 1073 qui
2802 1001 3078 1057 ferebatur
3119 1000 3171 1055 in
3210 1000 3478 1070 principio
3520 1016 3686 1071 super

2101 1109 2308 1163 aquas:
2342 1094 2435 1163 qni
2475 1101 2560 1149 est
2609 1092 2755 1149 Deus
2801 1092 3090 1163 Spirituum
3141 1091 3320 1146 omnis
3368 1100 3682 1146 creatum:

2099 1186 2190 1256 qui
2247 1186 2459 1242 locutus
2508 1194 2594 1242 est
2650 1200 2748 1256 per
2810 1184 3099 1255 prophetas
3132 1202 3148 1236 :
3183 1186 3273 1252 qui
3318 1193 3403 1239 est
3456 1183 3684 1253 spiritus

2100 1279 2399 1347 sapientiae,
2434 1276 2802 1347 intelligentire
2822 1284 2873 1329 et
2889 1274 3101 1339 salutis,
3124 1274 3215 1344 qui
3244 1274 3467 1344 replevit
3491 1275 3682 1329 orbem

2102 1376 2366 1423 terrarum
2406 1388 2420 1424 :
2459 1369 2549 1438 qui
2582 1384 2679 1423 nos
2723 1368 2853 1422 facit
2895 1366 3187 1436 gemitibus
3227 1366 3683 1421 inenarrabilibus

2101 1461 2412 1529 postulare:
2445 1460 2535 1531 qui
2579 1458 2873 1529 discipulos
2911 1459 3002 1514 Dei
3029 1467 3083 1513 et
3112 1456 3321 1513 Domini
3353 1457 3523 1512 nostri
3552 1455 3682 1512 Jesu

2099 1551 2299 1607 Christi
2325 1567 2384 1608 se
2413 1552 2528 1622 ipso
2561 1551 2806 1621 replevit,
2839 1560 2894 1605 et
2923 1550 2976 1604 in
3007 1548 3204 1619 linguis
3232 1548 3403 1619 igneis
3430 1548 3685 1618 apparuit

2100 1659 2263 1714 super
2287 1659 2401 1700 eos.
2433 1642 2479 1700 Ο
2504 1642 2741 1711 Spiritus
2775 1649 2964 1697 sancte
2996 1642 3158 1705 Deus,
3189 1639 3279 1711 qui
3311 1655 3371 1695 es
3404 1640 3544 1710 ignis
3571 1654 3683 1694 non

2099 1751 2421 1793 consumens
2470 1735 2565 1791 sed
2617 1734 2821 1798 lucens,
2871 1748 2976 1788 non
3008 1733 3335 1788 comburens
3362 1732 3457 1786 sed
3489 1746 3681 1798 urens,

2097 1846 2194 1885 ure
2221 1843 2377 1884 renes
2406 1842 2554 1882 meos
2597 1836 2653 1881 et
2696 1840 2792 1882 cor
2824 1840 3024 1889 meum,
3057 1833 3118 1879 ut
3151 1822 3247 1877 tibi
3275 1832 3427 1878 casto
3450 1836 3682 1891 corpore

2096 1924 2351 1986 serviam,
2398 1929 2454 1975 et
2494 1920 2738 1989 placeam
2777 1917 2976 1971 mundo
3005 1915 3191 1971 corde.
3221 1913 3266 1970 Ο
3304 1914 3443 1985 ignis
3473 1914 3683 1979 divine,

2095 2015 2187 2083 qui
2221 2028 2374 2068 amor
2401 2027 2461 2067 es
2490 2010 2747 2072 alliciens,
2791 2018 2846 2063 et
2880 2008 3043 2062 ardor
3071 2006 3404 2069 indeﬁciens,
3438 2005 3683 2059 charitas

2098 2107 2239 2162 Deus
2273 2119 2447 2169 meus,
2477 2103 2713 2159 acceude
2759 2115 2866 2155 me.
2909 2099 3043 2163 Quis
3087 2097 3220 2153 mihi
3269 2097 3361 2151 det
3391 2106 3451 2151 ut
3491 2096 3682 2151 venias

2095 2199 2148 2254 in
2181 2213 2278 2253 cor
2306 2211 2505 2260 meum,
2533 2202 2589 2251 et
2614 2193 2851 2248 iuebrics
2880 2190 3105 2253 illud,et
3126 2186 3466 2244 obliviscaris
3495 2188 3680 2242 omnia

2094 2287 2236 2344 mala
2284 2301 2425 2352 mea,
2470 2295 2527 2341 et
2567 2284 2866 2355 amplectar
2893 2297 3060 2338 unum
3088 2290 3145 2336 et
3172 2294 3443 2335 summum
3478 2279 3677 2332 bonum

2093 2394 2290 2438 meum,
2318 2378 2459 2448 quod
2489 2386 2542 2431 tu
2565 2376 2648 2431 es?
2662 2375 2807 2437 Mihi,
2835 2373 3079 2437 Domine,
3101 2371 3378 2434 miserere,
3404 2377 3468 2424 ut
3490 2368 3681 2439 loquar

2091 2485 2216 2526 cum
2244 2470 2353 2525 sim
2377 2468 2551 2539 pulvis
2575 2476 2632 2523 et
2657 2466 2814 2521 cinis.
2841 2464 2973 2532 Quis
3004 2464 3099 2519 tibi
3129 2478 3250 2517 sum
3275 2477 3400 2531 ego,
3431 2460 3677 2516 utamari

2092 2578 2123 2618 a
2169 2576 2257 2617 me
2288 2570 2340 2616 te
2370 2559 2597 2629 jubeas;
2636 2568 2690 2613 et
2736 2557 2840 2612 nisi
2889 2556 3108 2620 faciam,
3149 2553 3407 2609 irascaris
3438 2553 3572 2606 mihi
3623 2561 3679 2607 et

2092 2652 2318 2713 mineris
2359 2652 2600 2722 ingentes
2651 2648 2932 2704 miserias?
2982 2647 3229 2701 Parvanc
3292 2652 3377 2699 est
3453 2642 3676 2699 miseria

2092 2761 2237 2811 mea,
2263 2746 2307 2800 si
2336 2761 2441 2801 non
2466 2759 2639 2799 amem
2668 2743 2760 2799 te?
2788 2742 2832 2799 Ο
2860 2756 3018 2797 amor
3037 2740 3273 2811 Spiritus
3292 2748 3483 2795 sancte
3510 2739 3675 2803 Deus,

2090 2841 2362 2911 promittis
2385 2840 2516 2895 mihi
2541 2838 2704 2893 multa
2733 2839 2895 2903 bona,
2924 2837 2968 2892 si
2996 2852 3171 2891 amem
3197 2845 3282 2890 te:
3310 2835 3376 2887 da
3408 2843 3457 2887 te
3476 2835 3674 2900 solum,

2091 2929 2181 2997 qui
2209 2944 2364 2983 amor
2390 2943 2468 2993 es,
2502 2937 2557 2983 et
2585 2927 2783 2982 sulIicit
2808 2927 2940 2981 mihi
2969 2940 2984 2980 :
3019 2926 3083 2981 da
3110 2923 3448 2995 quodjubes,
3474 2922 3677 2991 etjube

408 3025 595 3066 coram
621 3020 692 3079 te,
713 3010 826 3081 jam
858 3028 964 3068 non
1008 3027 1127 3068 sum
1173 3013 1370 3084 dignus
1409 3013 1591 3069 vocari
1633 3013 1777 3068 filius
1814 3022 1938 3068 tuus
1969 3030 1983 3066 :
2016 3040 2061 3103 ο
2092 3025 2235 3089 quod
2271 3021 2376 3085 vis,
2421 3034 2609 3075 amore
2651 3019 2850 3074 amoris
2882 3018 2980 3072 tui.
3017 3017 3141 3072 Haec
3188 3026 3313 3087 peto
3339 3032 3369 3071 ιι
3401 3025 3477 3082 te,
3497 3017 3588 3085 qui
3614 3031 3676 3070 es

406 3104 504 3160 sed
529 3115 751 3175 propter
788 3114 933 3161 tuam
971 3103 1295 3160 ineﬂabilem
1321 3106 1598 3174 pietatem,
1625 3104 1709 3159 fac
1738 3119 1822 3159 me
1848 3105 1990 3159 sicut

404 3208 574 3249 unum
604 3195 672 3250 de
710 3194 1064 3250 mercennariis
1114 3196 1241 3251 tuis.
1291 3194 1456 3264 Cujus
1493 3196 1568 3250 rei
1610 3195 1786 3266 gratia
1829 3194 1988 3250 ﬂecto

405 3301 579 3357 genua
612 3301 731 3342 mea
760 3287 827 3340 ad
855 3295 906 3342 te
932 3286 1146 3342 Patrem
1176 3287 1388 3341 Domini
1414 3288 1582 3341 nostri
1601 3286 1729 3342 Jesu
1758 3286 1985 3351 Christi,

404 3363 439 3430 ει
467 3392 575 3447 quo
600 3379 652 3431 in
679 3378 816 3433 ccelo
837 3388 891 3432 et
930 3379 983 3432 in
1024 3388 1170 3434 terra
1199 3378 1378 3432 omnis
1407 3378 1707 3446 pateruitas
1736 3376 1987 3431 nomina-

402 3479 517 3534 tur,
545 3480 604 3523 ut
633 3471 728 3524 des
765 3470 899 3524 mihi
934 3470 1229 3524 secundum
1274 3469 1493 3523 divitias
1521 3468 1705 3539 gloriae
1727 3477 1830 3523 tua:
1853 3482 1984 3523 con—

403 3561 684 3625 stantiam,
746 3569 803 3613 et
850 3560 1105 3614 virtutem
1154 3561 1500 3615 corroborari
1557 3575 1654 3630 per
1716 3560 1982 3629 Spiritum

402 3658 649 3706 sanctum
691 3657 840 3704 tuum
892 3650 946 3704 in
988 3649 1248 3705 interiore
1299 3650 1541 3717 homine,
1596 3660 1652 3706 et
1705 3650 1981 3707 Christum

400 3743 650 3798 habitare
678 3742 732 3796 in
771 3741 934 3797 corde
961 3756 1081 3796 meo
1119 3757 1219 3812 per
1256 3741 1438 3807 tidem,
1470 3758 1591 3812 qua:
1617 3758 1714 3813 per
1735 3742 1981 3798 dilectio.-

401 3848 525 3888 uem
559 3832 652 3887 tibi
682 3830 1017 3901 beneplacita
1034 3842 1307 3902 operetur.
1339 3834 1458 3889 Tibi
1484 3845 1665 3889 autem
1688 3833 1859 3901 Patri,
1886 3835 1980 3904 qui

398 3932 593 3994 potens
618 3937 677 3979 es
697 3925 881 3978 omnia
908 3924 1063 3978 nobis
1087 3922 1274 3979 facere
1307 3924 1650 3979 abundanter
1671 3924 1792 3993 plus
1813 3939 1979 3994 quam

398 4016 653 4085 petimus,
686 4024 741 4070 et
769 4015 909 4086 quod
942 4014 1064 4085 plus
1099 4015 1485 4086 intelligamus,
1515 4030 1678 4084 quam
1708 4024 1978 4085 petamus,

398 4106 775 4177 intelligimus,
803 4106 875 4161 sit
898 4104 1071 4174 gloria
1102 4104 1156 4159 in
1185 4104 1424 4172 Christo,
1450 4115 1506 4161 et
1534 4106 1587 4161 iu
1629 4105 1895 4171 Ecclesia,
1922 4117 1981 4163 et

395 4199 452 4253 in
485 4213 676 4254 omnes
727 4199 1104 4268 generationes
1133 4199 1312 4255 saeculi
1360 4200 1697 4257 saeculorum.
1727 4202 1796 4257 Et
1839 4201 1976 4259 Filio

396 4303 491 4348 tuo
515 4294 808 4365 unigenito,
840 4294 996 4365 cujus
1022 4295 1250 4365 gloriam
1286 4297 1546 4365 vidimus,
1569 4299 1799 4369 gloriam
1818 4304 1974 4373 quasi

2092 3111 2331 3182 Spiritus
2358 3127 2521 3183 super
2567 3112 2672 3166 mel
2716 3110 2909 3166 dulcis.
2953 3110 3073 3165 Tibi
3111 3125 3240 3177 ergo
3279 3108 3424 3163 Patri
3455 3119 3509 3163 et
3536 3109 3674 3163 Filio

2089 3212 2145 3259 et
2186 3202 2408 3273 Spiritui
2445 3208 2656 3267 sancto,
2708 3202 2851 3257 trino
2892 3211 2948 3256 et
2983 3217 3091 3257 uno
3130 3200 3258 3265 Deo,
3303 3215 3518 3271 magno,
3553 3201 3675 3253 uni-

2087 3309 2265 3358 verso,
2296 3303 2521 3358 aeterno,
2570 3293 3101 3363 oxnnipotentissimo
3129 3302 3182 3346 et
3206 3291 3440 3354 excelso,
3483 3292 3556 3345 sit
3597 3292 3671 3346 de

2089 3395 2197 3442 tota
2226 3388 2473 3443 oratione
2496 3389 2604 3451 hac
2634 3388 2804 3456 gloria
2841 3397 2898 3443 et
2929 3388 3202 3457 jubilatio,
3232 3387 3350 3441 laus
3381 3395 3438 3440 et
3463 3386 3673 3455 gratia-

2086 3492 2206 3531 rum
2236 3478 2397 3542 actio,
2432 3478 2608 3533 honor
2642 3486 2697 3533 et
2725 3477 3013 3546 imperium
3046 3476 3437 3547 sempiternum
3468 3492 3482 3531 :
3528 3476 3675 3529 sicut

2085 3576 2203 3621 erat
2240 3568 2294 3621 in
2321 3568 2608 3637 principio,
2641 3568 2749 3622 imo
2793 3575 2919 3621 ante
2968 3566 3319 3635 principium,
3346 3564 3473 3634 quia
3517 3566 3672 3633 prius

2083 3673 2244 3727 quam
2272 3667 2483 3714 montes
2506 3659 2717 3723 tierent,
2738 3668 2831 3713 aut
2854 3657 3223 3713 formarentur
3245 3667 3389 3712 terra
3415 3667 3472 3711 ct
3492 3658 3668 3723 orbis,

2083 3763 2113 3803 a
2144 3750 2342 3825 saeculo
2376 3759 2431 3808 et
2462 3751 2518 3804 in
2548 3749 2804 3805 saeculum
2835 3758 2891 3802 tu
2924 3763 2986 3803 es
3014 3748 3156 3803 Deus
3184 3747 3666 3817 superlatttlabilas,

2082 3851 2137 3898 et
2164 3841 2661 3911 supergloriosusiu
2679 3840 2931 3896 omnibus
2961 3839 3214 3906 sarculis:
3244 3848 3301 3894 et
3328 3854 3472 3893 nunc
3498 3840 3669 3893 etiam

2082 3931 2135 3984 in
2163 3932 2417 4000 prmsenti
2442 3930 2770 3985 rlarilicatus
2795 3946 2855 3985 es
2880 3929 2932 3983 in
2961 3930 3138 3993 nobis,
3169 3928 3260 3998 qui
3287 3943 3503 3995 semper
3534 3928 3585 3981 in
3612 3935 3668 3981 te

2081 4024 2262 4079 clarus
2303 4036 2365 4078 es
2389 4022 2659 4088 claritate,
2686 4035 2868 4091 quaur
2888 4020 3123 4077 habuisti
3153 4029 3282 4075 ante
3310 4033 3471 4088 quam
3500 4034 3666 4072 munc

2079 4115 2183 4171 dus
2213 4114 2369 4169 ﬁeret
2406 4115 2546 4184 apud
2577 4124 2648 4170 te.
2683 4115 2749 4169 Et
2795 4130 2862 4169 ex
2895 4114 2982 4168 illa
3012 4113 3285 4176 claritate,
3314 4127 3438 4182 qua:
3481 4112 3535 4167 in
3574 4127 3667 4168 me

2077 4225 2175 4280 per
2197 4209 2379 4274 fidem,
2415 4208 2508 4264 tibi
2559 4208 2632 4263 sit
2675 4208 2801 4262 inde
2826 4207 2997 4278 gloria
3030 4224 3044 4261 :
3091 4215 3147 4261 et
3190 4205 3245 4260 in
3273 4206 3376 4260 hoc
3406 4204 3663 4272 prazscuti

2076 4317 2221 4358 nunc
2249 4303 2410 4371 cupio
2439 4301 2593 4370 sequi
2619 4308 2669 4357 te
2699 4300 2752 4355 in
2783 4308 2896 4355 toto
2912 4299 3076 4355 corde
3103 4307 3159 4353 et
3192 4299 3406 4363 timore,
3429 4306 3486 4352 et
3511 4312 3664 4366 qua»

395 4384 674 4457 Uuigeniti
712 4399 744 4441 a
779 4386 959 4444 Patre.
990 4388 1211 4443 Etcum
1251 4388 1421 4445 Deum
1455 4390 1652 4446 viderit
1683 4408 1845 4448 nemo
1870 4412 1973 4450 un-
2008 4403 2053 4458 Ι)
2082 4410 2201 4448 rere
2251 4393 2443 4448 faciem
2485 4403 2655 4448 tuam.
2706 4391 2784 4447 Ne
2820 4391 3123 4447 confundas
3162 4406 3248 4446 me
3275 4391 3344 4445 ab
3370 4398 3660 4460 exspecta-

396 4494 580 4550 quam,
612 4480 729 4550 ipse
766 4488 946 4536 tamen
988 4482 1124 4538 vidit
1151 4497 1273 4537 eum
1304 4484 1617 4555 unigenitus
1644 4485 1838 4558 Filius,
1882 4489 1977 4558 qui

394 4576 479 4623 est
509 4569 563 4623 in
609 4569 730 4624 sinu
769 4570 967 4626 Patris.
1013 4572 1071 4626 ln
1100 4587 1262 4642 quem
1288 4587 1388 4645 ego
1419 4588 1486 4630 ex
1524 4583 1638 4630 toto
1667 4578 1830 4632 corde
1855 4592 1975 4633 meo

395 4658 630 4714 firmiter
658 4661 819 4715 credo
851 4676 867 4714 :
903 4671 959 4716 et
1007 4664 1326 4735 simpliciter
1370 4665 1655 4735 confiteor,
1705 4670 1849 4739 quod
1881 4670 1974 4741 qui

391 4766 502 4806 non
537 4751 709 4806 credit
738 4751 792 4804 in
824 4767 968 4817 eum,
999 4754 1109 4821 jam
1131 4755 1406 4824 judicatus
1435 4768 1540 4824 est,
1570 4761 1695 4829 quia
1725 4776 1832 4816 non
1856 4777 1975 4816 cre-

392 4842 473 4896 dit
491 4843 541 4895 in
573 4842 792 4896 nomine
824 4844 1084 4913 untgeniti
1114 4845 1234 4901 Filii
1272 4847 1389 4901 Dei.
1416 4848 1471 4903 In
1506 4850 1610 4903 hoc
1640 4850 1782 4904 enim
1812 4866 1974 4921 appa-

388 4933 502 4987 ruit
525 4934 766 4990 cbaritas
797 4933 975 4989 Patris
1001 4937 1054 4989 in
1094 4937 1271 5005 nobis,
1297 4941 1553 5009 quoniam
1594 4941 1788 4995 Filium
1814 4957 1970 4997 suum

388 5026 728 5097 unigenitum
775 5027 922 5081 misit
978 5027 1120 5082 Deus
1176 5029 1229 5082 in
1280 5032 1564 5095 mundum,
1609 5042 1667 5086 ttt
1718 5033 1970 5087 vivamus

389 5134 489 5189 per
515 5134 639 5173 eum
677 5118 771 5187 qui
812 5117 913 5171 fuit
946 5118 1203 5173 nbediens
1230 5122 1278 5174 ei
1314 5136 1483 5189 usque
1514 5124 1581 5175 ad
1609 5132 1860 5177 mortem.

460 5211 550 5266 45.
591 5210 669 5265 Tu
711 5225 863 5280 ergo,
888 5211 990 5265 Fili
1031 5212 1123 5266 Dei
1166 5213 1271 5265 vivi
1310 5214 1608 5282 unigenite,
1642 5216 1973 5284 Redemptor

392 5305 578 5358 mundi
622 5304 783 5367 Deus,
821 5304 1082 5359 miserere
1132 5305 1257 5359 mei.
1286 5304 1404 5359 Tibi
1437 5306 1580 5360 enim
1626 5307 1777 5361 dedit
1814 5316 1970 5376 pote-

391 5405 585 5449 Slulem
627 5395 889 5463 judicium
915 5395 1116 5451 facere.
1159 5397 1265 5452 Sed
1308 5397 1549 5466 supplico
1582 5399 1676 5452 tibi
1713 5408 1774 5453 ut
1820 5416 1971 5469 prius

390 5487 523 5538 mihi
559 5488 832 5553 peccaturi
864 5498 1083 5556 peccata
1109 5488 1373 5551 dimittas,
1395 5506 1556 5557 quam
1611 5492 1677 5545 ad
1719 5492 1975 5559 judican-

394 5574 520 5628 dum
551 5591 637 5629 me
683 5579 909 5632 venias:
939 5589 993 5632 et
1053 5589 1180 5634 tunc
1221 5581 1301 5635 sic
1340 5580 1521 5650 judica
1568 5596 1675 5645 me,
1719 5581 1882 5646 Dens,
1910 5590 1971 5636 ut

393 5665 671 5731 discernes
703 5677 758 5722 et
796 5684 1015 5741 separes
1042 5672 1236 5737 animo:
1274 5688 1404 5729 mete
1440 5688 1661 5737 causam
1711 5675 1777 5733 de
1804 5683 1963 5747 gente

2081 4483 2227 4539 tione
2263 4497 2403 4548 mea,
2447 4484 2541 4539 sed
2579 4484 2664 4539 fac
2711 4499 2922 4541 mecum
2955 4482 3250 4539 secundum
3283 4481 3661 4537 mansuetudi-

2077 4590 2200 4630 nem
2227 4586 2400 4640 tuam,
2429 4584 2484 4631 et
2510 4575 2807 4631 secundum
2839 4573 3234 4629 multitudinem
3268 4570 3663 4627 misericordia

2078 4674 2204 4730 tuae,
2244 4672 2300 4720 et
2334 4678 2466 4719 erue
2510 4678 2597 4719 me
2633 4664 2700 4719 de
2740 4662 2960 4718 fornace
2990 4662 3199 4732 peccati
3233 4662 3288 4715 in
3320 4659 3661 4715 mirabilibus

2077 4758 2204 4820 tuis,
2239 4764 2295 4811 et
2344 4756 2413 4811 da
2459 4770 2601 4810 nunc
2631 4754 2860 4825 gloriam
2908 4754 3113 4809 nomini
3166 4766 3282 4817 tuo,
3329 4753 3458 4822 quia
3507 4759 3564 4804 tu
3596 4764 3663 4805 es

2077 4850 2338 4904 Dominus
2366 4849 2507 4905 Deus
2519 4848 2664 4903 solus
2689 4847 2959 4916 gloriosus
2981 4863 3142 4916 super
3162 4847 3349 4903 orbem
3381 4856 3659 4900 terrarum

2076 4949 2130 4994 et
2179 4954 2410 5009 semper.
2445 4938 2585 5004 Quia
2620 4939 2798 4994 omnis
2832 4939 3096 5007 sapientia
3148 4953 3178 4992 a
3216 4949 3267 4993 te
3294 4936 3518 4992 domino
3546 4935 3659 4989 Deo

2075 5040 2179 5096 est,
2210 5040 2266 5086 et
2302 5031 2403 5085 fuit
2432 5045 2668 5099 semper,
2713 5036 2767 5084 et
2804 5041 2888 5085 est
2925 5038 3052 5086 ante
3080 5045 3276 5085 alvum.
3311 5028 3659 5097 Sempitema

2073 5133 2157 5177 est
2193 5136 2408 5193 quoque
2446 5123 2620 5178 virtus
2656 5132 2767 5186 tua,
2812 5129 2977 5191 atque
3025 5122 3281 5176 divinitas
3318 5138 3331 5173 :
3365 5135 3490 5188 qua}
3526 5133 3654 5172 cum

2078 5229 2165 5268 mc
2203 5215 2377 5282 possit
2401 5214 2596 5269 darein
2619 5213 2972 5283 opprobrium
2997 5209 3659 5281 sempiternum,imploro

2078 5316 2223 5360 tuam
2260 5307 2701 5376 omnipotentiam
2752 5304 3163 5373 sempiternam,
3196 5312 3253 5356 ut
3285 5303 3417 5356 mihi
3456 5316 3657 5356 concc-

2074 5398 2170 5453 das
2220 5399 2396 5466 potius
2448 5398 2641 5468 gaudia
2691 5397 3044 5467 sempiterna.
3085 5395 3163 5449 Tu
3206 5396 3349 5449 enim
3405 5410 3467 5449 es
3505 5395 3654 5451 Deus

2073 5490 2457 5557 sempiternus,
2514 5489 2603 5558 qui
2652 5489 2847 5544 creasti
2902 5488 3163 5542 terminos
3206 5495 3383 5548 teme,
3413 5486 3503 5554 qui
3548 5500 3655 5540 nec

2073 5582 2288 5648 incipis,
2317 5596 2417 5636 nec
2461 5582 2682 5644 desinis,
2734 5579 2829 5635 sed
2879 5588 2963 5636 est
2989 5580 3085 5633 tibi
3128 5580 3297 5650 gloria
3334 5587 3390 5634 et
3418 5593 3565 5635 nunc
3592 5584 3651 5634 et

2071 5687 2306 5743 semper,
2338 5681 2392 5726 et
2424 5672 2474 5726 in
2504 5670 2694 5735 srecula
2732 5671 3070 5732 steculorum.
