3906 6058
230 269 334 330 833

1260 267 1642 326 MEDITATIO
1690 269 1758 325 ΙΝ
1801 271 1998 328 PSAL.
2039 268 2417 328 IIISEREllE.

3398 259 3504 318 85$

303 383 391 438 4-1.
432 381 476 436 0
499 395 594 436 rex
624 381 944 438 surculorum
978 382 1322 450 immortalis,
1356 385 1660 452 invisibilis,
1685 397 1815 456 quot
1842 392 1890 450 Α
1921 386 2072 442 Unde
2105 395 2216 441 tres
2245 379 2670 454 signiﬁcationes
2699 377 2802 432 hoc
2829 373 3150 430 vocabulum
3180 373 3384 430 habere
3404 389 3502 428 vo-

233 484 422 530 aelates
455 473 616 542 lapsae
641 483 786 540 sunt,
815 483 944 542 quot
981 473 1180 529 saecula
1222 477 1574 542 transierunt,
1601 485 1656 532 et
1681 485 1814 546 quot

235 565 418 620 futura
465 575 612 629 sunt,
653 567 888 620 mutabis
919 581 982 622 ea
1012 577 1067 622 et
1101 570 1474 623 mutabuntur.
1523 569 1600 624 Tu
1632 580 1814 625 autem

233 659 327 728 qui
359 659 562 726 dixisti,
591 658 701 728 Ego
733 660 964 729 suntqui
997 675 1138 725 sum,
1170 662 1311 716 idem
1343 661 1458 731 ipse
1488 677 1546 718 es
1574 662 1626 718 in
1654 673 1814 718 teter-

235 764 366 802 num
401 748 752 804 immutabilis
807 759 862 806 et
901 752 1266 820 omnipotens,
1323 753 1466 823 apud
1506 769 1667 823 quem
1708 769 1814 808 non

233 852 316 894 est
340 842 720 896 transmutatio
746 857 842 897 nec
871 842 1259 898 vicissitudinis
1283 845 1646 900 obumbratio.
1663 844 1818 900 Licet

231 933 378 988 enim
415 933 596 988 omnia
627 934 736 988 sint
777 949 842 989 ex
881 944 953 1000 te,
987 943 1040 990 et
1083 950 1180 1005 per
1227 945 1301 1000 te,
1327 946 1381 991 et
1416 937 1470 990 in
1501 944 1570 1000 te,
1608 953 1712 990 non
1739 945 1818 990 ta-

232 1039 356 1078 men
389 1033 514 1078 sunt
557 1025 699 1094 quod
731 1033 786 1080 tu
821 1041 898 1090 es,
926 1025 1018 1095 qui
1059 1041 1120 1080 es
1145 1035 1385 1092 mutans,
1422 1042 1527 1082 non
1556 1035 1816 1092 mutatus,

233 1115 462 1180 faciens,
495 1130 740 1182 movens,
787 1117 883 1171 sed
925 1130 1167 1172 manens.
1207 1117 1420 1172 Etcum
1451 1118 1644 1172 beatus
1686 1131 1816 1186 apo-

229 1213 408 1264 stolus
453 1216 576 1262 tuus
613 1209 778 1274 dicat,
819 1209 962 1278 quod
1011 1225 1114 1266 nos
1147 1225 1360 1275 sumus,
1407 1210 1461 1264 in
1503 1224 1638 1280 quos
1685 1209 1820 1265 ﬁnes

235 1297 560 1353 saeculorum
623 1297 990 1366 devenerunt;
1045 1300 1336 1355 aeternitati
1401 1309 1506 1356 tum
1552 1299 1816 1370 supplico,

235 1387 378 1442 Deus
407 1403 582 1452 meus,
612 1397 670 1441 ut
715 1388 770 1442 in
809 1405 895 1444 me
923 1391 1004 1445 sic
1033 1391 1278 1461 digneris
1306 1391 1532 1461 implere
1557 1393 1818 1461 apostoli-

235 1495 358 1534 cum
389 1480 530 1535 istud
560 1481 806 1548 verbum,
855 1491 912 1536 ut
943 1483 1198 1539 sreculum
1232 1484 1315 1540 vel
1349 1485 1704 1554 saecularitas,
1728 1486 1819 1556 qui

233 1587 322 1627 me
355 1573 674 1628 canonicum
701 1575 786 1630 vel
807 1576 1132 1632 monachum
1157 1577 1292 1634 adeo
1321 1576 1451 1632 facit
1472 1578 1818 1644 saecularem,

237 1670 380 1736 quod
407 1667 510 1722 hoc
539 1667 866 1737 adjectivum
893 1677 1066 1724 totum
1098 1685 1254 1725 suum
1289 1672 1342 1724 in
1373 1687 1460 1726 me
1485 1671 1742 1727 absorbet
1767 1681 1821 1726 et

237 1761 494 1826 destruit,
525 1762 922 1818 substantivum
971 1765 1025 1819 in
1053 1780 1141 1820 me
1179 1765 1362 1820 taliter
1407 1765 1647 1832 ﬁniatur,
1673 1767 1820 1836 quod
1852 1745 1896 1804 Β

241 1853 310 1906 de
363 1862 561 1908 czetero
599 1855 812 1924 negotia
858 1855 1144 1912 saecularia
1191 1872 1280 1912 me
1329 1872 1435 1912 non
1490 1847 1730 1924 trahant,
1771 1869 1827 1914 et

239 1943 484 1998 turbent.
527 1944 824 2013 Exceptum
865 1961 892 2000 a
920 1944 1301 2015 iurisdictione
1333 1947 1514 2004 surculi
1543 1941 1702 2016 hujus
1731 1964 1828 2005 ne-

236 2050 424 2104 quam,
455 2035 522 2091 ad
569 2036 658 2092 illa
689 2037 896 2092 inﬁnita
931 2039 1126 2094 saecula
1163 2053 1248 2094 me
1287 2037 1454 2094 facias
1485 2040 1745 2110 cogitare,
1773 2048 1828 2095 et

237 2137 424 2195 postea
461 2143 582 2183 cum
630 2131 766 2184 vivis
815 2139 869 2184 et
915 2131 1310 2186 confessionem
1351 2131 1609 2187 dantibus
1635 2147 1826 2200 perve-

236 2220 378 2284 nire,
405 2236 494 2290 qm
535 2231 662 2276 sunt
689 2232 876 2292 partes
903 2224 1083 2278 saeculi
1117 2225 1314 2289 sancti,
1346 2234 1400 2278 et
1427 2223 1624 2280 smcula
1657 2239 1828 2279 seacu-

235 2311 434 2366 lorum.
475 2313 646 2368 Didici
694 2315 863 2379 enim,
891 2315 1136 2382 Domine,
1167 2318 1312 2386 quod
1345 2317 1472 2372 illud
1503 2317 1696 2372 saecula
1727 2331 1825 2372 saa-

237 2407 483 2461 culorum
522 2423 554 2462 a
593 2405 762 2464 latino
793 2410 1089 2479 interprete
1126 2411 1346 2479 ponitur
1374 2425 1474 2482 pro
1501 2419 1706 2466 aeterno
1731 2427 1745 2477 ;
1771 2418 1826 2465 et

236 2497 380 2566 quod
407 2500 656 2568 repetitio
671 2499 898 2555 dicentis
921 2502 1114 2556 saecula
1143 2503 1490 2570 steculornm,
1522 2503 1590 2559 ad
1619 2513 1824 2558 aeterna

237 2588 406 2642 mittit
435 2589 676 2644 animum
706 2591 992 2662 cogitantis
1023 2608 1038 2646 :
1073 2602 1126 2648 et
1161 2594 1278 2650 haec
1321 2604 1446 2649 sunt
1477 2594 1569 2649 illa
1597 2604 1823 2662 aeterna,

237 2678 588 2748 immortalia,
633 2681 842 2736 inﬁnita
882 2691 1220 2750 testamenta,
1255 2687 1449 2740 smcula
1479 2684 1822 2751 saeculorum,

238 2787 360 2840 quae
395 2773 526 2842 justi
575 2783 696 2843 post
743 2775 846 2830 ista
889 2775 1082 2831 saecula
1125 2779 1412 2846 praesentia
1459 2785 1514 2833 et
1544 2777 1823 2832 mutabilia

239 2865 648 2920 immutabilitor
697 2878 1114 2938 consequentur.
1159 2869 1216 2923 in
1265 2871 1462 2940 quibus
1501 2869 1824 2926 sazculorum

239 2956 336 3011 tibi
368 2959 576 3012 auctori
603 2959 778 3014 solum
809 2961 880 3015 sit
915 2962 1085 3030 gloria
1115 2964 1468 3031 sempiterna.

310 3051 401 3105 45.
443 3053 626 3108 Amen.
655 3055 699 3109 0
728 3055 872 3110 Deus
904 3055 1274 3121 Hebraeorum,
1298 3057 1440 3111 scire
1468 3071 1552 3110 me
1580 3053 1818 3118 voluisti,

239 3145 384 3210 quod
425 3159 581 3196 amen
631 3159 732 3199 nec
759 3159 1018 3214 graecum,
1071 3161 1170 3200 nec
1207 3145 1432 3200 latinum
1464 3155 1563 3206 est,
1597 3145 1692 3199 sed
1735 3151 1818 3198 est

240 3234 537 3298 hebraeum,
590 3243 644 3289 et
695 3245 914 3306 prepter
960 3237 1041 3290 sui
1089 3237 1464 3292 excellentiam
1495 3237 1813 3290 translatum

241 3341 348 3380 nun
401 3325 502 3378 luit
537 3326 605 3381 ab
651 3327 1039 3396 interpretibus
1085 3329 1166 3382 vel
1207 3337 1495 3394 mutatum,
1525 3337 1584 3381 ut
1623 3341 1819 3380 nomen

242 3421 393 3467 tuum
426 3416 568 3484 quod
607 3423 690 3470 est
735 3415 982 3470 mirabile
1022 3425 1076 3470 et
1127 3417 1462 3472 immutabile
1491 3416 1819 3488 designaret.

315 3615 414 3697 (6")
455 3615 1040 3697 llaptenusﬁnselmus
1079 3616 1525 3697 _Cantnariensis.
1567 3615 1813 3697 Namque

242 3687 480 3742 Anselnti
531 3686 792 3741 Lucensis
831 3689 1126 3742 summaria
1179 3703 1269 3742 seu
1309 3687 1542 3754 capitula
1573 3687 1810 3741 universi

244 3758 426 3826 aperis
463 3757 710 3812 canonici
755 3773 822 3812 ex
877 3759 1100 3826 integris
1145 3758 1422 3826 codicibus
1467 3757 1711 3810 dedimus
1759 3758 1812 3808 in

247 3825 718 3907 Spicilegioliom.
767 3840 804 3882 t.
843 3827 924 3882 Vl.
964 3827 1294 3907 Et_qui_dem
1327 3825 1440 3907 Nic.
1475 3826 1814 3878 Aletnannns

241 3899 355 3978 \De_
381 3897 574 3978 pariet.
611 3897 789 3978 Later.
825 3915 968 3978 _cap_.
1009 3899 1096 3978 1?.)
1133 3899 1357 3951 idoneus
1391 3897 1580 3978 irarum
1615 3909 1812 3978 rerum

259 3963 559 4030 estimator,
601 3968 837 4023 Anselnti
867 3963 1240 4023 collectionem
1288 3983 1355 4021 ex
1391 3964 1582 4019 Leonis
1615 3964 1716 4017 Pi‘.
1751 3963 1814 4016 Ill

257 4039 358 4093 .iari
389 4039 616 4118 forsitan
657 4055 820 4118 opere
851 4039 1462 4118 haustam“suspicatur:
1491 4034 1814 4118 Nuncnprae-

245 4123 392 4162 terea
437 4109 488 4161 in
521 4107 625 4161 alio
664 4105 846 4164 codice
875 4121 982 4164 vat.
1019 4111 1142 4172 525,
1176 4109 1266 4176 qni
1296 4106 1396 4159 fuit
1431 4105 1618 4160 Svecze
1651 4105 1814 4171 Regi-

241 4193 346 4259 me,
373 4179 580 4259 titulum
613 4179 1026 4259 huuclegebam.
1053 4179 1362 4259 Anthemio“
1387 4186 1432 4229 et
1450 4177 1814 4259 (νοηιρεηιίξοεα

243 4248 478 4303 collectio
518 4243 900 4318 regularum-et
948 4251 1322 4305 sententiarum
1360 4243 1658 4302 sanctorum
1701 4243 1812 4300 Ρα-

1918 479 2096 543 luisti;
2139 477 2318 548 primo
2363 474 2530 539 enim,
2581 485 2738 526 amen
2771 466 3038 538 accipitur
3063 465 3426 531 nominaliter,
3450 477 3506 518 et

1917 580 1998 625 est
2023 584 2238 634 nomen,
2269 574 2323 621 et
2351 561 2624 637 signiﬁcat
2666 569 2912 616 sanctum
2943 569 2998 615 et
3037 557 3276 614 terribile
3306 571 3502 613 nomen

1922 674 2094 726 timm,
2139 671 2199 716 ut
2234 675 2357 715 eum
2388 658 2441 711 in
2471 654 2800 726 Apocalypsi
2841 653 3040 724 legitur
3069 652 3177 723 (in,
3211 650 3298 721 14)
3333 667 3346 703 :
3379 646 3505 704 Haec

1919 753 2050 808 dicit
2081 769 2094 804 :
2126 751 2318 814 Amen,
2379 747 2531 802 testis
2569 745 2740 802 ﬁdelis
2764 752 2819 800 et
2857 758 3036 807 verus,
3074 741 3163 811 qui
3191 747 3274 795 est
3303 739 3507 810 princi-

1918 845 2065 915 pium
2097 851 2366 898 creatura:
2403 839 2516 895 Dei.
2544 839 2584 892 A
2618 848 2668 892 te
2694 852 2822 908 ergo
2855 835 3073 891 domino
3103 834 3215 888 Deo
3240 846 3385 897 meo,
3413 830 3505 899 qui

1919 935 2064 992 solus
2092 935 2193 990 hoc
2223 933 2440 988 nomine
2474 930 2795 1001 designaris,
2827 928 2990 982 totius
3018 927 3198 980 cordis
3243 923 3348 978 mei
3377 922 3508 976 affe-

1919 1025 2095 1081 ctibus
2117 1023 2349 1094 postulo,
2385 1021 2626 1092 requiro,
2670 1027 2729 1073 ut
2759 1025 2979 1086 propter
3005 1012 3366 1070 reverentiam
3401 1011 3504 1064 bu-

1911 1118 2002 1188 jns
2037 1117 2271 1172 numinis
2301 1115 2472 1170 sancti
2523 1113 2621 1176 tui,
2653 1125 2850 1166 nomen
2885 1123 3064 1164 meum
3115 1106 3168 1160 in
3216 1104 3353 1159 libro
3381 1102 3506 1156 vita:

1921 1211 2194 1266 rescribas
2235 1229 2248 1264 :
2287 1219 2340 1264 et
2379 1223 2502 1263 cum
2551 1205 2676 1269 illis,
2716 1204 2808 1274 qui
2863 1200 3240 1258 custodierunt
3281 1197 3504 1255 sabbata

1921 1313 2031 1369 tua,
2060 1313 2113 1358 et
2135 1303 2412 1376 elegerunt
2434 1299 2576 1370 quod
2603 1296 2840 1360 voluisti,
2869 1305 2926 1350 et
2953 1294 3293 1348 retinuerunt
3323 1289 3500 1346 fiedus

1921 1406 2096 1460 tuum,
2123 1395 2218 1448 des
2243 1393 2375 1447 milii
2407 1392 2458 1445 in
2486 1391 2646 1444 domo
2669 1397 2781 1452 tua,
2807 1395 2857 1442 et
2889 1385 2942 1440 in
2970 1383 3140 1438 muris
3169 1381 3275 1436 tuis
3303 1379 3503 1442 locum,

1921 1497 1974 1542 et
1999 1499 2192 1540 nomen
2223 1483 2415 1536 melius
2452 1495 2612 1550 quam
2647 1494 2674 1532 a
2707 1476 2832 1531 ﬁliis
2872 1483 2928 1530 et
2961 1473 3192 1537 ﬁliabus,
3229 1478 3282 1525 et
3312 1481 3506 1522 nomen

1921 1577 2310 1647 sempiternum
2359 1571 2500 1642 quod
2536 1570 2601 1624 de
2629 1576 2828 1622 caetero
2861 1581 2965 1619 non
2997 1561 3212 1633 peribit.
3256 1557 3508 1614 Secundo

1922 1669 2185 1740 accipitur
2220 1681 2376 1721 amen
2405 1660 2807 1718 adverbialiter.
2842 1657 2911 1712 Et
2950 1671 3071 1711 cum
3105 1663 3156 1708 tu
3185 1653 3325 1708 Dens
3353 1663 3509 1705 meus

1925 1760 2142 1830 quando
2194 1759 2245 1812 in
2294 1756 2457 1812 terris
2491 1755 2638 1808 visus
2673 1765 2756 1814 es,
2784 1759 2838 1804 et
2868 1763 2990 1803 cum
3023 1743 3333 1802 hominibus
3374 1755 3508 1796 con-

1927 1829 2198 1911 versatus,
2232 1845 2518 1900 veritatem
2551 1841 2790 1910 aliquam
2839 1849 3082 1892 asserere
3127 1832 3363 1897 voluisti,
3391 1829 3513 1901 pln-

1928 1943 2038 1998 ries
2065 1936 2356 2009 adiunxisti
2393 1953 2406 1990 :
2441 1936 2609 1988 Anien
2646 1932 2768 1986 dico
2792 1929 2970 1996 vobis,
2997 1927 3100 1982 hoc
3132 1932 3236 1990 est,
3272 1938 3399 1978 vere
3425 1919 3511 1978 vel

1925 2033 2216 2098 veraciter,
2261 2045 2354 2086 seu
2393 2023 2754 2082 infallibiliter
2791 2022 2912 2078 dico
2941 2019 3119 2084 vobis,
3149 2018 3292 2086 quod
3321 2017 3394 2070 ita
3424 2021 3512 2070 est

1927 2131 2068 2186 sicut
2088 2127 2230 2185 dico.
2261 2125 2328 2180 Et
2352 2135 2744 2191 nonnunquam
2773 2132 2930 2174 amen
2957 2130 3115 2170 auten
3138 2107 3510 2184 ingeminasti,

1927 2231 1986 2276 ut
2020 2222 2131 2292 ipsa
2159 2215 2530 2290 ingeminatio,
2562 2213 2732 2279 major
2757 2219 2901 2266 esset
2931 2205 3208 2278 expressio
3235 2201 3508 2258 veritatis.

1927 2315 2082 2370 Unde
2110 2321 2182 2378 te,
2211 2311 2300 2381 qui
2330 2324 2388 2364 es
2404 2323 2530 2363 vera
2563 2305 2782 2368 veritas,
2817 2309 2873 2358 et
2901 2303 3068 2356 chara
3100 2295 3364 2359 Charitas,
3389 2305 3511 2362 quae

1927 2419 2034 2458 non
2083 2399 2240 2464 fallit,
2290 2411 2456 2452 exoro
2485 2392 2802 2465 suppliciter
2833 2399 2894 2446 ut
2922 2389 3128 2445 veritas
3161 2395 3251 2442 tua
3295 2395 3511 2452 semper

1927 2497 1983 2551 in
2014 2493 2180 2550 corde
2203 2507 2324 2546 meo
2354 2488 2640 2558 refulgeat,
2671 2495 2727 2540 et
2747 2485 2925 2540 omnis
2947 2481 3219 2537 mundana
3241 2485 3298 2533 et
3323 2473 3510 2531 diabo-

1925 2588 2028 2642 lica
2059 2585 2267 2640 falsitas
2297 2583 2629 2638 destruatur.
2662 2577 2848 2633 Tertio
2889 2583 3070 2630 autem
3100 2586 3259 2626 amen
3307 2565 3512 2636 accipi-

1927 2689 2014 2734 tur
2039 2676 2349 2738 verbaliter,
2391 2680 2446 2727 et
2499 2678 2584 2726 est
2622 2682 2870 2734 vernum,
2907 2675 2966 2722 ut
3008 2680 3130 2720 cum
3174 2663 3228 2716 in
3258 2659 3512 2717 omnibus

1925 2773 2203 2844 uptativis,
2235 2781 2416 2833 amen,
2446 2767 2546 2820 hoc
2585 2771 2669 2820 est
2707 2763 2818 2827 ﬁat,
2850 2764 2918 2816 ab
2941 2758 3254 2830 optantibus
3286 2763 3340 2810 et
3363 2751 3507 2808 desi-

1926 2840 2245 2921 derantibus
2275 2859 2417 2930 quod
2456 2855 2679 2927 petitur,
2711 2851 3096 2922 respondetur;
3121 2846 3264 2930 quod
3295 2853 3350 2900 ct
3372 2840 3511 2914 psal-

1927 2958 2088 3012 mista
2141 2955 2194 3010 in
2247 2953 2354 3008 ﬁne
2379 2926 2737 3020 quorumdam
2776 2944 3108 3014 psalmorum
3141 2926 3512 3010 ingeminasst.

1928 3048 2146 3119 legitur,
2196 3044 2288 3099 ubi
2335 3043 2534 3098 dicitur
2566 3057 2582 3095 :
2619 3038 2758 3102 Fiat,
2793 3037 2906 3090 ﬁat.
2932 3033 2999 3087 Et
3027 3033 3080 3086 in
3127 3030 3232 3084 hoc
3261 3040 3426 3082 sensu
3455 3025 3512 3078 in

1927 3117 2035 3194 ﬁne
2060 3135 2342 3209 praesentis
2367 3131 2650 3195 orationis,
2675 3142 2794 3182 mea
2837 3133 2960 3180 vota
3000 3130 3053 3176 et
3076 3117 3341 3176 desideria
3375 3128 3505 3170 con-

1929 3205 2174 3292 tinentis,
2203 3227 2322 3282 dico
2357 3225 2598 3286 :Amen;
2626 3221 2728 3275 hoc
2762 3225 2865 3280 est,
2905 3215 2980 3269 ita
3015 3212 3129 3268 ﬁat.
3163 3209 3234 3266 Ut
3258 3205 3512 3262 videlicet

1932 3321 2026 3376 tibi
2051 3319 2220 3384 Patri,
2251 3326 2306 3371 et
2347 3315 2506 3377 Filio,
2549 3321 2603 3366 et
2643 3309 2864 3380 Spiritui
2911 3313 3124 3372 sancto,
3157 3301 3298 3356 trino
3329 3307 3387 3354 et
3417 3295 3509 3351 uni

1931 3409 2062 3476 Deo,
2091 3408 2160 3464 sit
2188 3406 2357 3478 gloria
2385 3405 2437 3458 in
2467 3401 2661 3458 smeula
2683 3398 3022 3455 saeculorum.
3049 3393 3240 3448 Amen.
3265 3386 3366 3458 (ϐ’)

1917 3624 2080 3676 trum,
2121 3620 2169 3666 et
2201 3605 2604 3664 auctorabilium
2629 3599 2992 3676 conciliorum,
3018 3596 3160 3676 [ecta
3185 3591 3518 3676 temporibus.

1921 3663 2182 3753 (M50135;
2197 3663 2354 3753 ςγιι)
2404 3675 2739 3753 sanctissimi
2777 3663 3024 3753 ραρςιςμὰ

1917 3735 2081 3806 iii/nia
2127 3735 2366 3816 episcopo
2407 3745 2651 3816 Lucensi,
2689 3735 2804 3810 ejus
2848 3735 3110 3816 'diligenli
3147 3735 3411 3816 intitqtore
3461 3740 3512 3783 et

1919 3803 2213 3888 discipulo,
2273 3803 2424 3888 c'ujus
2469 3803 2798 3888 jussio—ne'et
2841 3803 3098 3888 ρτᾳοέειιιο
3147 3803 3512 3888 desideranter

1921 3869 2296 3944 EbHs'iiiiiiaiun
2333 3869 2439 3937 Ἱιοσ
2469 3869 2632 3951 ὀριιε.
2681 3869 2874 3951 Incipit
2919 3869 3277 3951 (ibegrimus
3309 3869 3371 3922 de
3417 3885 3514 3951 Ro:

1922 3937 2465 4025 feriae—"etvprimum
2512 3937 2815 4025 apostolicré
2851 3945 3009 4025 sedis.
3043 3937 3182 3996 Tum
3213 3952 3346 3994 vero
3377 3937 3514 3990 nihil

1923 4031 2064 4084 aliud
2113 4029 2163 4082 in
2207 4015 2465 4096 praedicto
2515 4015 2702 4096 codice
2760 4015 3009 4096 sequitur
3050 4025 3213 4096 quam
3249 4017 3506 4074 excerpta

1921 4080 2314 4170 breviaiﬂ'ea
2345 4093 2582 4170 decretis
2617 4080 2969 4170 synodorum,
3019 4080 3359 4170 pontiﬁcium,
3398 4087 3509 4170 letc.

1923 4146 2534 4238 etv—Atiselmi‘
2578 4146 2860 4227 cuiusdam
2905 4146 3182 4238 monachi,
3227 4146 3528 4204 ﬂosculuth

1925 4223 2152 4311 aliquem
2187 4238 2330 4293 inter
2365 4234 2608 4290 carmina
2637 4223 2826 4304 postea
2858 4223 3218 4300 proferemus.
