3852 6050
296 274 400 337 855
653 256 712 320 S.
754 255 1046 317 ANSELMI
1087 242 1434 305 CANTUAR.
1477 231 1793 292 ARCHIEP.
1835 226 1965 285 OPP

2058 221 2204 279 ἈΚΒ
2229 221 2290 275 ll.
2324 247 2393 260 —-~
2426 214 2745 270 ΡΑῐὶΝέΕΤ.
2777 210 2864 267 ET
2903 199 3144 262 ASCET.

3438 194 3563 251 856

315 327 3558 424 PM...“

1153 473 1830 602 SANCTI
1895 455 2703 580 ANSELMI

1502 692 2318 821 ORATIONES

1701 923 2161 949 μ

827 1057 1081 1121 ORATIO
1120 1053 1351 1109 PRIMA.

736 1176 803 1215 AD
847 1164 1088 1212 SANCTAM
1142 1154 1475 1200 TRlNITATEH

395 1255 625 1317 Adesto,
671 1256 856 1306 sancta
886 1239 1143 1302 Trinitas,
1173 1235 1314 1288 Deus
1352 1243 1491 1283 unus
1534 1220 1894 1291 omnipotens,

326 1349 493 1405 Pater
518 1352 573 1399 et
602 1340 771 1398 Filius
798 1346 853 1391 et
877 1331 1111 1404 Spiritus
1132 1332 1373 1388 sanctus,
1402 1320 1490 1389 qui
1518 1332 1621 1371 non
1649 1323 1898 1372 mortem,

1919 1045 1959 1092 Α
1992 1070 2024 1108 a
2052 1052 2355 1121 vaniloquio
2400 1061 2700 1118 compesce,
2752 1044 2916 1098 verba
2965 1040 3211 1096 veritatis
3249 1046 3304 1091 et
3348 1037 3583 1091 miseri-

1999 1148 2217 1213 cordim,
2249 1142 2604 1213 benignitatis
2632 1148 2687 1193 et
2707 1135 3010 1193 concordia:
3034 1133 3331 1205 procedant
3366 1147 3437 1187 ex
3464 1144 3597 1185 ore.

2000 1242 2057 1296 lu
2082 1239 2332 1293 universa
2360 1247 2571 1289 morum
2601 1230 2888 1284 honestate
2912 1225 2980 1279 ad
3012 1224 3228 1293 plenum
3260 1237 3347 1276 me
3384 1221 3601 1290 dirige,

2004 1341 2060 1386 et
2089 1344 2156 1385 ne
2184 1342 2380 1397 arguar
2410 1325 2464 1379 in
2493 1322 2699 1384 furore,
2722 1317 2982 1373 conﬁrma
3008 1331 3116 1379 me,
3143 1312 3603 1376 clementissime,

332 1437 427 1494 sed
455 1430 828 1508 paenitentiam
854 1421 1132 1481 desideras
1150 1422 1515 1508 peccatorum,
1539 1421 1624 1461 me
1649 1402 1903 1458 miserum
2008 1423 2062 1475 in
2091 1420 2235 1475 omni
2282 1419 2422 1473 bono
2471 1428 2652 1483 opere.
2702 1410 2844 1476 Tibi,
2897 1408 3145 1470 nomine,
3197 1406 3379 1475 pando
3410 1404 3605 1459 cordis

334 1535 394 1583 et
443 1501 784 1595 peccatorem
846 1512 1091 1582 fragilem
1142 1516 1198 1561 et
1248 1501 1526 1569 indignum
1581 1511 1610 1548 a
1662 1504 1750 1546 tua
1800 1503 1906 1542 non

2011 1510 2114 1564 mei
2147 1520 2385 1569 secreta,
2431 1504 2524 1559 tibi
2554 1501 2821 1560 conﬁteor
2849 1498 3032 1554 omnia
3061 1504 3284 1567 peccata
3317 1510 3458 1558 mea,
3500 1494 3609 1548 tibi

338 1618 569 1701 repellas
609 1614 830 1683 pielale-
879 1604 996 1660 Νοη
1048 1597 1286 1698 aspicias
1315 1592 1388 1696 ξὶά
1430 1588 1645 1701 Sceleri.“
1684 1597 1801 1701 me:
1836 1587 1912 1701 ιίξί
2014 1598 2229 1655 denudo
2269 1596 2567 1651 freditatem
2615 1591 2798 1648 cordis
2838 1589 2971 1651 mei,
3028 1588 3123 1643 tibi
3172 1587 3364 1656 detego
3408 1585 3608 1640 sordes

341 1671 738 1766 initn'unditias,
770 1708 1061 1768 turpesque
1106 1685 1496 1757 cogitationes,
1536 1676 1732 1747 quibus
1763 1671 1914 1726 ﬁebi-

342 1798 515 1853 litera
539 1803 629 1849 tua
658 1790 933 1858 disjungor
954 1781 1250 1837 voluntate,
1281 1774 1377 1827 sed
1404 1768 1616 1824 elTundc
1648 1776 1808 1832 super
1832 1770 1917 1813 me

2018 1690 2362 1762 turpitudinis
2409 1700 2561 1742 mea).
2618 1684 2817 1738 Durius
2870 1696 3109 1749 namque
3171 1679 3390 1748 peccavi
3436 1692 3610 1747 quam

2019 1785 2284 1845 Sodoma,
2337 1779 2553 1852 gravius
2610 1776 2810 1846 deliqui
2870 1790 3032 1845 quam
3089 1772 3414 1827 Gomorrba.
3475 1769 3608 1824 Tibi

346 1890 552 1957 largam
591 1877 937 1950 ιιθιιίειιῑιθιίε
985 1883 1089 1927 ῑ¹¹³θ
1128 1855 1649 1957 "19““'“‘i3'_‘"_N_cc
1682 1854 1830 1957 ξίῗτδδ
1853 1848 1920 1903 de
2020 1874 2229 1935 debitor
2251 1848 2369 1927 sum
2410 1886 2514 1926 non
2547 1878 2759 1924 tantum
2802 1866 2989 1920 decem
3020 1861 3245 1917 millium
3274 1861 3613 1914 talentorum

348 1975 576 2036 interitu
613 1986 733 2026 meo
778 1966 1027 2023 inimicos
1077 1972 1227 2013 meos
1272 1948 1531 2025 gratulari
1580 1947 1633 2000 in
1686 1942 1917 2003 inferno,

346 2067 438 2124 ubi
485 2078 645 2121 nemo
692 2055 1039 2116 conﬁtebitur
1071 2049 1189 2113 tibi,
1240 2045 1335 2101 sed
1386 2042 1642 2095 miserere
1688 2033 1924 2105 pondere

349 2157 653 2215 facinorum
693 2160 1047 2221 Oppressum,
1093 2144 1524 2200 cunctarumque
1566 2124 1925 2195 nequitiarum

350 2250 477 2305 labe
517 2218 801 2318 pollutum.
850 2234 1101 2294 Concede
1151 2229 1305 2293 mihi,
1343 2235 1547 2294 qmeso,
1579 2218 1777 2272 misero
1802 2226 1927 2285 gra-

352 2340 485 2396 tiam
517 2310 686 2401 tuam,
714 2339 771 2388 et
813 2330 979 2384 libera
1019 2339 1105 2379 me
1130 2322 1198 2376 ab
1227 2317 1479 2375 omnibus
1504 2310 1681 2374 malis,
1711 2314 1932 2375 printer-

355 2430 468 2495 itis,
494 2422 850 2499 praesentibus
879 2429 934 2473 et
961 2415 1178 2479 futuris,
1216 2428 1246 2464 a
1286 2408 1566 2464 subitam-a
1593 2413 1647 2458 et
1672 2406 1933 2473 perpetua

361 2492 557 2581 morte,
585 2515 654 2571 ab
682 2511 829 2569 omni
862 2505 1167 2579 pestilentia
1200 2510 1256 2556 et
1289 2499 1461 2560 clade,
1494 2494 1562 2548 ab
1599 2492 1745 2548 omni
1779 2503 1937 2543 scan-

360 2606 487 2665 dalo
535 2579 590 2661 et
642 2598 912 2673 periculo,
958 2610 987 2650 a
1036 2589 1308 2648 desiderio
1348 2584 1602 2654 maligno,
1654 2579 1723 2634 ab
1774 2590 1939 2646 opere

362 2667 660 2767 perverso;
689 2699 746 2745 et
783 2687 853 2742 ab
880 2684 1027 2740 omni
1068 2689 1306 2751 peccato.
1356 2674 1483 2730 Dele
1507 2670 1685 2727 omnia
1715 2667 1939 2724 crimina

364 2762 506 2849 mea,
539 2779 875 2851 iniquitates,
908 2772 1233 2830 offensiones
1267 2778 1323 2823 ct
1374 2762 1729 2835 negligentias
1771 2770 1939 2811 meas.

364 2845 668 2943 Propitiare
702 2867 833 2924 mihi
863 2866 915 2920 in
961 2860 1215 2919 omnibus
1246 2856 1512 2928 angustiis
1553 2862 1609 2907 et
1639 2845 1943 2905 tribulatio-

370 2939 551 3030 nibus,
580 2963 634 3019 in
658 2956 1075 3017 necessitatibus
1096 2963 1152 3008 et
1183 2946 1593 3011 tentationibus,
1620 2943 1672 2999 in
1697 2939 1948 2995 omnibus

372 3053 630 3127 periculis
657 3061 714 3107 et
747 3045 1157 3107 inﬁrmitatibus
1188 3040 1342 3097 meis.

443 3146 644 3203 Sancta
679 3151 736 3200 et
764 3139 1039 3197 individua
1077 3134 1338 3198 Trinitas,
1367 3127 1682 3185 indeﬁciens
1713 3123 1946 3187 bonitas,

375 3239 562 3296 adesto
584 3231 1067 3307 supplicationibus
1095 3227 1251 3294 meis,
1279 3233 1337 3280 ut
1365 3224 1507 3280 sicut
1531 3236 1618 3276 me
1644 3220 1747 3274 tuis
1769 3232 1955 3273 sacra-

376 3330 579 3386 mentis
617 3326 790 3383 fecisti
825 3322 1164 3396 participem,
1199 3316 1360 3373 nullis
1393 3316 1532 3370 meis
1580 3314 1816 3373 meritis,
1859 3310 1952 3364 sed

380 3431 473 3477 tua
513 3419 631 3476 sola
666 3416 998 3488 benignitate
1029 3410 1286 3481 gratuita,
1324 3408 1396 3462 ita
1446 3421 1617 3477 usque
1660 3406 1714 3459 in
1767 3404 1953 3458 horam

379 3514 548 3578 illam,
576 3524 687 3581 qua
715 3509 840 3564 hinc
866 3506 1114 3562 exiturus
1152 3516 1292 3565 sum,
1326 3500 1379 3553 in
1425 3500 1551 3565 lide,
1581 3513 1675 3566 spe
1700 3506 1756 3552 et
1776 3494 1956 3550 chari-

385 3614 496 3661 tate
519 3616 606 3658 me
633 3609 987 3672 perseverare
1030 3593 1220 3657 facias,
1248 3592 1317 3646 ab
1342 3590 1488 3644 onmi
1537 3588 1679 3643 malo
1709 3595 1960 3657 protegas

2022 1964 2314 2021 criminum
2364 1975 2632 2025 meorum,
2664 1957 2758 2014 sed
2809 1956 2978 2011 totius
2998 1954 3124 2007 vita:
3164 1966 3297 2006 mere
3340 1951 3616 2004 rationem

2027 2058 2123 2113 tibi
2153 2057 2352 2121 debeo;
2382 2054 2771 2125 praevaricator
2797 2049 2942 2104 enim
2993 2046 3129 2117 legis
3154 2054 3259 2098 ture
3285 2042 3463 2097 factus
3487 2058 3617 2096 sum

2028 2166 2139 2220 pne
2183 2148 2435 2204 omnibus
2488 2144 2803 2215 negligens,
2865 2138 3207 2200 iuobediens,
3238 2145 3625 2204 transgressor-

2029 2237 2269 2294 omnium
2321 2235 2699 2290 mandaturum
2753 2240 2971 2285 tuorum
3017 2225 3263 2281 inomni
3305 2224 3414 2278 vita
3469 2236 3621 2277 mea.

2036 2328 2188 2386 Unde
2234 2341 2378 2381 nunc
2418 2324 2693 2394 praevenio
2721 2321 2914 2377 facient
2962 2328 3108 2373 tuam
3151 2320 3206 2373 in
3249 2316 3621 2378 confessione,

2036 2435 2270 2477 exorans
2300 2418 2464 2472 nimia
2493 2416 2674 2472 cordis
2695 2414 2992 2474 anxietate,
3021 2409 3241 2465 ﬁetmtm
3269 2416 3324 2464 et
3349 2408 3627 2476 lacryma—

2041 2525 2158 2590 rum
2179 2507 2529 2570 contritione,
2556 2514 2617 2560 ut
2641 2504 2694 2558 in
2723 2504 2825 2557 hoc
2844 2509 3090 2571 tempore
3112 2506 3338 2567 accepto
3358 2495 3628 2550 exaudias

2041 2587 2151 2667 me,
2188 2609 2246 2656 et
2293 2599 2350 2655 in
2401 2598 2468 2652 iis
2510 2595 2702 2652 diebus
2747 2592 2941 2648 salutis
2984 2592 3207 2660 adiuves
3259 2603 3365 2643 me.
3421 2587 3629 2642 Omnes

2044 2700 2196 2747 actus
2219 2705 2368 2746 meos
2394 2690 2446 2743 in
2467 2686 2807 2756 beneplacito
2832 2694 2922 2738 tuo
2946 2694 3233 2751 compone,
3255 2688 3315 2733 ut
3341 2678 3627 2748 proﬁciam

2045 2783 2111 2838 de
2139 2782 2226 2837 die
2256 2781 2308 2835 in
2338 2780 2503 2840 diem,
2525 2786 2582 2832 et
2603 2792 2724 2832 eam
2755 2775 2822 2830 de
2852 2775 3050 2829 virtute
3081 2772 3133 2825 in
3157 2769 3438 2825 ’virtutem.
3481 2768 3627 2834 Tibi,

2049 2873 2300 2938 Domine,
2318 2870 2591 2941 supplices
2614 2883 2825 2940 preces,
2858 2867 2954 2920 tibi
2982 2866 3168 2919 fletum
3184 2864 3363 2918 cordis
3384 2861 3632 2915 effando.

2050 2965 2129 3020 Tu
2170 2982 2333 3036 parce
2369 2965 2677 3027 conﬁtenti,
2729 2971 2786 3017 ut
2825 2960 2904 3014 sic
2946 2960 2998 3013 in
3046 2960 3147 3014 hac
3190 2957 3521 3012 mortalitate
3558 2955 3634 3025 (te

2051 3059 2362 3131 adjuvante)
2401 3068 2619 3129 peccata
2665 3070 2782 3111 mea
2814 3055 3072 3119 defleam,
3120 3060 3178 3106 ut
3219 3050 3271 3104 in
3312 3050 3402 3103 die
3440 3047 3634 3116 iudicii

2052 3152 2381 3208 sententiam
2410 3150 2779 3220 damnationis
2817 3148 3064 3203 evadam.
3116 3145 3194 3199 Tu
3245 3143 3425 3205 lumen
3473 3150 3638 3196 a-ter—

2056 3258 2205 3306 num,
2233 3243 2301 3297 ab
2326 3241 2474 3296 omni
2497 3239 2741 3295 rxecitate
2757 3240 2989 3294 humana
3012 3235 3197 3291 oculos
3221 3248 3369 3288 meos
3392 3232 3635 3299 adaperi,

2057 3334 2393 3406 propositum
2431 3340 2486 3387 et
2518 3331 2764 3386 habitum
2795 3330 3066 3399 religionis
3097 3329 3149 3382 in
3190 3342 3277 3381 me
3298 3325 3533 3381 custodi.
3558 3326 3640 3377 Ab

2057 3424 2203 3478 omni
2234 3423 2620 3493 impedimento
2646 3422 2852 3485 mundi,
2876 3419 2964 3473 vel
2991 3418 3234 3473 saeculari
3254 3415 3525 3471 desiderio
3549 3430 3638 3467 cor

2060 3529 2238 3569 meum
2286 3511 2548 3576 defende,
2593 3521 2649 3567 et
2677 3511 2817 3566 sicut
2848 3510 3091 3565 habitum
3132 3523 3262 3580 gero
3288 3506 3638 3568 innocenter,

2062 3604 2141 3660 sic
2192 3603 2322 3657 mihi
2370 3604 2631 3657 virtutum
2678 3601 3013 3656 incrementa
3051 3599 3253 3663 tribue,
3303 3606 3365 3651 ut
3404 3605 3642 3650 veterem

386 3692 749 3759 “defendas.
800 3688 983 3747 omnia
1038 3685 1169 3740 mihi
1211 3682 1491 3754 Ρνοῖυιυτδ
1544 3678 1845 3743 “incedas:
1890 3678 1958 3731 ab
1985 3708 2031 3768 ο
2062 3710 2183 3751 cum
2212 3695 2326 3751 suis
2364 3696 2576 3750 actibus
2621 3693 2899 3749 hominem
2942 3706 3166 3758 exuere,
3207 3699 3261 3745 et
3296 3703 3496 3743 novum
3523 3701 3644 3741 eum

386 3793 595 3842 :eterno
624 3779 888 3853 supplicio
915 3777 1134 3841 liberes,
1167 3784 1329 3843 atque
1355 3772 1422 3826 ad
1458 3770 1784 3840 sempiterna
1829 3784 1960 3839 gau-

391 3881 478 3935 dia
508 3876 842 3938 introducas,
869 3878 925 3925 et
964 3868 1109 3923 illam
1149 3864 1489 3922 mortiferam
1543 3877 1608 3918 ac
1641 3861 1962 3917 diabolicam

391 3968 761 4033 tentationem,
790 3978 896 4034 qua
924 3977 1021 4032 pro
1053 3959 1292 4027 peccatis
1323 3957 1459 4012 meis
1487 3969 1650 4024 super
1683 3968 1769 4007 me
1797 3952 1966 4022 perti-

392 4074 575 4118 mesco
619 4054 937 4130 praevalere,
980 4061 1072 4106 tua
1115 4048 1485 4113 miseratione,
1522 4043 1964 4106 clementissime,

392 4155 588 4210 amodo
628 4150 797 4205 facias
835 4160 1072 4203 cessare.
1121 4143 1287 4197 Triae
1325 4140 1466 4194 Dens
1493 4148 1548 4194 et
1577 4154 1702 4202 une,
1748 4136 1968 4192 humilis

394 4230 593 4304 servuli
619 4242 695 4298 tui
718 4254 908 4311 preces
934 4250 1077 4292 nunc
1108 4234 1343 4302 suscipe.
1370 4231 1519 4286 Dona
1539 4231 1692 4297 mihi,
1718 4230 1968 4289 Domine.
1996 4246 1999 4249 '

395 4332 724 4406 diligentiam
754 4343 876 4401 qua:
903 4337 955 4383 te
978 4333 1206 4397 qumrat,
1236 4321 1560 4393 sapientiam
1596 4336 1716 4390 qua:
1741 4329 1792 4375 te
1822 4320 1971 4374 inve-

397 4429 529 4493 niat,
558 4425 793 4480 animam
840 4436 961 4492 quae
992 4427 1045 4474 te
1087 4425 1381 4488 agnoscat,
1436 4413 1622 4469 oculos
1654 4413 1745 4484 qui
1797 4421 1849 4467 te
1892 4411 1972 4465 vi-

399 4521 581 4582 deant,
619 4512 1089 4569 conversationem
1127 4523 1248 4579 quae
1296 4507 1393 4561 tibi
1452 4505 1685 4575 placeat,
1728 4517 1974 4573 perseve-

401 4607 634 4661 rantiam
667 4617 835 4672 usque
866 4603 919 4656 in
959 4600 1150 4664 ﬁnem,
1176 4598 1343 4660 ﬁnem
1374 4594 1707 4667 perfectum,
1742 4594 1975 4668 retribu-

404 4698 603 4753 tionem
643 4704 918 4748 a-ternam.
1622 4710 1628 4715 .
1815 4664 1820 4668 ’

480 4785 686 4842 Exaudi
735 4798 820 4839 me
866 4791 1146 4847 orantem,
1179 4780 1320 4836 sicut
1359 4778 1627 4834 exaudisti
1677 4775 1867 4833 Jonam
1910 4776 1977 4833 de

401 4887 593 4936 ventre
625 4876 761 4941 ceti;
797 4874 966 4930 libera
1014 4889 1121 4940 me,
1149 4873 1239 4943 qui
1279 4872 1518 4928 liberasti
1568 4870 1873 4927 Suzaunam
1912 4886 1981 4928 (te

404 4968 542 5025 falso
571 4966 818 5022 crimine.
854 4964 1055 5019 Exaudi
1087 4979 1194 5027 me,
1220 4964 1361 5020 sicut
1382 4963 1646 5018 exaudisti
1679 4962 1895 5018 Petrum
1925 4966 1976 5018 in

2059 3786 2268 3853 justitia
2299 3794 2355 3840 et
2403 3785 2695 3840 sanctitate
2745 3797 2960 3839 merear
3002 3782 3255 3846 induere,
3292 3789 3348 3833 ut
3394 3777 3646 3833 omnibus

2066 3878 2420 3948 protectionis
2469 3885 2571 3931 tuae
2620 3871 2861 3932 munitus
2909 3875 3145 3938 auxilio,
3202 3875 3254 3928 in
3301 3882 3389 3926 tua
3436 3885 3645 3939 semper

2067 3971 2356 4026 dilectione
2423 3984 2816 4039 permaneam,
2871 3968 3148 4023 caalestcm
3213 3963 3645 4020 benedictionem

2068 4063 2361 4131 accipiam,
2394 4071 2448 4115 et
2479 4063 2759 4132 praesentis
2805 4062 2930 4116 vita:
2973 4059 3239 4132 prmsidiis
3270 4060 3344 4127 (te
3391 4057 3646 4123 donante)

2069 4154 2355 4225 gaudeam,
2392 4162 2446 4207 et
2476 4161 2714 4207 aeternae.
2744 4152 2940 4208 Amen.

2140 4243 2461 4298 Immensum
2493 4241 2918 4299 misericordiam
2956 4251 3125 4306 tuam,
3157 4239 3469 4295 misericors
3510 4236 3647 4291 Deus

2071 4348 2123 4393 et
2171 4340 2476 4406 miserator,
2530 4344 2724 4398 iterum
2774 4356 2971 4402 exoro,
3023 4337 3239 4392 remitte
3289 4335 3418 4390 mihi
3466 4347 3651 4389 omnes

2073 4431 2294 4487 lubricze
2327 4434 2648 4489 temeritatis
2695 4432 2958 4495 olTensas,
3003 4437 3064 4483 ut
3104 4429 3283 4483 anima
3335 4441 3458 4481 mea
3506 4426 3649 4479 heni-

2075 4524 2293 4593 gnitatis
2325 4534 2427 4578 tua:
2468 4525 2751 4580 dulcedine
2794 4524 3087 4594 repleatur,
3114 4530 3169 4575 et
3208 4534 3464 4576 concessa
3501 4518 3651 4572 venia

2077 4611 2246 4680 plenae
2278 4614 2642 4684 indulgentiae,
2671 4614 2934 4684 quidquid
2964 4629 3064 4683 pro
3100 4610 3318 4683 proprio
3345 4615 3493 4663 reatu
3523 4606 3651 4659 deli-

2078 4704 2190 4767 bui,
2238 4712 2406 4758 totum
2455 4720 2553 4775 per
2596 4703 2922 4759 ineffabilem
2965 4705 3223 4773 pietatem
3271 4708 3418 4753 tuam
3457 4695 3574 4749 dele
3601 4703 3654 4750 et

2079 4793 2349 4859 absterge.
2401 4794 2511 4851 Nec
2552 4797 2623 4851 sit
2671 4811 2697 4850 a
2752 4812 2837 4852 me
2883 4795 3185 4851 clementiae
3226 4803 3328 4846 tua:
3368 4788 3654 4857 longinqua

2082 4884 2387 4949 miseratio,
2433 4885 2526 4939 sed
2569 4885 2827 4954 quidquid
2863 4893 2966 4938 tua:
3003 4880 3264 4945 Voluntati
3297 4876 3650 4938 contrarium,

2082 4972 2304 5029 fallente
2344 4974 2581 5042 diabolo,
2619 4985 2672 5031 et
2704 4977 2918 5046 propria
2960 4975 3243 5044 iniquitate
3282 4982 3445 5038 atque
3496 4966 3648 5036 fragi-

406 5059 567 5125 mari,
599 5056 825 5113 Paulum
867 5056 920 5111 in
966 5055 1214 5110 vinculis.
1258 5055 1536 5111 Auxiliare
1579 5055 1729 5120 mihi,
1778 5071 1969 5124 quaeso1

2058 5066 2239 5121 'litate
2274 5069 2547 5133 contraxi,
2595 5079 2648 5123 ιιι
2693 5070 2814 5139 pius
2853 5078 2909 5124 et
2953 5068 3266 5124 misericors
3296 5065 3451 5117 ablue
3487 5060 3652 5115 indul—

404 5152 657 5216 Domine,
688 5158 743 5204 et
791 5148 860 5205 ab
893 5148 1041 5205 omni
1079 5148 1222 5203 malo
1255 5146 1623 5202 indesinenter
1661 5146 1829 5202 libera
1871 5164 1980 5213 me,

411 5259 443 5300 ιι
466 5244 714 5300 faucibus
740 5242 1043 5298 daemonum
1075 5242 1249 5311 eripe,
1277 5254 1307 5293 a
1339 5248 1514 5293 morte
1557 5250 1813 5308 perpetua
1856 5245 1983 5298 sub-

404 5336 584 5402 trabe,
621 5334 808 5404 gratiae
853 5342 960 5388 tua:
988 5328 1318 5387 abundantia
1361 5328 1539 5396 reple;
1581 5340 1765 5399 pectus
1806 5346 1983 5386 meum

407 5432 526 5478 tuta
554 5422 757 5477 virtute
782 5422 955 5487 muni,
1006 5428 1245 5474 mentem
1283 5415 1539 5486 puriﬁca,
1573 5418 1735 5473 vitam
1784 5420 1986 5475 sanci-

411 5514 745 5576 flca,mores
766 5511 1016 5577 emenda,
1049 5525 1143 5566 cor
1187 5506 1397 5564 caelesti
1441 5509 1704 5578 sapientia
1754 5511 1984 5578 illustra,

413 5608 604 5659 catum
637 5600 914 5657 carnalem
945 5610 1206 5673 tempera,
1239 5602 1376 5660 iram
1420 5602 1724 5670 exstingue,
1752 5604 1987 5677 linguam

2087 5155 2279 5222 geudo.
2308 5155 2450 5210 Sana
2482 5158 2726 5223 vulnera,
2759 5168 3060 5227 cunctaque
3088 5157 3303 5210 remitte
3335 5159 3571 5223 peccata.
3601 5154 3655 5200 ut

2090 5243 2249 5297 nullis
2278 5259 2307 5298 a
2339 5252 2389 5299 te
2418 5245 2793 5316 iniquitatibus
2814 5255 3119 5316 separatus,
3144 5246 3237 5299 sed
3268 5256 3480 5312 semper
3504 5239 3586 5294 hic
3605 5245 3652 5288 rt

2090 5333 2250 5405 245
2280 5335 2477 5405 ubique
2507 5337 2834 5393 defensionis
2881 5347 2982 5391 tuze
3020 5336 3225 5390 auxilio
3268 5332 3525 5393 munitus,
3566 5326 3652 5380 tibi

2093 5428 2319 5483 Domino
2340 5444 2553 5500 semper
2579 5431 2785 5485 valeam
2803 5431 3171 5495 adhmrere,et
3201 5435 3471 5498 perpetuae
3487 5421 3656 5493 gloria:

2096 5519 2419 5589 quandoque
2467 5521 2768 5591 portionem
2814 5522 3111 5590 percipere,
3145 5532 3307 5588 quam
3348 5513 3528 5567 oculus
3564 5525 3656 5563 non

2100 5612 2315 5678 vidil,et
2368 5616 2512 5667 avris
2554 5631 2652 5669 non
2704 5615 2923 5681 muliril,
2969 5626 3014 5667 cl
3067 5619 3117 5669 in
3157 5630 3245 5670 cor
3294 5606 3515 5663 licininis
3561 5620 3658 5659 non
