3906 6058
325 280 424 334 85¹1

1731 275 2150 332 ORATIONEQ.

3459 309 3470 316 -
3495 283 3598 338 838

325 393 562 450 ascendit
586 407 706 464 quin
730 389 1048 462 prurparasti
1069 389 1400 460 diligentibus
1423 399 1471 442 te
1501 388 1552 460 (Ι
1581 387 1706 444 Cor.
1739 406 1796 454 ιι,
1823 393 1899 460 9).
1933 395 1978 453 Α
2011 397 2176 442 stram
2207 390 2256 441 in
2301 389 2576 459 gaudium,
2607 399 2661 442 ut
2713 390 2951 444 viventes
2983 389 3366 448 benedicatuus
3395 403 3468 460 te,
3499 399 3600 454 Do.

323 490 520 544 Amen.

393 579 439 633 υ
467 577 555 632 lux
597 576 756 630 beata
801 573 1060 640 Trinitas,
1105 583 1160 629 et
1191 572 1504 644 principalis
1541 573 1738 634 unitas,
1768 587 1909 642 auge

325 667 378 722 in
419 667 573 722 nobis
611 665 960 735 lidem,.auge
987 679 1158 734 spem,
1190 679 1328 734 auge
1349 663 1701 730 charitatem,
1735 665 1904 718 libera

325 777 446 828 nos,
475 760 620 815 salva
651 775 774 824 nos,
813 758 1052 830 justifica
1081 773 1202 812 nos.
1228 756 1273 812 Ο
1294 757 1448 812 beata
1478 758 1734 822 Trinitas,
1761 757 1910 812 solve

321 850 578 915 crimina,
605 849 818 904 dimitte
853 856 1097 916 peccata,
1133 846 1378 902 miserias
1423 845 1582 916 pelle,
1632 847 1910 916 angustias

324 955 538 1007 amove,
611 939 988 994 tribulationes
1047 937 1280 1008 inspice,
1349 938 1704 992 adversitates
1751 937 1905 1008 pelle,

319 1033 682 1102 effectumque
715 1030 992 1101 petitionis
1045 1039 1244 1084 nostrae
1295 1029 1533 1098 largiens
1558 1069 1574 1094 ,
1617 1028 1912 1084 clementer

321 1142 424 1184 nos
445 1125 664 1190 exaudi,
689 1133 749 1178 ut
783 1123 932 1178 exuti
963 1123 1028 1178 ab
1049 1121 1304 1177 omnibus
1333 1137 1453 1191 qttae
1481 1121 1722 1192 patimur
1753 1123 1911 1177 ntalis

317 1217 376 1270 in
437 1216 542 1270 tuis
587 1229 800 1283 semper
843 1211 1176 1268 delectemur
1221 1212 1493 1266 exsultare
1521 1211 1766 1282 judiciis.
1801 1211 1912 1266 Αιι-

321 1306 468 1372 veui,
505 1319 708 1375 quaeso,
736 1304 824 1374 pie
862 1304 1106 1370 Domine,
1132 1313 1188 1358 et
1217 1303 1270 1356 in
1311 1301 1544 1357 medium
1573 1302 1746 1358 nostri
1779 1317 1914 1358 con--

317 1398 478 1460 siste,
511 1404 572 1450 ut
600 1407 651 1450 te
690 1395 934 1448 invenire
965 1394 1018 1448 in
1053 1393 1306 1448 cordibus
1348 1393 1550 1447 nostris
1585 1395 1908 1448 sentiamus.

323 1486 448 1542 Oris
473 1486 642 1540 nostri
668 1485 1066 1540 edulessiouem
1091 1483 1324 1538 libenter
1343 1483 1578 1553 suscipe,
1600 1491 1656 1540 et
1677 1483 1909 1540 fructum

319 1593 424 1633 nos
453 1577 746 1632 viriditatis
783 1577 982 1632 habere
1027 1577 1266 1630 concede
1296 1583 1564 1644 quatenus
1589 1573 1695 1628 tuis
1725 1573 1914 1629 imbri-

321 1668 424 1724 bus
452 1668 655 1736 irrigati
705 1681 1015 1722 mereamur
1046 1665 1140 1720 tibi
1165 1664 1412 1718 suavium
1451 1663 1722 1718 fructuum
1753 1663 1912 1718 uber-

2011 481 2174 534 ntine.
2201 481 2566 548 Deprecamur
2597 490 2668 544 te,
2693 482 2937 546 Domine,
2963 482 3018 536 in
3049 485 3194 537 omni
3221 485 3596 546 misericordia

2011 577 2122 634 tua,
2170 579 2228 624 ut
2269 569 2554 624 auferatur
2584 570 2734 624 furor
2777 579 2922 636 tuus,
2965 581 3020 626 et
3065 573 3146 626 ira
3191 582 3279 628 tua
3321 578 3596 634 acivilate

2013 659 2140 724 ista,
2171 667 2226 714 et
2272 675 2300 714 a
2331 661 2490 714 domo
2526 669 2717 715 sancta
2771 671 2884 725 tua,
2927 663 3182 730 quoniam
3233 667 3594 732 peccavimus.

2011 749 2245 815 lnclina,
2269 750 2512 816 Domine,
2555 769 2735 806 aurem
2759 763 2928 819 tuam,
2961 754 3159 808 etaudi
3187 752 3361 825 (Psal.
3393 773 3594 824 Lxxxv,

2012 839 2094 908 1);
2128 841 2335 909 respice
2363 842 2428 896 de
2467 840 2629 906 coelo,
2655 851 2710 896 et
2741 843 2861 898 vide
2893 840 3067 912 (Psal.
3103 860 3287 907 Lxxtx.
3323 846 3411 916 15)
3457 848 3592 905 nilli-

2011 931 2242 986 ctionem
2295 933 2473 1002 pepuli
2535 934 2636 988 tui.
2687 934 2917 998 Exaudi,
2961 934 3218 1002 Domine,
3271 939 3596 1008 propitiare.

2010 1021 2274 1089 Domine;
2333 1025 2568 1088 intende,
2621 1040 2688 1080 ne
2733 1025 3056 1090 tardaveris,
3083 1029 3208 1097 quia
3239 1046 3426 1086 nomen
3473 1049 3596 1086 san-

2011 1123 2150 1167 ctum
2183 1124 2332 1168 tuum
2386 1115 2670 1170 invocatur
2711 1133 2868 1185 super
2897 1133 2990 1170 nos
3017 1117 3210 1186 (Eccli.
3255 1136 3446 1186 xxxvi,
3485 1123 3593 1194 H).

2011 1203 2178 1258 Multa
2195 1215 2342 1271 sunt,
2366 1207 2610 1271 Domine,
2637 1219 2854 1278 peccata
2871 1217 3052 1264 nostra
3071 1227 3086 1276 ;
3103 1211 3196 1264 tibi
3228 1215 3594 1280 peccavimus,

2011 1298 2274 1366 patientia
2319 1300 2518 1366 Israel;
2567 1301 2734 1356 libera
2785 1315 2908 1365 nos,
2955 1302 3200 1367 Domine,
3255 1307 3306 1359 in
3357 1315 3596 1376 tempore

2013 1392 2274 1462 angustiae
2323 1401 2542 1445 nostra).
2581 1389 2942 1456 Peccavimus,
2985 1391 3232 1457 Domine,
3263 1405 3310 1447 et
3343 1405 3399 1448 tu
3429 1398 3596 1449 iratus

2011 1499 2065 1538 es
2093 1483 2226 1554 (Isa.
2253 1483 2472 1552 Lx1v,5)
2499 1484 2674 1545 nobis,
2706 1492 2878 1536 etnon
2909 1493 2982 1536 est
3021 1485 3110 1554 qui
3146 1485 3354 1555 e/j'ngiet
3383 1502 3598 1540 mumun

2013 1585 2156 1628 tuam
2184 1573 2336 1644 (Tob.
2365 1589 2488 1638 xm,
2530 1574 2620 1642 ﬂ);
2650 1574 2740 1628 sed
2771 1573 3137 1642 supplicamus
3168 1585 3221 1628 ut
3253 1577 3420 1629 veniat
3445 1593 3600 1645 super

2015 1683 2114 1722 nos
2141 1666 2500 1720 misericordia
2539 1675 2630 1718 tua
2677 1663 2849 1736 (l’sal.
2880 1681 3068 1727 CXVIII,
3099 1665 3211 1735 41).
3245 1667 3346 1734 Qui
3395 1667 3599 1722 Ninivze

326 1765 437 1810 tate
470 1757 707 1826 placere,
738 1765 798 1809 ut
829 1757 882 1810 in
911 1756 982 1809 tui
1015 1755 1216 1809 amoris
1267 1754 1630 1808 accendanmr
1675 1753 1914 1810 illustra-.
1941 1761 1985 1822 Β
2013 1760 2322 1830 pepercisti,
2347 1759 2606 1814 miserere
2630 1757 2804 1812 nobis.
2835 1755 3182 1812 [tentinisrere
3205 1760 3599 1813 mis-orationum

319 1847 490 1910 tione,
518 1855 572 1900 et
597 1861 738 1902 verae
767 1844 1056 1900 charitatis
1099 1844 1470 1898 illmninemur
1507 1843 1649 1912 igne.
1683 1843 1910 1898 Etsicut

324 1937 546 2009 Moysen
595 1935 853 1991 faumlum
895 1945 1046 1992 tuum
1094 1935 1326 1990 mirabili
1366 1934 1680 1988 illuminasti
1733 1935 1910 2004 splen-

321 2031 473 2094 dore,
516 2029 588 2084 ita
623 2029 784 2084 corda
827 2037 885 2082 et
920 2043 1110 2084 sensus
1139 2037 1356 2082 nostros
1398 2027 1702 2082 illuminare
1727 2028 1913 2098 digne-

323 2121 420 2186 ris,
471 2129 531 2176 ut
573 2129 916 2191 peccatorum
961 2121 1079 2175 labe
1101 2122 1326 2188 espiati,
1361 2119 1428 2174 ad
1473 2128 1546 2183 te,
1587 2121 1678 2188 qui
1708 2129 1908 2176 aeterna

323 2215 432 2268 vita
467 2228 548 2280 es,
601 2214 883 2283 pervenire
929 2227 1252 2268 mereamur.
1297 2211 1372 2266 Da
1407 2211 1725 2280 gaudiorum
1773 2227 1913 2282 pra:-

321 2305 452 2368 Inia,
481 2305 548 2358 da
579 2304 876 2374 gratiarum
929 2319 1177 2368 munera,
1219 2301 1455 2358 dissolve
1503 2301 1615 2358 litis
1667 2303 1906 2368 vincula,

322 2395 562 2464 astringe
605 2395 754 2463 pacis
784 2393 1006 2450 foedera.
1045 2393 1290 2448 lllumina
1323 2407 1419 2447 cor
1451 2393 1750 2459 hominum,
1787 2393 1914 2450 abs-

325 2493 475 2552 terge
538 2485 726 2538 sordes
785 2485 1066 2548 mentium,
1139 2482 1348 2538 resolve
1395 2482 1565 2552 culpze
1615 2482 1908 2548 vinculum,

322 2584 504 2630 everte
531 2574 700 2630 moles
726 2574 1038 2628 criminum.

391 2669 740 2724 Peccavimus
769 2669 885 2734 tibi,
921 2669 1171 2732 Domine,
1199 2667 1514 2737 patientiam
1542 2665 1678 2721 habe
1719 2666 1774 2722 in
1809 2682 1910 2722 uo-

323 2757 426 2823 bis,
462 2768 518 2813 et
547 2773 676 2814 erue
725 2774 824 2814 nos
863 2773 892 2812 a
937 2758 1114 2822 ma’lis,
1159 2773 1280 2828 qua:
1325 2757 1563 2826 quotidie
1593 2765 1912 2816 accrescunt

322 2865 484 2918 super
511 2865 629 2904 nos.
667 2849 986 2920 Iniquitates
1017 2857 1238 2914 nostrae,
1266 2848 1512 2915 Domine,
1541 2849 1910 2920 multiplicata:

321 2952 446 2996 sunt
477 2957 640 3012 super
674 2943 852 3005 capita
905 2949 1090 2996 nostra
1134 2940 1307 3012 (Psal.
1349 2957 1537 3007 xxxtx,
1567 2941 1680 3012 15),
1717 2942 1909 2998 delicta

321 3041 506 3088 nostra
554 3041 844 3087 creverunt
886 3047 1055 3102 tIsqtte
1090 3031 1156 3084 ad
1200 3030 1390 3086 ccelos.
1427 3031 1616 3095 Parce,
1660 3031 1906 3097 Domine,

2012 1861 2246 1918 tuarum,
2281 1851 2499 1904 Domine
2529 1849 2704 1921 (Psal.
2751 1863 2896 1914 xxIv,
2929 1849 3006 1916 6),
3042 1858 3097 1903 et
3133 1865 3271 1919 quos
3299 1853 3402 1906 huc
3429 1867 3594 1920 usque

2013 1944 2233 2009 toleras,
2264 1944 2332 1998 ad
2373 1943 2746 2012 paenitentiam
2785 1959 3110 2014 compunge.
3141 1943 3466 2012 Propiliare,
3499 1944 3600 1998 Do-

2011 2036 2180 2101 mine,
2217 2034 2468 2090 omnibus
2499 2034 2820 2090 Christianis
2852 2035 2987 2088 vivis
3018 2043 3072 2088 et
3115 2033 3406 2088 defunctis.
3431 2035 3600 2088 Auxi-

2009 2128 2146 2182 liare
2201 2127 2442 2196 optimis,
2493 2135 2552 2180 ιιι
2596 2126 2651 2180 in
2703 2126 2946 2180 bonitate
2991 2140 3206 2195 semper
3273 2127 3594 2180 c0nsistant.

2011 2221 2268 2276 Miserere
2313 2219 2468 2274 bouis
2520 2231 2576 2273 et
2617 2219 3000 2282 mediocribus,
3037 2229 3098 2272 ut
3145 2217 3399 2272 meliores
3444 2217 3594 2272 ﬁant.

2011 2309 2282 2366 Succurre
2309 2323 2474 2378 prave
2503 2309 2790 2378 agentibus
2823 2317 2880 2362 et
2908 2307 3368 2376 delinquentibus,
3401 2317 3461 2362 ut
3487 2309 3598 2362 cito

2009 2417 2070 2458 se
2097 2411 2392 2472 corrigam.
2421 2399 2723 2470 Propitiare
2748 2401 2934 2463 etiam,
2966 2399 3213 2464 Domine,
3247 2399 3522 2454 haereticis
3543 2408 3598 2454 et

2009 2493 2344 2558 schismatis,
2373 2492 2573 2548 Judaais
2607 2503 2662 2548 et
2689 2493 2934 2562 paganis,
2966 2501 3023 2545 ut
3069 2501 3414 2546 revertantur
3435 2507 3464 2546 a
3495 2494 3598 2550 viis

2011 2586 2124 2642 suis
2161 2585 2334 2649 malis,
2368 2593 2422 2638 et
2447 2593 2780 2654 cognoscant
2816 2592 2868 2637 te
2908 2581 3072 2636 Deum
3099 2583 3280 2636 vivum
3307 2591 3365 2636 et
3385 2597 3596 2650 verum,

2009 2675 2102 2744 qui
2133 2673 2306 2730 fecisti
2347 2675 2547 2730 caelum
2591 2683 2644 2728 et
2691 2683 2910 2736 terram,
2957 2689 3108 2727 mare
3157 2681 3212 2728 et.
3273 2674 3456 2727 omnia
3479 2688 3600 2741 quae

2013 2765 2066 2820 in
2095 2764 2176 2819 eis
2223 2774 2372 2819 sunt.
2411 2764 2665 2818 Miserere
2709 2765 2960 2818 omnilms
3007 2761 3254 2816 fidelibus
3307 2761 3597 2828 defunctis,

2012 2856 2148 2912 dans
2169 2855 2248 2910 eis
2277 2856 2436 2908 vitam
2467 2855 2680 2908 beatam
2713 2863 2931 2924 propter
2961 2853 3216 2923 pietatem
3251 2861 3418 2906 tuam.

2083 2944 2352 3001 Memento
2402 2945 2598 3008 nostri,
2633 2945 2879 3008 Domine,
2911 2944 2964 2997 in
3008 2943 3160 3012 gravi
3196 2943 3302 2996 isto
3337 2957 3595 3012 corpore;

2013 3047 2299 3094 convertat
2343 3049 2430 3091 tua
2479 3037 2785 3106 benignitas
2826 3050 2965 3104 quos
3011 3035 3168 3102 longa
3199 3035 3454 3088 sustinuit
3485 3034 3601 3103 pie-

322 3133 376 3176 ct
403 3124 600 3178 inclina
647 3139 812 3194 super
837 3139 936 3178 nos
975 3123 1404 3178 misericordiam
1441 3133 1608 3178 tuam.
1657 3123 1902 3190 Domine,
1933 3123 1978 3186 C
2014 3138 2112 3184 tas.
2147 3129 2396 3184 Miserere
2424 3129 2606 3188 nostri,
2643 3127 2784 3180 Dens
2813 3127 3066 3188 omnium,
3093 3137 3142 3179 et
3187 3125 3380 3194 respice
3405 3141 3518 3190 nos,
3549 3133 3598 3178 et

323 3219 590 3274 imminuti
618 3234 806 3272 sumus
843 3229 1063 3289 propter
1093 3225 1314 3287 peccata
1347 3227 1534 3272 nostra
1583 3217 1773 3282 hodie;
1815 3215 1910 3272 sed

322 3308 376 3364 in
411 3309 590 3362 animo
615 3309 849 3363 contrito
875 3319 928 3364 et
951 3309 1144 3377 spiritu
1173 3307 1492 3362 humilitatis
1520 3307 1907 3378 suscipiamur,

323 3408 378 3452 et
425 3400 514 3452 fac
561 3399 843 3453 nobiscum
889 3399 1186 3454 secundum
1239 3398 1704 3454 mansuetudinem
1739 3406 1908 3461 tuam,

323 3489 448 3558 quia
477 3505 582 3542 non
622 3499 696 3542 est
751 3490 989 3558 confusio
1021 3488 1404 3558 conﬁdentibus
1449 3488 1503 3540 in
1541 3497 1588 3542 te
1637 3487 1798 3558 (Dan.
1827 3503 1907 3554 III,

323 3579 434 3651 41)),
471 3581 714 3635 Domine.
751 3579 872 3634 Non
917 3591 990 3634 est
1019 3579 1155 3632 alius
1187 3579 1326 3632 Dens
1347 3587 1535 3649 prtvter
1561 3589 1632 3644 te,
1660 3579 1899 3642 Domine,

325 3669 515 3729 (Eccli.
547 3688 732 3735 xxxvl,
763 3671 843 3744 5),
877 3679 932 3724 et
976 3671 1068 3724 tibi
1113 3672 1176 3722 de
1203 3670 1440 3722 omnibus
1466 3684 1590 3722 cura
1615 3678 1688 3722 est
1720 3665 1908 3739 (Eccli.

324 3779 457 3828 XLII,
481 3766 558 3830 4),
592 3779 658 3820 eo
681 3765 822 3832 quod
855 3761 1112 3816 Dominus
1138 3760 1378 3814 omnium
1406 3774 1486 3814 es.
1519 3757 1690 3812 Parce
1718 3757 1910 3827 populo

325 3863 414 3908 tuo
448 3853 608 3926 (Joel.
639 3871 698 3916 II,
729 3856 840 3922 17),
867 3854 955 3922 qui
991 3855 1086 3907 das
1117 3851 1468 3922 precantibus
1499 3848 1831 3918 largitatem,
1855 3857 1914 3902 ιιι

327 3957 676 4002 convertatur
723 3947 926 4000 malitia
965 3945 1016 4000 in
1060 3945 1378 4000 bonitatem.
1408 3941 1636 4006 Exaudi,
1663 3939 1909 4003 Domine,

325 4041 756 4110 deprecationem
783 4055 1060 4094 servorum
1092 4048 1330 4102 tuorum,
1355 4045 1411 4092 et
1429 4036 1689 4090 miserere
1719 4033 1912 4104 populo

327 4139 438 4197 tuo,
472 4142 530 4184 ut
558 4133 732 4185 sciant
760 4145 946 4184 omnes
968 4139 1153 4198 gentes
1173 4129 1296 4198 quia
1332 4137 1384 4180 tu
1425 4141 1484 4180 es
1514 4124 1656 4179 Deus
1685 4123 1912 4178 saeculo-

326 4236 444 4274 rum
475 4221 729 4292 (Baruclt.
779 4235 842 4286 II,
871 4219 980 4290 15).
1017 4218 1265 4272 Miserere
1305 4217 1504 4270 civitati
1534 4214 1911 4282 sanctiﬁcatio-

327 4313 404 4366 nis
451 4324 553 4366 tuaz
604 4312 796 4384 (Eccli.
849 4327 1035 4374 xxxvi,
1089 4309 1207 4378 15),
1255 4306 1476 4362 Domine
1515 4307 1657 4360 Deus
1704 4313 1906 4358 noster.

327 4402 574 4457 Miserere
619 4403 754 4472 plebi
796 4413 925 4464 tute,
965 4400 1206 4462 Domine,
1235 4407 1391 4467 Super
1425 4412 1582 4465 quam
1613 4397 1908 4448 invocatum

325 4501 400 4546 est
433 4509 615 4546 nomen
645 4503 790 4545 tuum
823 4486 1270 4556 sanctum(1bid.,
1303 4487 1413 4554 M),
1441 4495 1496 4538 ut
1517 4485 1681 4538 sciant
1709 4499 1904 4547 euntes,
1939 4471 1985 4530 Ι)

326 4581 414 4652 qui
440 4581 676 4634 habitant
701 4593 896 4634 terram
933 4577 1121 4650 (lbid.,
1155 4577 1266 4644 l9),
1296 4577 1418 4646 quia
1445 4585 1498 4629 tu
1528 4590 1586 4629 es
1615 4573 1758 4628 Deus
1785 4588 1909 4642 pro-

331 4681 503 4728 tector
530 4671 846 4742 populorum
883 4681 1119 4723 tuorum.
1148 4668 1388 4733 Dimitte,
1415 4665 1658 4729 Domine,
1684 4661 1904 4734 peceata

327 4764 506 4833 populi
559 4764 666 4828 tui,
735 4763 1020 4816 secundum
1079 4759 1465 4812 multitudinem
1529 4756 1906 4810 misericordia:

327 4865 430 4907 tua:
453 4853 624 4925 (Psal.
651 4871 733 4916 cv,
764 4853 875 4924 45).
911 4853 1062 4906 Sient
1083 4851 1346 4920 propitius
1373 4850 1514 4903 fuisti
1541 4849 1781 4918 patribus
1807 4861 1904 4900 no-

328 4947 476 5011 stris,
521 4948 786 5016 propitius
833 4955 949 4998 esto
998 4954 1052 4998 et
1101 4945 1275 5010 nobis,
1312 4954 1370 4997 ut
1407 4943 1694 5010 impleatur
1729 4940 1902 5009 gloria

332 5047 416 5090 tua
451 5038 503 5091 in
537 5039 784 5092 universa
811 5047 975 5091 terra.

400 5131 629 5194 Exaudi,
675 5133 836 5194 Deus,
891 5131 1321 5200 deprecationem
1351 5137 1613 5188 nostram,
1655 5133 1708 5176 et
1729 5123 1906 5192 propi-

331 5223 437 5277 tius
469 5233 584 5279 esto
607 5223 802 5292 populo
843 5231 952 5288 tuo,
992 5231 1048 5276 et
1081 5229 1338 5276 converte
1373 5217 1772 5271 tribulationem
1811 5231 1906 5266 no-

2012 3223 2223 3276 ostende
2279 3222 2424 3276 nobis
2495 3225 2662 3274 lucem
2701 3220 3100 3272 .miscrationum
3143 3228 3357 3271 tuarum
3402 3217 3596 3288 (Eccli.

2012 3328 2197 3374 XXXVI,
2233 3311 2306 3381 1).
2351 3309 2461 3364 Nos
2499 3309 2702 3374 miseri,
2755 3323 2852 3362 nos
2886 3321 3074 3360 sumus
3121 3321 3286 3375 opera
3319 3316 3432 3368 tua,
3479 3321 3601 3377 qute

2012 3400 2208 3456 dedisti
2235 3401 2371 3454 Filio
2394 3411 2482 3452 tuo
2513 3400 2564 3452 in
2585 3398 2938 3452 lttm‘etlitutem
2961 3396 3062 3448 sibi
3083 3393 3256 3464 (Psal.
3289 3410 3463 3460 xxxu,
3485 3397 3600 3466 1'2).

2015 3492 2132 3546 Noli
2180 3491 2434 3548 claudere
2467 3503 2655 3544 aurem
2711 3499 2857 3540 tuam
2885 3491 2951 3539 ad
2995 3499 3186 3553 preces
3219 3495 3455 3550 nostras,
3503 3487 3600 3540 sed

2013 3587 2233 3642 subleva
2258 3585 2496 3642 clemens
2545 3583 2888 3638 afllictionem
2925 3581 3104 3651 populi
3138 3583 3232 3644 tui,
3271 3581 3400 3635 illud
3427 3582 3602 3636 revol-

2013 3695 2145 3734 vens
2169 3680 2312 3748 quod
2339 3678 2611 3748 pollicitus
2646 3692 2706 3730 es
2742 3676 2927 3730 dicens
2952 3691 2966 3729 :
2995 3673 3372 3728 Convertimini
3401 3674 3470 3726 ad
3496 3690 3596 3738 me,

2013 3778 2060 3821 et
2089 3785 2180 3837 ego
2204 3778 2430 3822 revertar
2455 3767 2524 3818 ad
2555 3781 2642 3819 vos
2667 3763 2824 3827 (Mal.
2869 3779 2952 3828 ιιι,
2983 3762 3058 3832 7).
3095 3762 3366 3817 Memento
3405 3763 3598 3828 nostri,

2017 3857 2266 3920 Domine,
2307 3864 2582 3911 memento
2613 3854 2807 3920 nostri,
2837 3863 2896 3906 ut
2924 3851 3220 3906 etliciamur
3253 3852 3496 3906 haeredes
3517 3868 3601 3905 re-

2013 3949 2100 4016 gni
2133 3949 2230 4011 tui,
2261 3956 2316 4001 et
2344 3947 2588 4001 videntes
2613 3945 2839 4015 gloriam
2889 3953 3034 3996 tuam
3067 3943 3356 3996 adoremus
3391 3942 3602 3997 bonita-

2015 4051 2122 4094 tem
2155 4050 2323 4103 tuam,
2355 4050 2409 4094 et
2433 4039 2679 4092 dicamus
2703 4036 2934 4105 pariter,
2980 4049 3104 4089 eum
3135 4033 3434 4089 viderimus
3473 4035 3602 4088 ina:-

2013 4131 2336 4186 stimabilem
2389 4127 2845 4200 pulchritudinem
2892 4135 3036 4178 tuam
3071 4143 3084 4178 :
3114 4124 3294 4179 Gloria
3327 4125 3473 4179 Patri
3505 4126 3598 4194 qui

2015 4223 2142 4278 fecit
2171 4237 2286 4286 nos,
2321 4221 2490 4292 gloria
2524 4221 2660 4276 Filio
2696 4221 2784 4288 qui
2825 4218 3054 4273 salvavit
3081 4232 3201 4281 nos,
3230 4218 3397 4288 gloria
3429 4217 3600 4286 Spiri-

2017 4318 2088 4373 tui
2139 4325 2330 4371 sancto
2375 4315 2468 4384 qui
2511 4313 2798 4370 renovavit
2851 4327 2972 4378 nos,
3019 4326 3116 4381 per
3153 4311 3362 4366 inﬁnita
3405 4310 3598 4367 saecula

2013 4407 2352 4463 surculorum.
2381 4407 2576 4460 Amen.
3583 4393 3590 4402 ’

2575 4519 2832 4576 ORATIO
2870 4519 2912 4573 ll
2937 4520 3026 4573 θη.

2103 4661 2173 4698 ΔΙ)
2209 4655 2350 4697 DEUM
2390 4652 2602 4693 PATBEM
2641 4653 2739 4690 PER
2782 4651 2982 4689 MERITA
3026 4651 3151 4689 FILII
3193 4651 3496 4692 INCABNATI.
3585 4703 3588 4706 ἢ

2077 4757 2270 4812 Invoco
2317 4763 2390 4820 te,
2435 4753 2576 4806 Deus
2625 4763 2796 4815 meus,
2825 4749 3016 4804 invoco
3075 4759 3146 4812 te,
3177 4748 3300 4818 quia
3351 4765 3509 4818 prope
3543 4765 3596 4801 es

2005 4849 2242 4904 omnibus
2261 4843 2616 4900 invocantibus
2633 4852 2701 4906 te,
2720 4843 2812 4896 sed
2831 4839 3208 4896 invocantibus
3223 4839 3294 4871 ἰ’
3313 4841 3364 4892 in
3383 4841 3596 4892 veritate

2012 4939 2183 5010 (Psal.
2229 4953 2410 5004 cxuv,
2466 4936 2552 5007 18)
2608 4954 2622 4990 :
2677 4944 2731 4988 tu
2761 4935 2906 4988 enim
2931 4933 3132 4986 veritas
3166 4945 3244 4984 es.
3293 4927 3434 4982 Doce
3461 4944 3546 4982 mc
3577 4967 3592 4992 ,

2012 5043 2212 5099 quaeso,
2243 5041 2340 5096 per
2367 5025 2714 5081 clementiam
2748 5033 2914 5086 tuam,
2961 5029 3152 5075 sancta
3190 5018 3406 5080 veritas,
3461 5017 3594 5071 doce

2015 5139 2100 5176 me
2125 5121 2376 5174 invocare
2411 5127 2463 5172 te
2517 5117 2570 5171 in
2601 5117 2852 5178 veritate,
2883 5113 3008 5183 quia
3046 5109 3314 5180 quomodo
3347 5108 3448 5162 hoc
3479 5109 3592 5162 fieri

2015 5221 2264 5282 oporteat
2307 5209 2377 5241 ⁹²⁰
2420 5208 2624 5274 nescio,
2667 5207 2761 5262 sed
2787 5203 2968 5260 doceri
3007 5219 3036 5256 a
3071 5211 3140 5266 te,
3165 5199 3337 5269 [licata
3371 5197 3592 5262 veritas,

1625 5329 1854 5386 VARle
1892 5324 2294 5382 LECTIONES.

400 5433 470 5465 ³⁷³
495 5433 698 5488 Collnta
725 5443 796 5485 est
829 5449 945 5485 cum
981 5427 1224 5482 Edit'one
1256 5423 1538 5482 Sommalii
1564 5433 1608 5476 et
1645 5421 1789 5474 Edit.
1833 5419 1988 5471 (.‘otlt.
2020 5427 2072 5488 et
2114 5413 2272 5488 ﬁdit.
2294 5411 2466 5465 Paris.
2597 5405 2877 5488 éngnstini
2904 5403 2992 5488 ubi
3013 5409 3153 5484 extat

329 5465 808 5557 tationtniiiuio‘httml
1898 5465 2228 5571 meri—tit.
2249 5481 2549 5571 Iin‘carnati.
2571 5465 2737 5571 “Sani.
2757 5478 3055 5571 ΔΙιιιικιιιιιι·
3077 5465 3593 5571 ἱηθξξιιέιξριιιιξὶ

331 5575 540 5628 estsine
585 5575 760 5638 titulo,
806 5585 851 5626 et
877 5561 1043 5624 nullo
1077 5569 1244 5622 medio
1280 5567 1514 5638 sequitur
1561 5561 1958 5638 prtrcedentent.
2007 5626 2018 5636 '
2055 5561 2124 5586 9‘“
2157 5561 2259 5638 Sed
2292 5561 2517 5638 invoca!

717 5624 930 5696 veritas
963 5643 1215 5694 invocare
1245 5649 1260 5690 :
1297 5624 1423 5704 quia
1470 5624 1740 5704 quomodo
1769 5629 1870 5682 hoc
1902 5626 2024 5704 ﬁeri
2064 5633 2309 5704 oporteat
2355 5635 2448 5676 etc.
2482 5624 2624 5704 520m.
2646 5626 2704 5704 et

2055 5557 2124 5586 9‘9
2157 5555 2259 5608 Sed
2313 5550 2689 5608 invocantibus
2741 5548 2876 5614 Anq.
2923 5545 3096 5614 amita
3143 5540 3216 5573 ⁰¹⁰
3243 5539 3594 5614 Clementi-am

2749 5613 2879 5682 Any.
2921 5631 3013 5684 per
3053 5613 3394 5668 (:l'cmettlitult
3426 5619 3594 5672 luant,

1114 5693 1364 5763 ἱιιωειιίο
1396 5715 1446 5760 te
1476 5693 1526 5758 iit
1573 5702 1822 5766 γειὶιιιιυ,
1855 5697 1980 5767 quia
2015 5697 2111 5750 Ιιιιι·
2147 5697 2256 5749 licri
2289 5693 2556 5763 ιιιιυιηυιιι)
2605 5697 2852 5756 (tpttl'lctll
