3906 6058
323 244 428 303 859

679 244 738 302 S.
772 241 1072 301 ANSELMI
1109 238 1455 299 CANTUAR.
1497 230 1816 290 ARCIIIEP.
1857 227 1902 283 Ο

2009 264 2015 280 .
2046 224 2226 281 PARS
2253 223 2318 280 11.
2358 253 2433 267 -
2453 219 2823 279 ΡΔΒᾹΞΝΕΤ.
2863 216 2953 273 ΕΤ
2977 216 3214 275 ASCET.

3474 216 3585 272 860

322 353 604 411 humiliter
639 354 884 424 imploro.
911 355 1019 407 Abs
1049 361 1102 407 te
1128 356 1271 407 enim
1318 363 1507 418 sapere
1528 347 1621 411 ’³ί,
1652 344 1896 413 desipere
1930 345 1973 401 A
2005 335 2126 401 luit,
2154 334 2246 404 qui
2286 333 2458 404 alapis
2492 348 2665 389 caesus
2684 331 2778 397 ⁸³⁸,
2809 330 2986 424 sputis
3026 328 3215 395 illitus,
3244 324 3459 424 probr_is
3495 332 3585 424 ar,

323 456 408 501 est
438 463 452 500 :
483 455 536 501 te
572 461 701 501 vero
727 460 885 500 nosse
925 457 1011 498 est
1041 442 1278 513 perfecte
1305 440 1446 495 scire
1471 439 1563 490 ⁸³⁸.
1594 437 1759 492 Erudi
1793 448 1899 501 me,

323 553 359 590 0
388 538 569 593 divina
600 537 885 605 sapientia,
925 545 982 589 et
1029 535 1161 588 doce
1209 546 1295 587 me
1335 531 1504 601 legem
1527 539 1694 583 tuam.
1729 527 1903 583 Credo

324 645 559 700 namque
587 630 715 699 quia
761 629 950 683 beatus
993 627 1115 688 erit,
1159 639 1319 695 quem
1370 633 1426 678 tu
1454 621 1719 678 erudieris
1755 628 1809 673 et
1837 620 1903 675 de

322 721 441 791 lege
461 729 548 773 tua
567 718 815 772 docueris
836 731 959 771 eum
977 716 1069 768 m.
1094 714 1372 770 Desiderio
1394 713 1647 766 invocare
1671 719 1746 773 te,
1760 707 1902 778 quod

321 825 506 881 quaeso
531 808 625 863 ﬂat
654 809 707 862 in
734 809 984 863 veritate.
1034 806 1175 874 Quid
1201 815 1286 861 est
1302 805 1555 860 invocare
1589 803 1644 857 in
1674 802 1903 856 veritate

320 900 606 955 veritatem
632 899 727 966 m,
748 898 851 953 nisi
880 899 933 954 in
962 896 1099 953 Filio
1128 895 1376 950 Patrem?
1402 895 1563 963 Ergo,
1581 901 1768 949 sancte
1799 892 1901 947 Pa-

321 999 427 1057 ter,
454 1006 632 1047 sermo
652 991 723 1024 ⁹²⁵
747 1001 871 1045 tuus
903 990 1105 1045 veritas
1129 997 1233 1055 est,
1262 986 1586 1059 principium
1610 985 1900 1041 verborum

322 1094 536 1140 tuorum
570 1083 793 1139 veritas.
847 1081 962 1137 Hoc
1012 1080 1211 1151 quippe
1258 1088 1343 1134 est
1366 1078 1652 1132 verborum
1688 1084 1901 1131 tuorum

319 1176 667 1247 principium,
698 1173 841 1244 quod
870 1174 925 1229 in
965 1173 1221 1243 principio
1256 1179 1368 1225 erat
1397 1168 1621 1223 Verbum
1646 1166 1829 1238 (Joan.
1858 1182 1900 1231 ι,

319 1268 397 1338 ί).
438 1265 495 1320 lu
530 1266 645 1335 ipso
673 1264 937 1335 principio
975 1275 1025 1318 te
1055 1278 1325 1318 summum
1347 1261 1516 1316 adoro
1545 1258 1898 1329 principium;

320 1360 376 1413 iu
401 1357 518 1427 ipso
534 1356 780 1412 veritatis
800 1355 973 1411 Verbo
995 1366 1065 1421 te,
1081 1352 1341 1425 perfecta,
1363 1354 1574 1416 invoco,
1594 1351 1827 1405 veritas:
1846 1349 1901 1403 in

318 1465 428 1520 quo
454 1450 566 1519 ipsa
597 1448 785 1503 eadem
826 1447 1050 1513 veritas,
1078 1447 1283 1518 dirigas
1308 1461 1395 1500 me
1430 1453 1485 1499 et
1506 1445 1700 1499 doceas
1731 1442 1784 1495 in
1811 1457 1905 1497 ve-

319 1540 585 1596 ritatem.
617 1537 754 1605 Quid
786 1539 931 1592 enim
963 1536 1174 1591 dulcius
1195 1550 1355 1606 quam
1384 1533 1693 1589 Genitorem
1723 1531 1776 1585 in
1807 1545 1904 1587 no-

319 1635 466 1687 mine
507 1629 780 1702 Unigenili
828 1628 1170 1695 exorare‘m,
1206 1627 1417 1683 Patrem
1446 1627 1496 1680 in
1525 1624 1902 1682 recordatione

2006 426 2198 490 fectus,
2234 442 2295 482 os
2347 442 2501 481 suum
2553 440 2661 480 non
2692 425 2903 493 aperuit
2935 422 3073 493 (lsa.
3111 438 3228 490 LIII,
3272 422 3350 493 7).
3383 421 3462 477 En
3487 422 3585 492 qui

2005 528 2285 590 peccatum
2315 534 2420 573 non
2452 516 2604 584 fecit,
2641 524 2863 587 peccata
2892 524 3078 570 nostra
3109 513 3351 585 pertulit,
3373 523 3429 569 et
3470 514 3589 569 lano

2004 624 2201 678 guores
2231 618 2446 666 nostros
2472 625 2572 665 suo
2618 610 2789 664 livore
2808 607 3022 664 sanavit
3043 606 3096 678 (1
3102 607 3234 673 bid.,
3260 606 3339 678 4).
3365 606 3584 677 Aspice,

2004 703 2092 771 pie
2122 700 2305 765 Pater,
2336 700 2640 771 piissimum
2670 699 2862 754 Filium
2899 707 3050 753 tuum
3081 713 3182 769 pro
3216 713 3304 753 me
3346 707 3453 752 tam
3484 699 3589 752 im-

2003 792 2092 863 pia
2132 793 2202 825 ⁸³⁸
2248 808 2490 863 passum.
2528 792 2779 862 Respice,
2825 806 2919 846 rex
2971 791 3410 855 clementissime,
3462 791 3589 860 quis

2003 884 2312 954 patitur-"7,
2344 893 2399 940 et
2433 884 2784 940 reminiscere
2809 883 3074 953 benignus
3110 897 3209 953 pro
3235 897 3342 953 quo
3358 883 3588 952 patitur.

2003 978 2192 1035 Nonne
2235 979 2324 1033 hic
2369 987 2454 1034 est
2497 978 2586 1033 ille
2621 977 2903 1042 innocens,
2935 977 3008 1031 mi
3059 976 3308 1043 Domine,
3340 992 3501 1046 quem
3527 984 3588 1032 ut

2002 1085 2220 1125 servum
2249 1068 2548 1124 redimercs
2599 1066 2795 1121 Filium
2841 1066 3153 1122 tradidisti?
3186 1066 3437 1139 Nunquid
3474 1082 3585 1121 non

2003 1170 2194 1216 auctor
2231 1162 2359 1216 vita:
2407 1160 2495 1216 bic
2531 1167 2639 1225 est,
2671 1159 2763 1228 qui
2790 1166 2850 1212 ut
2877 1158 2996 1214 ovis
3021 1159 3088 1212 ad
3116 1158 3442 1214 occisionem
3486 1159 3587 1214 du-

2002 1260 2165 1318 ctus,
2239 1253 2441 1322 tibique
2506 1252 2767 1307 obediens
2821 1262 2995 1320 usque
3069 1249 3136 1305 ad
3209 1258 3437 1305 mortem
3504 1250 3584 1305 fa-

2002 1354 2124 1400 ctus
2156 1342 2321 1413 (Phil.
2364 1358 2426 1407 Il,
2476 1342 2554 1413 8),
2595 1342 2947 1397 atrocissima:
2976 1356 3082 1396 non
3104 1342 3175 1374 ’⁸⁸
3220 1342 3397 1396 timuit
3436 1343 3589 1399 necis

2002 1448 2172 1503 geuus
2199 1434 2379 1488 subire
2406 1435 2425 1487 ἔ
2450 1433 2671 1499 Recole,
2709 1435 2873 1489 totius
2918 1433 3109 1489 salutis
3131 1433 3584 1503 dispensator“,

2002 1523 2130 1593 quia
2180 1523 2271 1578 hic
2319 1524 2433 1593 ipse
2482 1533 2591 1590 est,
2638 1537 2799 1594 quem
2858 1524 2959 1579 etsi
3019 1538 3086 1579 ex
3147 1532 3235 1578 tua
3264 1523 3335 1558 ’⁸⁸
3388 1525 3590 1579 virtute

2003 1614 2277 1685 genuisti,
2331 1630 2465 1671 mete
2502 1624 2688 1672 tamen
2738 1616 3076 1671 infirmitatis
3108 1616 3425 1688 participem
3466 1616 3592 1672 fieri

319 1722 440 1778 Filii
467 1723 533 1777 ad
560 1687 816 1793 pietatem
850 1718 1088 1786 ﬂectere,
1112 1687 1313 1789 Regem
1341 1718 1678 1773 cbarissimze
1701 1716 1905 1774 sobolis
1934 1687 1977 1747 Β
2006 1706 2244 1761 νοΙυῖειὶο

320 1811 761 1869 denominatione
772 1810 845 1842 ⁹²⁸
869 1810 1116 1881 mitigare
1140 1811 1154 1864 ι

390 1902 484 1958 Sic
527 1902 604 1957 rei
629 1900 807 1960 solent
835 1900 1149 1958 carceribus
1176 1900 1336 1969 eripi,
1360 1899 1439 1955 sic
1464 1898 1751 1968 mancipati
1786 1900 1906 1955 vin-

318 1992 457 2049 culis
479 1991 723 2061 liberari,
747 1992 828 2049 sic
866 1992 1077 2047 tristem
1107 1991 1300 2061 capitis
1330 1990 1661 2061 excipientes
1685 2000 1907 2047 senten-

322 2085 476 2151 tiam,
523 2098 629 2137 non
661 2083 833 2139 solum
885 2081 1112 2149 absolvi,
1155 2082 1332 2137 sed‘m
1387 2082 1611 2152 insuper
1662 2083 1902 2140 nancisci

321 2176 592 2232 insolitam
618 2174 874 2247 gratiam,
932 2172 1224 2231 dummodo
1278 2173 1433 2229 iratis
1479 2173 1812 2245 principibus
1833 2174 1903 2208 "°

319 2267 542 2324 delecta:
569 2265 737 2335 prolis
780 2266 1154 2321 intimaverint
1210 2264 1553 2320 cbaritatem.
1604 2264 1696 2321 Sic
1730 2265 1904 2321 deliu-

321 2363 551 2426 quentes
595 2353 795 2410 servuli
826 2353 1062 2408 evadunt
1084 2351 1346 2422 supplicia
1382 2353 1747 2420 dominorum,
1776 2354 1903 2409 dum

322 2462 421 2518 pro
446 2447 527 2503 eis
562 2444 854 2502 intervenit
889 2445 1117 2501 dulcedo
1163 2444 1420 2500 filiorum.
1471 2444 1564 2499 Slc
1616 2454 1689 2510 te,
1744 2445 1905 2501 Pater

322 2539 685 2608 omnipotens.
722 2552 823 2606 per
854 2534 1242 2605 omnipotentis
1279 2534 1401 2589 Filii
1455 2535 1533 2589 tui
1579 2536 1902 2590 charitatem

322 2630 564 2699 postulo,
605 2629 741 2683 educ
765 2627 833 2682 de
880 2641 1104 2681 carcere
1135 2625 1372 2680 animam
1420 2641 1594 2680 meam
1638 2626 1705 2681 ad
1734 2627 1903 2682 conli-

325 2720 544 2775 tendum
574 2718 776 2774 nomini
800 2718 1096 2784 tuo,libera
1121 2731 1207 2771 me
1225 2732 1256 2771 a
1278 2716 1507 2777 vinculis
1533 2725 1900 2787 peccatorum,

323 2826 423 2883 per
442 2819 768 2866 coaeternum
801 2808 897 2864 tibi
942 2818 1128 2864 natum
1160 2807 1377 2862 unicum
1416 2808 1638 2879 ﬂagito;
1685 2822 1900 2878 meque,

323 2904 409 2959 cui
441 2903 657 2973 propria
703 2902 896 2956 merita
938 2898 1192 2955 lethalem
1228 2899 1505 2954 minantur
1551 2900 1898 2964 sententiam,

324 2991 821 3068 pretiosissima!Im
876 2992 944 3046 ad
1002 2991 1282 3046 dexteram
1351 2998 1497 3044 tuam
1559 2990 1902 3045 conscdeutis

325 3084 492 3154 prolis
539 3081 973 3153 interpellatione
1024 3090 1269 3135 restaura
1317 3079 1561 3150 placatus
1607 3081 1675 3135 ad
1712 3081 1901 3135 vitam.

325 3176 497 3240 Quem
529 3173 694 3227 alium
733 3172 876 3226 enim
927 3171 1154 3242 dirigam
1207 3170 1622 3226 intercessorem
1666 3187 1764 3240 pro
1817 3187 1905 3227 me

326 3267 441 3329 tibi,
477 3265 659 3321 nescio
701 3263 804 3319 nisi
845 3264 1008 3327 hunc,
1038 3263 1130 3332 qui
1161 3272 1234 3317 est
1263 3263 1566 3332 prapitiatio
1603 3280 1698 3331 pro
1718 3280 1904 3332 pecca-

325 3369 392 3412 t.s
421 3358 611 3412 nostris
635 3356 704 3388 ’³⁸
748 3356 795 3426 (l
823 3353 986 3409 Joan.
1016 3370 1077 3419 ιι,
1108 3354 1187 3421 2),
1226 3354 1317 3425 qui
1343 3355 1495 3409 sedet
1518 3357 1589 3409 ad
1627 3354 1907 3409 dexteram

328 3458 475 3503 tuam
506 3446 853 3517 interpellans
875 3460 972 3514 pro
991 3445 1063 3477 ’³³
1085 3445 1237 3499 nobis
1270 3444 1457 3515 (Hebr.
1486 3461 1584 3509 vn,
1614 3445 1729 3515 25).

400 3541 539 3595 Ecce
561 3538 854 3593 advocatus
893 3551 1046 3591 meus
1092 3537 1232 3605 apud
1265 3545 1317 3592 te
1352 3539 1521 3591 Deum
1559 3546 1615 3591 ct
1642 3537 1857 3591 Patrem
1890 3554 1905 3591 :

328 3631 492 3704 246
534 3644 662 3686 ecce
706 3627 953 3684 Pontifex
982 3643 1248 3694 summus,
1278 3628 1371 3697 qui
1419 3643 1527 3683 non
1570 3638 1693 3699 eget
1732 3628 1909 3685 alieno

331 3722 536 3792 expiari
568 3720 850 3791 sanguine.
896 3719 1021 3789 quia
1067 3719 1285 3789 protirio
1314 3719 1545 3790 refulget
1572 3720 1909 3791 perfususm

328 3830 543 3871 cruore.
573 3815 715 3869 Ecce
738 3813 909 3868 bostia
937 3822 1148 3876 sancta.
1174 3812 1533 3883 beneplacens
1561 3823 1615 3870 et
1643 3813 1904 3884 perfecta,

330 3906 383 3959 iu
418 3906 640 3960 odorem
689 3902 974 3959 suavitatis
1025 3910 1081 3957 et
1127 3901 1306 3957 oblata
1366 3910 1420 3956 et
1475 3911 1719 3973 accepta.
1773 3904 1911 3958 Ecce

328 3996 514 4067 Agnus
534 3995 651 4051 sine
676 3994 910 4061 macula,
926 3993 1017 4063 qui
1042 4006 1225 4047 coram
1254 4004 1315 4047 se
1346 3990 1694 4047 tendentibus
1720 3992 1912 4047 obmu-

2078 1797 2218 1853 Vere
2267 1798 2383 1854 lucc
2436 1808 2519 1854 est
2550 1808 2640 1854 tua
2682 1798 2873 1865 dcitas,
2911 1813 3049 1869 quae,
3085 1813 3261 1854 meam
3294 1799 3482 1854 induta
3511 1799 3591 1834 m

2006 1899 2281 1956 naturam,
2314 1890 2493 1947 crucis
2538 1891 2783 1947 ascendit
2826 1890 3147 1960 patibulum,
3195 1890 3250 1944 in
3286 1899 3597 1959 assumpta-

2005 1980 2191 2050 que'“
2225 1994 2390 2036 carne
2437 1982 2593 2037 triste
2642 1978 3162 2053 tulit'supplicium.
3197 1981 3405 2047 Reduc,
3444 1982 3593 2039 Deus

2006 2086 2181 2139 meus,
2217 2072 2406 2129 oculos
2435 2071 2734 2142 maiestatis
2758 2083 2862 2129 tua:
2890 2089 3055 2145 super
3078 2073 3149 2108 W
3178 2089 3316 2144 opus
3348 2074 3594 2131 ineﬂ'abi-

2006 2164 2075 2220 lis
2103 2164 2339 2235 pictatis,
2390 2166 2604 2221 intuere
2650 2165 2847 2221 ducem
2895 2176 3080 2220 natum
3103 2165 3173 2198 ’“
3212 2174 3324 2221 toto
3360 2181 3593 2237 corpore

2005 2267 2310 2324 extensum,
2358 2271 2521 2313 cerne
2563 2273 2756 2312 manus
2787 2257 3049 2313 innocuas
3076 2258 3168 2329 pio
3193 2258 3266 2290 ’δ’
3304 2257 3594 2317 manantes

2005 2351 2290 2421 sanguine,
2337 2359 2395 2406 et
2426 2350 2641 2405 remitte
2666 2349 2911 2420 placatus
2945 2351 3152 2406 scelera
3183 2367 3306 2421 quae
3334 2364 3592 2423 patrave-

2005 2450 2134 2495 runt
2183 2456 2375 2497 manus
2424 2456 2577 2497 meae.
2609 2440 2906 2498 Considera
2967 2442 3172 2498 inerme
3206 2442 3344 2499 latus
3384 2443 3590 2500 crudeli

2004 2531 2308 2602 perfossum
2363 2532 2585 2601 cuspide
2605 2531 2698 2597 m,
2733 2541 2788 2587 et
2817 2546 3015 2587 renova
3063 2547 3151 2587 me
3196 2549 3359 2589 sacro
3411 2534 3586 2601 fonte,

2004 2638 2165 2694 quem
2184 2622 2258 2657 ⁸⁸⁷
2274 2622 2398 2677 inde
2415 2623 2594 2678 ﬂuisse
2610 2624 2793 2679 credo.
2819 2624 2953 2679 Vide
2983 2623 3323 2682 immaculata
3342 2627 3589 2697 vestigia,

2004 2730 2126 2785 quae
2156 2731 2260 2770 non
2308 2724 2574 2770 Steterunt
2614 2716 2667 2770 in
2710 2717 2799 2770 via
2843 2723 3188 2785 peccatorum
3238 2714 3409 2785 (Psal.
3438 2733 3478 2781 ι,
3514 2717 3587 2785 i),

2005 2804 2102 2859 sed
2134 2820 2349 2874 semper
2386 2804 2803 2860 ambulaverunt
2832 2807 2886 2860 in
2920 2805 3038 2876 lege
3068 2814 3175 2868 tua,
3207 2806 3347 2862 diris
3373 2806 3593 2862 confixa

2004 2895 2195 2960 clavis,
2233 2905 2288 2950 et
2311 2896 2500 2967 perﬁce
2544 2913 2750 2967 gressus
2798 2914 2938 2953 meas
2975 2899 3028 2953 in
3053 2899 3249 2954 semitis
3273 2900 3377 2953 tuis
3409 2897 3588 2969 (Psal.

2008 3004 2120 3054 xvt,
2151 2986 2239 3058 5);
2267 2998 2321 3042 et
2339 2987 2422 3043 lac
2447 3003 2533 3044 me
2555 2990 2676 3044 odia
2697 2989 2897 3046 habere
2922 3005 3125 3045 omnem
3147 2992 3281 3046 riam
3303 2990 3373 3023 '“
3396 2993 3594 3061 iniqui-

2006 3082 2128 3135 tatis
2156 3078 2326 3151 (Psal.
2347 3096 2534 3146 cxvm,
2573 3081 2729 3146 128);
2750 3083 2884 3137 viam
2923 3084 3236 3153 iniquitatis,
3258 3084 3590 3149 misericors,

2005 3190 2185 3228 amove
2229 3191 2261 3228 a
2298 3190 2382 3228 me
2422 3172 2611 3245 (lbid.,
2652 3174 2744 3245 29)
2774 3192 2787 3226 :
2820 3182 2877 3229 ct
2906 3174 2995 3230 lac
3033 3191 3118 3230 me
3159 3177 3425 3247 propitius
3455 3178 3591 3231 viam

2012 3265 2248 3319 veritatis
2300 3264 2499 3334 eligere
2542 3264 2731 3334 (ΗΜΛ,
2771 3264 2883 3335 50).
2935 3264 3045 3321 Oro
3101 3274 3171 3332 te,
3223 3281 3317 3321 rex
3367 3266 3591 3322 Sucula-

2011 3371 2129 3410 rum
2152 3357 2247 3421 "9,
2288 3370 2386 3425 per
2436 3356 2578 3409 hunc
2624 3353 3040 3425 Redemptorem
3061 3357 3129 3392 ’δ’
3160 3374 3358 3421 meum,
3391 3357 3474 3412 fac
3500 3371 3589 3412 me

2009 3462 2231 3503 currere
2266 3448 2403 3501 viam
2449 3447 2822 3500 mandatorum
2854 3458 3063 3501 tuarum
3092 3446 3281 3519 (Ibid.,
3309 3447 3420 3517 52),
3453 3458 3512 3501 ut
3539 3448 3588 3502 ei

2013 3539 2221 3594 valeam
2265 3538 2459 3609 spiritu
2505 3538 2670 3605 uniri,
2709 3537 2803 3608 qui
2850 3554 2955 3593 non
3003 3539 3219 3594 horruit
3268 3554 3386 3594 mea
3422 3554 3592 3595 carne

2005 3630 2212 3684 vestiri.

2076 3718 2327 3789 Nunquid
2361 3734 2466 3775 non
2494 3720 2750 3802 attendis,
2783 3720 2870 3792 pie
2909 3719 3090 3787 Pater,
3122 3721 3480 3777 adolescentis
3502 3721 3589 3776 Fi-

2003 3810 2061 3866 lii
2093 3813 2468 3867 cbarissimum
2500 3824 2678 3884 caput,
2727 3814 2877 3867 nivea
2900 3815 3111 3870 cervice
3133 3815 3358 3881 deﬂexa,
3392 3817 3592 3886 pretio-

2011 3904 2281 3959 sissimam
2316 3906 2608 3960 resolutum
2643 3909 2693 3960 in
2720 3916 2949 3962 mortem
2979 3908 3085 3962 mu?
3112 3909 3325 3978 Aspice,
3370 3911 3593 3965 mitissi-

2009 4009 2097 4049 me
2124 3994 2399 4062 Conditor,
2427 3995 2638 4051 dilccta:
2666 3997 2867 4053 sobolis
2900 3998 3311 4064 humanitatem,
3338 4010 3389 4055 et
3421 4002 3587 4056 mise-

1616 4129 1848 4188 VARLE
1884 4132 2285 4191 LECTIONES.

401 4274 472 4310 ⁹¹¹
502 4274 614 4328 Abs
648 4280 702 4326 te
736 4284 928 4344 sapere
966 4278 1065 4323 etc.
1096 4269 1240 4324 Sam.
1277 4266 1379 4344 abs
1404 4274 1462 4344 te_
1488 4266 1631 4344 enim
1662 4282 1875 4337 sapere.
1949 4268 2022 4300 ⁹²³
2043 4266 2348 4344 Perfectum
2379 4276 2463 4324 est
2487 4270 2627 4344 scire
2655 4269 2806 4344 Satn.
2837 4281 2884 4326 et
2906 4272 3041 4344 Aug.
3066 4282 3150 4328 est
3181 4273 3420 4344 perfecte
3450 4278 3590 4332 scire

330 4346 403 4379 ’³⁸
423 4345 597 4400 Credo
626 4357 775 4406 sane,
801 4337 933 4415 quia
957 4356 1116 4415 quem
1146 4348 1200 4415 tu
1218 4337 1512 4415 _erudieris,
1530 4338 1721 4415 beatus
1750 4347 1853 4403 est,
1884 4344 2026 4415 etde
2046 4338 2163 4415 lege
2188 4348 2273 4392 tua
2290 4340 2539 4415 docueris
2567 4346 2712 4396 eum.
2746 4341 2892 4415 Sam.
2925 4337 3100 4415 Cr:edo
3123 4337 3376 4415 namque,
3400 4347 3590 4402 beatus

332 4418 455 4478 erit.
483 4429 641 4484 quem
673 4420 725 4466 tu
751 4408 1016 4484 erudieris
1044 4420 1099 4484 et
1116 4413 1197 4484 de
1217 4409 1334 4478 lege
1363 4416 1451 4461 tua
1478 4408 1723 4484 docueris
1750 4421 1896 4484 eum.
1948 4408 2020 4441 ⁹²⁸
2042 4408 2299 4484 Invoeare
2325 4409 2377 4463 in
2410 4411 2636 4466 veritate
2668 4413 2949 4484 veritatem
2974 4412 3121 4484 Sam.
3149 4424 3196 4468 et
3226 4408 3358 4484 Aug.
3381 4415 3433 4470 in
3456 4419 3591 4471 veri-

335 4476 712 4556 tate‘itivocare
727 4483 1007 4556 veritatem
1082 4481 1153 4556 '_“
1172 4476 1387 4556 Sancte,
1416 4492 1595 4556 sermo
1623 4476 1769 4556 Sam.
1798 4478 1996 4556 et_Aug.
2018 4488 2202 4556 sancte
2219 4480 2399 4556 Pater,
2428 4496 2606 4556 seu)",
2677 4482 2912 4556 σιαρηοη
2939 4483 2990 4556 in
3013 4483 3121 4552 ipsa
3148 4476 3360 4556 musici”
3389 4486 3587 4556 dirigas

334 4571 421 4609 tne
448 4564 503 4609 et
529 4555 723 4625 doceas
750 4552 801 4604 iu
834 4552 1060 4605 veritate
1082 4550 1389 4625 Sant._Attg.
1415 4547 1466 4601 in
1500 4563 1606 4616 quo
1628 4547 2191 4625 ipsaeadem‘veritas,
2212 4548 2414 4625 dirigas
2431 4566 2515 4625 me
2534 4549 2588 4604 in
2618 4552 2844 4606 veritate
2871 4562 2927 4625 et
2950 4547 3145 4625 doi‘eas
3206 4553 3284 4625 A’"
3320 4547 3588 4625 υιιὶκρῆἰιί

336 4638 568 4677 exorare
598 4621 745 4676 Sam.
779 4630 826 4673 et
868 4624 1001 4689 Aug.
1032 4617 1571 4691 unigenitiiityocare
1643 4618 1713 4650 ’³⁸
1744 4617 1966 4691 Patrem
1998 4617 2441 4691 recordatione...
2472 4618 2755 4691 ﬂectere...
2784 4622 2949 4691 prolis
2978 4622 3326 4677 denotatioue
3361 4617 3506 4679 sam.
3536 4635 3588 4679 et

334 4695 472 4765 Aug.
507 4702 734 4765 patrem
758 4691 811 4744 in
840 4686 1643 4765 modulatione";inflectere...
1697 4687 1896 4765 sobolis
1935 4688 2439 4765 denomigatione...
2516 4686 2995 4765 "itioluuivitatn
3043 4691 3135 4746 sed
3172 4692 3320 4765 Sam.
3359 4705 3409 4765 et
3446 4699 3587 4765 Aug.

336 4756 759 4827 salum-absolvi,
790 4761 883 4814 sed
956 4760 1025 4831 ’ἕο
1059 4760 1215 4831 lratis
1252 4758 1502 4831 Patribus
1528 4756 1673 4831 Sam.
1706 4769 1753 4813 et
1794 4759 1929 4828 Aug.
1957 4759 2112 4831 iratis
2149 4758 2489 4831 Principibus
2518 4760 2625 4831 Α⁰³¹
2660 4759 3017 4817 Laatabilem..
3044 4763 3302 4831 preciosa:
3346 4762 3492 4820 Sam.
3527 4756 3587 4820 Et

335 4837 477 4904 Aug.
508 4831 830 4904 lethalem...
863 4830 1273 4904 prcciosissima:
1345 4830 1414 4863 ⁸³³
1438 4828 1548 4904 Qui
1570 4832 1932 4904 es_t_peccatis‘
1945 4828 2145 4884 nostris
2168 4828 2477 4904 prapitiatio
2505 4828 2653 4904 S_a_m.
2682 4840 2731 4882 et
2752 4832 2887 4904 A_ug.
2917 4834 3007 4899 qui
3038 4828 3125 4904 est
3147 4834 3461 4903 prapitiatio
3490 4851 3586 4904 pro

336 4898 574 4974 peccatis
599 4901 801 4974 nostris
870 4900 1065 4974 ’“gQui
1093 4902 1257 4974 etiam
1281 4899 1550 4974 communi
1579 4898 1679 4974 sibi
1703 4900 1866 4974 gloria
1878 4900 2134 4974 pietatem
2154 4909 2296 4952 tuam
2329 4898 2634 4974 in‘terpellat
2659 4898 3083 4974 pro_Sa_m{Au9.
3117 4898 3465 4974 interpellans
3489 4898 3586 4974 pro

337 4967 407 5008 ⁵³⁸
442 4970 909 5044 Fulgetprolusus
939 4970 1095 5044 Sam.
1120 4973 1251 5044 Aug.
1287 4967 1778 5044 refulgetprofusus
1836 4971 1924 5044 _”'_
1942 4969 2119 5038 Plagis
2152 4982 2330 5044 caesus
2360 4967 2503 5044 Sani.
2537 4967 2691 5044 ΔΑιιρ.
2718 4967 3118 5044 alapiscaesus
3168 4972 3238 5044 ⁹Α³⁶
3260 4967 3391 5044 Tam
3423 4967 3589 5043 im'pio

336 5043 482 5100 Sunt.
510 5038 617 5100 tam
635 5038 794 5112 impia
809 5044 941 5111 Aug.
962 5052 1067 5095 tam
1084 5038 1245 5112 impie
1282 5109 1289 5112 _
1318 5040 1384 5070 ³³⁷
1411 5038 2159 5112 Ριιιειῄοιςιιιθιιιίεςίιιιᾳυιιιιι
2183 5039 2272 5112 qui
2306 5040 2506 5112 patitur
2528 5038 2674 5112 Sam.
2698 5038 2830 5112 Aug.
2862 5039 3291 5112 Clementissime
3314 5043 3448 5107 Rex,
3465 5038 3586 5112 quis

338 5118 541 5186 patitur
611 5112 682 5186 Ψ
708 5107 922 5186 Atracis
949 5128 1051 5186 non
1084 5107 1233 5186 Sam.
1251 5109 1392 5186 Aug.
1422 5109 1895 5186 atrocissimazgnou
1970 5107 2365 5186 m-Disposizor
2392 5107 2551 5186 _Sam._
2570 5110 2703 5179 Aug.
2731 5107 3089 5186 dispensator;
3140 5111 3210 5186 ξδ’
3234 5113 3309 5186 Ε-ιι
3332 5123 3421 5169 tua
3450 5107 3580 5184 Aug.

333 5176 405 5242 ex
435 5200 542 5239 una
611 5182 683 5217 ’δι
722 5184 911 5238 lnduta
947 5182 1085 5251 Aug:
1115 5181 1290 5251 induit
1317 5176 1587 5251 naturam.
1632 5178 1734 5251 7"”
1762 5176 2331 5251 Assumptaque’Sam.
2367 5179 2590 5251 Augaln
2614 5176 2887 5249 assumpta
2961 5181 3031 5214 ⁸⁸³
3055 5181 3241 5238 Reduc
3266 5183 3406 5238 Deus
3438 5176 3587 5237 lucris

337 5256 525 5310 oculos
549 5253 849 5322 maiestatis
872 5247 1201 5321 super'Som.
1244 5249 1395 5322 Aug._
1413 5249 1595 5322 Reduc
1629 5247 2019 5322 Domiucpeus
2041 5264 2193 5322 tuens
2215 5247 2406 5322 oculos
2429 5248 2725 5322 maiestatis
2751 5247 2853 5322 tute
2874 5266 3037 5319 super
3108 5252 3179 5284 ἰδ
3202 5252 3462 5322 Dilectum
3491 5270 3585 5306 na-

340 5335 459 5407 tunt
483 5318 1036 5407 δοηιξΑιιφμξιιΙὸιΞιιιξ
1061 5331 1250 5407 gutum
1327 5319 1397 5350 9”
1424 5319 1799 5407 lannocuasnpio
1846 5319 2196 5407 SanuaAug.‘
2226 5318 2475 5372 innoxias
2497 5321 2595 5407 pior
2656 5318 2725 5375 ’λθ
2758 5318 2982 5374 Fossuut
3001 5322 3233 5407 cuspide
3256 5321 3423 5407 Samz.
3447 5323 3581 5407 Aug.

375 5395 639 5450 erfossutn
676 5386 895 5460 cuspide
968 5391 1035 5423 ’⁸⁷
1060 5390 1617 5460 Sacro-sanctofoute
1657 5386 1765 5455 illo,
1795 5403 1952 5458 quem
1983 5386 2132 5443 Sam:
2164 5388 2295 5456 Aug.
2354 5386 2546 5460 sancto
2572 5389 2737 5460 fonte,
2767 5403 2925 5460 quem
3001 5389 3071 5423 ’⁸⁸
3092 5386 3200 5445 Fac
3222 5407 3310 5448 me
3338 5393 3462 5445 odia
3489 5386 3585 5445 ba-

375 5409 639 5450 CI'IOSSUIII
676 5409 895 5460 ειιειιιαο
970 5409 1030 5423 "'
1060 5409 1442 5445 DEICI'O‘SRHCIO
1474 5409 1617 5445 IOiilC
1657 5409 1765 5455 IUD,
1795 5409 1952 5458 quem
1983 5409 2126 5443 DOl’n.
2164 5409 2295 5456 aug.
2357 5409 2546 5443 SilllCll)
2572 5409 2737 5455 IOHlC,
2767 5409 2925 5457 quem
3002 5409 3071 5423 ""
3092 5409 3200 5445 rac
3222 5409 3310 5448 Ille
3338 5409 3462 5445 0("0
3489 5409 3583 5445 llil‘

338 5409 466 5517 [iere
491 5478 703 5518 onmem
728 5464 868 5515 viam
898 5460 1055 5514 Som.-
1075 5460 1147 5532 Et
1181 5459 1264 5515 fac
1294 5475 1379 5513 me
1399 5459 1524 5513 odio
1548 5461 1772 5532 habere,
1793 5460 2075 5532 benignus,
2103 5474 2290 5513 oumcs
2317 5459 2430 5513 vias
2475 5459 2573 5532 -Μ
2604 5459 2717 5513 Rex
2762 5459 3075 5532 srrculurum
3126 5460 3276 5532 sam.
3304 5464 3436 5532 Aug.
3471 5460 3583 5517 Rex

340 5542 651 5604 sanctorum
727 5533 797 5563 πο
821 5532 926 5586 Per
957 5533 1097 5585 lumc
1128 5531 1539 5604 Rcdemptorcm
1568 5528 1713 5583 Sam.
1741 5529 1855 5599 Aug
1900 5528 1994 5597 per
2024 5530 2164 5604 hunc
2188 5538 2433 5604 sanctum
2471 5528 2812 5604 Sanctorum,
2838 5544 2934 5597 per
2974 5531 3119 5586 hunc
3148 5528 3580 5604 Redemptorem

339 5601 405 5632 "'
432 5601 781 5681 Carissimum
804 5610 979 5703 gaput.
1024 5638 1038 5654 .
1082 5598 1655 5673 preciosa’resolutum
1702 5603 1752 5653 in
1806 5608 1977 5656 morte
2019 5601 2160 5655 Sam.
2198 5601 2312 5668 Aug
2385 5598 2687 5653 cbarissimi
2716 5607 2871 5667 caput
2914 5638 2926 5651 .
2971 5639 2984 5652 .
3016 5600 3318 5669 prcciosam
3372 5598 3578 5657 resolu-

342 5680 454 5703 In)“
491 5686 542 5703 In
573 5679 797 5703 Innl'lnsn

342 5680 454 5723 tum
491 5679 542 5724 in
573 5679 797 5723 mortem
813 5679 827 5718 ’ἑ
