3906 6058
305 275 410 332 869

1729 227 2186 330 οῑξΑΤιοΝιῖεῘ

3471 283 3588 342 870'

306 394 496 450 falsam
521 387 910 456 impotentiam,
935 387 1028 443 sed
1063 402 1158 456 per
1181 403 1364 442 veram
1419 387 1718 456 potentiam
1779 403 1884 440 non
1916 393 1964 449 Α
1992 385 2276 450 infectum,
2310 391 2629 454 corruptum
2652 391 2708 437 et
2731 384 3084 452 destructum,
3117 395 3170 442 et
3188 387 3300 456 jam
3329 389 3443 446 fere
3475 395 3582 448 nisi

307 491 478 554 potes.
511 479 610 547 Qui
639 479 780 532 enim
811 479 1012 533 malum
1036 487 1214 548 potest
1243 490 1297 532 et
1339 479 1486 544 facit,
1517 479 1657 532 malo
1675 495 1774 534 suo
1791 481 1894 534 hoc

303 583 484 647 potest
503 574 596 606 ιω
626 583 680 628 et
728 571 882 639 facit,
939 574 1066 642 quia
1114 588 1213 642 per
1251 573 1388 628 hanc
1443 573 1738 642 potentiam
1787 587 1896 626 non

307 682 520 722 sursum
549 667 614 719 ad
641 665 858 720 excelsa
887 665 1117 735 erigitur
1149 649 1242 696 ¹⁰ί⁶
1285 664 1538 728 feliciter,
1586 665 1680 718 sed
1733 664 1896 718 deor-

308 775 426 814 sum
453 759 518 812 ad
549 759 654 810 ima
689 755 980 810 attrahitur
1001 755 1312 810 infeliciter.
1355 754 1466 808 llac
1501 753 1769 823 potentia,
1813 752 1898 806 vel

307 849 490 920 potius
537 847 856 914 impotentia
905 845 1290 900 miserabiliter
1331 845 1608 906 seductus,
1652 853 1707 898 et
1745 845 1896 913 quasi

307 941 486 995 vesica
513 945 735 1008 turgens
761 937 999 992 inaniter
1023 936 1258 1002 inﬂatus,
1281 945 1436 992 extra
1481 937 1744 990 rationem
1799 953 1894 1007 po-

309 1033 464 1098 situs,
495 1039 550 1086 et
578 1029 730 1098 quasi
749 1028 996 1096 jumento
1016 1029 1290 1099 insipienti
1319 1028 1514 1084 similis
1532 1029 1706 1082 factus
1723 1028 1896 1100 (Psat.

309 1121 644 1190 xrvnt,15),
681 1119 786 1174 telo
831 1120 1098 1188 superbire
1150 1120 1456 1175 miserrime
1509 1135 1795 1188 percussus
1844 1129 1901 1174 et

309 1221 612 1284 prostratus
661 1221 716 1266 te
767 1209 1080 1266 Creatorem
1136 1227 1312 1266 meum
1361 1221 1416 1266 et
1457 1212 1899 1266 misericordissi-

311 1321 460 1361 mum
489 1303 776 1358 Dominum
812 1303 866 1358 in
923 1303 1030 1358 tuis
1077 1304 1360 1372 praeceptis
1407 1305 1729 1374 contempsi.
1779 1320 1900 1373 qua:

311 1397 444 1450 mihi
471 1395 540 1450 ad
567 1395 768 1448 bonum
801 1407 1002 1456 meum,
1027 1393 1074 1447 si
1098 1393 1494 1456 observassem,
1526 1393 1744 1457 dedisti,
1769 1409 1900 1448 con-

313 1497 562 1541 temnens
591 1485 704 1550 ”"7,
731 1493 786 1538 et
807 1485 970 1540 veluti
1001 1493 1180 1540 mente
1217 1485 1478 1554 perditus,
1527 1485 1654 1539 dum
1701 1485 1807 1539 huc
1839 1485 1902 1538 il-

313 1577 508 1646 lucque
539 1577 690 1645 quasi
731 1577 962 1646 superbe
989 1575 1158 1639 feror,
1202 1589 1328 1629 vera
1381 1574 1652 1629 soliditate
1691 1574 1898 1643 perdita

311 1669 428 1724 vias
455 1667 774 1738 perditionis
808 1678 864 1722 et
903 1667 1094 1722 mortis
1147 1667 1388 1732 incurro,
1450 1681 1514 1720 ac
1563 1665 1854 1720 vanitatem
1881 1707 1896 1729 ,

315 1774 574 1830 venaeque
599 1758 850 1814 elationis
873 1769 1092 1814 ventum
1137 1759 1302 1814 stulte
1329 1759 1422 1790 ¹⁰⁸⁸
1475 1768 1531 1813 et
1585 1759 1902 1828 insipienter

313 1866 528 1922 sequor.

385 1943 604 2008 Fateor,
635 1941 1056 1996 clementissime
1086 1941 1252 2006 Deus,
1293 1941 1466 1996 fateor
1490 1955 1672 1996 coram
1693 1938 1904 1994 'omni-

313 2033 554 2104 potentia
597 2041 688 2086 tua
749 2047 834 2087 me
871 2032 1034 2087 nimis
1078 2047 1198 2088 esse
1247 2033 1562 2102 superbum,
1609 2047 1804 2086 vanum
1851 2041 1906 2086 et

314 2127 460 2182 omni
487 2141 682 2198 genere
708 2127 956 2184 elationis
977 2129 1216 2199 plenum.
1245 2129 1310 2183 Et
1341 2138 1472 2198 puto
1513 2130 1661 2198 quia,
1716 2129 1761 2182 si
1812 2127 1902 2159 ¹⁰⁴⁹

316 2222 370 2273 in
398 2220 498 2276 hoc
526 2221 728 2276 saeculo
753 2221 990 2292 aliquam
1044 2222 1303 2277 haberem
1357 2223 1680 2290 potentiam,
1726 2221 1904 2276 nullus

315 2321 494 2379 posset
523 2310 750 2366 sufferre
785 2327 961 2368 meam
985 2313 1320 2380 superbiam.
1359 2312 1465 2368 Sed
1487 2321 1543 2368 et
1573 2313 1674 2367 ista
1708 2327 1902 2382 super-

313 2403 402 2458 bia
430 2419 532 2474 qua
570 2419 752 2460 coram
773 2405 1080 2460 hominibus
1105 2415 1210 2460 tam
1243 2405 1481 2476 graviter
1504 2419 1690 2472 vexor,
1713 2420 1906 2474 quam-

314 2492 398 2548 vis
427 2493 498 2548 sit
529 2495 878 2550 exsecrabilis
901 2506 954 2549 et
975 2495 1138 2552 nimis
1161 2495 1462 2566 periculosa
1503 2497 1594 2526 ¹⁰⁸⁰
1615 2537 1630 2562 ,
1681 2505 1766 2550 est
1821 2504 1904 2548 ta-

315 2600 438 2638 men
463 2587 566 2640 alia
595 2587 883 2656 superbia,
933 2603 1064 2658 qua,
1113 2605 1237 2644 cum
1289 2589 1576 2659 diligenter
1629 2597 1901 2642 secretmn

315 2677 513 2732 mentis
545 2693 678 2732 meae
703 2693 808 2734 non
834 2679 924 2710 ¹⁰⁸¹
981 2680 1114 2734 mihi
1165 2679 1449 2734 blandiens
1505 2679 1598 2710 ⁸⁸⁸⁸
1641 2679 1856 2748 inquiro
1883 2720 1898 2746 ,

315 2783 422 2822 non
453 2783 644 2838 parum
673 2780 900 2824 vexatur
925 2781 980 2826 et
1009 2771 1306 2840 dissipatur
1353 2769 1538 2824 infelix
1589 2771 1772 2825 anima
1809 2769 1902 2801 ²⁰⁸³

315 2877 454 2916 mea.
493 2861 798 2932 Aliquando
819 2879 948 2918 vero
967 2864 1012 2918 si
1041 2863 1322 2934 contingat
1349 2863 1514 2932 (quod
1569 2873 1748 2918 tamen
1776 2879 1902 2918 raro

316 2955 532 3026 accidit)
562 2955 746 3010 infelix
781 2955 982 3026 aliquid
1022 2957 1113 2988 "5"
1137 2971 1226 3010 me
1257 2955 1458 3018 facere,
1520 2957 1662 3025 quod
1709 2972 1895 3012 secun-

315 3046 440 3100 dum
471 3047 882 3102 aestimationem
909 3048 1188 3102 hominum
1215 3048 1466 3102 videatur
1487 3046 1664 3116 aliqua
1707 3048 1894 3102 simili-
1926 3087 1968 3144 Ο

313 3135 446 3190 tudo
475 3136 622 3200 boni,
649 3153 754 3192 non
785 3151 974 3206 parum
998 3139 1064 3192 de
1091 3139 1194 3193 hoc
1243 3138 1363 3206 ipso
1415 3138 1690 3207 superbio.
1741 3138 1808 3192 Et
1851 3140 1898 3193 si

314 3245 478 3284 nemo
507 3229 632 3285 inde
657 3230 916 3300 loquitur,
947 3231 1028 3286 vel
1053 3232 1235 3301 aliquo
1264 3229 1424 3288 modo
1454 3247 1539 3286 me
1561 3231 1782 3286 laudare
1806 3247 1900 3286 eu-

315 3329 398 3374 rat
425 3321 536 3384 “‘5,
559 3337 702 3386 eum,
733 3323 884 3390 quasi
915 3323 1135 3377 stultum
1157 3335 1212 3378 et
1239 3323 1374 3378 nihil
1396 3323 1654 3378 scientem
1675 3363 1688 3388 ,
1722 3323 1900 3392 despi-

314 3413 420 3480 cio,
441 3412 522 3468 vel
546 3413 780 3476 etiamsi,
807 3414 958 3482 quasi
983 3430 1086 3470 non
1107 3429 1328 3481 curans,
1353 3415 1902 3470 Iaudatiouemhomi-

317 3520 446 3558 num
464 3519 657 3559 vanam
681 3513 738 3560 et
763 3505 1007 3560 inutilem
1051 3504 1219 3578 fugio.
1262 3521 1369 3561 non
1415 3521 1605 3576 parum
1655 3507 1709 3562 in
1770 3507 1902 3578 ipsis

315 3593 668 3650 interioribus
739 3595 916 3662 meis,
973 3596 1066 3652 ubi
1127 3597 1274 3652 solus
1323 3597 1468 3651 Deus
1535 3597 1718 3662 videt,
1777 3599 1902 3654 inde

313 3683 518 3754 glorior
547 3725 562 3748 ,
603 3693 657 3738 et
700 3685 896 3740 mirum
945 3685 995 3740 in
1037 3686 1255 3741 modum
1287 3727 1302 3751 ,
1351 3687 1477 3742 dum
1535 3685 1900 3744 laudationem

313 3775 446 3839 vito,
484 3791 549 3830 eo
584 3776 815 3846 amplius
847 3776 938 3810 ⁸⁸⁵⁸
969 3777 1334 3833 laudationem
1365 3787 1418 3832 et
1449 3793 1642 3832 vanam
1669 3778 1898 3848 gloriam

315 3876 528 3938 appeto.
573 3869 734 3935 Ecce,
762 3870 902 3924 Deus
933 3884 1120 3936 meus,
1183 3877 1238 3924 et
1275 3868 1504 3924 Creator
1542 3883 1692 3923 incus
1717 3909 1734 3934 ,
1775 3885 1902 3924 ecce

315 3957 469 4014 vides
509 3959 598 3990 ¹⁰⁸⁷
641 3975 728 4014 me
768 3961 840 4014 ita
881 3959 1062 4016 facere
1095 4001 1110 4027 ,
1177 3959 1252 4014 ita
1316 3961 1504 4015 vivere
1533 4001 1549 4026 ,
1613 3967 1670 4014 et
1731 3968 1898 4014 totum

316 4047 458 4117 quod
515 4048 638 4104 vivo
672 4049 940 4118 perdere;
981 4063 1108 4104 ecce
1161 4049 1312 4104 vides
1357 4057 1412 4104 et
1457 4049 1762 4104 exsecraris
1789 4087 1807 4114 ,
1849 4056 1904 4103 et

317 4133 484 4206 259
511 4151 608 4205 pro
639 4137 728 4192 tali
757 4139 866 4192 vita
899 4139 1110 4192 nonnisi
1137 4153 1326 4209 pinnas
1357 4149 1414 4194 et
1454 4149 1722 4196 tormenta
1751 4155 1880 4210 pro-

317 4227 508 4282 mittis.
541 4227 778 4282 Subveni
827 4243 978 4298 ergo,
1007 4228 1239 4284 Creator
1269 4245 1444 4294 meus,
1489 4231 1716 4286 subveni
1749 4231 1902 4300 adju-

317 4325 406 4372 tor
437 4317 492 4372 in
539 4318 1062 4388 opportunitatibus,
1092 4321 1322 4375 subveni
1352 4328 1406 4375 et
1437 4319 1632 4388 adjuva
1656 4323 1898 4376 animam

1996 478 2370 532 misericordia
2421 487 2512 532 tua
2565 478 2850 532 subveniat
2895 480 2962 534 ad
3011 481 3239 536 nihilum
3271 484 3578 540 redactum.

1998 569 2102 623 Sed
2131 583 2316 624 coram
2343 567 2626 636 majestate
2655 579 2744 622 tua
2771 568 2985 637 culpam
3021 586 3194 626 meam
3219 587 3582 642 recognosco,

2001 675 2126 714 reus
2161 667 2216 714 et
2247 659 2536 728 culpabilis
2579 661 2792 714 veniam
2843 673 2898 714 et
2947 662 3334 734 indulgentiam
3367 667 3432 720 de
3479 669 3583 723 hoc

1996 753 2140 806 etde
2165 753 2417 806 omnibus
2443 753 2684 818 peccatis
2723 755 2860 808 meis
2899 769 2929 807 a
2971 763 3042 820 te,
3073 757 3388 812 misericors
3415 757 3582 812 Crea-

2000 853 2102 908 tor,
2131 853 2275 912 peto,
2305 845 2398 914 qui
2427 860 2532 898 non
2569 847 2652 900 vis
2689 858 2918 900 mortem
2947 850 3268 916 peccatoris,
3301 865 3400 904 nec
3433 851 3582 906 heta-

1998 933 2075 986 ris
2121 934 2174 986 in
2229 933 2532 1003 perditione
2579 935 2926 990 morientium
2973 937 3190 1002 (Ezcch.
3248 953 3422 1004 xvm,
3467 941 3582 1012 25).

2001 1021 2136 1076 Sunt
2177 1033 2228 1078 et
2252 1023 2354 1078 alia
2387 1023 2550 1078 multa
2595 1039 2715 1093 quae
2753 1029 2818 1081 de
2871 1027 3052 1082 radice
3079 1028 3239 1098 hujus
3284 1032 3450 1099 pestis
3493 1049 3588 1088 ex-

1999 1111 2284 1180 oriuntur,
2330 1127 2448 1182 quat
2483 1128 2568 1166 me
2611 1115 2811 1168 habere
2852 1123 2904 1168 ct
2935 1130 3122 1170 eorum
3172 1117 3438 1174 molestiis
3479 1135 3593 1176 non

2000 1217 2190 1269 parum
2221 1202 2516 1272 inquietari
2548 1213 2604 1257 et
2633 1204 2932 1273 saepissime
2963 1207 3124 1260 atteri
3157 1207 3410 1262 similiter
3449 1225 3585 1264 con-

2001 1291 2179 1346 fiteor.
2219 1293 2284 1346 Et
2317 1293 2570 1347 similiter
2615 1296 2798 1350 dehis
2845 1297 3098 1352 omnibus
3143 1300 3356 1354 veniam
3391 1311 3446 1356 et.
3495 1303 3586 1356 in-

1999 1383 2332 1452 dulgentiam
2361 1388 2600 1454 requiro.
2647 1387 2786 1442 Sunt
2824 1399 3004 1444 autem
3036 1391 3172 1454 lucc,
3214 1393 3464 1448 videlicet
3499 1395 3580 1450 ira

2003 1475 2119 1542 ωδε,
2167 1477 2526 1545 impatientia,
2576 1479 2792 1534 inimica
2835 1480 2946 1535 Deo
2995 1492 3048 1536 et
3079 1484 3333 1540 onmibus
3375 1488 3588 1541 sanctis

2000 1569 2187 1624 odiosa
2219 1569 2310 1600 ¹⁰⁸⁹
2335 1571 2626 1634 discordia,
2672 1572 2992 1640 indignatio,
3029 1589 3225 1629 rancor
3269 1577 3460 1642 animi,
3493 1589 3588 1632 tae-

2001 1659 2148 1714 dium
2181 1661 2400 1726 utentis,
2449 1661 2716 1716 voracitas
2764 1663 2925 1730 gulae,
2979 1667 3364 1731 murmuratio,
3410 1669 3590 1722 avari-

2007 1753 2102 1816 tia,
2133 1753 2398 1822 rapacitas
2421 1761 2474 1806 et
2517 1752 2684 1806 multa
2729 1754 2814 1808 his
2839 1753 3058 1818 similia,
3087 1757 3284 1823 quibus
3315 1757 3498 1812 vexari
3533 1767 3590 1812 et

2008 1841 2166 1908 allici,
2196 1843 2422 1898 lacerari
2455 1851 2511 1899 et
2543 1843 2774 1912 discerpi
2809 1844 3098 1900 infeliciter
3129 1847 3370 1902 animam
3411 1865 3586 1904 meam

2005 1931 2302 2000 conspicio.

2075 2023 2170 2078 Est
2205 2031 2258 2078 et
2305 2031 2501 2093 praeter
2545 2025 2680 2090 hmc,
2731 2041 2896 2078 unum
2948 2027 3146 2082 malum
3197 2043 3360 2098 super
3406 2033 3590 2088 omnia

2005 2117 2144 2170 mala
2197 2117 2434 2182 malum,
2485 2133 2592 2188 quo
2647 2127 2796 2174 tanto
2843 2122 3062 2189 gravius
3117 2131 3172 2176 ct
3221 2125 3590 2180 miserabilius

2004 2207 2297 2263 laceratum
2321 2219 2378 2263 et
2401 2207 2659 2264 amictum
2688 2212 2930 2265 animum
2957 2229 3136 2266 meum
3163 2216 3360 2280 sentio,
3384 2227 3588 2286 quanto

2003 2311 2058 2356 et
2083 2301 2152 2356 ab
2199 2303 2329 2371 ipsis
2361 2303 2640 2358 cunabulis
2673 2319 2890 2374 semper
2937 2321 3152 2360 int-ecum
3191 2307 3312 2370 fuit,
3367 2323 3583 2364 mecum

2003 2395 2196 2460 crevit,
2243 2395 2296 2448 in
2347 2395 2594 2460 infantia,
2643 2397 2696 2450 in
2745 2396 3146 2464 adolescentia,
3199 2400 3252 2454 in
3299 2399 3590 2469 juventutc

2003 2485 2134 2538 mihi
2183 2498 2398 2552 semper
2427 2486 2653 2540 adhaesit
2683 2485 2775 2516 ¹⁰⁶⁰
2796 2527 2812 2552 ,
2857 2503 2956 2542 nec
2985 2490 3164 2544 adhuc
3205 2487 3318 2556 jam
3368 2507 3477 2559 pra:
3505 2507 3594 2546 se-

2003 2585 2218 2630 nectute
2257 2577 2518 2633 membris
2544 2577 2926 2636 deficientibus
2958 2595 3044 2634 me
3091 2583 3310 2636 deserit.
3357 2583 3450 2636 Est
3483 2597 3586 2636 au-

2005 2675 2110 2721 tem
2143 2666 2248 2720 hoc
2293 2665 2520 2732 malum,
2552 2667 2884 2723 desiderium
2938 2671 3249 2740 voluptatis,
3293 2671 3588 2726 delectatio

2004 2759 2188 2813 carnis
2220 2759 2334 2824 ¹⁰⁰¹,
2369 2768 2664 2830 tempestas
2701 2760 2962 2827 libidinis,
2989 2777 3110 2832 quze
3139 2763 3322 2818 multis
3351 2775 3404 2818 et
3425 2765 3592 2818 variis

2004 2854 2178 2908 modis
2211 2853 2480 2910 infelicem
2511 2856 2750 2910 animam
2781 2873 2956 2911 meam
2991 2860 3308 2924 maceravit,
3343 2860 3594 2915 dissolvit

2003 2945 2224 2998 etomni
2265 2946 2461 3001 virtute
2493 2947 2804 3002 destitutam
2853 2949 3068 3002 inanem
3101 2958 3156 3003 et
3186 2951 3416 3005 debilem
3467 2952 3590 3006 red—-

2004 3040 2158 3094 didit.
2186 3039 2408 3104 Fateor,
2443 3041 2760 3098 dulcissime
2797 3050 2852 3096 et
2881 3043 3170 3096 mitissime
3205 3043 3374 3108 Deus,
3407 3043 3588 3098 fateor

2001 3149 2184 3188 coram
2245 3135 2638 3205 omnipotentia
2687 3145 2775 3190 tua
2829 3151 2914 3190 me
2959 3135 3120 3204 hujus
3167 3137 3378 3192 nefario
3419 3153 3588 3208 opere

2001 3226 2162 3295 hujus
2197 3227 2377 3296 aperis
2419 3227 2612 3282 nefarii
2650 3227 2944 3282 innnmnlis
2985 3227 3078 3260 ¹⁰ἀ¹
3111 3229 3588 3284 recordationibus

2001 3331 2142 3387 saepe
2165 3333 2286 3372 esse
2327 3317 2612 3388 pollutum,
2659 3319 2960 3386 incensum,
2991 3301 3218 3374 ardores
3261 3335 3368 3374 non
3411 3320 3591 3374 modi-

2001 3424 2096 3464 cos
2139 3409 2230 3440 ¹⁰⁶³
2257 3419 2313 3466 et
2341 3410 2658 3466 inhonestos
2700 3427 2941 3480 passum,
2991 3424 3046 3466 et
3078 3427 3186 3466 non
3219 3412 3394 3467 solum
3443 3427 3594 3466 mea-

2001 3517 2122 3557 rum
2167 3501 2588 3560 delectationum
2619 3503 2790 3559 malas
2839 3505 3132 3560 memorias
3173 3514 3230 3559 et
3265 3503 3462 3560 stultas
3505 3519 3594 3559 re-

2001 3597 2348 3650 cordationes
2387 3595 2518 3650 mihi
2551 3609 2788 3662 nocere;
2836 3597 2930 3652 sed
2983 3597 3148 3652 etiam
3199 3597 3430 3652 aliorum
3475 3612 3592 3652 ma-

2002 3686 2196 3742 lefacta
2225 3687 2356 3742 mihi
2388 3695 2630 3752 narrata,
2663 3697 2720 3742 et
2745 3703 2840 3756 per
2885 3689 3302 3743 recordationes
3333 3689 3592 3743 sordidas

2001 3779 2070 3830 ad
2101 3777 2416 3832 memoriam
2469 3777 2714 3838 reducta,
2745 3792 2841 3832 cor
2891 3791 3070 3832 meum
3102 3791 3210 3831 non
3240 3791 3406 3846 parvo
3435 3791 3590 3831 ηαξνο

2007 3865 2100 3898 ⁸⁸⁸⁸
2137 3865 2436 3933 iniquitatis
2472 3865 2765 3920 maculare.

2072 3959 2229 4022 Ecce,
2273 3959 2413 4014 Deus
2460 3973 2631 4023 meus,
2681 3959 2923 4028 piissime
2969 3969 3025 4014 et
3067 3959 3588 4015 misericordissime

2003 4050 2263 4105 Dominus
2289 4063 2472 4112 meus;
2509 4048 2758 4118 quamvis
2793 4065 2900 4103 non
2933 4065 3158 4119 parvam
3191 4049 3578 4104 verecundiam

2003 4155 2214 4210 passus,
2247 4139 2686 4209 expandi'eoram
2720 4148 2770 4194 te
2799 4140 3114 4210 iniquitates
3163 4155 3334 4206 meas,
3363 4141 3582 4196 ostendi

2005 4230 2226 4284 vulnera
2273 4239 2328 4284 et
2371 4237 2596 4300 peccata
2651 4245 2796 4294 mea,
2850 4231 3060 4286 ostendi
3120 4233 3356 4284 animam
3409 4245 3586 4286 meam

2004 4319 2163 4375 malis
2205 4321 2460 4389 operibus
2509 4319 2860 4386 maculatam,
2911 4321 3180 4374 malorum
3219 4335 3448 4390 operum
3485 4320 3586 4374 dc--

316 4423 518 4476 meam,
559 4421 614 4464 et
651 4427 747 4480 per
773 4409 1104 4466 ineffabilem
1143 4412 1578 4468 misericordiam
1621 4423 1766 4467 tuam
1799 4415 1896 4468 de-
1931 4427 1977 4485 ι)
2003 4409 2388 4464 lectationibus
2427 4409 2705 4474 infectam,
2745 4409 3006 4463 malarum
3037 4409 3462 4464 delectationum
3493 4424 3584 4464 re-

317 4509 472 4558 strue
512 4509 566 4556 et
610 4501 879 4557 eonfunde
928 4503 1238 4572 superbiam
1293 4517 1492 4558 meam.
1541 4504 1704 4568 Ecce,
1755 4504 1898 4560 Deus

319 4609 474 4648 meus
510 4603 566 4650 et
597 4594 856 4650 Dominus
905 4609 1080 4658 meus,
1130 4609 1262 4650 ecce
1305 4595 1568 4650 confiteor
1617 4597 1900 4649 immensae

2006 4503 2412 4558 conlationibus
2461 4501 2746 4558 fmdatam.
2797 4502 2942 4556 Deus
2999 4516 3154 4556 meus
3213 4501 3586 4556 misericordia

2007 4611 2148 4662 mea,
2197 4595 2405 4663 respice
2453 4593 2518 4647 ad
2564 4591 2940 4660 paenitentiam
2983 4609 3198 4660 meam,
3255 4595 3464 4664 respice
3513 4593 3586 4647 ad

319 4688 548 4744 bonitati
581 4699 682 4744 tute
709 4701 917 4744 veneno
959 4685 1122 4756 hujus
1165 4687 1386 4743 malitiae
1431 4703 1520 4742 me
1569 4697 1742 4742 totum
1773 4701 1896 4742 esse
2005 4687 2261 4757 pietatem
2293 4697 2437 4739 tuam
2471 4684 2591 4750 ‘m;
2634 4685 2846 4754 suscipe
2877 4684 3272 4742 confessionem
3303 4701 3502 4754 meam,
3534 4694 3590 4741 et

1607 4843 1836 4900 VARle
1897 4839 2308 4899 LECTIUNES.

391 4949 483 4982 ¹⁰³⁵
523 4950 633 5006 Suo
666 4951 772 5008 hoc
818 4959 997 5025 pgtcst
1049 4969 1148 5008 ms.
1189 4953 1321 5008 Tha.
1375 4969 1474 5010 suo
1549 4963 1728 5024 potest
1802 4955 1894 4986 ¹⁰¹⁶⁶
1955 4953 2180 5025 Excelsa
2249 4951 2498 5025 dirigitur
2544 4967 2670 5006 mss.
2721 4952 2932 5008 excelsa
3003 4955 3230 5025 erigitur
3306 4957 3396 4990 ‘°"
3448 4956 3590 5012 Con-

320 5021 1048 5094 temuenvetgms.7;Tliuun.
1105 5034 1444 5094 contemptus
1503 5021 1562 5079 et
1632 5025 1723 5056 ¹⁰⁹⁶⁸
1773 5025 2028 5088 Ventum,
2073 5023 2235 5078 stulte
2258 5021 2532 5094 msg‘TIm.
2563 5025 3045 5088 venenum,stulte
3092 5021 3211 5058 ἠδ’
3231 5025 3365 5080 Puto
3385 5027 3430 5081 si
3459 5043 3585 5082 mss.

319 5091 684 5164 putouqttiais‘i
763 5091 856 5164 {9”
881 5093 944 5146 Et
971 5094 1134 5164 nimis
1155 5091 1462 5164 periculosa
1491 5111 1586 5150 ms.
1625 5095 1760 5148 Tim.
1788 5106 1840 5150 et
1871 5094 2174 5164 periculosa
2251 5091 2553 5164 ‘°"Meiitis
2601 5108 2734 5147 mea:
2781 5111 2886 5148 non
2919 5113 3016 5148 ms.
3045 5095 3178 5149 Thu.
3233 5099 3427 5152 mentis
3479 5114 3586 5154 non

321 5161 418 5234 tif?
449 5161 914 5234 Mihiﬁhlandiens
963 5179 1061 5217 ms.
1125 5161 1254 5218 Vict.
1285 5167 1414 5219 mihi
1445 5165 1774 5222 blandientis
1849 5161 1942 5200 ’⁵⁵³
1969 5165 2272 5232 Dissipatur
2298 5161 2504 5218 infmlix
2553 5165 2730 5217 anima
2763 5181 2867 5220 ms.
2902 5165 3038 5218 Tha.
3085 5167 3382 5234 dissipatur
3408 5167 3590 5224 anima

321 5232 886 5306 ‘f‘”_Accidit_altquid
927 5249 1052 5306 mss.
1099 5235 1296 5306 accidit
1352 5235 1558 5290 infmlix
1590 5237 1791 5306 aliquid
1868 5237 1960 5268 ¹⁰⁵⁸
1998 5235 2244 5306 Laudare
2267 5243 2552 5306 noncurat
2570 5251 2694 5288 mss.
2725 5234 2944 5290 laudare
2971 5249 3128 5290 curat
3205 5232 3296 5270 ¹δ⁸⁶
3315 5237 3448 5292 Dum
3475 5237 3590 5292 lau-

321 5303 590 5356 dationem
621 5303 730 5355 vito
763 5319 828 5356 co
849 5303 1081 5371 amplius
1101 5321 1226 5356 mss.
1255 5305 1388 5358 'l‘lm.
1427 5303 1794 5362 laudationem
1837 5308 2020 5362 viroet
2045 5305 2278 5372 amplius
2355 5303 2442 5336 ¹⁰⁵⁷
2495 5305 2561 5358 Et
2587 5321 2714 5360 ecce
2757 5307 2906 5359 vides
2941 5323 3062 5360 mss.
3114 5323 3242 5362 ecce
3265 5309 3416 5364 vides
3493 5309 3560 5340 ¹⁰⁵

323 5371 469 5447 Haec,
497 5373 574 5447 ira
601 5389 724 5426 nias.
751 5374 864 5428 haec
889 5390 902 5426 :
938 5375 1190 5447 videlicet
1215 5373 1302 5447 ira
1373 5377 1464 5412 ¹⁰⁵⁹
1495 5377 1713 5432 Sanctis
1739 5378 1950 5442 odiosa,
1982 5393 2082 5430 ms.
2103 5371 2238 5447 Tltu.
2263 5375 2410 5447 omit.
2443 5375 2628 5447 odiosa
2649 5445 2664 5447 _
2705 5375 2816 5447 ‘9‘°_
2837 5377 2964 5430 Mihi
2989 5392 3207 5447 semper
3237 5379 3464 5434 adhresit
3487 5395 3585 5434 ms.

324 5439 438 5515 Tim
471 5444 619 5496 omit.
647 5457 864 5515 semper
935 5443 1026 5515 ιοξί
1049 5445 1342 5500 Delectatio
1367 5448 1602 5502 carnalis
1635 5465 1731 5502 ms.
1765 5447 1898 5501 Vict.
1930 5439 2218 5502 delectatio
2245 5445 2427 5500 carnis
2499 5445 2593 5476 ¹⁰⁶²
2615 5445 2698 5500 Me
2731 5445 2886 5514 lrujus
2931 5439 3324 5515 operis-nefarii
3351 5451 3554 5504 inunun

322 5511 406 5565 dis
439 5529 562 5565 mss.
598 5529 681 5566 me
713 5511 1111 5587 huju_s_Anefario
1129 5531 1292 5584 opere
1313 5515 1472 5584 hujus
1506 5518 1686 5587 operis
1713 5517 1902 5571 nefarii
1928 5517 2187 5570 immundi
2267 5516 2358 5547 ³³⁸⁵³
2383 5515 2498 5570 Non
2529 5518 2766 5570 modicos
2795 5511 2940 5587 lusa.
2968 5511 3286 5574 iuunodicos
3361 5519 3588 5576 “’“Non

324 5597 488 5658 parvo
511 5599 662 5636 mevo
691 5600 790 5658 ms.
827 5583 956 5658 Tim,
993 5601 1097 5638 non
1130 5583 1318 5656 parum
1345 5583 1556 5645 veneno
1627 5587 1718 5619 ⁸⁰⁶⁸
1760 5587 1987 5657 Respice
2030 5588 2096 5644 ad
2131 5588 2388 5658 pietatem
2419 5599 2591 5644 meam
2649 5601 2747 5640 ms.
2789 5585 2996 5642 Tltuan.
3043 5591 3252 5646 omittit.
3292 5608 3416 5648 nias.
3453 5589 3590 5646 Vict.

337 5649 562 5707 Val-(uc.
588 5654 796 5724 respice
819 5653 884 5709 ad
905 5649 1161 5722 pietatem
1195 5667 1340 5712 tuam
