3906 6058
329 222 427 284 δτι

683 227 742 285 S.
777 228 1077 287 ANSELMI
1116 231 1464 289 CANTUAR.
1504 222 1806 290 ARCHlEl“
1864 233 2018 291 ON“.
2061 231 2320 290 PARS".
2347 232 2799 292 -—-PARA§.\'ET.
2845 239 2935 295 ET
2961 240 3207 298 ASCET.

3497 245 3605 302 8τὲ

331 340 416 396 fac
459 356 670 396 mecum
700 344 994 397 secundum
1032 343 1458 398 misericordiam
1496 353 1664 401 tnam.
1708 346 1770 401 Si
1800 348 1907 402 ini—
1936 357 1983 411 Α
2013 346 2274 401 bonorum
2324 349 2487 412 Deus,
2528 350 2592 404 da
2638 352 2766 407 mihi
2816 353 2958 409 inter
3006 357 3191 411 laudes
3238 366 3357 411 tuas
3396 355 3605 416 fontem

329 432 553 501 quitates
589 432 965 499 observaveris,
1007 433 1261 501 Domine;
1314 436 1551 505 Domine,
1596 441 1711 511 quis
1750 443 1911 495 susti-

330 521 518 574 nebit?
558 519 731 586 (Psal.
780 536 967 588 cxxrx,
1003 522 1058 591 '5)
1094 522 1178 577 vel
1206 525 1371 579 etiam
1418 525 1779 595 quisjustitia
1809 545 1907 585 sua

331 611 427 643 ¹⁰⁶⁸
465 612 582 665 sine
628 612 1002 669 misericordia
1052 624 1141 669 tua
1196 619 1394 686 poterit
1422 619 1687 675 liberari?
1723 622 1911 691 Pmpi-

329 703 437 757 tius
486 711 603 756 esto
656 704 818 770 Inibi,
864 706 1090 761 Domine
1121 708 1247 773 '°°’,
1306 712 1563 781 propitius
1619 725 1729 767 esto
1781 716 1908 769 milii

325 795 583 864 peccaturi
609 795 761 865 (Luc.
801 812 958 862 xvm,
992 799 1114 869 15);
1150 815 1314 869 parce
1346 804 1587 871 peccatis
1629 814 1682 859 et
1711 806 1908 877 iniqui-

328 888 525 943 tatibus
556 890 713 944 nteis.
746 903 805 945 ιιι
847 908 943 962 per
987 902 1133 947 tuam
1170 895 1599 951 misericordiam
1632 899 1700 954 ab
1731 901 1907 954 omni-

323 982 424 1036 bus
476 983 623 1038 vitiis
672 985 964 1039 mundatus
1012 1003 1076 1041 ac
1122 999 1400 1058 purgatus,
1449 1002 1503 1044 et
1538 992 1606 1046 ab
1652 994 1905 1049 omnibus

322 1075 559 1143 peccatis
607 1074 902 1131 clementer
945 1080 1242 1146 absolutus,
1295 1081 1441 1135 ﬁnita
1483 1085 1766 1153 temporali
1812 1086 1905 1119 “'3‘

320 1172 755 1236 conversatione,
802 1175 1022 1241 perduci
1074 1190 1288 1230 merear
1317 1179 1383 1230 ad
1417 1192 1581 1246 regna
1609 1177 1898 1243 cmlorum,

321 1261 415 1314 ubi
442 1277 563 1314 cum
596 1262 796 1316 sanctis
840 1263 1089 1319 oninilms
1120 1275 1172 1317 tc
1210 1265 1447 1332 laudare,
1481 1276 1535 1321 et
1579 1267 1904 1324 benedicere

319 1364 368 1405 et
394 1353 699 1422 gloriﬁcare
728 1354 932 1409 valeam
982 1356 1033 1409 in
1082 1358 1279 1412 saecula
1322 1360 1664 1416 saeculorum.
1704 1361 1897 1418 Amen.

768 1453 771 1457 ’
908 1467 1166 1524 ORATIO
1225 1470 1289 1525 v.

969 1556 1037 1593 AD
1078 1555 1244 1595 DEUJI.

358 1627 432 1680 ΑΔ
457 1628 791 1682 obtinendam
834 1630 1007 1684 cordis
1055 1633 1501 1699 contpuuctioncm
1527 1635 1580 1688 in
1605 1637 1860 1692 oratione.

388 1719 629 1789 Ignosce,
649 1720 893 1784 Domine,
912 1720 1131 1791 ignosce
1154 1725 1261 1792 pie,
1292 1724 1511 1795 ignosce
1534 1737 1586 1782 et
1610 1729 1891 1797 miserere,
1930 1696 1949 1754 1

314 1826 475 1879 parce
505 1811 819 1880 ignoranti-.e
845 1827 975 1865 mea:
1016 1821 1071 1867 et
1097 1814 1277 1868 mulce
1308 1816 1705 1883 imperfectioui
1740 1836 1892 1876 meae.

313 1899 430 1954 Noli
472 1917 556 1954 me
589 1913 840 1970 tanquam
871 1905 1220 1959 temerarium
1266 1909 1577 1975 reprobare,
1628 1909 1769 1979 quod
1799 1926 1894 1965 auo

312 1995 466 2043 deam
497 2006 713 2056 servus,
743 1993 951 2047 utinam
979 1994 1061 2048 vel
1092 1994 1265 2049 bonus
1307 2005 1359 2049 et
1399 2012 1504 2051 non
1532 1998 1695 2053 etiam
1728 2002 1893 2068 inuti-

311 2080 376 2135 iis
403 2091 458 2135 et
505 2082 696 2147 malus,
730 2093 785 2139 et
813 2085 933 2140 ideo
980 2086 1137 2140 valde.
1167 2087 1342 2143 malus
1386 2090 1512 2157 quia
1562 2101 1612 2145 te
1640 2095 1889 2164 omnipo-

312 2179 510 2226 tentem
551 2173 717 2228 Deum
759 2186 1005 2230 nostrum
1038 2178 1332 2232 terribilem
1372 2188 1425 2234 et
1449 2171 1610 2235 nimis
1642 2192 1888 2238 metuen-

307 2259 434 2314 dum
470 2262 588 2316 sine
634 2265 813 2318 cordis
845 2266 1169 2327 contritione
1215 2277 1271 2320 et
1302 2267 1667 2339 lacrymarum
1716 2273 1886 2341 fonte,

306 2354 426 2407 sine
472 2358 777 2412 reverentia
800 2356 980 2413 debita
1021 2368 1075 2414 et
1103 2367 1339 2416 tremore
1367 2361 1551 2429 laudo,
1598 2364 1886 2436 benedice,

307 2453 470 2513 atque
516 2447 705 2502 adoro.
758 2448 813 2503 Si
844 2450 990 2504 enim
1037 2451 1213 2519 angeli
1264 2460 1318 2506 te
1363 2453 1654 2510 adorantes
1679 2464 1734 2512 et
1776 2456 1890 2512 lau-

306 2535 498 2592 dantes
536 2545 774 2592 tremunt
820 2539 954 2593 mira
987 2541 1350 2598 exsultatione
1393 2544 1603 2614 repleti,
1636 2562 1734 2618 ego
1762 2563 1889 2618 pec-

306 2636 479 2691 cator,
530 2628 658 2684 dum
716 2628 811 2682 tibi
865 2630 1081 2696 assiste,
1130 2630 1319 2688 laudes
1368 2634 1509 2701 dico,
1561 2638 1886 2696 sacriﬁcium

304 2714 509 2781 oﬂ'ero;
541 2733 639 2771 cur
683 2733 787 2773 non
836 2721 997 2776 corde
1040 2737 1234 2791 paveo,
1288 2725 1436 2780 vultu
1486 2727 1685 2797 palleo,
1729 2731 1886 2788 labiis

305 2816 507 2875 tremo,
570 2818 684 2864 toto
735 2826 963 2882 corpore
1015 2815 1367 2883 inhorresco,
1433 2821 1625 2891 sicque
1678 2823 1885 2881 obortis

303 2900 556 2972 lacrymis
602 2919 782 2958 coram
838 2914 889 2960 te
935 2906 1304 2963 indesinenter
1348 2910 1544 2980 lugeo?
1593 2912 1744 2980 Volo,
1789 2917 1884 2970 sed

2013 438 2372 509 iacrymarum
2422 442 2580 497 simul
2629 457 2753 499 cum
2789 446 2968 500 cordis
3019 449 3351 509 puritateet
3403 454 3606 511 mentis

2010 528 2357 599 iubilatione;
2391 542 2449 588 ut
2480 533 2719 603 perfecte
2750 545 2801 590 te
2830 537 3076 609 diligens,
3111 548 3165 594 et
3191 541 3353 611 digne
3397 553 3447 597 te
3477 544 3603 599 lan-

2011 620 2164 687 dans,
2198 624 2316 693 ipso
2348 627 2526 681 cordis
2556 628 2735 694 palato
2762 630 3017 697 sentiam,
3043 643 3277 702 gustem,
3309 643 3363 689 et
3387 638 3598 707 sapiam

2011 729 2175 785 quam
2206 716 2377 772 dulcis
2406 726 2462 772 et
2509 721 2689 776 suavis
2727 737 2809 786 es,
2846 724 3096 789 Domine,
3144 726 3282 781 sicut
3330 730 3594 800 scriptum

2008 815 2088 860 est
2116 822 2130 859 :
2172 803 2387 861 Gustate
2427 818 2475 862 et
2523 811 2687 865 videte
2717 814 2963 881 quoniam
2988 817 3166 869 suavis
3207 829 3282 871 est
3311 818 3592 878 Dominus.

2006 893 2204 949 Beatus
2245 898 2322 951 vir
2360 899 2451 967 qui
2479 911 2653 965 sperat
2687 903 2742 955 in
2773 920 2833 957 eo
2874 904 3047 971 (Psal.
3083 923 3250 973 xxxv,
3279 910 3353 978 9).
3397 911 3595 968 Beatus

2006 987 2231 1055 populus
2266 993 2353 1060 qui
2396 994 2491 1043 scit
2523 994 2897 1062 jubilationem
2946 995 3119 1068 (Psal.
3169 1016 3440 1063 cxxxvm,
3478 1004 3603 1073 16).Δ

2005 1074 2203 1131 Beatus
2228 1079 2310 1132 uir
2328 1080 2482 1150 cujus
2524 1094 2596 1135 est
2621 1084 2878 1137 auxilium
2921 1089 3013 1140 abs
3048 1099 3119 1153 te,
3168 1092 3497 1146 escensiones
3537 1097 3599 1148 in

2005 1169 2160 1223 corde
2198 1188 2295 1225 suo
2334 1174 2612 1242 disposuit,
2658 1178 2713 1231 in
2767 1178 2900 1233 valle
2942 1179 3319 1250 lacrymurum,
3361 1186 3415 1237 in
3463 1186 3582 1240 loco

2002 1272 2152 1327 quem
2197 1263 2369 1329 posuit
2413 1263 2586 1333 (Psal.
2631 1282 2858 1332 Lxxxm,
2895 1269 2970 1338 6).
3002 1268 3156 1325 Beati
3186 1274 3380 1327 mundo
3412 1278 3587 1340 corde,

2002 1356 2250 1418 quoniam
2280 1354 2378 1423 ipsi
2414 1356 2581 1410 Deum
2626 1360 2867 1414 videbunt
2897 1362 3111 1433 (Matth.
3140 1380 3190 1429 γ,
3223 1366 3299 1438 8).
3325 1367 3478 1423 Beati
3497 1372 3591 1438 qui

2002 1440 2241 1496 habitant
2285 1446 2339 1500 in
2378 1449 2535 1501 domo
2563 1460 2672 1511 tua,
2712 1453 2948 1520 Domine,
2974 1455 3027 1508 iu
3050 1459 3244 1512 stccula
3276 1461 3589 1518 circulorum

2001 1528 2292 1588 laudabunt
2318 1547 2366 1589 te
2394 1537 2566 1608 (Psal.
2598 1556 2828 1606 Lxxxm,
2866 1544 2944 1615 5).

2533 1652 2791 1711 ORATIO
2830 1656 2894 1712 Vl
2936 1659 3048 1715 ¹⁰⁶⁹.

2652 1763 2719 1802 ΔΙ)
2757 1766 2921 1806 υευιι.

1999 1847 2082 1906 Ne
2110 1870 2357 1935 peccator
2398 1879 2492 1943 pro
2538 1864 2646 1947 ullo
2686 1872 3190 1953 peccatadesperare
3219 1876 3425 1953 delicat,
3457 1885 3582 1953 quia

2067 1927 2183 1993 pius
2227 1940 2379 2008 esl_el
2419 1927 2709 2008 misericors
2755 1927 3033 2008 Dominus,
3078 1961 3171 1997 nec
3224 1946 3326 2000 rult
3363 1927 3583 2008 rubi-Item

2064 2001 2374 2066 peccatoris,
2409 2006 2499 2055 sed
2540 2007 2720 2059 vitam.

2068 2086 2321 2146 Miserere
2344 2095 2463 2160 mei,
2497 2094 2659 2161 Deus,
2684 2101 2971 2155 secundum
3000 2120 3243 2175 magnam
3275 2112 3577 2167 misericor-

1993 2178 2135 2234 diam
2166 2192 2308 2237 tuam
2326 2201 2346 2249 ;
2375 2196 2424 2239 et
2446 2190 2731 2243 secundum
2758 2192 3147 2250 multitudinem
3177 2201 3575 2258 miseratiounm

1993 2278 2204 2326 tuarum
2242 2273 2356 2329 dele
2398 2278 2725 2348 iniquitatem
2769 2298 2939 2338 meam
2981 2284 3153 2357 (Psal.
3199 2305 3252 2354 ι,
3284 2291 3359 2361 5).
3393 2295 3579 2350 Credi-

1994 2376 2112 2416 mus
2147 2366 2289 2433 quod
2320 2366 2460 2422 hanc
2483 2370 2784 2426 orationem
2824 2374 3059 2444 Spiritus
3085 2390 3306 2435 sanctus
3333 2383 3578 2440 dictaveo

1991 2451 2082 2516 rit,
2113 2453 2265 2522 cujus
2293 2456 2644 2527 inspiratione
2683 2463 2847 2534 250
2868 2480 3229 2537 compunctus
3262 2473 3425 2529 homo
3451 2492 3578 2546 pec«

1989 2550 2163 2608 cator,
2192 2545 2286 2598 sed
2323 2557 2377 2601 et
2415 2549 2585 2606 fidelis
2613 2561 2670 2606 et
2696 2554 2799 2608 sibi
2828 2556 3068 2625 postulat
3111 2575 3141 2614 a
3178 2561 3289 2617 Deo
3325 2545 3574 2624 misereri

1992 2631 2116 2700 “7°,
2180 2650 2411 2706 suasque
2465 2640 2776 2710 iniquitates
2824 2648 3121 2702 secundum
3172 2651 3572 2711 multitudinem

1988 2725 2395 2782 miserationum
2431 2731 2547 2801 ejus
2577 2733 2764 2800 deleri,
2809 2752 2970 2807 quem
3012 2752 3067 2796 et
3109 2746 3575 2814 omnipotentissi-

1986 2833 2132 2872 mmn
2176 2820 2340 2874 [te-un
2388 2833 2443 2875 et
2491 2826 3055 2886 misericordissimam
3105 2833 3391 2892 Dominum
3452 2855 3574 2896 esse

1985 2911 2178 2964 credit.
2211 2908 2305 2966 Est
2350 2924 2529 2969 autem
2576 2916 2679 2971 hoc
2720 2934 2856 2988 opus
2907 2921 3143 2993 Spiritus
3199 2930 3394 2996 sancti,
3428 2934 3572 3000 quod

302 3006 409 3046 non
455 2993 628 3057 valeo,
679 2995 805 3065 quia
847 3012 1055 3067 nequeo
1083 2982 1226 3068 quod
1255 3000 1527 3057 desidero.
1576 3001 1711 3059 Hinc
1738 3009 1881 3062 enim
1911 3039 1956 3099 ϐ
1987 3003 2258 3068 peccatori
2283 3019 2378 3058 sua
2402 3004 2642 3060 facinora
2673 3008 2980 3079 displicent,
3010 3024 3067 3069 et
3090 3032 3151 3070 ea
3179 3033 3337 3087 agere
3368 3026 3572 3091 satagit

302 3097 512 3138 mecum
541 3086 889 3141 vehementer
929 3089 1189 3156 admiror,
1236 3091 1366 3145 dum
1395 3100 1449 3146 te
1472 3093 1633 3149 nimis
1668 3096 1885 3151 terribi-

259 3205 268 3212 -
302 3175 406 3231 lem
444 3178 617 3233 oculis
646 3178 769 3234 ﬁdei
811 3195 996 3235 cerno.

373 3268 481 3323 Sed
520 3270 643 3339 quis
689 3271 790 3326 hoc
835 3272 953 3326 sine
1007 3286 1110 3341 ope
1163 3274 1352 3343 gratiae
1410 3276 1559 3329 tuae?
1616 3262 1880 3332 Universa

298 3358 445 3414 enim
487 3360 636 3415 salus
674 3372 857 3415 nostra
914 3379 1111 3433 magna
1160 3365 1531 3420 misericordia
1571 3376 1681 3420 tua.
1725 3367 1886 3422 Mise-

300 3464 421 3504 rum
468 3464 576 3515 me,
617 3453 887 3519 quomodo
936 3455 1016 3508 sic
1068 3455 1342 3509 insensata
1395 3456 1541 3511 facta
1568 3466 1652 3513 est
1696 3458 1880 3513 anima

300 3554 420 3593 mea
451 3548 508 3593 ut
551 3555 654 3594 non
689 3553 955 3597 terreatur
987 3553 1193 3599 terrore
1222 3545 1411 3609 nimio,
1455 3547 1581 3600 dum
1621 3557 1729 3602 stat
1758 3558 1881 3604 ante

301 3632 489 3695 Deum,
526 3642 579 3687 et
607 3647 734 3688 suas
781 3634 853 3688 illi
901 3636 1091 3691 laudes
1126 3637 1427 3692 decantat?
1473 3638 1728 3694 Misenum
1767 3654 1876 3708 nte,

299 3723 568 3791 quomodo
604 3725 682 3780 sic
712 3725 954 3781 induruit
976 3742 1071 3782 cor
1110 3743 1288 3783 meum
1322 3738 1380 3782 ut
1413 3730 1556 3785 oculi
1588 3732 1693 3786 mei
1726 3732 1882 3786 inde-

300 3817 541 3870 sinenter
586 3831 689 3871 non
727 3819 1022 3887 producant
1053 3820 1275 3876 flumina
1327 3823 1716 3895 lacrymarum,
1749 3829 1877 3879 dum

299 3921 593 3961 eoltservus
622 3909 1017 3963 sermocinatur
1060 3925 1244 3966 coram
1276 3912 1507 3967 Domino
1539 3929 1655 3978 suo,
1717 3914 1879 3969 homo

297 4013 420 4053 cum
450 3999 580 4065 Deo,
613 4009 863 4103 creatupa
907 4017 1030 4057 cum
1059 4003 1339 4069 Creatore,
1371 4006 1462 4072 qui
1490 4004 1669 4059 factus
1697 4014 1782 4059 est
1810 4021 1877 4060 ex

297 4089 427 4144 linto
452 4106 572 4145 cum
599 4106 666 4146 eo
699 4093 790 4161 qui
815 4089 1005 4146 ‘Omuia
1045 4092 1175 4149 fecit
1214 4110 1278 4148 ex
1322 4092 1537 4150 nihilo?
1566 4096 1726 4153 Ecce.
1775 4097 1881 4151 Do-

297 4184 462 4246 mine,
493 4198 636 4253 pono
679 4199 767 4239 me
806 4194 931 4238 ante
963 4196 1033 4251 te,
1077 4196 1130 4241 et
1159 4187 1288 4255 quid
1330 4189 1383 4239 in
1416 4190 1645 4243 secretis
1674 4190 1742 4245 de
1793 4206 1879 4245 me

298 4275 495 4338 sentio,
552 4276 792 4343 paternis
832 4276 1058 4330 auribus
1106 4291 1210 4329 non
1263 4287 1434 4331 taceo.
1489 4276 1568 4330 Tu
1615 4278 1767 4333 dives
1822 4281 1876 4334 iu

1987 3106 2106 3159 (pne
2135 3090 2376 3148 Creatori
2423 3109 2522 3150 suo
2568 3097 2798 3166 placent.
2835 3100 2939 3155 Sed
2972 3112 3023 3157 cl
3070 3101 3175 3159 hoc
3223 3108 3334 3163 suis
3363 3090 3570 3167 viribus

1987 3197 2093 3236 non
2122 3183 2285 3246 valet,
2328 3186 2431 3239 nisi
2463 3185 2705 3254 ejusdem
2751 3189 2987 3259 Spiritus
3031 3197 3203 3250 sancti
3235 3199 3409 3267 gratia
3442 3200 3570 3255 illu-

1985 3274 2222 3329 minatus
2269 3275 2395 3341 “7';
2450 3276 2602 3346 cujus
2650 3294 2766 3345 cor,
2806 3296 2930 3337 cum
2982 3300 3080 3354 per
3129 3302 3283 3342 suam
3337 3292 3566 3361 gratiam

1983 3363 2190 3427 visitat,
2231 3366 2477 3435 protinus
2522 3367 2592 3421 ab
2635 3366 2782 3425 omni
2824 3372 2945 3428 labe
2989 3376 3245 3433 vitiorum
3285 3382 3564 3438 emundat.

1985 3453 2167 3509 Dulcis
2201 3466 2282 3511 est
2330 3472 2458 3514 vero
2510 3460 2768 3518 Dominus
2818 3476 2873 3520 et
2919 3467 3038 3536 plus
3088 3482 3217 3541 erga
3257 3482 3566 3529 creaturam

1984 3559 2157 3609 suam,
2190 3563 2350 3617 quam
2397 3553 2602 3607 creavit
2636 3551 2712 3608 ad
2737 3557 3015 3628 imaginem
3045 3577 3197 3615 suam
3227 3572 3275 3617 et
3319 3565 3571 3620 similitu—

1982 3635 2158 3690 dinem
2185 3638 2335 3707 (ch.
2376 3657 2411 3705 ι,
2449 3642 2579 3712 27);
2612 3655 2668 3700 et
2703 3662 2865 3717 quam
2915 3632 3290 3708 tanto‘ditavit
3334 3654 3566 3723 honore,

1984 3726 2130 3781 nullo
2166 3728 2324 3783 modo
2369 3730 2470 3785 nisi
2517 3731 2636 3798 ejus
2670 3750 2862 3806 magna
2913 3738 3200 3806 iniquitate
3233 3745 3437 3811 patitur
3466 3760 3567 3814 pe-

1983 3816 2112 3870 rire.
2158 3817 2256 3872 Est
2301 3831 2502 3887 autem,
2534 3832 2620 3877 est
2661 3828 2884 3881 omnino
2927 3828 3295 3911 universitatis
3340 3833 3571 3890 Creator

1982 3909 2155 3961 suavis
2179 3919 2225 3961 et
2253 3911 2412 3977 mitis,
2438 3922 2488 3966 et
2525 3913 2705 3969 multa:
2735 3918 3108 3972 misericordiae
3144 3909 3385 3977 munibus
3416 3925 3569 3979 invo-

1981 3999 2218 4051 cantibus
2244 4016 2299 4051 se
2341 3998 2513 4067 (l’sal.
2552 4018 2748 4068 Lxxxv,
2784 4006 2860 4074 5),
2892 4010 3133 4063 omnibus
3161 4014 3253 4081 qui
3304 4014 3565 4069 invocant

1980 4105 2098 4142 eum
2145 4092 2197 4144 in
2243 4095 2491 4159 t'eritate;
2537 4106 2591 4149 et
2634 4098 2949 4153 voluntatem
3002 4103 3295 4158 timentium
3333 4124 3388 4161 se
3437 4107 3571 4162 facit

1984 4180 2095 4247 “7’,
2128 4192 2176 4234 et
2217 4183 2631 4252 deprecationem
2681 4203 2861 4239 eorum
2892 4193 3137 4257 exatulit,
3188 4204 3242 4248 et
3282 4212 3380 4264 per
3410 4213 3583 4250 snam-

1982 4287 2230 4343 magnam
2265 4277 2694 4330 misericordium
2736 4280 2913 4335 salvos
2946 4284 3011 4335 ad
3040 4288 3426 4355 sen‘tpiteruam
3453 4290 3571 4359 glo-

299 4362 693 4430 misericordia,
742 4373 797 4419 ει
850 4364 1028 4435 largus
1077 4366 1128 4419 in
1181 4367 1441 4436 ρηεεηῑῑς,
1499 4369 1563 4422 ita
1621 4369 1751 4423 mihi
1805 4371 1875 4426 de
1912 4379 1957 4434 Ι)
1984 4365 2118 4416 riam
2146 4366 2296 4420 ducit
2329 4366 2502 4437 (Psal.
2534 4383 2760 4435 curru,
2794 4372 2904 4442 18).
2938 4373 3227 4430 Miseretur
3269 4382 3414 4433 enim
3442 4398 3566 4434 (Nil-

298 4452 455 4507 bonis
482 4456 606 4518 tuis,
637 4466 693 4509 ut
719 4470 782 4510 ex
811 4457 892 4510 eis
919 4458 1152 4512 serviam
1186 4459 1300 4512 tibi.
1339 4458 1449 4513 Non
1476 4462 1620 4514 enim
1649 4462 1870 4516 aliunde

298 4558 587 4613 possumus
638 4547 731 4602 tibi
781 4549 987 4602 servire
1036 4565 1209 4620 neque
1257 4551 1471 4620 placere
1526 4554 1627 4608 nisi
1681 4555 1746 4609 de
1783 4563 1875 4610 tuo

300 4644 544 4690 munere.

368 4726 602 4797 Con/ige,
647 4743 869 4801 quaeso,
910 4732 1094 4786 timore
1131 4744 1220 4787 tuo
1277 4750 1458 4790 carnes
1510 4752 1652 4793 meas
1700 4737 1873 4809 (Psal.

296 4836 492 4884 cxvm,
538 4821 693 4894 120);
742 4823 953 4879 hctetur
999 4841 1094 4881 cor
1127 4842 1316 4891 meum,
1365 4838 1423 4882 ut
1466 4830 1642 4885 timeat
1693 4847 1877 4885 nomen

297 4924 447 4969 tuum
473 4914 647 4986 (Psal.
670 4931 870 4983 Lxxxv,
905 4918 1014 4989 ll).
1048 4918 1266 4974 Utinam
1313 4920 1393 4975 sic
1427 4929 1478 4975 te
1509 4920 1722 4975 timeret
1755 4937 1881 4991 pec-

297 5009 472 5063 catrix
520 5010 696 5063 anima
743 5026 884 5077 mea,
937 5013 1205 5082 quomodo
1257 5012 1344 5068 ille
1390 5014 1475 5067 vir
1527 5026 1748 5070 sanctus
1784 5019 1876 5085 qui

297 5096 471 5153 dixit:
515 5097 729 5167 Semper
754 5104 891 5155 enim
931 5103 1083 5173 quasi
1113 5113 1365 5158 tumentes
1391 5120 1549 5173 super
1575 5122 1655 5159 me
1684 5106 1877 5176 ﬂuctus

299 5189 449 5244 timui
489 5190 655 5245 Deum
697 5191 819 5247 (Job
870 5208 1026 5262 xxxi,
1073 5192 1187 5266 25).
1231 5195 1398 5250 Dator
1441 5195 1584 5250 extim
1633 5198 1875 5251 onmimn

1989 4455 2159 4521 nium,
2192 4464 2248 4511 et
2275 4456 2406 4511 nihil
2456 4459 2573 4512 odit
2607 4477 2795 4515 eorum
2838 4480 2959 4532 qua:
3006 4468 3158 4533 fecit,
3217 4470 3568 4525 dissimulans

1984 4557 2206 4616 peccata
2238 4549 2512 4603 hominum
2544 4562 2768 4622 propter
2794 4556 3197 4625 pmnitentiam,
3236 4572 3291 4614 et
3337 4578 3567 4631 parcens

1985 4637 2114 4702 illis,
2143 4638 2268 4699 quia
2296 4640 2414 4708 pius
2453 4651 2526 4693 est
2562 4641 2818 4697 Dominus
2846 4643 3038 4716 (Eccli.
3088 4665 3149 4714 ll,
3184 4652 3294 4713 15).
3337 4653 3429 4706 Est
3471 4670 3572 4705 au-

1988 4737 2094 4782 tem
2135 4730 2443 4784 misericors
2484 4733 2744 4789 Dominus
2773 4741 3152 4805 peccatoribus
3177 4758 3206 4796 a
3238 4743 3355 4798 suis
3376 4760 3573 4814 netpn-

1988 4827 2079 4881 liis
2104 4830 2462 4893 cessantibus,
2492 4840 2545 4884 et
2569 4846 2665 4899 per
2696 4849 2877 4889 veram
2910 4840 3286 4906 pmnitcntiam
3318 4858 3569 4913 veraeque

1984 4921 2316 4991 pmnitentia:
2349 4922 2489 4977 bona
2527 4940 2690 4993 opera
2728 4942 2857 4983 suas
2886 4932 3119 4988 malitias
3147 4935 3567 5002 n‘mndantibus;

1983 5020 2037 5066 et
2075 5028 2172 5081 per
2212 5028 2395 5068 veram
2442 5015 2874 5087 confessionem,
2919 5038 3167 5094 vericque
3213 5026 3572 5085 confessionis

1982 5105 2333 5172 sacriﬁcium,
2380 5121 2502 5161 sese
2549 5111 2640 5143 ¹⁰⁷³
2672 5117 3052 5171 mactantibus.
3086 5120 3180 5172 Est
3224 5132 3404 5183 autem
3438 5138 3566 5177 vera

1984 5201 2304 5269 pmnitentia
2353 5217 2588 5266 veraque
2638 5207 2929 5275 confessio,
2974 5218 3027 5263 et
3072 5221 3379 5282 perpetrata
3423 5215 3568 5269 mala

1577 5286 1812 5344 VARIIE
1857 5290 2259 5347 LECTIONES‘.
3116 5345 3121 5351 .

367 5351 857 5434 t°f"guisjnstitia_
893 5369 987 5434 sua
1026 5372 1127 5414 ms.
1202 5355 1509 5434 Vict._quis
1546 5360 1759 5434 iustitia
1802 5366 1910 5434 tua
1988 5360 2079 5393 ³⁸⁸⁷
2128 5362 2218 5434 Mr
2262 5366 2487 5423 Domine
2530 5385 2630 5423 ms.
2691 5368 2829 5425 Vict.
2884 5373 3099 5429 antittit.
3170 5392 3268 5429 ms.
3324 5373 3562 5434 Valwluc.

298 5420 429 5473 mihi
468 5420 690 5478 Domine
766 5426 858 5457 ⁸⁸⁸⁸
901 5425 1020 5480 Vlla
1044 5437 1098 5481 ct
1123 5420 1526 5482 mss.omitt'uut.

1605 5429 1696 5462 ¹⁰⁶ν
1716 5430 1920 5486 Collum
1942 5441 2147 5486 estcum
2171 5433 2298 5489 Mss.
2333 5435 2467 5491 Vict.
2490 5437 2615 5493 KK.
2653 5440 2739 5494 ili.
2786 5441 2998 5497 Val-lue
3049 5455 3098 5498 et
3139 5441 3294 5498 Corb.

294 5504 399 5559 quo
430 5492 584 5559 hujus
609 5497 860 5549 orationis
887 5496 1094 5550 initium
1112 5498 1350 5552 avulsum
1372 5509 1446 5552 est
1522 5498 1613 5531 ¹⁰⁷⁰
1645 5502 1807 5556 Abeo
1835 5502 2079 5556 misereri
2140 5521 2239 5557 ms.

2312 5505 2439 5561 i'ict.
2489 5525 2517 5562 a
2549 5509 2654 5565 Deo
2696 5511 2939 5567 misereri
3016 5516 3106 5546 ¹⁰⁷¹
3140 5515 3326 5570 Gratia
3367 5517 3567 5571 illumi-

299 5567 460 5645 r‘tatus
489 5576 593 5638 mss
648 5562 781 5618 Vict.
823 5576 871 5619 et
909 5565 1141 5623 Vat—lue.
1174 5570 1347 5642 gratia
1376 5569 1669 5640 inspiratus
1745 5572 1836 5645 ἕν’
1865 5572 1934 5629 Sc
1955 5572 2084 5628 facit
2110 5591 2207 5629 ms.
2254 5574 2382 5633 l'ict.
2411 5594 2469 5634 se
2504 5562 2664 5637 faciet
2698 5562 2845 5614 "‘57—"
2863 5562 3202 5641 Sacrificium
3234 5601 3293 5642 se
3344 5601 3403 5642 se
3463 5604 3565 5645 ius.

311 5623 441 5678 Vict.
461 5631 603 5680 omit.
646 5646 703 5684 se
728 5649 786 5688 se
