3906 6058
299 191 404 247 873

1731 190 2138 250 DRATIONES.

3459 205 3564 260 87-1

299 305 614 375 plangerep
646 313 702 360 et
767 305 1066 378 plangenda
1124 307 1360 378 amplius
1422 320 1527 359 non
1597 307 1870 361 amittere.
1902 305 2228 368 Atimerem
2276 304 2516 359 noxium.
2570 303 2817 376 Respice,
2874 316 2930 363 et
2982 307 3224 365 illumina
3283 327 3386 369 cor
3443 317 3561 387 ejus

299 396 576 464 Quomodo
618 411 748 452 vero
796 400 1072 454 miseretur
1121 399 1280 454 Pater
1318 400 1572 469 ﬁliorum,
1607 408 1663 454 ct
1707 399 1878 455 multo

297 488 472 558 magis
494 502 659 557 quam
689 497 842 559 pater
867 491 1104 547 carnalis
1131 492 1364 546 filiorum
1391 530 1407 554 ,
1439 491 1730 546 miseretur
1756 491 1879 562 pius

293 589 351 634 et
377 579 690 635 misericors
718 579 979 637 Dominus
1005 581 1247 637 omnium
1277 595 1336 636 se
1377 582 1704 637 timentium.
1759 581 1881 649 Ipse

293 672 443 726 enim
509 673 663 727 novit
707 671 1013 743 ﬁgmentum
1074 683 1351 738 nostrum;
1417 674 1668 743 cognovit
1711 673 1878 728 etiam

296 764 439 818 unde
501 779 602 818 nos
661 762 790 818 fecit
832 763 1020 819 limum
1078 773 1324 818 nostrum
1379 763 1492 817 ωτι.
1543 763 1880 819 Recordatur

294 853 440 908 enim
472 853 616 923 quod
642 852 812 923 pulvis
838 870 1018 908 sumus
1046 853 1220 925 (Prol.
1251 868 1348 920 cn,
1372 854 1463 918 15,
1488 854 1598 924 14),
1641 862 1695 909 et
1717 854 1876 918 cinis,

299 945 396 1000 sed
427 953 605 998 tamen
643 945 712 999 ad
735 944 854 1014 ejus
883 945 1172 1015 imaginem
1207 945 1357 1000 facti.
1385 946 1664 1000 lntuentes
1695 954 1879 1000 autem

291 1052 530 1108 vereque
565 1036 887 1093 conﬁtentes
907 1046 1114 1093 tantam
1137 1040 1566 1096 misericordiam
1587 1040 1680 1071 ¹⁰⁷⁸
1711 1039 1881 1094 Crea-

293 1127 431 1182 toris
467 1127 637 1184 nostri
687 1142 817 1196 erga
847 1136 1158 1182 creaturam
1200 1144 1377 1195 suam,
1426 1145 1534 1185 non
1570 1130 1639 1184 de
1685 1129 1880 1184 remis-

291 1217 446 1272 sione
497 1217 780 1288 culparum
825 1217 1194 1288 desperemus.
1247 1218 1514 1287 Quoniam
1557 1219 1603 1275 si
1653 1234 1720 1275 ex
1767 1228 1879 1275 toto

291 1311 458 1364 corde
510 1309 908 1379 pmniteamus,
966 1318 1294 1380 nostrasque
1344 1311 1660 1380 iniquitates
1699 1311 1877 1381 dignis

291 1397 505 1454 fletibus
554 1399 928 1467 insequamur,
965 1399 1084 1468 ejus
1140 1399 1664 1471 indulgentissimam
1708 1401 1874 1470 pieta-

293 1500 401 1546 tem
429 1489 786 1561 proculdubio
815 1506 1234 1561 consequemur.
1335 1547 1340 1550 .

363 1578 470 1634 Sed
511 1578 744 1635 fortasse
791 1579 989 1650 aliquis
1020 1589 1200 1636 mente
1227 1581 1490 1650 perditus,
1523 1590 1576 1637 et
1597 1579 1713 1650 jam
1745 1581 1877 1652 ipsis

291 1670 641 1740 voraginibus
675 1678 894 1726 aeternae
939 1671 1302 1727 damnationis
1349 1673 1659 1740 immersus,
1701 1672 1878 1728 consi-

291 1853 360 1907 de
410 1853 781 1908 misericordia
833 1853 960 1918 Dei,
1026 1853 1206 1910 dicere
1257 1855 1398 1926 apud
1449 1871 1509 1912 se
1558 1859 1875 1926 praesumit:

293 1947 449 2014 Quod
497 1947 785 2003 consilium
825 1948 1208 2018 recuperanda:
1253 1947 1446 2004 salutis
1481 1949 1596 2020 jam
1647 1949 1880 2019 amplius

294 2037 540 2093 invenire
567 2046 777 2107 potero,
823 2047 916 2091 aut
945 2052 1104 2106 quam
1154 2038 1608 2104 consolationem,
1640 2040 1877 2111 aliquam

291 2127 509 2181 veniam
538 2128 806 2182 scelerum
837 2129 1269 2197 promittentem,
1317 2128 1584 2199 sperahti?
1629 2129 1709 2185 Ex
1771 2146 1880 2201 quo

291 2231 518 2287 peccare
559 2218 734 2286 potui,
779 2233 1054 2288 nunquam
1083 2234 1114 2273 a
1142 2221 1381 2289 peccatis
1408 2230 1465 2276 et
1497 2221 1656 2276 malis
1689 2222 1875 2292 operi-

292 2308 394 2379 bus
423 2310 651 2365 cessavi.
693 2309 939 2366 Peccatis
985 2321 1211 2382 peccata
1256 2327 1473 2383 semper
1516 2315 1876 2383 accumulavi,

294 2410 351 2453 et
399 2409 642 2470 peccata,
689 2417 810 2471 qua:
853 2401 1146 2470 aliquando
1189 2404 1444 2473 operibus
1489 2404 1716 2474 implere
1767 2420 1879 2462 non

291 2492 464 2563 petui,
498 2491 655 2547 malis
699 2493 1066 2550 voluntatibus
1109 2509 1176 2550 ac
1200 2495 1360 2551 malis
1404 2496 1691 2553 desideriis
1714 2499 1881 2567 perﬁ-

295 2597 421 2639 cere
447 2599 726 2654 nunquam
751 2587 980 2642 cessavi.
1020 2585 1208 2642 Tantis
1237 2602 1368 2659 ergo
1399 2588 1560 2644 malis
1586 2597 1645 2644 et
1677 2588 1879 2661 iniqui-

299 2676 500 2732 tatibus
546 2676 640 2709 ‘°"
669 2677 960 2743 involutus,
1013 2679 1181 2734 tantis
1210 2679 1532 2754 criminibus
1556 2691 1611 2737 et
1637 2683 1878 2751 peccatis

291 2765 679 2833 circumdatus,
712 2768 841 2837 quid
855 2766 970 2836 jam
994 2777 1312 2838 exspectare
1343 2783 1563 2838 possum
1591 2771 1693 2826 nisi
1719 2780 1879 2826 teter-

291 2874 418 2914 nam
467 2860 824 2930 perditionem
871 2869 1196 2930 aeternaeque
1242 2861 1565 2932 perditionis
1611 2872 1878 2920 aeternam

291 2952 742 3008 damnationem?
777 2953 1076 3021 Aliquando
1122 2968 1249 3008 vero
1286 2955 1331 3009 si
1373 2955 1609 3024 aliquam
1641 2956 1733 2989 ¹⁰⁷⁷
1783 2959 1878 3013 mi-

1981 391 2344 458 obczecatum,
2379 401 2436 447 ut
2461 392 2645 448 videat
2673 407 2728 449 et
2761 396 3028 468 intelligat
3052 415 3212 468 quam
3243 418 3437 474 magna
3466 406 3560 473 sit,

1980 493 2036 539 et
2063 499 2227 554 quam
2251 485 2502 541 amabilis
2532 487 2814 542 multitudo
2841 489 3132 546 dulcedinis
3159 505 3285 561 tum,
3316 495 3562 566 Domine,

1978 592 2138 646 quam
2197 577 2521 632 abscondisti
2568 580 2980 676 desperantibus
3039 583 3104 638 de
3161 596 3232 650 te,
3291 588 3565 656 perfecisti

1980 677 2162 722 autem
2191 669 2535 738 sperantibus
2572 671 2623 724 in
2654 669 2720 726 'te
2762 671 2936 743 (Psal.
2970 689 3098 741 xxx,
3138 675 3252 746 20).
3290 676 3413 734 Νοη
3441 696 3564 735 eum

1978 756 2272 828 demergat,
2327 758 2641 817 dulcissime
2698 763 2867 831 Deus,
2927 779 3036 820 non
3101 783 3224 821 eum
3287 768 3567 844 demergat

1977 857 2255 918 tempestas
2315 866 2468 921 aqum
2522 869 2613 906 nec
2667 854 2938 910 absorbent
2999 857 3344 927 profundum,
3403 879 3565 933 neque

1979 949 2159 1010 urgeat
2195 957 2353 1010 super
2383 956 2505 997 eum
2531 954 2719 1013 puteus
2752 963 2808 1000 os
2837 964 2988 1002 suum
3022 949 3194 1019 (Psal.
3230 968 3418 1019 vam,
3455 955 3564 1026 16),

1978 1031 2188 1088 scilicet
2222 1035 2450 1104 abyssus
2486 1036 2832 1107 iniquitatum
2873 1056 3114 1108 suarum,
3164 1055 3216 1100 et
3259 1048 3567 1118 desperatio

1977 1123 2388 1181 miserationum
2453 1136 2689 1184 tuarum.
2761 1131 3079 1199 Credimus,
3141 1137 3568 1196 clementissime

1978 1227 2196 1272 creator
2239 1218 2518 1276 hominum
2566 1223 2728 1288 Deus,
2765 1233 2817 1280 te
2845 1239 2966 1281 esse
3012 1228 3465 1300 omnipotentem,
3513 1246 3568 1290 et

1977 1307 2159 1362 omnia
2190 1323 2528 1380 quteeunque
2559 1313 2640 1368 vis
2686 1313 2973 1372 facientem
3044 1318 3121 1374 De
3167 1329 3218 1376 te
3247 1323 3391 1377 enim
3432 1324 3567 1380 Pro-

1977 1398 2138 1468 pheta
2190 1399 2279 1430 ¹⁰⁸²
2310 1399 2476 1455 dicit:
2531 1401 2720 1457 Omnia
2771 1421 3094 1478 quiscunque
3121 1409 3278 1465 voluit
3309 1411 3567 1468 Dominus

1977 1485 2096 1555 fecit
2124 1487 2177 1541 in
2206 1487 2355 1555 creto,
2398 1498 2445 1542 et
2479 1491 2534 1544 in
2573 1500 2732 1555 terra,
2764 1503 2811 1546 et
2848 1494 2900 1547 in
2939 1496 3100 1560 mari,
3139 1508 3185 1551 et
3232 1499 3286 1552 in
3329 1501 3567 1556 omnibus

1979 1578 2071 1609 ¹⁰⁸³
2117 1579 2318 1650 abyssis
2363 1578 2535 1652 (Psal.
2568 1597 2786 1652 cxxxtv,
2836 1585 2911 1656 6).
2953 1586 3168 1644 Scimus
3213 1600 3396 1646 autem
3440 1594 3566 1663 quia

1894 1689 1952 1744 ’Β
1980 1683 2084 1723 non
2116 1670 2196 1723 vis
2235 1680 2548 1739 peccatores
2578 1675 2826 1743 perdere,
2875 1677 2967 1730 sed
3005 1693 3032 1730 a
3064 1683 3302 1747 peccatis
3329 1697 3564 1745 cessare,

292 1761 493 1816 derans
539 1763 919 1816 enormitatem
969 1761 1235 1816 scelerum
1288 1777 1534 1831 suorum,
1583 1765 1909 1834 desperans-

1984 1768 2039 1814 ct
2079 1761 2281 1815 vivere.
2327 1759 2384 1815 Si
2433 1778 2562 1832 ergo
2604 1765 2946 1835 omnipotens
2994 1782 3074 1832 es,
3122 1780 3263 1824 SlClll.
3309 1787 3434 1826 vere
3485 1788 3566 1836 es,

1983 1851 2107 1919 quia
2151 1851 2412 1920 quidquid
2453 1852 2553 1916 vis,
2599 1853 2780 1909 facere
2814 1865 2992 1924 potes;
3038 1866 3093 1912 et
3122 1875 3230 1914 non
3261 1860 3344 1914 vis
3373 1875 3564 1931 pecca-

1985 1950 2130 1997 tores
2179 1943 2422 2012 perdere,
2472 1945 2567 2000 sed
2613 1960 2641 1998 a
2675 1945 2835 2001 malis
2879 1948 3220 2016 resipiscere,
3264 1961 3319 2006 et
3351 1954 3566 2017 vivere;

1982 2037 2048 2092 de
2078 2035 2424 2092 multitudine
2466 2029 2878 2092 miserationem
2927 2048 3142 2096 tuarum
3172 2057 3281 2098 non
3310 2043 3570 2100 debemus

1983 2125 2303 2196 desperare;
2325 2127 2444 2192 sed,
2472 2127 2649 2183 securi
2681 2126 2748 2182 de
2776 2142 2871 2197 spe
2903 2129 3094 2197 veniae,
3130 2131 3567 2188 misericordiam

1983 2226 2320 2288 exspectare.
2357 2217 2555 2272 Verum
2587 2227 2672 2273 est
2713 2220 2934 2274 omnino
2960 2219 3086 2290 quia
3126 2221 3294 2276 multa
3339 2233 3466 2277 sunt
3509 2234 3568 2278 et

1984 2323 2175 2380 magna
2206 2317 2429 2378 peccata
2459 2317 2669 2373 nostra,
2698 2309 2794 2364 sed
2833 2309 2967 2364 certi
3004 2323 3191 2366 sumus
3221 2311 3347 2381 quia
3391 2311 3560 2368 multa

1984 2407 2069 2454 est
2098 2407 2155 2454 et
2183 2414 2380 2468 magna
2407 2399 2780 2454 misericordia
2813 2409 2923 2454 tua.

2057 2489 2290 2555 Scimus,
2322 2488 2666 2559 omnipotens
2705 2499 2760 2544 et
2805 2490 3116 2545 misericors
3163 2489 3326 2559 Deus,
3367 2492 3570 2551 scimus

1982 2581 2111 2652 quia
2168 2591 2222 2636 tu
2282 2597 2342 2638 es
2393 2597 2639 2638 summus
2700 2581 2952 2652 spiritus,
3008 2584 3464 2641 incommutabilis
3513 2595 3569 2642 et

1982 2682 2239 2741 aeternus,
2267 2673 2452 2731 vivens
2479 2673 2589 2728 vita
2630 2683 2738 2740 tua,
2769 2689 2892 2745 quae
2929 2685 2982 2728 tu
3015 2677 3128 2746 ipse
3170 2693 3251 2742 es,
3278 2685 3329 2732 et
3351 2677 3568 2732 aeterni-

1986 2777 2097 2824 tate
2128 2778 2242 2833 tua,
2269 2776 2326 2823 et
2362 2783 2460 2824 nos
2486 2778 2739 2823 creatura
2768 2778 2880 2836 tua,
2909 2785 2940 2824 a
2971 2780 3020 2824 te
3050 2773 3220 2826 creati
3241 2772 3481 2827 bonitate
3511 2781 3569 2827 et

1985 2859 2333 2916 miseratione
2371 2869 2482 2914 tua.
2513 2859 2620 2916 Nos
2648 2869 2828 2915 autem
2877 2878 2997 2916 cum
3026 2877 3335 2932 peccamus,
3370 2864 3422 2919 id
3457 2873 3562 2929 est,

1983 2963 2105 3004 cum
2151 2963 2216 3002 ea
2252 2963 2374 3019 qua:
2411 2948 2573 3018 jubes
2622 2965 2726 3005 non
2758 2949 3004 3016 faciams,
3051 2961 3105 3006 ct
3149 2967 3266 3021 qua:
3313 2955 3568 3023 prohibes

289 3042 587 3096 sericordia
639 3042 736 3098 Dei
791 3051 1138 3112 peccatorum
1189 3043 1587 3102 confessionem
1637 3047 1776 3112 feci,
1825 3049 1949 3106 etC
1981 3039 2234 3105 ἴδείιιιυεν
2271 3054 2368 3108 P3r
2397 3050 2682 3110 Ροοοθιυιιι
2709 3040 2813 3073 ’¹⁰⁸⁸
2842 3053 3086 3098 ιιοειτυίιι
3126 3045 3409 3114 morimur.
3439 3047 3568 3118 Ιίοβι

290 3142 639 3201 peccatorum
696 3136 1074 3205 paenitentiam
1133 3151 1165 3190 a
1230 3136 1515 3192 sacerdote
1575 3132 1878 3210 accipiens,

294 3222 537 3293 ali'quam
581 3226 1016 3282 emendationem
1066 3226 1331 3281 malorum
1380 3227 1625 3297 promisi,
1671 3229 1880 3297 statim,

289 3314 378 3368 vel
427 3325 550 3384 post
592 3331 1088 3386 parvam.moram,
1122 3321 1313 3375 eadem
1361 3319 1504 3375 mala
1555 3320 1643 3377 vel
1688 3320 1874 3391 pejora

295 3417 522 3477 peccata
555 3407 677 3474 feci,
713 3417 770 3464 et
796 3410 952 3480 quasi
985 3411 1136 3465 canis
1165 3427 1418 3466 reversus
1463 3427 1581 3467 sum
1617 3413 1684 3468 ad
1710 3405 1882 3469 vomi-

302 3509 448 3565 tum;
475 3501 618 3570 quod
645 3501 799 3570 quasi
843 3515 940 3571 per
975 3502 1375 3557 confessionem
1407 3515 1758 3559 evomueram
1781 3519 1879 3560 ore

290 3600 345 3644 et
367 3593 532 3646 corde
579 3591 692 3657 ¹⁰⁷⁸,
741 3592 1014 3647 sordidius
1047 3593 1333 3662 resumpsi.
1365 3591 1550 3648 Juravi
1586 3595 1751 3650 etiam
1779 3611 1878 3652 sre-

288 3682 412 3752 pius
437 3696 525 3737 me
553 3684 806 3754 deinceps
831 3698 1048 3739 cessare
1074 3698 1105 3738 a
1135 3684 1372 3754 peccatis
1399 3685 1539 3740 viam
1571 3685 1876 3758 iniquitatis

289 3777 512 3830 omnino
534 3776 806 3831 dimittere
828 3775 1079 3845 viamque
1097 3775 1324 3846 justitite
1347 3779 1524 3855 sequi.
1562 3779 1671 3835 Sed
1701 3794 1876 3849 neque

292 3869 454 3925 timor
495 3870 662 3940 ipsius
693 3868 1030 3940 perjuriime
1061 3885 1090 3924 a
1117 3870 1357 3939 peccatis
1405 3873 1644 3928 retinere
1672 3875 1871 3944 potuit,

289 3977 466 4031 neque
505 3963 668 4018 timor
705 3963 799 4018 Dei
827 3973 1025 4018 cuncta
1054 3963 1124 4018 ab
1154 3961 1265 4019 alto
1286 3964 1694 4035 conSpieientis.

359 4057 499 4112 Ecce
535 4057 710 4122 vides,
759 4056 1074 4112 dulcissime
1124 4059 1340 4112 amator
1382 4057 1664 4112 hominum
1702 4056 1866 4124 Deus,

287 4164 418 4204 ecce
441 4150 592 4204 vides
620 4151 688 4205 de
725 4149 1040 4204 sanctuario
1068 4159 1180 4215 tuo,
1216 4157 1270 4204 et
1299 4149 1528 4218 respicis
1559 4150 1626 4206 de
1655 4141 1872 4205 excelso

290 4239 550 4296 caelorum
588 4239 918 4306 habitaculo,
959 4240 1218 4294 miserum
1251 4239 1525 4294 hominem
1554 4240 1621 4295 ad
1660 4251 1710 4295 te
1747 4239 1871 4296 dor-

289 4349 409 4389 sum
443 4340 728 4402 ponentem
781 4332 894 4400 “"9,
945 4339 1104 4401 teque
1130 4332 1198 4390 in
1248 4332 1350 4386 luis
1393 4332 1681 4401 praeceptis
1718 4348 1864 4403 sper-

289 4433 532 4487 nentem,
570 4431 626 4478 et
653 4431 874 4493 propter
916 4437 1012 4477 sua
1045 4437 1241 4492 magna
1282 4431 1503 4491 peccata
1531 4422 1600 4477 de
1631 4432 1721 4477 tua
1758 4439 1872 4478 ma-

290 4531 396 4586 gna
443 4515 813 4572 misericordia
857 4517 1258 4586 desperantem,
1305 4525 1360 4570 et
1409 4515 1657 4587 quamvis
1708 4516 1871 4572 nimis

291 4609 570 4674 miserum,
622 4618 671 4664 et
728 4618 1069 4680 peccatorem
1130 4609 1244 4678 “3°,
1307 4610 1532 4679 respicis
1588 4621 1766 4664 tamen
1819 4618 1876 4664 et

289 4700 442 4755 vides
472 4714 502 4752 a
535 4709 587 4755 te
616 4709 880 4764 creatum,
912 4708 968 4754 et
996 4701 1125 4755 dum
1167 4701 1220 4755 in
1259 4701 1361 4755 hac
1386 4701 1496 4755 vita
1522 4701 1730 4764 existit,
1763 4701 1871 4755 tuis

289 4790 570 4846 beneﬁciis
607 4801 994 4846 sustentatum.
1025 4791 1281 4859 lmmitte,
1311 4793 1450 4848 bone
1491 4792 1583 4824 ¹⁰⁸¹
1615 4794 1774 4856 Deus,
1815 4791 1868 4844 in

291 4879 532 4935 animam
563 4879 680 4950 ejus
707 4881 955 4936 timorem
982 4893 1154 4949 tuum,
1187 4893 1242 4938 et
1271 4882 1425 4938 aufer
1450 4884 1516 4938 de
1558 4881 1721 4936 corde
1748 4880 1868 4940 eius

1988 3132 2042 3186 in
2073 3131 2249 3201 aliqua
2281 3131 2409 3198 vita,
2450 3133 2608 3188 nobis
2631 3134 2794 3189 etiam
2831 3136 3058 3190 mortuis
3098 3146 3184 3191 tua
3217 3139 3566 3194 miseratione

1985 3235 2266 3288 concessa,
2298 3221 2618 3277 exislamus.
2649 3223 2706 3278 Si
2736 3238 2863 3296 vero
2893 3225 3090 3280 iterum
3125 3227 3220 3280 tibi
3246 3229 3562 3285 obedientes

1984 3313 2292 3380 existimes,
2319 3327 2376 3373 et
2400 3333 2431 3372 a
2462 3315 2619 3372 malis
2658 3316 2912 3386 operibus
2943 3327 3030 3371 tua
3061 3320 3234 3389 gratia
3263 3320 3430 3389 adjuti
3466 3339 3566 3377 nos

1985 3409 2336 3477 retineamus,
2362 3410 2588 3480 tibique,
2618 3411 2710 3479 qui
2739 3410 2893 3468 vivus
2927 3411 3151 3479 spiritus
3179 3427 3238 3467 es
3264 3422 3317 3467 ct
3349 3424 3565 3470 creator

1983 3511 2190 3568 noster,
2222 3516 2321 3572 per
2341 3501 2481 3558 bona
2520 3517 2685 3572 opera
2717 3502 3014 3573 jungimur,
3061 3503 3254 3558 iterum
3287 3506 3564 3563 revivisci-

1981 3609 2133 3662 mus;
2185 3604 2241 3652 et
2285 3605 2406 3666 post
2449 3595 2544 3626 ¹⁰⁸⁸
2586 3605 2815 3650 mortem
2846 3596 2898 3649 in
2927 3605 3129 3652 aeterna
3173 3597 3342 3667 gloria
3389 3608 3562 3656 tecum

1980 3686 2196 3752 victuri,
2249 3685 2296 3741 si
2344 3686 2599 3756 deinceps
2651 3685 2889 3756 quandiu
2942 3686 3238 3742 vixerimus
3291 3687 3343 3741 in
3397 3687 3565 3744 rectis

1979 3778 2235 3848 operibus
2269 3786 2685 3847 perseverantes
2724 3778 2817 3808 ¹⁰⁸⁰
2857 3780 3174 3836 existamus.
3202 3779 3414 3836 Eliseus
3439 3796 3564 3851 pro-

1976 3869 2139 3938 pheta
2164 3882 2288 3922 cum
2309 3876 2556 3922 mortuus
2584 3869 2673 3900 ¹⁰⁸⁷
2705 3878 2924 3924 essetet
2950 3871 3213 3939 sepultus,
3242 3882 3297 3927 et
3319 3873 3566 3942 quidam,

1976 3962 2069 4033 qui
2113 3971 2235 4018 erat
2280 3970 2546 4028 mortuus,
2596 3960 2711 4031 ejus
2738 3960 2952 4018 ossibus
2998 3971 3330 4032 tangeretur,
3382 3980 3567 4022 resur-

1975 4053 2118 4108 rexit
2139 4053 2313 4118 vivus,
2343 4060 2398 4106 et
2422 4051 2618 4106 iterum
2649 4059 2753 4117 est,
2783 4051 2993 4106 meritis
3021 4053 3307 4124 prophetae
3337 4062 3392 4109 et
3418 4064 3565 4110 tactu

1973 4144 2237 4214 corporis,
2293 4144 2475 4199 vivere
2513 4143 2812 4212 permissus
2851 4141 2956 4214 (IV
3011 4141 3138 4214 Reg.
3191 4159 3306 4210 xm,
3343 4144 3456 4215 21).
3508 4144 3568 4202 Si

1974 4249 2104 4304 ergo
2169 4246 2312 4292 tactu
2367 4237 2644 4306 prophetae
2698 4236 2898 4292 mortui
2951 4238 3252 4292 resurrexit
3301 4240 3393 4309 qui
3442 4249 3565 4292 erat

1974 4336 2238 4392 mortuus,
2270 4326 2440 4383 multo
2469 4327 2642 4394 magis
2680 4343 2781 4382 nos
2824 4327 3222 4394 reviviscimus,
3253 4327 3300 4383 si
3329 4329 3424 4384 tibi
3455 4344 3559 4384 no-

1978 4429 2092 4475 stro
2119 4420 2360 4477 Creatori
2392 4435 2487 4490 per
2523 4421 2666 4476 bona
2692 4435 2857 4490 opera
2873 4421 3173 4492 jungimur,
3202 4422 3290 4490 qui
3320 4436 3379 4478 cs
3406 4423 3562 4477 vivus

1983 4519 2037 4565 et
2063 4509 2384 4564 immortalis
2410 4509 2652 4579 spiritus.
2675 4507 2930 4564 Miserere
2957 4524 3086 4578 ergo
3113 4510 3304 4577 nostri,
3331 4510 3562 4566 Creator-

1982 4612 2189 4666 nOster,
2237 4601 2481 4655 miserere
2526 4600 2695 4656 nostri
2741 4601 3025 4654 secundum
3074 4618 3320 4673 magnam
3361 4602 3560 4656 misert-

1978 4694 2213 4748 cordiam
2243 4703 2409 4756 tuam,
2449 4701 2499 4744 et
2532 4692 2817 4746 secundum
2845 4692 3235 4747 multitudinem
3267 4693 3560 4747 miseratio-

1978 4801 2102 4838 nunt
2145 4794 2357 4838 tuarum
2389 4783 2503 4836 dele
2544 4783 2872 4853 iniquitatem
2907 4794 3148 4839 nostram
3183 4783 3353 4856 (Paul.
3387 4801 3440 4852 ι,
3480 4785 3559 4856 5).

1975 4885 2032 4929 et
2061 4875 2323 4928 resuscita
2368 4888 2467 4929 nos
2498 4873 2550 4926 in
2595 4874 2698 4928 hac
2744 4876 2997 4944 praesenti
3030 4878 3140 4930 vita
3187 4891 3218 4930 a
3266 4887 3441 4930 morte
3489 4878 3558 4929 ad

1561 4992 1796 5048 VARle
1838 4989 2131 5046 LECTION
2141 4988 2246 5043 ES.

363 5105 458 5138 “’7‘
485 5104 638 5161 Unde
668 5105 795 5162 fecit
848 5107 1033 5162 limum
1063 5119 1306 5162 nostrum
1366 5124 1464 5160 ms.
1513 5107 1648 5161 Vict.
1698 5106 1840 5160 unde
1892 5117 1991 5157 nos
2037 5101 2165 5156 fecit
2219 5100 2396 5154 lumen
2439 5109 2678 5154 nostrum
2724 5116 2848 5154 mss.
2889 5099 3028 5153 unde
3076 5114 3174 5154 nos
3207 5098 3333 5153 fecit
3371 5099 3558 5152 limum

289 5185 536 5232 nostrum
613 5175 708 5210 ¹⁰⁷⁶
740 5177 930 5232 Totam
971 5179 1398 5232 misericordiam
1435 5194 1562 5231 mss.
1605 5176 1738 5228 Vict.
1775 5184 1822 5228 et
1870 5169 2103 5226 Val-Inc.
2161 5181 2361 5224 tantam
2417 5169 2843 5225 misericordiam
2923 5170 3017 5200 ¹⁰⁷⁸
3066 5169 3133 5223 Et
3188 5167 3560 5223 voluntatibus

289 5245 591 5322 τηεμ-νέοι.
619 5255 667 5301 et
703 5245 934 5302 Val-(uc.
959 5257 1015 5302 et
1049 5248 1440 5322 iniquitatibus
1498 5248 1589 5322 ξπ
1618 5245 1675 5302 Si
1699 5245 1880 5314 aliqua
1910 5259 2006 5296 ms.
2049 5239 2255 5322 Victusi
2275 5241 2510 5322 aliquam

291 5315 386 5350 ¹⁰⁷⁹
421 5315 762 5371 Promentem
806 5334 928 5372 mss.
989 5310 1277 5387 ponentem
1353 5318 1446 5350 ¹⁰⁸⁰
1494 5318 1561 5372 Ει
1623 5310 1960 5387 peccaiorem
2010 5329 2109 5387 ms.
2144 5310 2278 5387 Vict.
2333 5320 2389 5365 ct

2609 5240 2701 5271 ¹⁰⁷⁸
2723 5241 2830 5294 Ore
2848 5239 3010 5294 corde
3037 5255 3161 5292 mss.
3188 5255 3282 5293 ore
3313 5247 3366 5292 et
3395 5241 3559 5294 corde

2431 5320 2742 5378 peccantem
2820 5311 2908 5341 ¹⁰⁸¹
2965 5308 3194 5363 [inmitte
3243 5310 3380 5363 bone
3429 5324 3553 5362 mss.

283 5387 539 5453 immitte,
575 5387 796 5442 Domine
821 5389 960 5442 bone
989 5379 1004 5387 ’
1034 5387 1126 5420 ⁸⁸⁸⁸
1157 5388 1229 5441 De
1252 5398 1303 5443 te
1326 5389 1584 5457 propheta
1609 5379 1733 5439 mss.
1768 5385 1834 5438 de
1858 5395 1910 5438 te
1933 5383 2083 5457 enim
2112 5381 2371 5451 propheta
2447 5382 2538 5412 ¹⁰⁸³
2572 5379 2737 5457 Terra
2779 5389 2834 5457 et
2861 5381 2914 5457 in
2946 5379 3196 5457 omnibus
3228 5395 3354 5432 mss.
3391 5390 3553 5457 terra,

283 5466 344 5511 et
369 5457 422 5511 in
450 5457 586 5512 mari
615 5465 669 5513 et
696 5459 748 5512 in
780 5459 1030 5514 omnibus
1106 5459 1196 5490 ¹⁰⁸³
1219 5457 1444 5526 Propter
1472 5467 1752 5527 peccatum
1778 5471 1876 5507 ms.

282 5527 563 5590 viscimus,
596 5537 792 5598 etpost
868 5530 958 5561 ¹⁰³⁶
989 5521 1423 5584 Perseverabilcs
1450 5521 1574 5584 mss.
1633 5532 2045 5596 perseverantes
2118 5521 2209 5555 ¹⁰⁸⁷
2233 5522 2500 5594 Propheta
2533 5537 2653 5576 cum
2696 5530 2940 5576 mortuus
2973 5536 3070 5574 ms.

284 5606 347 5654 ut
371 5607 615 5656 mortuus
963 5668 965 5671 I

696 5689 972 5750 PA'mOL.
1018 5688 1288 5753 CLVIII.

1933 5452 2069 5506 Vict.
2101 5449 2196 5519 per
2223 5460 2498 5520 peccatum
2576 5450 2668 5482 ¹⁰⁸⁵
2697 5450 3086 5504 Reviviscimus
3108 5458 3227 5520 post
3245 5465 3371 5503 mss.
3413 5449 3556 5503 revi-

3152 5521 3240 5574 icl.
3293 5520 3555 5592 propheta

3194 5683 3273 5746 ’28
