3852 6050
443 201 508 253 73
739 199 796 255 S.
841 201 1139 257 ANSELMI
1178 199 1530 256 CANTUAR.
1574 199 1887 256 ARCIIIEP.
1918 198 2067 256 OPP.
2109 198 2286 258 PARS
2338 202 2395 256 ll.
2433 230 2497 244 -—-
2532 200 2901 258 ΡΑΒᾹΞΝΕΤ.
2934 203 3022 258 ΕΤ
3063 202 3304 262 ASCET.

3575 209 3673 266 STG

403 315 571 369 vitam
597 310 712 376 “3‘,
745 313 796 367 id
831 323 914 368 est
943 331 972 367 a
1012 322 1184 369 morte
1214 315 1421 383 peccati
1451 315 1515 368 ad
1540 315 1767 384 iustitiae
1794 316 1982 379 vitam,
2015 319 2060 378 Α
2091 315 2421 388 indulgentia
2447 325 2534 371 tua
2565 317 2711 386 quod
2746 319 2955 388 rogaris
2969 319 3236 389 accipere,
3263 335 3398 391 quos
3425 329 3675 395 agnoscis

403 417 458 462 et
482 405 538 462 in
567 405 670 460 ﬁne
691 405 869 460 smculi
891 420 989 475 per
1010 415 1153 459 tuam
1180 406 1604 460 misericordiam
1629 405 1864 475 justiﬁca
1877 415 1982 472 tos,

403 499 663 555 resuscita
714 498 780 551 ad
827 507 1086 551 aeternam
1134 497 1383 566 gloriam.
1433 496 1606 564 Quam
1664 498 1779 568 ipse
1834 499 1985 552 uobis

405 598 664 659 prmstare
690 587 948 656 digneris,
997 588 1086 659 qui
1135 588 1272 644 vivis
1300 597 1354 644 et
1399 604 1592 660 regnas
1637 604 1734 660 per
1780 599 1982 644 aeterna

401 679 616 734 sarcula.
649 681 839 734 Amen.

896 769 1053 840 251
1095 769 1351 828 ORATIO
1391 769 1501 825 vu.

1051 877 1118 915 AD
1158 877 1320 917 θευκ.

398 950 532 1008 Cum
586 951 908 1021 confessione
961 963 1324 1022 peccatorum,
1390 962 1438 1006 et
1497 951 1684 1006 humili
1739 953 1981 1020 petitione

1091 1024 1298 1093 gratim.

471 1134 610 1189 Deus
639 1133 882 1203 piissime
907 1194 920 1205 ,
942 1133 1088 1190 Deus
1127 1134 1366 1190 clemens
1395 1144 1451 1191 et
1492 1136 1826 1200 misericors,
1859 1151 1981 1206 pro-

397 1225 588 1294 pitiare
615 1224 854 1295 peccatis
897 1225 1128 1290 nostris,
1162 1233 1216 1280 et
1248 1235 1443 1297 praesta
1491 1234 1550 1280 ut
1589 1235 1807 1296 peccata
1863 1241 1982 1296 qua:

395 1317 481 1371 vel
527 1327 751 1372 auctore
784 1317 980 1373 mortis
1020 1318 1260 1386 instigati
1309 1318 1396 1373 vel
1448 1319 1666 1388 propria
1705 1319 1982 1375 voluntate

396 1406 766 1461 commisimus
789 1450 802 1471 ,
833 1421 938 1463 non
963 1407 1027 1461 ad
1047 1405 1310 1476 judicium
1351 1417 1499 1462 tuum
1527 1409 1861 1464 discutienda
1898 1425 1982 1464 re-

396 1511 607 1562 serves,
659 1498 752 1553 sed
809 1512 1063 1554 concessa
1096 1498 1266 1568 gratia
1305 1499 1372 1553 de
1413 1500 1526 1554 sola
1573 1510 1778 1554 tantum
1823 1503 1976 1556 venia

397 1589 755 1659 gratulemur,
787 1591 910 1659 quia
944 1591 987 1644 si
1015 1602 1139 1644 ante
1167 1590 1352 1646 oculos
1380 1599 1500 1646 tuos
1521 1631 1535 1657 ,
1568 1581 1795 1646 Domine
1820 1633 1835 1657 ,
1863 1592 1975 1648 cul-

2087 409 2154 464 de
2189 419 2371 464 nostra
2397 411 2606 480 justitia
2656 410 2906 467 fiduciam
2948 427 3055 466 non
3101 413 3322 469 habere.
3350 414 3512 486 Erige
3539 432 3670 481 nos,

2085 498 2312 554 Domine
2341 500 2482 555 Deus
2510 511 2725 563 noster,
2755 510 2810 555 et
2831 500 3000 556 alleva
3051 501 3106 556 in
3139 501 3514 558 misericordia
3546 513 3670 570 tua,

2085 595 2142 641 ut
2193 591 2572 645 communione
2601 590 2790 646 salutis
2836 599 2890 645 et
2937 591 3134 661 gaudio
3181 591 3493 659 charitatis,
3541 595 3669 650 dum

2084 679 2182 748 ipsi
2207 679 2404 734 salvari
2435 695 2499 735 ex
2544 695 2770 736 munere
2801 681 3050 750 cupimus
3073 721 3087 746 ,
3122 682 3286 738 etiam
3312 681 3424 740 fide
3451 693 3509 739 et
3537 699 3670 754 pace

2084 778 2398 824 cunctarum
2423 770 2660 839 gentium
2689 771 3043 840 gaudeamus.

2657 857 2916 915 ORATIO
2954 857 3086 914 VIII.

2737 967 2803 1005 AD
2842 966 3007 1008 DEUI.

2154 1041 2294 1096 Deus
2323 1042 2718 1099 inmstimabilis
2758 1044 3176 1109 misericordiae,
3211 1044 3353 1101 Deus
3387 1045 3670 1102 immensa:

2081 1133 2318 1203 pietatis,
2347 1134 2484 1188 Deus
2507 1135 2757 1190 conditor
2786 1143 2839 1189 et
2865 1144 3148 1202 reparator
3179 1135 3400 1190 humani
3424 1139 3669 1205 generis,

2081 1224 2171 1293 qui
2197 1224 2568 1280 conﬁtentium
2619 1225 2713 1280 tibi
2761 1226 2923 1281 corda
2969 1241 3210 1297 purgas,
3251 1237 3308 1281 et
3348 1236 3669 1284 accusantes

2081 1323 2210 1368 ante
2238 1322 2584 1382 conspectum
2617 1314 2811 1369 divinze
2833 1314 3137 1370 clementiae
3164 1324 3268 1371 tua:
3298 1316 3368 1372 ab
3394 1319 3542 1373 omni
3570 1319 3669 1372 ini-

2081 1402 2304 1473 quitatis
2332 1402 2546 1457 vinculo
2573 1403 2836 1472 absolvis,
2865 1405 3118 1459 virtutem
3166 1414 3310 1459 tuam
3345 1407 3472 1460 totis
3499 1421 3666 1461 rxom

2081 1495 2388 1566 gemitibus,
2416 1505 2474 1550 ut
2499 1499 2795 1552 secundum
2827 1498 3224 1554 multitudinem
3255 1501 3662 1556 miserationum

2082 1595 2295 1641 tuarum
2321 1587 2388 1643 de
2411 1589 2663 1643 omnibus
2687 1589 3063 1659 iniquitatibus
3088 1591 3241 1655 meis,
3267 1590 3334 1647 de
3355 1594 3554 1663 quibus
3576 1610 3662 1648 me

396 1697 490 1750 pas
513 1696 646 1751 quas
672 1682 896 1736 fecimus
921 1691 977 1736 et
1017 1682 1200 1752 plagas
1227 1698 1362 1752 quas
1401 1684 1702 1753 excipimus
1729 1685 1976 1740 confera-
2009 1665 2053 1725 Β
2081 1687 2305 1732 accusat
2335 1677 2668 1732 conscientia
2692 1693 2832 1743 mea,
2861 1693 3050 1748 puram
3077 1677 3204 1732 mihi
3230 1694 3415 1735 coram
3451 1689 3504 1736 te
3527 1697 3659 1738 con-

395 1786 534 1837 mus,
560 1771 736 1826 minus
757 1780 840 1826 est
867 1773 1008 1841 quod
1038 1773 1290 1843 patimur,
1318 1773 1491 1844 majus
1514 1782 1596 1829 est
1627 1776 1769 1844 quod
1796 1791 1973 1831 mere-

396 1877 532 1914 mur.
565 1860 778 1916 Peccati
811 1874 1026 1930 poenam
1060 1861 1356 1928 sentimus,
1399 1871 1454 1917 et
1484 1865 1692 1934 peccati
1737 1866 1996 1934 pertina-~

396 1952 535 2006 ciam
628 1965 732 2003 non
761 1951 1012 2006 vitamus.
1040 1950 1096 2005 In
1122 1950 1345 2024 ﬂagellis
1365 1953 1469 2008 tuis
1493 1952 1756 2025 fragilitas
1788 1965 1973 2013 nostra

394 2042 745 2114 frangitur,et
769 2041 1024 2112 iniquitas
1047 2051 1230 2098 nostra
1249 2057 1354 2097 nou
1383 2053 1642 2100 mutatur.
1668 2045 1816 2102 Mens
1833 2063 1973 2117 {egra

394 2140 677 2202 torquetur
703 2173 717 2197 ,
763 2134 942 2189 cervix
985 2135 1114 2190 dura
1148 2150 1252 2189 non
1279 2133 1538 2202 ﬂectitur,
1569 2137 1677 2192 vita
1705 2137 1757 2192 in
1787 2139 1972 2195 dolore

389 2223 658 2291 suspirat,
692 2234 748 2278 et
796 2223 848 2278 in
881 2238 1044 2295 Opere
1085 2241 1192 2281 non
1232 2228 1504 2283 emendat.
1557 2227 1612 2283 Si
1657 2240 1967 2300 exspectas,

389 2327 498 2367 non
535 2314 887 2386 corrigimur;
919 2315 962 2369 si
993 2316 1237 2372 vindicas
1260 2357 1276 2382 ,
1306 2334 1410 2372 non
1437 2318 1712 2376 duramus.
1738 2320 1974 2377 Confite-

390 2421 514 2463 mur
548 2408 601 2463 in
651 2409 990 2479 correptione
1022 2409 1165 2480 quod
1199 2408 1429 2466 fecimus
1451 2450 1466 2476 ,
1514 2412 1885 2469 obliviscimur
1916 2415 1970 2470 in

388 2499 698 2555 visitatione
727 2499 868 2570 quod
901 2499 1166 2556 ﬂevimus.
1221 2499 1279 2555 Si
1328 2500 1668 2573 impresseris
1712 2520 1967 2572 manum,

390 2589 636 2646 facienda
661 2590 1062 2661 promittimus;
1094 2592 1140 2647 si
1179 2593 1529 2664 suspenderis
1547 2594 1813 2665 gladium,
1846 2611 1969 2668 pro-

391 2683 554 2735 missa
589 2696 692 2737 non
737 2681 987 2737 facimus.
1015 2680 1070 2737 Si
1101 2680 1296 2752 ferias,
1322 2683 1624 2741 clamamus
1651 2694 1710 2740 ut
1735 2701 1965 2758 parcas;

388 2775 435 2829 si
459 2776 639 2845 parcis
661 2815 677 2839 ,
708 2776 900 2831 iterum
944 2789 1303 2846 provocamus
1341 2789 1400 2833 ut
1427 2777 1612 2836 ferias.
1638 2776 1695 2834 Si
1719 2780 1966 2852 angustia

385 2863 599 2928 veniat,
629 2874 839 2936 tempus
884 2865 1117 2936 petimus
1143 2865 1468 2937 pcenilendi;
1509 2868 1556 2924 si
1596 2869 1965 2928 misericordia

389 2969 487 3009 nos
512 2956 782 3025 respexit,
817 2956 1093 3012 abutimur
1119 2957 1380 3027 patientia
1412 2974 1531 3030 qua:
1570 2962 1829 3032 pepercit.
1857 2963 1966 3017 Ad-

386 3045 494 3101 huc
528 3044 675 3100 illata
727 3047 882 3117 plaga
936 3047 1023 3102 vix
1059 3049 1341 3118 praeterit,
1378 3058 1434 3104 et
1473 3049 1589 3119 jam
1640 3065 1746 3106 nou
1779 3052 1965 3108 recolit

385 3151 540 3192 mens
569 3137 779 3210 ingrata
807 3139 950 3211 quod
986 3139 1229 3210 pertulit.
1266 3140 1323 3195 Si
1353 3141 1512 3196 citius
1549 3157 1647 3198 nos
1669 3144 1924 3198 exaudias
1949 3184 1964 3210 ,

389 3242 454 3281 ex
498 3227 872 3284 misericordia
904 3228 1306 3297 insolescimus;
1346 3231 1390 3286 si
1425 3232 1658 3298 tardius,
1697 3249 1759 3288 ex
1793 3233 1963 3303 impa-

385 3321 572 3374 tientia
599 3337 1018 3377 murmuramus.
1045 3320 1121 3378 Te
1148 3322 1394 3377 volumus
1418 3338 1638 3378 servare
1673 3325 1813 3393 quod
1840 3339 1965 3394 pro-

384 3410 602 3466 miseris
627 3452 642 3478 ,
674 3420 729 3466 et
770 3427 870 3467 nos
897 3426 1003 3466 non
1038 3413 1294 3468 timemus
1329 3428 1435 3467 non
1477 3413 1769 3470 observare
1818 3415 1962 3484 quod

378 3499 626 3568 jusseris.
673 3502 850 3558 Habes
887 3517 1018 3573 ergo
1045 3544 1059 3568 ,
1107 3504 1375 3569 Domine,
1437 3505 1756 3561 conlitentes
1810 3521 1957 3573 reos;

383 3605 547 3660 parce
588 3592 712 3661 quia
758 3593 880 3662 pius
905 3608 983 3648 es.
1030 3592 1288 3649 Novimus
1330 3595 1488 3663 quia,
1536 3594 1640 3650 nisi
1674 3597 1957 3665 remittas,

383 3691 533 3737 recte
560 3698 658 3737 nos
687 3684 876 3752 punias
904 3725 917 3747 ,
947 3683 1040 3739 sed
1072 3684 1212 3755 apud
1239 3693 1289 3739 le
1313 3695 1398 3741 est
1419 3685 1588 3742 multa
1613 3687 1888 3743 miseratio
1907 3697 1962 3743 et

382 3774 693 3842 propitiatio
741 3774 1143 3844 perabundans.
1189 3774 1394 3830 Praesta
1434 3790 1563 3847 ergo
1605 3777 1724 3833 sine
1765 3779 1960 3834 merito

383 3865 524 3933 quod
553 3860 826 3936 rogamus,
851 3868 940 3936 qui
971 3865 1144 3922 fecisti
1172 3880 1238 3921 ex
1269 3865 1438 3921 nihilo
1465 3868 1554 3936 qui
1579 3876 1850 3938 rogarent.

449 3953 809 4010 Clamautium
835 3957 901 4011 ad
929 3967 1000 4021 te,
1029 3955 1280 4019 Domine,
1320 3957 1487 4011 nostri
1515 3959 1806 4023 miserere,
1841 3971 1959 4012 mo-

379 4055 506 4101 veat
529 4045 781 4117 pietatem
833 4057 974 4102 tuam
1018 4063 1119 4102 vox
1168 4046 1342 4102 ﬁdelis
1365 4056 1527 4117 atque
1552 4047 1772 4113 ﬁebilis,
1795 4056 1958 4117 atque

375 4135 468 4190 illa
490 4135 556 4190 de
583 4151 686 4205 qua
717 4146 883 4192 totum
914 4151 1197 4208 Speramus
1221 4137 1590 4192 misericordia
1620 4155 1722 4192 non
1747 4146 1958 4208 reputet

376 4226 519 4294 quod
543 4221 898 4293 oﬂ‘endimus,
931 4228 1057 4281 dum
1106 4227 1329 4296 respicit
1374 4229 1518 4296 quod
1573 4242 1843 4299 rogamus.
1890 4228 1957 4284 Et

377 4335 500 4372 eum
529 4321 749 4389 grandis
777 4318 849 4373 sit
873 4319 1090 4373 miseria
1113 4331 1234 4374 esse
1264 4333 1365 4374 nos
1393 4333 1536 4386 reos,
1565 4319 1740 4389 major
1767 4321 1834 4376 sit
1861 4320 1954 4377 tibi

372 4411 663 4467 clementia
710 4426 832 4467 esse
878 4426 977 4468 nos
1023 4411 1273 4468 miseros.
1301 4411 1417 4467 Tuo
1457 4411 1725 4482 supplices
1752 4411 1952 4467 auxilio

372 4513 500 4558 ante
530 4513 582 4558 te
620 4513 675 4559 et
699 4505 944 4560 criminis
976 4499 1315 4561 nostri‘mala
1343 4503 1592 4575 ponimus
1617 4511 1672 4558 et
1699 4503 1943 4571 dolores,

373 4601 430 4648 et
459 4609 488 4646 a
521 4603 572 4650 te
603 4596 874 4666 precando
903 4598 1330 4653 misericordiam
1357 4610 1516 4666 quam
1549 4597 1823 4666 peccando
1863 4609 1952 4652 re-

368 4689 608 4758 pulimus
637 4699 1030 4761 exspectamus.
1073 4692 1149 4746 Da
1175 4691 1370 4763 igitur,
1398 4690 1563 4747 Pater
1591 4690 1862 4762 piissime,
1895 4698 1953 4744 ut

360 4793 435 4835 ea
459 4795 579 4850 quae
605 4776 974 4836 commisimus
993 4780 1306 4845 deﬂeamus,
1331 4795 1397 4836 ac
1413 4795 1516 4850 per
1544 4779 1711 4836 totius
1738 4779 1845 4835 diei
1870 4778 1952 4834 vel

365 4873 548 4928 noctis
575 4873 748 4943 spatia
780 4873 848 4928 ab
874 4874 1124 4929 omnibus
1154 4874 1421 4929 malorum
1464 4874 1772 4929 incursibus
1815 4872 1951 4927 libe-

364 4977 464 5018 ros
491 4973 594 5019 tua:
623 4963 813 5034 pietati
844 4964 1049 5019 servire
1071 4967 1352 5020 concedas.
1381 4963 1676 5020 Prmstetur
1704 4963 1862 5019 nobis
1884 4961 1951 5016 de

2077 1769 2239 1823 cedas
2268 1783 2428 1839 agere
2450 1768 2870 1837 confessionem,
2903 1784 3195 1840 veramque
3216 1786 3282 1826 ex
3308 1772 3394 1828 his
3411 1774 3662 1828 omnibus

2078 1867 2134 1915 et
2159 1859 2480 1930 condignam
2513 1859 2646 1914 mihi
2677 1860 2884 1915 tribuas
2903 1860 3300 1929 paenitentiam,
3325 1878 3661 1933 quaecunque

2075 1949 2294 2019 peccavi
2329 1950 2380 2002 in
2414 1949 2834 2019 cogitationibus
2867 1950 3077 2019 pravis,
3107 1950 3161 2004 in
3188 1966 3457 2008 consensu
3484 1955 3657 2016 malo,

2075 2043 2131 2099 in
2158 2042 2384 2098 consilio
2414 2042 2626 2113 iniquo,
2661 2043 2712 2097 in
2741 2043 3178 2114 concupiscentia
3228 2053 3392 2115 atque
3418 2045 3651 2101 delecta-

2077 2135 2224 2190 tione
2251 2135 2544 2197 immunda,
2575 2135 2626 2189 in
2651 2134 2830 2190 verbis
2858 2134 3069 2197 otiosis,
3098 2135 3150 2189 in
3175 2133 3332 2191 factis
3353 2135 3656 2204 malitiosis,

2073 2227 2128 2282 in
2159 2227 2306 2291 visu,
2352 2227 2536 2282 auditu
2559 2266 2573 2291 ,
2630 2235 2817 2296 gustu,
2865 2227 3093 2282 odoratu
3123 2235 3176 2282 et
3213 2236 3376 2284 tactu.
3402 2228 3484 2282 Tu
3514 2230 3655 2284 enim

2073 2316 2382 2372 misericors
2409 2316 2475 2370 ad
2501 2318 2828 2386 operandam
2859 2317 2989 2371 mihi
3023 2317 3220 2372 animae
3261 2332 3396 2373 mea:
3423 2319 3652 2375 salutem

2072 2405 2312 2461 membra
2334 2405 2542 2477 singula
2563 2406 2811 2460 humanis
2833 2405 3018 2460 usibus
3040 2415 3164 2475 apta
3189 2405 3409 2475 dedisti,
3432 2408 3532 2463 sed
3555 2423 3655 2479 ego

2071 2496 2410 2552 miserrimus
2438 2496 2680 2552 omnium
2731 2505 2786 2549 et
2827 2505 3086 2566 peccator
3125 2505 3176 2552 te
3215 2505 3435 2553 aeterna:
3463 2498 3656 2555 salutis

2069 2595 2365 2641 amatorem
2409 2585 2730 2660 contempsi,
2762 2596 2817 2642 et
2861 2595 3064 2642 mtcrna
3097 2586 3229 2642 mihi
3269 2587 3525 2643 incendia
3555 2588 3657 2644 ini-

2069 2676 2212 2732 mico
2242 2676 2564 2747 praeparanti
2595 2675 2878 2742 consensi,
2921 2676 3104 2748 lapsus
3143 2693 3262 2734 sum
3294 2679 3346 2734 in
3376 2680 3617 2750 peccatis
3637 2721 3654 2746 ,

2068 2765 2246 2820 corrui
2280 2765 2332 2820 in
2363 2765 2609 2832 delictis,
2637 2765 2692 2821 in
2724 2767 2982 2823 membris
3010 2768 3237 2839 singulis
3265 2784 3394 2826 vero
3431 2770 3652 2827 modum

2067 2858 2300 2924 excessi,
2329 2866 2385 2913 et
2415 2858 2594 2928 impiis
2623 2873 2710 2914 me
2745 2858 3021 2915 laboribus
3060 2861 3352 2918 obnoxium
3381 2861 3522 2928 feci;
3548 2879 3652 2919 non

2075 2947 2219 3002 enim
2251 2946 2366 3001 haec
2394 2961 2623 3003 narrans
2651 2955 2826 3012 tuam,
2857 2947 3101 3012 Domine,
3140 2949 3192 3004 in
3224 2963 3310 3004 me
3337 2949 3658 3020 blaspheme

1993 3015 2038 3078 (ἶ
2069 3044 2375 3092 creaturam
2401 3078 2417 3105 ,
2445 3037 2540 3093 sed
2575 3052 2750 3092 meam
2776 3052 2806 3091 a
2837 3047 2919 3101 te,
2949 3038 3194 3108 piissime
3223 3039 3384 3104 Deus,
3413 3055 3657 3109 exposco

2069 3129 2423 3194 medicinam,
2471 3130 2594 3200 quia
2639 3145 2725 3184 me
2780 3145 2930 3186 reum
2958 3131 3200 3204 intelligo
3233 3147 3393 3202 supra
3425 3148 3656 3188 mensu-

2067 3235 2205 3284 ram,
2231 3221 2355 3290 quia
2383 3232 2441 3275 ut
2460 3231 2608 3276 astra
2628 3221 2749 3277 coeli
2772 3233 2934 3292 atque
2959 3237 3181 3280 arenam
3206 3223 3393 3288 maris,
3419 3224 3496 3279 ita
3527 3239 3647 3280 mea

2066 3311 2480 3366 innumerabilia
2510 3327 2782 3383 cognosco
2823 3328 2943 3370 esse
2971 3313 3189 3370 delicta.
3222 3314 3444 3386 Insuper
3478 3316 3650 3371 etiam

2066 3401 2178 3468 ira,
2214 3403 2433 3458 tristitia
2463 3444 2478 3470 ,
2505 3403 2689 3459 acedia
2711 3443 2726 3468 ,
2751 3405 3014 3474 jactantia
3046 3413 3210 3476 atque
3237 3405 3465 3461 desidia.
3500 3405 3656 3462 Unde

2062 3494 2453 3566 principalibus
2505 3496 2652 3550 vitiis
2697 3497 2992 3551 obuoxium
3046 3511 3134 3552 me
3173 3510 3294 3552 esse
3353 3495 3652 3565 pmﬁteor;

2063 3587 2157 3642 sed
2186 3596 2270 3651 tu,
2301 3587 2390 3656 qui
2421 3601 2524 3641 nou
2577 3587 2659 3642 vis
2706 3598 2937 3642 mortem
2981 3588 3320 3659 peccatoris,
3354 3589 3568 3660 respice
3597 3589 3652 3643 in

2061 3689 2149 3730 me
2171 3683 2227 3730 et
2261 3675 2520 3731 miserere
2545 3676 2728 3732 miseri
2765 3676 2945 3745 hujus.

2590 3784 2847 3842 ORATIO
2881 3785 2952 3841 IX
2992 3786 3111 3840 ηδ’.

2720 3893 2786 3932 AD
2819 3892 2984 3934 DBUI.

2130 3969 2486 4039 Omnipotens
2526 3969 2693 4034 Deus,
2743 3979 2798 4024 et
2844 3969 3154 4025 misericors
3197 3969 3390 4036 Pater,
3420 3979 3480 4026 et
3507 3972 3650 4028 bone

2058 4059 2319 4126 Domine,
2349 4061 2607 4116 miserere
2657 4061 2785 4116 mihi
2819 4062 3110 4130 peccatori.
3138 4063 3212 4118 Da
3248 4063 3377 4119 mihi
3424 4066 3643 4120 veniam

2058 4162 2398 4224 peccatorum
2432 4167 2671 4208 meorum
2694 4193 2709 4218 ,
2735 4167 2929 4208 cavere
2955 4162 3011 4208 et
3048 4153 3267 4209 vincere
3300 4169 3493 4210 omnes
3515 4155 3649 4211 insi-

2058 4241 2204 4307 dias,
2243 4253 2300 4297 et
2343 4243 2667 4298 tentationes
2717 4252 2774 4298 et
2817 4243 3204 4300 delectationes
3237 4245 3470 4309 noxias,
3524 4261 3648 4316 per»

2060 4329 2198 4386 lecte
2227 4331 2320 4363 ¹⁰⁹⁰
2371 4341 2550 4386 mente
2588 4340 2645 4387 et
2697 4340 2818 4387 actu
2855 4333 3029 4389 vitare
3055 4332 3146 4366 ¹⁰⁹¹
3177 4348 3298 4403 quas
3345 4335 3644 4404 prohibes,

2059 4421 2240 4478 facere
2263 4432 2320 4477 et
2337 4437 2556 4477 servare
2574 4424 2875 4494 qumjubes,
2899 4424 3143 4488 credere,
3160 4440 3402 4495 sperare,
3426 4442 3644 4492 amare,

2055 4510 2191 4566 velle
2221 4511 2364 4581 quod
2415 4511 2507 4544 ὀν’
2549 4523 2605 4566 et
2641 4522 2900 4581 quantum
2925 4522 2982 4569 et
3013 4524 3064 4569 tu
3097 4516 3206 4571 scis
3249 4525 3304 4572 et
3340 4517 3454 4583 vis,
3493 4531 3648 4572 com-

2053 4600 2398 4670 punctionem
2432 4600 2755 4657 humilitatis
2781 4611 2836 4657 et
2867 4602 3117 4673 pietatis,
3159 4604 3451 4660 discretam
3476 4605 3650 4662 absti-

2055 4689 2293 4743 nentiam
2319 4699 2374 4744 et
2397 4689 2578 4746 carnis
2602 4691 3070 4748 mortiﬁcationem
3091 4733 3107 4760 ,
3138 4694 3205 4748 ad
3238 4703 3289 4750 te
3314 4696 3644 4762 amandum,

2051 4780 2315 4835 orandum
2340 4821 2355 4844 ,
2387 4779 2743 4848 laudandum,
2773 4783 3139 4840 meditandum
3165 4824 3181 4850 ,
3211 4786 3280 4840 ad
3307 4800 3528 4843 omnem
3559 4802 3649 4844 se-

2053 4870 2290 4935 cundum
2343 4882 2394 4928 te
2437 4883 2615 4929 actum
2666 4884 2721 4930 et
2761 4875 3093 4946 cogitatum.
3118 4893 3344 4948 Puram,
3369 4881 3643 4946 sobriam,

2055 4963 2302 5014 devotam
2352 4972 2622 5030 mentem,
2655 4979 2902 5019 veracem
2933 4975 2987 5020 et
3031 4965 3304 5022 eﬁicaeem
3352 4967 3647 5025 mandato-

1659 5112 1891 5166 VARUE
1949 5109 2355 5168 LECTIONES.

442 5235 536 5289 “3"
561 5255 639 5311 Ad
671 5257 836 5310 vitam
885 5271 984 5307 ms.
1008 5252 1149 5324 ilict.
1177 5252 1228 5305 in
1275 5251 1438 5324 vitam
1493 5251 1606 5324 _‘°"’
1631 5252 1837 5307 Collata
1863 5265 1935 5308 est
1963 5270 2081 5324 cum
2109 5270 2233 5309 mss.
2278 5251 2800 5324 duobus_Victorini§
2831 5269 2990 5324 supra
3017 5256 3230 5310 notatis.
3257 5254 3479 5310 Thuano
3506 5258 3640 5313 267.

362 5325 492 5380 Bec.
536 5324 602 5381 Ο.
651 5336 699 5378 et
752 5325 908 5380 Corb.
961 5323 1081 5378 160.
1132 5338 1235 5374 imo
1291 5319 1720 5385 Vallis-lucentis,
1755 5333 1802 5375 et
1843 5339 1945 5377 uno
1989 5322 2222 5378 Floriac.
2255 5337 2450 5377 etcum
2486 5321 2728 5377 Editione
2760 5319 3058 5379 Sommalii.
3092 5325 3172 5379 Ad
3221 5327 3387 5380 Deum
3415 5325 3641 5383 Patrem

359 5410 469 5452 pro
515 5397 666 5451 venia
703 5405 754 5447 et
783 5394 1070 5448 virtutibus
1097 5391 1402 5446 obtinendis
1440 5408 1540 5445 nis.
1567 5391 1700 5445 Vict.
1729 5393 1816 5447 i6.
1847 5394 2036 5449 Oratio
2083 5396 2149 5448 ad
2191 5393 2355 5448 Deum
2395 5393 2607 5450 Patrem
2648 5409 2774 5447 mss.
2814 5392 3019 5448 Thuan.
3057 5405 3105 5449 et
3149 5395 3302 5450 Becc.
3344 5394 3534 5452 Oratio
3571 5399 3643 5452 ad

393 5467 693 5536 lautumias.
742 5463 955 5536 Vrit-(.75.
981 5478 1076 5532 pro
1109 5462 1285 5536 seipso
1303 5477 1401 5514 ms.
1435 5460 1586 5536 Coro.
1631 5461 1816 5536 Oratio
1851 5463 2060 5536 Domini
2089 5463 2325 5536 Anselmi
2370 5465 2434 5516 ad
2468 5462 2659 5536 Deum.
2703 5479 2802 5536 ms.
2849 5460 3087 5518 Val-lue.
3124 5465 3311 5520 Oratio
3341 5469 3505 5521 bona.
3537 5485 3641 5522 ms.

371 5532 523 5586 Flor.
548 5533 818 5587 Metlitatio
859 5530 1199 5602 deprecativa
1231 5530 1691 5604 exireco‘rdatioae
1725 5533 2016 5589 Dominica:
2056 5534 2324 5604 passionis
2393 5533 2482 5569 ¹⁰⁹⁰
2510 5530 2577 5588 Ει
2611 5533 2848 5602 perfecte
2882 5550 3006 5588 nus.
3049 5536 3288 5603 perfecte
3363 5537 3458 5569 ¹⁰⁹¹
3498 5539 3644 5593 Actu

371 5605 546 5656 vitare
574 5620 696 5656 nus.
741 5612 792 5656 et
814 5600 942 5656 actu
981 5604 1149 5657 vitare
1227 5602 1315 5634 ‘°"
1355 5600 1502 5658 Velle
1528 5604 1654 5671 quid
1679 5621 1802 5657 mss.
1847 5605 2028 5674 vivere
2054 5600 2196 5674 quod
