3906 6058
211 313 314 370 885

1635 299 2046 360 ORATIONES.

3375 293 3481 350 8313

213 442 418 489 meum,
447 429 730 493 susceptor
759 435 914 476 meus
949 429 1006 476 et
1042 419 1304 476 liberator
1331 433 1505 485 meus,
1533 419 1609 474 sic
1640 420 1794 473 timo-
1822 435 1871 495 Α
1898 423 2163 472 creaturae
2195 420 2316 478 tuae,
2355 411 2676 467 benedicant
2717 419 2769 467 te
2795 425 2982 466 omnes
3015 410 3186 480 angeli
3231 417 3284 463 et
3306 419 3480 464 sancti

215 531 328 570 rem
370 514 569 568 adhibe
607 512 742 567 mihi
772 519 1038 582 quatenus
1068 524 1308 567 amorem
1333 510 1427 542 ¹¹²¹⁵
1457 509 1794 570 subinferas:

210 606 290 661 sic
328 605 509 674 irrOga
543 611 746 658 metum
782 610 841 656 ut
874 602 951 657 tui
983 617 1184 674 augeas
1221 601 1578 666 desiderium;
1612 602 1797 670 sicque

212 711 298 752 me
327 697 410 752 fac
439 694 758 767 participem
797 696 1090 749 timentium
1124 705 1192 760 te,
1225 703 1282 748 ut
1315 704 1361 747 et
1393 694 1792 746 custodientium

210 790 463 844 mundata
497 797 588 843 tua
624 788 794 844 facias
829 787 1002 858 (Psal.
1036 803 1223 850 cxvm,
1255 787 1369 857 63),
1405 797 1464 841 ut
1507 803 1601 855 per
1640 788 1798 842 timo-

211 883 288 936 ris
326 881 640 937 servitutem
679 881 746 935 ad
789 880 994 934 amoris
1038 880 1348 950 pertingere
1415 895 1625 934 merear
1667 895 1795 950 gra-

213 974 366 1038 tiam,
388 987 486 1044 per
509 987 670 1044 quam
699 973 914 1029 tandem
943 973 1254 1043 perveniam
1284 973 1350 1028 ad
1382 982 1526 1029 tuam
1547 971 1792 1044 gloriam.

209 1067 380 1121 Amen
409 1066 522 1121 ¹³¹⁸.

709 1158 874 1232 254.
909 1157 1166 1216 omne
1205 1157 1293 1213 xr.

869 1266 936 1304 AD
975 1265 1140 1306 DEUI.

281 1339 506 1396 Domine
554 1341 717 1408 Deus,
768 1341 1114 1412 omnipotens
1144 1339 1326 1407 Pater,
1375 1352 1430 1398 ct
1476 1343 1614 1400 bone
1657 1345 1794 1400 Deus

205 1427 356 1495 Jesu,
406 1432 664 1486 miserere
709 1432 840 1487 mihi
885 1433 1184 1502 peceatori,
1221 1443 1278 1488 et
1317 1435 1383 1490 da
1423 1435 1554 1490 mihi
1581 1437 1791 1491 veniam

207 1528 558 1591 peccatorum
609 1539 874 1577 meorum.
931 1523 1010 1579 Da
1064 1525 1192 1580 mihi
1241 1541 1434 1582 cavere
1481 1537 1537 1581 et
1577 1527 1794 1583 vincere

208 1629 400 1668 omnes
435 1614 660 1669 insidias
704 1615 1043 1670 inimicorum
1084 1632 1351 1683 meorum,
1386 1625 1440 1673 et
1472 1618 1793 1673 teutationes

208 1715 266 1761 ct
294 1705 683 1762 delectationes
725 1708 945 1774 noxias,
976 1709 1214 1780 perfecte
1251 1719 1432 1766 mente
1469 1721 1523 1766 ct
1555 1721 1679 1767 actu
1713 1713 1792 1766 vi-

1900 507 1997 562 tui.
2032 505 2123 561 Sic
2157 504 2544 561 benedicamus
2588 512 2640 559 te
2677 504 2869 558 invita
2910 519 3049 558 mea.
3101 503 3300 556 Adorei
3342 512 3394 556 te
3427 511 3483 557 et

1897 598 2162 670 gloritiect
2205 605 2263 651 et
2306 596 2593 652 benedicat
2660 595 2838 650 omnis
2891 593 3114 648 interior
3150 602 3204 648 et
3247 593 3484 648 exterior

1897 704 2159 760 compago
2181 703 2322 744 mea.
2353 687 2510 743 Salus
2534 701 2677 753 mea,
2705 686 2792 740 lux
2820 700 2960 750 mea,
2995 684 3315 740 illuminatio
3340 700 3480 750 mea,

1897 779 2225 839 benedicant
2259 790 2309 836 te
2335 779 2475 835 oculi
2517 779 2645 846 mei,
2687 793 2823 848 quos
2863 776 3037 832 fecisti
3075 785 3131 831 et
3168 777 3482 847 prarparasti

1896 875 1964 929 ad
1990 870 2456 942 contemplandam
2486 868 2722 939 speciem
2752 866 3063 923 serenitatis
3095 873 3218 920 tuae.
3249 863 3483 919 Dulcedo

1896 979 2040 1031 mea,
2065 961 2351 1018 delectatio
2377 975 2519 1027 mea,
2549 959 2870 1014 benedicant
2900 966 2952 1012 te
2978 972 3138 1012 aures
3167 971 3318 1022 meae,
3350 970 3486 1025 quas

1899 1055 2069 1110 fecisti
2100 1062 2156 1108 et
2177 1051 2492 1123 praeparasti
2517 1052 2584 1106 ad
2610 1050 2934 1105 audiendam
2960 1063 3143 1104 vocem
3167 1047 3484 1118 iucundita-

1900 1145 1970 1201 tis
1995 1153 2120 1200 tuzc.
2158 1142 2415 1199 Suavitas
2445 1157 2583 1208 mea,
2615 1141 2884 1198 recreatio
2912 1155 3054 1205 mea,
3086 1138 3406 1194 benedicant
3435 1148 3485 1191 te

1897 1251 2056 1292 nares
2087 1249 2245 1302 meae,
2276 1250 2414 1305 quas
2449 1234 2624 1290 fecisti
2667 1241 2726 1288 ut
2752 1233 2936 1288 vivant
2972 1241 3027 1288 et
3059 1231 3392 1286 delectentur
3429 1229 3481 1283 iu

1894 1327 2060 1383 odore
2107 1337 2500 1397 unguentorum
2553 1335 2790 1381 tuorum.
2843 1324 2988 1380 Laus
3030 1336 3170 1387 mea,
3208 1325 3480 1377 canticum

1894 1434 2074 1476 meum
2114 1433 2336 1481 novum,
2375 1417 2664 1474 exsultatio
2705 1433 2846 1484 mea,
2876 1416 3162 1471 benedicat
3200 1422 3251 1468 te
3285 1422 3340 1468 et
3371 1428 3481 1466 nia-

1894 1514 2111 1586 gnilicet
2151 1513 2327 1585 lingua
2373 1528 2511 1578 mea,
2555 1527 2717 1583 quam
2764 1512 2940 1568 iecisti
2979 1519 3034 1565 et
3072 1508 3384 1581 prmparasti
3420 1512 3479 1563 ut

1894 1623 2144 1664 enarrem
2189 1606 2458 1663 mirabilia
2504 1617 2617 1660 tua.
2673 1604 2950 1674 Sapientia
3002 1618 3151 1665 mea,
3202 1597 3482 1655 meditatio

1895 1713 2038 1765 mea,
2071 1696 2358 1754 consilium
2404 1711 2604 1761 meum,
2641 1693 2832 1749 adoret
2875 1707 3088 1762 semper
3117 1699 3172 1746 et
3201 1689 3484 1746 benedicat

211 1805 330 1852 tare
368 1812 488 1866 quae
523 1799 778 1869 prohibes
820 1799 1020 1864 facere,
1065 1801 1273 1856 servire
1305 1801 1400 1857 tibi
1436 1810 1492 1856 et
1529 1817 1713 1857 amare
1743 1811 1789 1858 te

1897 1803 1993 1842 cor
2023 1802 2224 1852 meum,
2255 1785 2398 1856 quod
2438 1783 2755 1856 praeparasti
2797 1793 2852 1838 et
2883 1782 3077 1852 dedisti
3124 1779 3253 1834 mihi
3300 1777 3482 1869 ad

208 1899 472 1958 quantum
513 1890 622 1944 scis
663 1899 716 1945 et
753 1891 852 1955 vis,
885 1901 938 1945 et
971 1891 1148 1947 vivere
1185 1891 1480 1947 secundum
1523 1903 1667 1946 tuam
1704 1907 1797 1948 vo-

210 1975 493 2032 luntatem.
526 1979 602 2032 Da
635 1979 787 2044 mibi,
822 1980 1068 2046 Domine,
1097 1981 1568 2051 compunctionem
1594 1983 1793 2049 cordis,

208 2069 527 2124 exercitium
568 2072 803 2142 pietatis,
839 2072 1092 2128 virtutem
1133 2073 1471 2140 humilitatis,
1503 2073 1792 2128 discretam

209 2157 624 2226 abstinentiam,
674 2162 856 2218 carnis
903 2155 1410 2230 mortiﬁcationem,
1459 2174 1664 2220 rectum
1711 2165 1797 2220 in-

210 2251 431 2306 troitum
469 2255 536 2308 ad
577 2263 628 2310 te
670 2255 933 2309 orandmn
975 2266 1032 2310 et
1067 2255 1380 2321 amandum,
1428 2257 1793 2313 meditandum

206 2351 264 2398 et
293 2343 615 2399 laudandum
661 2345 726 2400 ad
769 2361 984 2402 omnem
1029 2348 1325 2402 secundutn
1380 2356 1432 2403 te
1462 2357 1662 2414 actum,
1698 2363 1791 2404 co-

207 2433 523 2504 gitationem
559 2436 877 2507 perfectam,
910 2438 1146 2492 sobriam
1181 2449 1236 2492 et
1263 2453 1534 2503 veracem,
1561 2449 1615 2494 et
1643 2454 1794 2493 men-

210 2534 318 2580 tem
345 2535 622 2582 strenuam
653 2537 708 2583 et
733 2528 1027 2585 cllicacem.
1065 2531 1140 2585 Da
1171 2531 1324 2595 mihi,
1359 2530 1603 2596 Domine,
1635 2547 1790 2586 man-

206 2617 456 2671 datorum
490 2627 700 2674 tuorum
738 2621 983 2675 notitiam
1014 2629 1069 2675 et
1097 2621 1440 2676 dilectionem
1472 2630 1531 2676 et
1559 2621 1795 2677 delecta-

209 2708 434 2776 tionem,
475 2708 786 2766 facilitatem
818 2721 872 2765 et
897 2712 1147 2767 effectum
1182 2714 1235 2767 in
1267 2713 1638 2769 custodiendis
1665 2714 1788 2782 illis,

203 2810 262 2856 et
279 2799 462 2872 jugem
485 2805 941 2871 perseverantiam
971 2805 1038 2858 ad
1063 2805 1309 2871 meliora,
1338 2821 1462 2861 cum
1487 2806 1792 2862 humilitate

205 2892 471 2963 proficere
499 2903 558 2948 et
584 2909 858 2963 nunquam
901 2894 1155 2950 deiicere.
1200 2894 1279 2950 Ne
1305 2896 1650 2967 derelinquas
1681 2913 1788 2962 me,

203 2984 446 3046 Domine.
477 3000 578 3040 nec
605 2986 854 3040 humanae
883 2987 1183 3042 inﬁrmitati
1216 2987 1295 3042 vel
1323 2989 1663 3058 ignorantiae,
1692 3004 1790 3044 nec

202 3073 413 3129 meritis
439 3075 592 3140 meis,
627 3091 727 3131 nec
765 3076 854 3130 ulli
895 3076 984 3130 alii
1021 3078 1116 3144 rei,
1151 3077 1252 3132 nisi
1291 3087 1393 3132 tua:
1427 3078 1784 3148 dispositioni.

203 3168 559 3236 Tu,Domine,
588 3169 883 3225 clementer
905 3171 1132 3240 dispone
1155 3184 1262 3235 me,
1290 3180 1346 3226 et
1371 3186 1559 3227 omnes
1585 3173 1789 3243 cogita-

203 3274 294 3320 tus
319 3273 377 3318 et
407 3275 558 3320 actus
588 3281 738 3322 meos
768 3267 820 3320 in
852 3266 1192 3336 beneplacito
1234 3273 1352 3331 tuo,
1389 3274 1447 3320 ut
1479 3265 1574 3320 fiat
1615 3281 1646 3320 a
1680 3282 1786 3331 me,

201 3365 258 3412 et
296 3356 351 3412 in
393 3371 481 3413 me
522 3367 576 3412 et
612 3357 679 3413 de
714 3374 798 3413 me
828 3369 916 3414 tua
946 3357 1118 3413 solum
1160 3372 1374 3428 semper
1398 3358 1669 3415 voluntas.
1701 3359 1791 3415 Li-

202 3450 334 3505 bera
361 3463 475 3516 me,
502 3450 756 3514 Domine,
791 3451 860 3506 ab
888 3452 1036 3507 omni
1076 3451 1239 3518 malo,
1271 3459 1326 3506 et
1360 3451 1426 3506 da
1459 3453 1591 3507 mihi
1629 3467 1789 3507 omne

203 3543 424 3605 bonum,
457 3541 509 3596 id
537 3551 620 3597 est
646 3550 697 3597 te
725 3542 921 3612 ipsum,
955 3551 1012 3596 ut
1038 3541 1292 3612 gaudium
1323 3556 1499 3597 meum
1528 3543 1596 3597 sit
1629 3543 1680 3597 in
1716 3553 1783 3605 Ic,

202 3633 296 3702 qui
325 3647 386 3689 es
412 3634 525 3689 vita
556 3645 780 3691 aeterna.
816 3635 1008 3689 Amen.

791 3723 1049 3781 ORATIO
1084 3723 1194 3779 XII.

865 3832 934 3870 Αο
973 3831 1135 3870 υευκ.

379 3906 519 3962 Laus
543 3907 665 3972 Dei,
697 3923 815 3962 cum
847 3908 1136 3977 gratiarum
1174 3905 1378 3959 acIione
1406 3905 1608 3960 devota.

276 3997 394 4053 Tibi
428 4015 530 4070 ago
554 3998 747 4054 laudes
771 4008 826 4054 et
854 3998 1076 4067 gratias,
1107 3997 1246 4052 Deus
1275 4012 1450 4063 meus,
1479 3997 1788 4052 misericor-

203 4091 291 4145 dia
331 4105 470 4155 mea,
502 4091 593 4159 qui
632 4107 718 4146 me
759 4091 825 4144 ad
870 4102 1015 4145 tuam
1063 4091 1445 4161 cogitationem
1492 4092 1788 4160 perducere

200 4191 258 4235 et
283 4195 378 4250 per
401 4182 539 4236 sacri
570 4183 913 4252 baptismatis
947 4182 1278 4238 ablutionem
1315 4182 1455 4236 inter
1482 4183 1786 4252 adoptionis

201 4269 345 4325 ﬁlios
383 4286 677 4342 aggregare
703 4256 954 4342 dignatus
978 4287 1057 4326 es.
1090 4271 1209 4327 Tibi
1239 4287 1338 4340 ago
1373 4273 1558 4328 laudes
1586 4284 1634 4328 et
1663 4291 1788 4344 gra-

204 4363 330 4428 tias,
359 4363 448 4432 qui
486 4377 572 4417 me
605 4365 671 4419 ab
701 4364 832 4433 ipsis
871 4364 1192 4418 rudimentis
1230 4364 1470 4418 infantiae
1511 4381 1680 4434 usque
1719 4368 1795 4421 ad.

201 4456 346 4510 hanc
369 4455 557 4510 horam
583 4471 678 4525 per
700 4455 866 4509 multa
891 4455 1212 4510 deﬂuentem
1238 4465 1482 4525 peccata,
1509 4457 1706 4510 immcn
1740 4473 1785 4512 at

202 4546 464 4604 bonitatis
495 4557 598 4603 tua:
628 4549 908 4618 patientia,
935 4549 1446 4604 ademendatiouem
1479 4557 1783 4618 exspectas.

203 4639 280 4694 Te
305 4639 463 4695 laudo
491 4650 545 4696 et
570 4641 832 4711 glorilieo,
863 4642 952 4710 qui
986 4655 1072 4697 me
1102 4641 1322 4696 brachio
1352 4640 1563 4695 virtutis
1593 4649 1696 4694 tua:
1721 4641 1787 4695 de

201 4731 384 4788 multis
405 4734 688 4804 angustiis.
717 4717 1114 4789 calamitatibus
1138 4743 1193 4788 et
1218 4733 1451 4788 miseriis
1476 4732 1786 4801 frequenter

199 4822 466 4889 liberasti,
509 4825 600 4895 qui
643 4841 727 4880 me
764 4826 1028 4881 hactenus
1065 4826 1130 4881 de
1168 4827 1384 4880 aeternis
1420 4827 1698 4896 suppliciis
1731 4837 1785 4882 et

197 4915 270 4968 de
313 4917 555 4985 corporis
600 4917 759 4985 hujus
809 4917 1137 4973 cruciatibus
1181 4918 1390 4973 eruisti.
1438 4917 1513 4973 Te
1542 4917 1702 4972 lamlo
1729 4928 1786 4973 et

197 5003 470 5073 gloriﬁco,
505 5007 595 5076 qui
643 5008 772 5063 mihi
818 5008 1132 5078 sospilatem
1182 5008 1577 5072 membrorum,
1629 5020 1778 5062 tran-

197 5094 516 5162 quillitatem
547 5106 870 5168 temporum,
898 5114 1164 5166 amorem,
1196 5097 1440 5154 allectmn
1467 5109 1522 5154 et
1547 5099 1782 5153 charita-

202 5195 318 5239 tem
356 5201 631 5241 servorum
682 5197 896 5242 tuorum
944 5191 994 5243 in
1039 5205 1144 5255 me,
1184 5204 1304 5258 qrue
1342 5200 1469 5244 sunt
1503 5190 1640 5244 dona
1678 5199 1782 5243 tua:

196 5277 441 5346 pictatis,
471 5279 720 5334 conferre
765 5281 1015 5351 dignatus
1059 5299 1135 5337 es.
1191 5281 1387 5338 Sancte
1446 5291 1779 5344 sanctormn,

196 5368 291 5437 qui
340 5369 652 5426 sanctificas
699 5373 912 5436 omnia,
957 5374 1216 5429 benedice
1272 5385 1342 5438 tc,
1406 5374 1647 5444 glorifico
1706 5383 1778 5435 te,

198 5462 372 5517 adoro
403 5470 486 5526 te,
531 5464 734 5533 gratias
786 5465 880 5520 tibi
939 5481 1058 5536 ago.
1127 5468 1452 5522 Beneilicaut
1498 5477 1550 5520 te
1592 5481 1779 5517 omnes

1896 1879 2231 1952 gnoscendas
2279 1875 2683 1932 inmstimabiles
2730 1873 3110 1931 miserationes
3161 1881 3300 1926 tuas.
3361 1868 3473 1924 Vit:

1896 1985 2041 2036 mea,
2078 1966 2353 2024 beatitudo
2389 1981 2532 2032 mea,
2575 1965 2862 2021 bcnedicat
2904 1973 2976 2030 te,
3017 1962 3147 2018 licet
3183 1958 3479 2030 peccatrix,

1894 2063 2073 2116 anima
2102 2075 2244 2128 mea,
2273 2076 2434 2131 quam
2463 2059 2638 2116 fecisti
2675 2068 2730 2116 et
2755 2056 3070 2131 praeparasti
3103 2053 3169 2110 ad
3196 2052 3482 2124 perfruen-

1894 2153 2022 2208 dtnn
2049 2153 2204 2208 bonis
2233 2152 2357 2208 tuis.

1963 2245 2271 2311 Adorande,
2323 2245 2626 2312 tremende,
2673 2243 2918 2308 colende,
2964 2240 3478 2313 paterinietuendc,

1893 2335 2153 2392 benedice
2203 2347 2282 2402 te,
2335 2352 2505 2407 quem
2555 2335 2767 2404 amavi,
2812 2351 2972 2406 quem
3019 2334 3277 2404 quaesivi,
3319 2349 3481 2404 quem

1894 2445 2110 2500 semper
2148 2431 2352 2501 optavi.
2396 2432 2538 2487 Deus
2580 2445 2754 2496 meus,
2802 2437 3013 2485 amator
3048 2445 3221 2493 meus,
3253 2438 3304 2484 te
3333 2427 3478 2492 sitio,

1896 2530 1949 2576 te
1975 2521 2182 2587 esurio,
2225 2529 2278 2576 te
2320 2521 2604 2587 desidero,
2644 2529 2697 2577 te
2739 2519 3010 2591 supplico,
3045 2529 3097 2575 te
3147 2519 3272 2576 totis
3301 2519 3480 2575 visee-

1893 2612 2043 2669 ribus
2073 2615 2305 2684 totisque
2329 2613 2618 2686 gemitibus
2641 2613 2989 2684 concupisco.
3019 2611 3087 2668 Et
3125 2613 3268 2668 sicut
3307 2621 3482 2666 mater

1893 2705 2035 2761 unici
2065 2706 2188 2761 Filii
2233 2707 2314 2762 sui
2368 2707 2557 2762 orbata
2609 2706 2898 2776 praesentia
2960 2705 3114 2761 sedet
3174 2707 3240 2760 ad
3299 2705 3478 2760 locum

1893 2801 2229 2854 monumenti
2265 2798 2404 2869 ejus,
2448 2798 2666 2869 plorans
2705 2813 2921 2870 semper
2959 2808 3014 2854 et
3051 2798 3284 2870 ejulans,
3319 2799 3396 2855 sic
3425 2809 3482 2854 et

1889 2907 1989 2962 ego
2017 2909 2121 2950 non
2148 2901 2409 2963 quantum
2440 2892 2630 2957 debeo,
2659 2893 2753 2947 sed
2781 2900 3044 2964 quantum
3072 2892 3245 2957 valeo,
3272 2909 3482 2948 memor

1890 2985 2158 3053 passionis
2182 2994 2309 3049 tuae,
2337 2998 2545 3038 memor
2569 2983 2868 3054 alaparum,
2900 2998 3106 3050 memor
3125 2982 3478 3053 flagellorum,

1891 3092 2100 3132 memor
2133 3077 2414 3132 vulnerum
2455 3085 2691 3140 tuorum,
2733 3073 2943 3131 memor
2981 3074 3215 3144 qualiter
3253 3089 3351 3143 pro
3394 3090 3479 3129 me

1890 3167 2102 3222 occisus
2135 3182 2214 3232 es,
2244 3167 2479 3238 qualiter
2501 3167 2752 3223 conditus
2785 3181 2864 3230 es,
2895 3164 3128 3236 qualiter
3157 3164 3397 3234 sepultus
3423 3175 3479 3220 et

1892 3263 2171 3330 ubi,sedeo
2193 3277 2313 3317 cum
2336 3261 2501 3317 Maria
2523 3261 2742 3333 plorans
2762 3259 2829 3315 ad
2852 3269 3259 3314 monumentum
3280 3258 3478 3313 mentis

1893 3369 2043 3410 mea}.
2077 3351 2177 3409 Ubi
2217 3361 2268 3408 te
2298 3353 2430 3408 lides
2454 3353 2724 3423 sepelivit,
2751 3365 2880 3422 spes
2903 3350 3097 3420 quaerit
3126 3358 3184 3403 ut
3213 3348 3473 3413 inveniat,

1891 3447 2132 3502 charitas
2178 3455 2236 3500 ut
2281 3453 2567 3518 perungat.
2632 3443 3048 3516 Benignissime,
3105 3443 3472 3507 serenissime,

1891 3538 2231 3602 suavissime,
2269 3537 2390 3607 quis
2425 3537 2554 3592 mihi
2605 3536 2696 3591 det
2738 3544 2796 3589 ut
2845 3536 3117 3590 inveniam
3167 3545 3217 3590 te
3255 3535 3386 3590 foris
3421 3545 3475 3592 et

1891 3626 2194 3692 deosculer,
2237 3635 2293 3682 et
2336 3641 2650 3697 respergam
2707 3625 2962 3697 lacrymis
3006 3625 3122 3680 loca
3169 3625 3471 3691 vulnerum,

1894 3719 2092 3775 lixuras
2123 3718 2434 3774 clavorum?
2483 3717 2630 3772 Filite
2657 3716 2980 3783 Jerusalem,
3009 3718 3252 3772 nuntiate
3278 3719 3472 3773 dilecto

1891 3812 2013 3880 quia
2062 3826 2240 3864 amore
2284 3810 2518 3879 languet).
2559 3809 2736 3878 (Cant.
2770 3825 2819 3872 v,
2866 3811 2942 3876 8).
2997 3808 3269 3878 Appareat
3316 3812 3468 3873 mihi,

1888 3900 2139 3956 ostendat
2166 3915 2224 3955 se
2251 3899 2402 3953 mihi.
2439 3898 2606 3953 Vocet
2634 3914 2720 3952 me
2752 3899 2966 3954 nomine
2993 3915 3132 3965 nte",
3164 3912 3473 3969 compescat

1892 4009 1977 4047 me
2007 4008 2038 4047 a
2065 3991 2249 4048 dolore
2280 4006 2420 4046 meo.

1965 4085 2077 4140 Non
2108 4085 2250 4140 enim
2282 4083 2425 4153 capit
2455 4083 2506 4137 in
2547 4097 2633 4136 me
2661 4081 2819 4136 dolor
2852 4097 3024 4148 meus,
3055 4083 3289 4152 quandiu
3317 4099 3472 4154 pere-

1889 4177 2075 4246 grinus
2134 4191 2252 4228 sum
2303 4190 2332 4229 a
2382 4185 2454 4237 te,
2487 4174 2629 4230 Deus
2676 4192 2847 4232 meus.
2899 4179 3007 4244 Age
3049 4179 3186 4246 jam,
3222 4170 3467 4240 Domine.

1891 4266 2066 4322 revela
2107 4265 2297 4321 faciem
2337 4275 2503 4330 tuam,
2532 4270 2758 4324 ostende
2787 4271 3117 4339 supplicibus
3159 4274 3469 4329 misericor-

1893 4359 2038 4413 diam
2073 4366 2242 4411 tuam.
2291 4355 2506 4411 Scimus
2537 4367 2808 4426 peractam
2862 4363 3336 4428 resurrectionem,
3373 4363 3468 4416 de-

1891 4448 2034 4502 clara
2067 4447 2120 4501 in
2156 4447 2328 4502 oculis
2357 4448 2558 4503 nostris
2587 4448 2797 4503 beatam
2841 4449 3319 4520 incorruptionem.
3356 4452 3470 4507 Ad-

1893 4538 2175 4602 mirabilis,
2232 4539 2646 4607 inaestimabilis,
2701 4541 3166 4611 incomparabilis,
3224 4553 3275 4599 te
3319 4546 3467 4600 volo--

1892 4632 2033 4694 bam,
2067 4641 2116 4685 te
2142 4633 2450 4702 sperabam,
2483 4645 2533 4687 te
2558 4634 2888 4703 qumreham.
2923 4635 2996 4688 En
3025 4636 3137 4704 ipse
3164 4637 3315 4691 venis
3344 4652 3473 4706 pur-

1891 4732 2149 4791 puratus;
2194 4723 2408 4776 rubrum
2437 4733 2510 4775 est
2542 4722 2906 4776 indumentum
2934 4735 3080 4777 tuum
3122 4725 3278 4795 (lsai.
3307 4743 3469 4790 mn,

1886 4812 1962 4882 2).
1997 4811 2210 4867 Lavasti
2239 4814 2294 4866 in
2317 4813 2434 4866 vino
2460 4812 2648 4866 stolam
2677 4823 2855 4877 luant,
2896 4824 2942 4868 et
2983 4817 3034 4868 in
3070 4818 3322 4886 sanguine
3358 4834 3470 4871 uvw

1886 4902 2104 4971 pallium
2143 4915 2289 4956 tuum
2321 4901 2473 4972 (Gen.
2509 4918 2657 4968 xm,
2692 4905 2801 4972 Η).
2845 4903 3154 4959 l’ercussisti
3193 4916 3348 4974 caput
3405 4908 3469 4957 Ile

1882 4995 2036 5049 domo
2079 4997 2267 5066 impii,
2316 5013 2549 5066 egressus
2599 4999 2652 5052 in
2703 4997 2922 5051 salutent
2957 4998 3134 5065 populi
3175 4999 3250 5051 tui
3291 4996 3464 5067 (llab.

1881 5088 2107 5156 ttt,13).

1955 5175 2110 5231 Mane
2141 5178 2448 5237 nobiscum,
2486 5177 2708 5232 Domine
2728 5218 2742 5242 ,
2774 5192 2932 5232 mane
2963 5178 3042 5230 vel
3081 5193 3251 5246 usque
3286 5195 3461 5234 mane.

1885 5269 2154 5324 Fruamur
2183 5270 2394 5323 interim
2425 5271 2707 5339 przescntia
2743 5280 2850 5324 tua.
2886 5269 3155 5324 Ltetemur
3179 5279 3342 5340 atque
3370 5273 3468 5324 tlc-
3513 5287 3517 5291 ·

1892 5363 2151 5417 lectemur
2202 5363 2253 5415 in
2302 5363 2692 5417 resurrectione
2739 5371 2850 5415 tua.
2903 5360 3154 5432 lngruunt
3207 5361 3464 5425 tenebrat,

1891 5465 2037 5522 urget
2071 5456 2207 5508 diem
2241 5468 2448 5521 vesper.
2480 5453 2742 5506 Illuminet
2773 5453 2966 5506 vultum
2995 5469 3145 5506 suum
3172 5469 3327 5520 super
3374 5470 3466 5507 nos

1477 5564 1704 5630 VSRL‘E
1747 5570 2150 5627 LECTIONES.

275 5649 364 5682 ““
389 5651 457 5708 Ut
489 5669 727 5708 amarem
759 5670 852 5707 ius.
885 5664 1152 5720 quatenus
1181 5667 1414 5702 fittittt‘t‘tlt

1495 5650 1582 5678 ηαδ
1615 5647 2201 5710 GraiiamJu‘rquam
2263 5639 2474 5695 iillithlli
2540 5634 2844 5706 perveniant
2900 5636 2964 5688 ad
3027 5645 3169 5690 luam
3215 5634 3461 5706 gloriam.

205 5721 380 5777 Amen
425 5740 520 5777 ms.
563 5726 812 5791 gratiam.
856 5715 1045 5777 Amen.
1101 5720 1240 5776 lz'dit.
1275 5719 1424 5774 cum.
1483 5721 1729 5788 gratiam.
1775 5715 1968 5771 Invoco
