3906 6058
456 300 554 356 887

454 414 544 469 Sol
600 425 801 480 noster,
853 417 1029 469 lumen
1079 422 1347 495 nostrum,
1393 414 1640 471 Christus
1666 415 1808 470 Deus
1852 421 2038 470 noster
2065 415 2108 473 Α

455 506 627 578 (Psal.
656 522 802 571 var,
827 505 901 577 2).
937 504 1042 560 Sed
1061 505 1189 575 quid
1215 506 1506 577 agis,heu!
1538 507 1608 561 mi
1627 505 1872 575 Domine,
1890 508 2026 563 ben!

453 598 634 651 anima
664 596 819 650 mea?
858 595 994 662 Quid
1024 597 1222 665 dicam,
1257 596 1340 651 vel
1382 598 1508 667 quid
1550 598 1762 664 faciam,
1803 610 1896 654 aut
1924 613 2031 670 quo

450 688 683 742 vatiam?
737 686 964 759 Jamjam
995 688 1174 744 elevas
1199 704 1391 745 manus
1422 699 1560 746 tuas.
1588 690 1667 745 En
1709 691 1825 761 ipse
1851 691 2032 761 ingrc—

447 776 592 831 deris
641 776 755 831 vias
797 784 937 831 tuas.
992 774 1299 832 Occurrunt
1345 777 1487 842 cmli,
1532 786 1854 836 sternuntur
1897 779 2025 852 poli,

446 874 669 936 paratur
714 864 886 921 nubes
930 880 1255 935 ascensum;
1314 884 1414 940 ego
1457 870 1557 925 tibi
1598 870 1740 926 solas
1777 872 2028 927 orbitatis

448 972 581 1013 mete
629 958 898 1032 lacrymas
945 961 1170 1017 oderam
1208 977 1510 1019 recessuro.
1562 962 1735 1018 Erunt
1782 964 2029 1035 lact-ymo:

443 1065 575 1105 mete
607 1067 768 1121 panes
802 1052 929 1107 mihi
958 1053 1044 1108 die
1082 1071 1147 1109 ac
1176 1063 1324 1109 nocte
1354 1054 1529 1128 (Psal.
1558 1070 1669 1120 xm,
1698 1056 1775 1128 4).
1826 1056 2028 1114 Pascar

442 1139 657 1196 fletibus
687 1143 838 1211 meis,
866 1146 1064 1214 potabo
1091 1147 1325 1202 animam
1360 1162 1533 1204 meam
1565 1148 1841 1206 doloribus
1867 1152 2023 1207 meis.

442 1230 668 1289 Deficiet
701 1234 757 1288 in
785 1235 964 1291 dolore
995 1238 1099 1293 vita
1129 1255 1266 1307 mea,
1302 1250 1351 1294 et
1373 1241 1502 1296 anni
1530 1242 1635 1295 mei
1666 1242 1721 1296 in
1751 1243 2026 1313 gemitibus

442 1320 615 1390 (Psal.
646 1339 776 1391 xxx,
802 1325 911 1392 li).
949 1326 1093 1394 Quid
1123 1330 1261 1385 enim
1293 1333 1425 1387 mihi
1460 1343 1534 1388 est
1571 1334 1629 1389 in
1653 1335 1801 1403 calo,
1839 1345 1889 1392 et
1920 1355 1952 1393 a
1976 1348 2026 1393 te

440 1412 566 1482 quid
613 1414 755 1469 volui
807 1434 968 1487 super
1000 1423 1235 1477 terram?
1286 1422 1459 1494 (Psal.
1493 1440 1630 1493 uti,
1666 1426 1782 1500 25.)
1832 1429 2024 1485 Anima

438 1520 555 1561 mea
589 1505 902 1563 desiderabit
935 1520 984 1563 te
1022 1512 1075 1564 in
1114 1523 1282 1579 nocte,
1315 1516 1407 1569 sed
1443 1524 1494 1571 et
1528 1518 1751 1589 spiritus
1788 1534 1940 1578 meus
1967 1522 2025 1578 in

439 1600 741 1665 prwcordiis
782 1603 912 1657 meis
944 1603 1009 1658 de
1035 1620 1190 1659 mane
1222 1607 1464 1679 vigilabit
1497 1612 1568 1664 ad
1599 1620 1649 1667 te
1689 1610 1846 1684 (Isai.
1872 1630 2020 1681 xxvr,

438 1686 516 1755 9).
565 1686 764 1747 Venies
794 1691 859 1745 ad
891 1707 990 1748 nos
1015 1693 1254 1763 interim,
1288 1696 1535 1768 Domine,
1565 1702 1821 1771 quoniam
1849 1694 2023 1760 bonus

441 1796 527 1847 es,
557 1797 658 1837 nec
692 1784 930 1840 tardabis
959 1784 1146 1857 (Hebr.
1180 1804 1236 1856 x,
1266 1788 1381 1861 57),
1429 1791 1556 1862 quia
1601 1792 1723 1862 pius
1765 1807 1845 1849 es.
1899 1795 2021 1852 Tibi

437 1870 604 1940 gloria
636 1873 688 1927 in
720 1874 915 1930 saecula
954 1876 1299 1932 saeculorum.
1329 1880 1522 1936 Amen.

929 1964 1090 2037 255
1112 1965 1369 2026 ORATIO
1392 1971 1525 2026 XIII.

1110 2070 1181 2111 AD
1206 2073 1367 2114 DEUI.
1471 2110 1477 2115 .

542 2143 651 2199 Pro
681 2158 848 2216 patre,
880 2158 927 2202 et
954 2158 1143 2215 matre,
1193 2161 1240 2204 et
1276 2154 1606 2221 parentibus,
1636 2166 1683 2209 et
1709 2150 1935 2214 amiciss

502 2237 821 2294 Dominator
867 2240 1093 2297 Domine
1130 2242 1290 2309 Deus,
1314 2244 1403 2314 qui
1457 2246 1775 2303 mirabiliter
1824 2257 2018 2306 cuncta

436 2331 750 2398 condidisti,
773 2341 830 2387 et
872 2340 967 2387 tua
1017 2334 1369 2405 dispositione
1425 2338 1623 2393 creasti
1662 2341 1843 2395 omnia
1876 2359 1891 2407 ;
1925 2342 2016 2414 qui

431 2423 635 2493 iussisti
668 2423 1033 2481 conditionem
1083 2426 1441 2497 propaganda:
1484 2429 1686 2486 sobolis
1726 2445 1791 2485 ex
1825 2433 1943 2489 viro
1965 2443 2019 2490 et

433 2514 633 2571 femina
655 2530 796 2584 esse,
828 2525 882 2571 et
908 2517 1207 2587 praecepisti
1231 2518 1572 2576 dilectionem
1620 2522 1764 2578 circa
1807 2536 2016 2594 patrem

432 2616 486 2661 et
509 2617 735 2664 matrem
757 2594 1138 2673 exhibendam,
1166 2610 1358 2664 exaudi
1385 2626 1492 2677 me,
1523 2613 1832 2672 misericors
1852 2616 2011 2682 Deus,

431 2699 751 2754 clamantem
776 2700 841 2755 ad
870 2709 922 2756 te
949 2717 1049 2771 pro
1079 2701 1250 2757 salute
1272 2705 1557 2769 'genitoris
1583 2706 1688 2762 mei
1716 2717 1770 2762 et
1794 2709 2017 2779 genitri-

430 2791 513 2847 cis
539 2805 692 2856 meai,
746 2807 882 2862 quos
912 2803 963 2849 et
992 2802 1081 2849 tua
1137 2796 1476 2864 providentia
1526 2798 1657 2854 mihi
1712 2800 2015 2858 humillimo

433 2895 740 2953 praeparare
786 2883 1037 2955 dignatus
1068 2901 1168 2953 es;
1205 2901 1299 2942 seu
1327 2902 1425 2957 pro
1464 2888 1724 2946 fratribus
1764 2892 1918 2959 meis,
1948 2906 2013 2951 ac

431 2977 730 3046 sororibus,
783 2980 1142 3052 omnibusque
1187 2983 1277 3052 qui
1330 2983 1776 3071 mtheccatori
1804 3001 1870 3043 ex
1896 3001 2014 3044 car-

771 300 827 356 S.
872 300 1170 356 ANSELMI
1209 298 1555 356 CANTUAR.
1586 296 1902 355 ARCIIIEP.
1938 294 2091 387 OP'P.
2132 293 2309 351 PARS
2340 294 2385 351 Il
2454 326 2524 338 —
2563 293 2929 353 ΡΑΠᾸΞΝΕΤ.
2972 293 3057 350 ET
3104 292 3346 351 ASCET.

3612 294 3723 351 888

2651 430 2905 489 ORATIO
2946 430 3062 485 XIV
3090 431 3202 485 “".

2608 537 2677 606 tu
2705 537 2952 577 svum-ruat
2989 510 3269 578 suc-rum,

2201 614 2322 671 Jam
2370 624 2424 671 et
2475 613 2641 670 divini
2685 615 2777 648 ω’
2808 631 2961 670 amor
3003 613 3259 680 numinis,
3311 611 3493 670 Patris
3528 613 3712 670 omni-

2130 706 2381 778 potentis,
2403 705 2674 777 prolisque
2701 706 3025 762 beatissimae
3046 713 3232 762 sancta
3260 705 3712 769 communicatio,

2129 798 2472 869 omnipotens
2520 797 2797 855 Paraclete
2848 796 3106 869 Spiritus,
3140 798 3490 853 mmrentium
3518 812 3721 853 conso-

2129 889 2271 946 lator
2323 889 2762 955 clementissime,
2808 889 2921 960 jam
2976 872 3155 945 cdrdis
3206 890 3310 945 mei
3347 889 3721 960 penetralibus

2128 980 2337 1053 potenti
2372 979 2597 1036 ill‘abere
2637 981 2861 1045 virtute,
2893 990 2949 1037 et
2988 980 3271 1037 tenebrosa
3321 995 3551 1053 quaeque
3580 980 3719 1037 laris

2128 1071 2357 1142 neglecti
2406 1071 2500 1105 ¹¹¹⁸
2544 1071 2766 1127 latibula
2809 1072 3021 1128 corusci
3054 1072 3274 1128 luminis
3322 1071 3529 1145 fulgore
3592 1072 3717 1144 pius

2128 1161 2463 1219 inhabitator
2512 1163 2606 1198 ¹²²⁹
2651 1161 2888 1229 laetifica,
2946 1163 3131 1234 tuique
3185 1164 3325 1220 roris
3379 1164 3716 1220 abundantia

2126 1256 2290 1325 longo
2359 1255 2628 1312 ariditatis
2717 1258 3016 1313 marcentia
3099 1258 3351 1328 squalore
3438 1258 3717 1314 visitando

2126 1344 2383 1400 fecunda.
2417 1343 2614 1401 Saucia
2644 1345 2918 1402 interioris
2945 1348 3182 1405 hominis
3208 1363 3408 1403 arcana
3438 1349 3515 1403 tui
3557 1363 3718 1403 amo-

2127 1434 2202 1488 ris
2221 1433 2425 1503 jaculo,
2458 1442 2513 1490 et
2543 1438 2808 1505 torpentis
2848 1438 2939 1471 ¹¹³⁶
2973 1438 3234 1494 medullas
3258 1438 3459 1507 iecoris
3480 1437 3717 1495 ﬂammis

2125 1525 2455 1583 salutaribus
2483 1530 2816 1598 penetrando
2840 1531 3131 1595 succende,
3163 1531 3443 1600 sanctique
3472 1530 3712 1587 fervoris

2126 1618 2248 1689 igne
2278 1619 2617 1689 illustrando,
2644 1622 2833 1677 intima
2865 1624 3061 1679 mentis
3084 1623 3177 1657 ¹¹³²
3205 1631 3260 1678 et
3284 1624 3529 1693 corporis
3580 1624 3710 1679 uni-

2123 1724 2279 1767 versa
2298 1713 2547 1783 depasce.
2572 1713 2704 1770 Pota
2735 1730 2822 1770 me
2848 1724 3073 1772 torrente
3098 1716 3377 1787 uoluptatis
3397 1727 3505 1770 tua:
3528 1713 3710 1788 (Psaf.

2124 1819 2292 1872 xxxv,
2314 1806 2396 1877 9),
2422 1816 2482 1862 ut
2510 1807 2643 1863 nihil
2664 1806 2776 1877 jam
2804 1808 3199 1865 mundanorum
3228 1809 3513 1880 degustare
3539 1808 3714 1863 libeat

2124 1908 2395 1954 venerata:
2451 1898 2772 1955 dulcedinis.
2843 1899 3038 1955 Judica
3075 1917 3178 1967 me,
3230 1900 3451 1954 Domine
3493 1898 3612 1965 l'”,
3660 1906 3713 1953 et

2125 1990 2361 2045 discerne
2406 2006 2621 2045 causam
2656 2007 2824 2047 meam
2868 1993 2932 2047 de
2973 2002 3121 2064 gente
3175 2010 3280 2048 non
3321 2001 3502 2048 sancta
3533 1989 3713 2059 (Psal.

2124 2096 2256 2147 χιιι,
2283 2082 2336 2146 1)
2366 2098 2380 2147 ;
2407 2081 2533 2136 doce
2569 2098 2650 2137 me
2677 2082 2851 2152 facere
2875 2083 3189 2139 voluntatem
3212 2095 3371 2149 tuam,
3411 2085 3535 2155 quia
3568 2084 3712 2138 Deus

2124 2187 2268 2225 meus
2290 2187 2343 2225 es
2373 2180 2429 2224 tu
2458 2168 2629 2242 (Psal.
2657 2156 2824 2234 exui.
2851 2172 2962 2242 I0).
2994 2171 3169 2228 Credo
3195 2186 3325 2244 ergo
3352 2173 3496 2243 quod
3524 2187 3713 2242 quem-

2121 2278 2335 2334 cunque
2374 2263 2785 2331 inhabitaveris,
2837 2265 3018 2321 Patris
3066 2265 3179 2331 “",
3229 2280 3293 2321 ac
3343 2267 3548 2334 pariter
3585 2264 3710 2319 Filii

2120 2356 2451 2413 domicilium
2476 2358 2685 2414 condis.
2708 2357 2908 2414 Beatus
2945 2359 3036 2429 qui
3097 2367 3149 2413 te
3194 2358 3493 2413 merebitur
3516 2357 3708 2428 hospi-

2123 2456 2232 2504 tem
2259 2463 2274 2503 :
2319 2448 2574 2519 quoniam
2605 2465 2703 2520 per
2732 2458 2786 2505 te
2814 2450 2908 2484 ⁸⁸³⁵
2934 2449 3097 2504 Pater
3126 2457 3181 2503 et
3210 2447 3382 2504 Filius
3407 2448 3548 2520 apud
3579 2462 3706 2503 eum

2120 2536 2326 2593 facient
2357 2538 2451 2571 ¹²³⁸
2487 2540 2824 2596 mansionem
2848 2539 3027 2611 (Joan.
3058 2554 3170 2605 xtv,
3196 2538 3312 2603 23).

2194 2626 2327 2683 Veni
2369 2626 2503 2696 jam,
2535 2628 2683 2697 veni,
2743 2628 3131 2698 benignissime
3200 2627 3432 2683 dolentis
3505 2626 3707 2681 anima:

2120 2716 2436 2774 consolatur
2477 2719 2533 2773 in
2564 2719 2660 2752 ¹²³⁶
2691 2719 3188 2789 opportunitatibus,
3227 2727 3280 2773 et
3313 2717 3366 2771 in
3397 2715 3708 2772 tribulatio-

2117 2808 2276 2865 nibus
2322 2809 2537 2879 adjutor
2560 2807 2732 2880 (Psat.
2760 2823 2839 2876 tx,
2868 2810 2978 2882 10).
3008 2808 3164 2873 Veni,
3197 2808 3492 2863 mundator
3533 2805 3707 2862 scele-

2117 2916 2257 2967 rum,
2288 2911 2512 2957 curator
2556 2901 2860 2958 vulnerum.
2913 2900 3071 2967 Veni,
3103 2901 3362 2957 fortitudo
3400 2898 3702 2970 fragilium,

2113 2988 2381 3047 relevator
2406 2989 2725 3062 labentium;
2756 2991 2896 3056 veni,
2922 2990 3203 3046 humilium
3250 2989 3465 3051 doctor,
3513 3000 3709 3058 super-

430 3068 541 3123 nali
580 3071 1066 3142 consanguinitate,
1099 3074 1180 3129 vel
1210 3068 1601 3145 familiaritate,
1647 3078 1734 3134 vel
1773 3082 2006 3151 promis-
2037 3101 2082 3171 ς
2111 3083 2302 3141 borum
2377 3084 2705 3141 destructor.
2757 3083 2916 3151 Veni,
2946 3084 3309 3154 orphanorum
3354 3079 3477 3151 pius
3518 3085 3699 3149 pater.

430 3163 585 3219 sione
627 3177 724 3219 seu
771 3165 1149 3222 commissione
1195 3166 1465 3237 conjuncti
1513 3179 1662 3237 sunt,
1712 3180 1820 3227 tam
1872 3172 2013 3253 vivis

428 3271 592 3326 quam
622 3256 916 3325 defunctis,
953 3273 1182 3329 quorum
1234 3261 1450 3318 numina
1486 3271 1543 3318 et
1565 3262 1758 3319 merita
1784 3263 1879 3321 tibi
1911 3264 2015 3320 Do-

427 3349 577 3406 mino
620 3348 731 3407 Deo
782 3351 1157 3409 universorum
1183 3355 1397 3425 cognita
1447 3363 1594 3422 sunt,
1643 3364 1701 3411 ut
1739 3355 2010 3415 defunctis

425 3445 593 3500 vitam
627 3453 885 3500 aeternam
933 3447 1230 3503 concedere
1277 3447 1536 3519 digneris,
1576 3459 1632 3504 et
1660 3449 1902 3506 viventes
1940 3451 2008 3508 ab

425 3535 574 3589 omni
602 3537 744 3591 malo
765 3536 1045 3604 defendas,
1069 3547 1125 3593 et
1149 3538 1203 3593 in
1225 3539 1364 3593 viam
1386 3540 1576 3596 salutis
1596 3556 1690 3597 eos
1712 3541 2003 3613 disponas;

426 3634 693 3695 quatenus
714 3643 810 3698 per
832 3642 1016 3683 veram
1045 3628 1462 3697 confessionem,
1500 3645 1795 3704 veramque
1820 3648 2008 3689 emen-

426 3716 700 3774 dationem
783 3735 1002 3776 suorum
1077 3722 1319 3777 omnium
1383 3722 1725 3788 delictorum,
1784 3733 2005 3793 peccata

426 3811 689 3880 dimittas,
718 3821 801 3880 ut,
829 3829 996 3869 carne
1023 3814 1192 3881 exuti,
1225 3815 1429 3870 caelesti
1457 3816 1872 3888 participatione
1887 3815 2006 3872 elli-

423 3901 640 3958 ciantur
670 3902 930 3959 lneredes.
975 3902 1179 3959 Exaudi
1234 3918 1324 3960 me
1373 3905 1653 3970 miserum,
1689 3904 2006 3961 clementis-

323 3992 328 3998 '
390 3991 559 4047 .sime
584 3992 741 4057 Deus,
766 3992 1156 4063 supplicantem
1187 3994 1255 4048 ad
1280 4002 1332 4049 te
1351 4008 1450 4065 pro
1470 3995 1751 4069 animabus
1771 3993 2003 4049 famulo-

434 4098 554 4137 rum
579 4081 1011 4154 famularumque
1047 4086 1397 4156 tuarum,qui
1447 4086 1579 4140 mihi
1628 4085 1766 4140 bene
1811 4084 1997 4140 volunt

422 4182 478 4226 et
502 4172 727 4238 faciunt,
749 4182 803 4228 et
830 4174 1095 4241 serviunt,
1129 4174 1293 4245 etqui
1316 4175 1451 4229 mihi
1471 4190 1599 4231 suas
1627 4175 2004 4246 eleemosynas

421 4263 602 4334 largiti
624 4273 776 4331 sunt,
807 4273 862 4320 et
901 4265 968 4320 de
990 4265 1185 4334 quibus
1216 4265 1589 4334 eleemosynas
1625 4266 1827 4336 recepi,
1859 4280 1998 4337 quo-

422 4371 541 4409 rum
570 4357 788 4411 nomina
820 4356 914 4411 tibi
942 4357 1169 4421 Domino
1217 4357 1328 4413 Deo
1356 4370 1733 4413 universorum
1784 4359 1997 4427 cognita

418 4454 567 4514 sunt,
597 4457 653 4502 et
680 4449 772 4519 qui
815 4462 872 4504 se
912 4451 1047 4505 meis
1075 4449 1413 4506 orationibus
1461 4450 1996 4519 commendaveruut,
2032 4448 2078 4507 ι)

420 4547 477 4592 ut
499 4538 581 4594 eis
612 4548 716 4595 tuae
769 4540 1156 4597 misericordiae
1210 4540 1473 4598 beneficia
1516 4540 1817 4611 impendas,
1847 4551 1901 4596 et
1941 4542 1998 4596 in

417 4625 537 4681 loco
584 4628 679 4683 tibi
736 4628 1069 4699 placentium
1120 4630 1391 4686 collocare
1439 4630 1700 4702 digneris,
1749 4629 2000 4686 Salvator

418 4717 624 4784 mundi,
662 4718 753 4790 qui
770 4735 893 4776 eum
919 4721 1031 4778 Deo
1056 4721 1218 4777 Patre
1254 4732 1311 4779 et
1366 4721 1570 4793 Spiritu
1625 4734 1812 4777 sancto
1864 4722 2004 4777 vivis

413 4816 472 4863 et
498 4823 714 4880 regnas,
744 4819 849 4865 etc.

2116 3176 2401 3234 viduarum
2429 3178 2600 3234 duleis
2635 3177 2825 3250 judex.
2861 3175 3011 3245 Veni,
3042 3188 3166 3247 spes
3205 3186 3527 3245 pauperum,
3560 3168 3708 3226 refo-

2115 3271 2329 3327 cillator
2372 3270 2743 3327 delicentium.
2803 3270 2965 3337 Veni,
2992 3267 3362 3339 navigantium
3393 3263 3489 3299 ¹¹³¹
3524 3262 3702 3327 sidus,

2113 3361 2548 3432 naufragantium
2577 3359 2672 3395 m‘
2697 3368 2911 3432 portus.
2952 3359 3110 3426 Veni,
3138 3357 3379 3415 omnium
3400 3354 3703 3412 viventium

2110 3454 2382 3527 singulare
2408 3454 2590 3521 decus,
2616 3453 2963 3510 morientium
2996 3451 3160 3508 unica
3180 3450 3343 3507 salus.
3371 3447 3532 3512 Veni,
3567 3460 3705 3502 san-

2110 3547 2349 3603 ctissime
2395 3545 2648 3617 Spiritus,
2701 3546 2821 3603 veni
2864 3556 2920 3602 et
2959 3545 3220 3600 miserere
3271 3542 3399 3607 mei,
3446 3548 3572 3610 apta
3611 3553 3705 3595 me

2110 3636 2206 3692 tibi
2231 3654 2245 3691 :
2279 3644 2331 3694 et
2354 3636 2726 3692 condescende
2749 3634 2841 3668 ¹²³⁹
2870 3633 3136 3706 propitius
3177 3631 3333 3697 mihi,
3359 3639 3420 3685 ut
3444 3643 3564 3685 mea
3594 3638 3701 3687 tute

2109 3726 2469 3799 magnitudini
2513 3728 2808 3800 exiguitas,
2838 3726 3129 3796 roborique
3165 3734 3256 3779 tuo
3297 3737 3415 3778 mea
3447 3719 3699 3775 imbecil-

2106 3817 2256 3883 litas,
2299 3819 2596 3874 secundum
2645 3817 3045 3874 multitudinem
3096 3825 3309 3871 tuarum
3359 3812 3700 3882 complaceat

2107 3908 2540 3975 miserationum,
2602 3922 2702 3977 per
2760 3907 2946 3964 Jesum
3010 3904 3285 3962 Christum
3354 3900 3698 3957 Salvatorem

2104 4014 2309 4065 meum,
2332 4000 2423 4071 qui
2448 4016 2570 4056 cum
2598 4000 2756 4056 Patre
2785 4000 2839 4056 in
2879 4010 2970 4056 tua
3003 3999 3211 4055 unitate
3251 3995 3387 4051 vivit
3408 4002 3465 4050 et
3504 4000 3699 4065 regnat

2102 4092 2157 4148 in
2178 4090 2378 4149 saecula
2410 4092 2748 4149 saeculorum.
2773 4092 2968 4146 Amen.
3132 4147 3139 4155 ,

2687 4184 2945 4240 ORATIO
2979 4182 3100 4239 XV.

2710 4287 2778 4328 AD
2798 4287 3086 4336 cumsrou,
3232 4258 3241 4278 ⁸

2102 4387 2235 4444 Cum
2303 4384 2663 4443 recordatione
2719 4384 3090 4467 beneﬁciorum
3142 4383 3280 4454 ejus,
3337 4390 3385 4436 et
3442 4380 3694 4433 humanm

2755 4471 3000 4510 miserim.
3041 4486 3063 4492 ’

2177 4549 2259 4604 Ad
2287 4557 2360 4615 te,
2407 4546 2719 4604 dulcissime
2752 4554 2808 4600 et
2851 4543 3241 4615 benignissime
3286 4539 3512 4596 Domine
3557 4535 3692 4591 Jesu

2106 4640 2341 4706 Christe,
2379 4640 2472 4711 qui
2515 4638 2637 4695 fons
2668 4637 2886 4708 pietatis
2915 4651 2976 4693 es
3006 4646 3065 4694 et
3093 4632 3497 4695 misericordiae,
3518 4630 3697 4698 potis-

2106 4736 2244 4789 sime
2273 4749 2361 4789 me
2390 4743 2650 4789 converto
2674 4748 2688 4797 ;
2715 4732 2841 4802 quia
2863 4738 2918 4786 et
2939 4745 3038 4801 per
3062 4727 3357 4799 potentiam
3387 4720 3693 4779 divinitatis

2100 4833 2226 4890 tuae,
2261 4839 2365 4895 qua
2411 4841 2532 4880 cum
2588 4824 2837 4880 Patreet
2863 4821 3068 4894 Spiritu
3123 4829 3310 4877 sancto
3350 4829 3490 4872 unus
3544 4814 3693 4869 Deus

2092 4919 2276 4974 omnia
2297 4932 2363 4973 ex
2388 4917 2555 4973 nihilo
2586 4916 2781 4984 fecisti,
2820 4930 2910 4972 me
2953 4923 3198 4971 creatum
3227 4909 3351 4968 esse
3379 4907 3597 4974 fateor;
3629 4914 3691 4960 et

1714 5050 1945 5109 VARIE
1986 5052 2389 5110 LECTIONES.

463 5160 576 5225 ,m‘
603 5160 809 5237 collata
825 5172 1033 5237 es_t_cu_r_u
1048 5177 1143 5237 ms.
1169 5160 1211 5215 Τ
1212 5161 1446 5237 Iratam}!
1453 5180 1485 5216 η
1498 5162 1619 5237 aliis
1630 5166 1770 5237 enim
1797 5182 1918 5220 mss.
1945 5184 2048 5222 non
2077 5167 2352 5237 reperitur)
2375 5175 2422 5220 et
2439 5182 2555 5221 eum
2570 5165 2819 5237 Editione
2837 5162 3116 5237 δορπηιαίὶὶ
3130 5162 3255 5237 auiti
3280 5160 3435 5237 Ιρξῖ.
3456 5169 3505 5237 et
3526 5158 3685 5237 Edit.

394 5231 635 5303 ﬁugust.
658 5230 1194 5303 in_lib._Meditatio:t.
1233 5249 1349 5301 cap.
1373 5227 1428 5287 9'.
1452 5250 1572 5303 pag.
1607 5236 1734 5290 537.
1759 5248 1804 5291 et
1835 5253 1954 5291 cum
1987 5227 2231 5291 Editione
2268 5227 2488 5290 Gothica
2564 5236 2653 5268 “'7
2690 5236 2734 5292 Ο
2764 5235 2937 5290 Divini
2973 5250 3072 5287 ms.
3102 5247 3135 5287 ο
3159 5232 3270 5302 jam
3314 5230 3491 5303 Divini
3524 5227 3680 5303 S_o_m.

406 5298 524 5356 Jam
554 5318 588 5358 ο
616 5298 787 5355 Divini
816 5298 957 5355 Edit.
995 5299 1152 5355 Goth.
1202 5311 1249 5354 et
1290 5298 1424 5370 Aug.
1452 5298 1575 5370 'ja'm
1620 5305 1794 5360 Divini
1873 5306 1966 5338 ³⁸³⁸

406 5371 563 5441 Goth.
588 5386 709 5441 qua:
734 5371 868 5426 lucis
904 5371 1162 5441 neglecta:
1237 5371 1330 5403 "’9

2001 5308 2237 5376 Qumque
2264 5306 2393 5361 laris
2446 5306 2829 5376 neglectzcgms.
2868 5319 2989 5376 qua:
3042 5298 3488 5376 laris‘neglegtas
3528 5298 3678 5376 Edit.

1409 5368 1636 5447 abitatio
1670 5391 1766 5447 ms.
1797 5388 1844 5430 et
1876 5368 2193 5447 ΕάὶιΪΑυῤ.
2228 5377 2351 5447 pius
2380 5368 2665 5447 habitabor
2693 5375 2839 5447 Som.
2869 5368 3160 5447 habitabor
3184 5368 3332 5426 ltdii.
3362 5368 3523 5447 Qoth.
3550 5370 3681 5447 pius

401 5439 757 5519 inhabiiabor
810 5440 924 5519 __‘_“°
951 5439 1248 5519 Torpentis
1284 5458 1384 5496 ms.
1435 5455 1483 5497 et
1512 5439 2163 5519 Edit._§o_th.tepentis:
2213 5439 2301 5519 “’4‘
2336 5446 2653 5519 lllustrando
2701 5446 2887 5519 intima
2936 5442 3131 5519 mentis
3174 5458 3275 5519 ms.
3305 5439 3678 5519 collustramlo

407 5512 604 5565 mentis
633 5510 779 5565 Sam.
810 5509 1126 5566 illnstranilo
1154 5513 1358 5568 intima:
1385 5516 1581 5569 mentis
1657 5516 1749 5547 ¹²³²
1775 5509 1975 5571 «1υῶσεῖ
2011 5533 2098 5572 me
2140 5517 2373 5571 Domine
2404 5533 2501 5570 ms.
2540 5514 2610 5569 K.
2665 5524 2715 5568 et
2775 5512 2920 5567 Edit.
2967 5512 3125 5568 Goth.
3153 5514 3397 5566 omittunt
3447 5509 3680 5564 Domine

526 5581 700 5656 I_’_atris
732 5580 911 5635 Edith.
933 5578 1087 5636 Goth.
1114 5582 1166 5637 in
1191 5599 1256 5639 eo
1270 5582 1448 5656 Patris
1522 5584 1613 5656 i’“
1641 5585 1741 5651 Qui
1768 5602 1866 5654 per
1897 5597 1948 5641 te
1968 5604 2065 5641 ms.
2094 5597 2140 5641 et
2179 5586 2327 5642 Sam.
2357 5587 2607 5656 quoniam
2634 5600 2731 5654 per
2758 5593 2811 5638 te
2888 5579 3243 5656 "”_Facienf
3276 5578 3674 5656 Aug.__l_'ac_i_unt

538 5649 961 5724 I’£0_tegetts_ms.
1012 5663 1257 5724 prompte
1307 5653 1452 5707 Edit.
1504 5655 1636 5720 Aug.
1661 5649 1709 5707 et
1735 5649 1890 5710 (iolla.
1918 5658 2087 5711 omitt.

2168 5657 2256 5689 ¹²³⁷
2298 5647 2677 5722 Navigantium
2729 5670 2830 5708 ms.
2862 5653 3301 5722 nanfragantium
3362 5647 3478 5682 "m
3515 5647 3670 5703 Nau-

388 5716 539 5782 fragii
564 5715 897 5771 ΕάὶιζϐυιΙι.
944 5715 1378 5793 naixl’raghntium
1456 5724 1548 5755 “3°
1587 5715 1653 5777 Et
1680 5728 1917 5781 concede
1952 5742 2046 5781 ms.
2077 5736 2132 5782 ct
2167 5715 2536 5784 condescende
2566 5724 2712 5780 Sam.
2743 5733 2798 5780 et
2823 5715 3089 5781 descende
3134 5748 3146 5769 σ

3569 5873 3643 5883 -ςι
