3906 6058
296 204 403 265 889

1729 211 2134 274 ORATIONES.

3457 223 3564 284 890

296 341 395 396 per
430 320 856 379 incarnationem
888 327 1058 384 tuam,
1110 333 1272 389 quam
1299 322 1350 378 in
1379 325 1707 395 proprietate
1748 343 1870 398 per-
1902 329 1945 387 A
1976 329 2295 401 postposito,
2349 331 2635 388 veritatem
2699 343 2804 389 tua:
2869 336 3281 394 resurrectionis
3346 339 3561 396 eunetis

297 432 446 474 sonte
471 425 594 482 tuae,
617 424 945 484 cooperante
977 424 1157 472 tamen
1203 416 1366 472 Patre
1403 427 1460 473 et
1487 417 1697 490 Spiritu
1753 435 1884 475 san-

295 519 402 570 cto,
432 507 746 578 suscepisti,
787 523 872 562 me
897 507 1160 582 refectum
1182 517 1236 564 et
1260 518 1578 565 renovatum
1603 526 1724 567 esse
1754 511 1887 568 scio.

293 598 406 655 Oro
447 597 630 666 itaque
679 595 1052 651 dulcissimam
1106 597 1536 654 misericordiam
1561 609 1729 666 tuam,
1763 601 1890 671 piis-

293 690 433 746 sime
452 696 506 742 et
543 688 868 744 suavissime
924 689 1148 744 Domine
1175 688 1325 758 ἔθευ,
1370 705 1470 761 per
1506 703 1886 748 sanctamqu-

297 781 688 836 nuntiationem
734 787 902 843 tuam,
957 780 1222 836 miserere
1267 781 1497 838 infelicis
1516 784 1710 838 animae
1733 799 1885 840 mete.

295 871 621 927 Dulcissime
648 871 875 927 Domine
897 870 1025 927 ἔθευ
1054 869 1289 939 Christe,
1323 889 1419 944 per
1435 885 1677 932 sanctam
1707 877 1886 932 incar-

296 963 570 1018 nationem
591 970 646 1016 et
669 961 1009 1016 nativitatem
1033 970 1201 1027 tuam,
1227 964 1490 1020 miserere
1514 967 1708 1022 animm
1731 983 1882 1023 meae.

298 1053 619 1110 Dulcissime
649 1053 875 1110 Domine
908 1052 1059 1119 Iesu,
1081 1053 1318 1122 Christe,
1369 1071 1467 1125 per
1512 1057 1885 1114 circumcisio-

295 1163 422 1202 nem
455 1157 623 1213 tuam,
655 1147 920 1202 miserere
957 1147 1083 1202 mei.
1132 1135 1714 1206 Dulcissime‘Domine
1735 1150 1884 1217 Jesn,

300 1254 399 1309 per
416 1249 662 1296 sanctam
697 1238 983 1296 infantiam
1015 1250 1182 1304 tuam,
1216 1241 1478 1296 miserere
1520 1243 1648 1297 mei.
1682 1243 1888 1300 Dulcis-

294 1332 435 1388 sime
465 1331 692 1388 Domine
719 1331 868 1397 Jesu,
901 1347 998 1403 per
1016 1332 1354 1403 juventutem
1405 1343 1576 1400 tuam,
1623 1336 1884 1392 miserere

292 1425 424 1480 mei.
454 1424 775 1480 Dulcissime
800 1425 1025 1480 Domine
1045 1423 1194 1494 ἔθευ,
1219 1441 1317 1496 per
1337 1427 1668 1496 baptismum
1711 1437 1882 1494 tuum,

287 1516 554 1572 miserere
579 1516 704 1570 mei.
741 1515 1058 1572 Dulcissime
1081 1517 1309 1573 Domine
1330 1517 1480 1584 Jesu,
1498 1501 1606 1587 {per
1621 1517 1883 1588 jejunium

295 1619 474 1671 tuum,
520 1607 717 1662 famem
747 1605 1218 1676 etfatigationcm,
1274 1608 1534 1664 miserere
1585 1610 1710 1664 mei.
1756 1610 1885 1665 Dul-

1990 420 2240 491 gentibus
2283 423 2696 489 annuntiarent,
2729 439 2930 495 eosque
2959 427 3216 483 docerent
3267 428 3412 498 quod
3443 429 3486 484 si
3511 429 3568 484 in

1991 518 2042 564 te
2072 510 2358 566 crederent
2395 521 2452 567 et
2496 512 2602 569 tuis
2635 517 2920 586 praeceptis
2953 517 3258 583 obedirent,
3298 519 3443 574 omni
3471 519 3570 574 du-

1987 601 2252 658 hitatione
2274 604 2602 674 posthabita,
2636 621 2861 677 regnum
2889 609 3153 666 caelorum
3187 618 3308 679 post
3340 620 3567 667 mortem

1989 694 2172 750 carnis
2209 697 2588 763 ascenderem,
2627 707 2682 753 et
2714 699 2766 752 in
2797 707 2998 756 aeterna
3047 701 3216 772 gloria
3252 709 3431 756 tecum
3461 703 3571 758 feli-

1987 784 2126 841 citer
2164 795 2472 858 regnarent.
2519 787 2778 868 Miserere
2835 791 2961 855 mei,
2991 791 3299 846 dulcissime
3346 793 3571 850 Domine

1985 875 2136 944 Jesu,
2202 892 2300 947 per
2342 879 2576 936 reditum
2631 888 2780 935 tuum
2829 882 2896 936 ad
2939 881 3264 951 judicandos
3318 884 3471 940 vivos
3515 893 3571 942 et

1987 977 2250 1034 mortuos,
2314 984 2422 1041 quo
2465 969 2671 1038 judicio
2733 970 2902 1026 malos
2970 987 3000 1026 a
3069 973 3224 1028 bonis
3289 988 3568 1043 separans,

1987 1073 2191 1118 aeterna
2224 1063 2526 1130 perditione
2555 1062 2838 1118 damnabis
2868 1080 2884 1130 ;
2919 1064 3090 1120 bonos
3134 1079 3264 1120 vero
3305 1073 3480 1120 tecum
3503 1067 3570 1122 ad

1987 1156 2156 1210 cmlos
2183 1156 2413 1221 ducens,
2447 1155 2501 1210 in
2527 1163 2730 1210 acterna
2763 1155 3018 1212 felicitate
3046 1156 3356 1212 collocahis.

2059 1243 2153 1298 His
2181 1243 2508 1298 dulcissimis
2565 1243 3032 1300 recordationibus
3051 1255 3108 1301 et
3135 1245 3242 1316 piis
3289 1245 3570 1300 memoriis

1986 1333 2279 1401 animatus,
2334 1334 2646 1390 dulcissime
2695 1334 2921 1390 Domine
2976 1334 3125 1401 ἔθευ,
3173 1345 3230 1391 et
3261 1336 3376 1391 haec
3421 1344 3569 1390 tanta

1987 1423 2245 1480 beneficia
2301 1425 2530 1480 infirmis
2559 1433 2616 1480 et
2641 1425 3017 1496 peccatoribus
3048 1441 3076 1478 a
3113 1434 3164 1480 te
3199 1424 3569 1480 misericordi-

1989 1523 2071 1576 ter
2118 1514 2334 1582 collata,
2369 1515 2496 1570 dum
2551 1517 2604 1571 in
2647 1527 2860 1572 secreto
2911 1516 3148 1586 pectoris
3193 1516 3298 1571 mei
3340 1515 3570 1572 dulciter

1987 1613 2043 1660 et
2072 1621 2194 1661 cum
2224 1621 2414 1676 magna
2463 1608 2820 1664 admiratione
2851 1609 3008 1664 volvo
3037 1617 3092 1664 et
3117 1607 3331 1664 revolvo
3364 1626 3379 1672 ;
3410 1608 3568 1662 infir-

290 1701 516 1757 cissime
563 1699 786 1754 Domine
825 1696 977 1764 ἔθευ,
1020 1714 1117 1770 per
1163 1700 1420 1763 miratmla
1461 1711 1574 1765 tua,
1611 1717 1706 1772 per
1734 1717 1878 1772 quae,
1914 1682 1956 1740 Β
1987 1711 2102 1752 mas
2161 1697 2452 1752 memorias
2502 1705 2558 1752 et
2611 1698 3014 1752 recordationes
3075 1698 3307 1768 peccati,
3348 1711 3469 1766 quae
3503 1695 3570 1751 ad

289 1792 393 1848 etsi
425 1793 587 1847 homo
613 1806 773 1846 verus
798 1805 944 1858 eras,
971 1806 1132 1846 verus
1174 1791 1318 1847 Deus
1344 1793 1748 1862 agnoscebaris,
1777 1795 1881 1848 mi-

289 1895 475 1936 serere
498 1881 624 1934 mei.
658 1880 981 1937 Dulcissime
1035 1881 1264 1936 Domine
1308 1881 1458 1948 Jesu,
1508 1898 1606 1953 per
1647 1883 1878 1955 ﬂagella,

290 1981 449 2042 sputa
477 1983 532 2027 et
561 1971 745 2040 alapas
765 1987 901 2042 quas
943 1987 1040 2043 pro
1070 1972 1226 2028 nobis
1259 1974 1572 2043 suscepisti,
1621 1976 1881 2032 miserere

291 2061 419 2115 mei.
472 2061 792 2117 Dulcissime
815 2071 872 2117 et
911 2062 1421 2118 misericordissime
1458 2065 1685 2119 Domine
1728 2064 1877 2132 Jesu,

291 2166 390 2222 per
419 2153 661 2222 spineam
703 2167 986 2222 coronam,
1016 2169 1178 2223 quam
1216 2155 1272 2209 in
1301 2156 1482 2225 capite
1511 2165 1602 2211 tuo
1628 2160 1877 2227 portasti,

296 2253 358 2299 nt
385 2246 600 2315 Spineas
647 2254 1000 2315 peccatorum
1041 2256 1351 2302 nostrorum
1393 2247 1661 2315 auferres,
1711 2251 1878 2306 mise—

294 2353 418 2392 rere
443 2337 569 2392 mei.
623 2336 880 2392 Miserere
920 2338 1046 2404 mei,
1104 2337 1415 2394 dulcissime
1463 2338 1687 2395 Domine
1727 2339 1876 2408 Jesu,

291 2442 388 2496 per
409 2443 626 2484 erucem
660 2439 832 2494 tuam,
871 2439 927 2485 et
959 2439 1187 2484 mortem
1215 2445 1376 2500 quam
1407 2431 1571 2504 256
1605 2433 1658 2487 in
1688 2433 1879 2490 eadem

292 2532 452 2575 cruce
479 2532 672 2588 passus
710 2534 791 2585 es,
820 2530 881 2574 ut
913 2535 1010 2575 nos
1039 2535 1071 2574 a
1115 2529 1291 2578 morte
1348 2503 1666 2578 redimeres.
1721 2523 1880 2580 Miser

295 2625 419 2666 rere
446 2611 573 2678 mei,
607 2611 834 2667 Domine
857 2611 1006 2676 ἔθευ,
1042 2627 1142 2682 per
1166 2613 1473 2684 sepulcrum
1502 2624 1653 2670 tuum
1688 2616 1744 2677 in,
1770 2631 1879 2686 quo

295 2702 597 2758 secundum
621 2702 1097 2772 carnemjacuisti,
1119 2713 1174 2759 et
1189 2719 1285 2774 per
1311 2705 1752 2776 benignissimam
1785 2707 1880 2761 de-

291 2795 632 2852 scensionem
678 2803 826 2850 tuam
885 2795 953 2849 ad
1000 2793 1227 2862 inferos,
1275 2795 1330 2850 in
1375 2795 1574 2866 quibus
1612 2796 1797 2852 fideles
1825 2805 1881 2853 et

293 2887 498 2942 amicos
524 2894 666 2950 tuos,
700 2884 792 2955 qui
823 2893 874 2939 te
903 2884 974 2940 ibi
1011 2899 1167 2940 suum
1214 2886 1587 2942 dulcissimum
1638 2887 1880 2943 Redem-

285 2983 501 3045 ptorem
515 2973 610 3031 diu
644 2981 1122 3058 exspectaverant,
1152 2974 1412 3042 visitasti;
1451 2977 1676 3032 visitans
1711 2993 1740 3031 a
1768 2977 1878 3034 dte-

291 3065 541 3120 moniaca
581 3063 972 3129 dominatione,
1001 3064 1234 3135 gloriose
1278 3067 1618 3136 triumphans
1665 3068 1881 3125 miseri-

291 3156 532 3212 corditer
557 3156 802 3225 eripuisti
835 3172 850 3223 ;
897 3155 1259 3212 infernalibus
1305 3156 1463 3212 furiis
1491 3172 1650 3212 suum
1681 3159 1883 3228 princi-

291 3263 415 3317 pem
458 3247 704 3304 valenter
751 3248 1122 3313 incusantibus
1175 3248 1319 3318 quod
1371 3257 1437 3310 le,
1472 3247 1526 3303 in
1551 3262 1659 3318 quo
1687 3248 1755 3303 de
1781 3264 1880 3305 suo

293 3335 429 3392 nihil
483 3337 786 3404 invenerat,
845 3338 1044 3407 injuste
1097 3336 1477 3402 interfecerit;
1519 3352 1618 3409 pro
1656 3352 1762 3408 qua
1794 3338 1879 3393 in-

285 3427 430 3498 justa
465 3426 848 3484 interfectione
869 3427 1016 3497 juste
1047 3436 1175 3483 tunc
1200 3428 1502 3499 perdebant
1525 3443 1662 3500 quos
1695 3429 1878 3485 tandiu

291 3521 536 3591 captivos
564 3532 619 3578 et
653 3523 769 3579 suis
793 3522 1083 3580 infeliciter
1116 3522 1345 3578 vinculis
1391 3522 1636 3594 alligatos
1692 3532 1882 3580 tenue-

290 3622 433 3667 rant.
467 3613 724 3670 Miserere
759 3615 888 3679 mci,
921 3614 1146 3670 Domine
1177 3614 1489 3670 dulcissime
1512 3624 1570 3669 et
1597 3615 1876 3686 benignis-

289 3703 429 3758 sime
450 3703 600 3770 Jesu,
627 3720 726 3774 per
746 3704 1036 3775 gloriosam
1076 3705 1531 3759 resurrectionem
1570 3712 1738 3770 tuam,
1770 3720 1876 3774 qua

297 3794 456 3849 tertia
506 3795 616 3859 die,
663 3803 947 3866 postquam
1000 3811 1100 3865 pro
1136 3795 1512 3866 peccatoribus
1559 3795 1774 3850 occisus
1797 3809 1875 3860 es,

290 3885 572 3956 discipulis
599 3893 654 3940 et
683 3885 877 3940 amicis
909 3885 1014 3940 tuis
1060 3886 1128 3940 de
1160 3893 1248 3939 tua
1279 3891 1454 3939 morte
1491 3883 1798 3938 dolentibus
1824 3893 1879 3940 et

297 3978 460 4032 nimis
518 3976 733 4033 afllictis
792 3978 948 4034 vivus
995 3985 1051 4032 et
1077 3976 1399 4033 immortalis
1457 3977 1782 4048 apparuisti,
1823 3986 1880 4032 et

292 4085 390 4139 per
409 4070 722 4125 dulcissima
749 4070 1019 4140 colloquia
1064 4079 1174 4137 tua,
1220 4085 1341 4139 qua:
1370 4085 1492 4125 cum
1541 4069 1622 4124 eis
1650 4086 1743 4140 per
1768 4069 1877 4123 dies

291 4162 647 4231 quadraginta
697 4172 819 4232 post
888 4163 1342 4217 resurrectionem
1398 4170 1544 4216 tuam
1599 4161 1876 4228 habuisti;

292 4253 346 4308 in
386 4254 584 4324 quibus
616 4254 673 4306 in
701 4254 880 4308 multis
925 4255 1245 4324 argumentis
1287 4270 1541 4324 apparens
1579 4254 1677 4320 eis,
1717 4262 1766 4308 et
1797 4251 1878 4308 la-

1982 1790 2387 1844 damnationem
2418 1797 2473 1844 et
2501 1789 2865 1845 damnationis
2915 1789 3272 1860 perditionem
3325 1790 3570 1856 trahunt,

1986 1891 2074 1936 tua
2094 1882 2392 1952 opitulante
2421 1880 2680 1944 bonitate,
2707 1880 2998 1949 aliquando
3023 1895 3216 1949 respuo
3243 1896 3258 1945 ;
3283 1890 3338 1935 et
3359 1895 3422 1934 ea
3451 1895 3572 1950 quae

1981 1971 2163 2024 divina
2197 1970 2438 2040 sapiunt,
2462 1979 2516 2023 ct
2545 1968 2815 2024 infirmam
2865 1969 3102 2026 animam
3131 1981 3186 2024 et
3213 1970 3570 2038 peccatricem

1981 2063 2268 2119 s‘nblevarc
2325 2063 2524 2130 solent,
2575 2062 2831 2131 respicio,
2881 2076 3112 2116 veneror
3159 2071 3215 2116 et
3255 2062 3570 2131 amplector.

1983 2155 2089 2211 Sed
2141 2156 2242 2210 lien
2292 2154 2490 2210 infelici
2538 2154 2734 2208 anima:
2785 2169 2938 2215 meae,
2994 2153 3304 2208 dulcissime
3330 2163 3386 2208 et
3421 2153 3572 2208 beni-

1981 2248 2247 2319 gnissime
2287 2246 2513 2301 Domine
2547 2247 2560 2300 ε
2589 2246 2693 2301 heu
2743 2255 2906 2300 tanta:
2949 2245 3244 2316 perditioni
3298 2244 3569 2300 infelicem

1981 2342 2218 2395 animam
2259 2349 2368 2394 tam
2429 2338 2666 2408 graviter
2716 2338 2954 2400 vexanti,
2986 2346 3041 2392 et
3100 2336 3204 2390 nisi
3257 2336 3568 2391 misericor-

1980 2432 2202 2487 dissima
2233 2430 2435 2500 pietate
2457 2439 2546 2484 tua
2595 2429 2948 2492 sustineatur,
2978 2427 3030 2480 in
3061 2435 3262 2496 puncto
3288 2427 3354 2480 ad
3395 2425 3569 2490 infero

1980 2539 2109 2579 nnm
2154 2522 2500 2578 descendenti
2534 2522 2546 2576 l
2583 2521 2722 2576 Ecce
2760 2521 2905 2574 enim
2937 2519 3066 2573 dum
3117 2518 3298 2574 cordis
3347 2519 3450 2572 mei
3483 2533 3569 2574 se-

1979 2627 2188 2672 cretum
2239 2615 2524 2686 diligenter
2581 2614 2829 2684 inspicio,
2879 2613 3050 2682 ipsam
3102 2609 3397 2676 infelicem,
3446 2609 3566 2663 ani-

1979 2723 2124 2762 mam
2152 2722 2352 2774 meam,
2383 2721 2545 2776 quam
2587 2714 2713 2758 ante
2743 2702 2982 2758 divinam
3028 2700 3368 2771 majestatem
3419 2707 3566 2754 tuam

1979 2797 2238 2855 mundam
2271 2807 2325 2853 et
2350 2795 2750 2852 immaculatam
2801 2802 2948 2848 stare
2989 2801 3329 2862 putaveram,
3361 2804 3569 2846 veneno

1979 2891 2203 2949 malitiae
2240 2888 2620 2961 etiniquitatis
2648 2901 2753 2940 non
2789 2899 2982 2956 parum
3024 2882 3283 2937 infectam
3327 2881 3564 2937 invenio.

1987 2981 2198 3052 Saepius
2219 2995 2350 3036 vero
2370 2979 2495 3036 dum
2525 2977 2688 3033 etiam
2714 2991 2875 3031 causa
2903 2973 3132 3042 alicujus
3159 2972 3413 3029 utilitatis
3441 2989 3566 3028 cum

1985 3075 2168 3144 aliquo
2187 3073 2334 3142 loqui
2357 3071 2577 3141 incipio,
2600 3069 2807 3134 statim,
2823 3068 2908 3122 vel
2938 3077 3061 3136 post
3087 3080 3310 3136 parvam
3334 3079 3562 3128 moram,

1982 3163 2038 3218 in
2067 3163 2454 3219 detractionem
2478 3159 2720 3223 incurro,
2747 3157 2827 3213 vel
2859 3173 2956 3227 pro
2987 3157 3163 3226 aliqua
3199 3172 3257 3210 re
3285 3155 3567 3224 impuden-

1983 3265 2066 3312 ter
2085 3268 2384 3318 murmuro,
2405 3252 2489 3308 vel
2511 3252 2642 3306 vitio
2669 3249 3004 3306 curiositatis
3031 3249 3226 3318 ineptae
3243 3247 3563 3313 succumbo,

1982 3348 2067 3404 vel
2097 3347 2360 3404 malarum
2427 3344 2820 3415 cogitationum
2871 3341 3234 3410 turpitudines
3280 3347 3567 3409 motusque

1984 3442 2203 3497 illicitos
2233 3448 2289 3496 et
2316 3437 2617 3509 impudicos
2641 3437 2694 3491 in
2725 3436 2857 3507 ipsis
2883 3431 3235 3490 interioribus
3255 3432 3388 3486 meis
3401 3430 3566 3486 susti-

1980 3532 2330 3587 neo.lternm
2384 3539 2547 3599 atque
2608 3531 2803 3584 iterum
2853 3527 2958 3582 heu
3010 3533 3174 3581 tantae
3230 3521 3562 3587 infelicitati,

1983 3632 2256 3692 tantaeque
2314 3619 2640 3689 perditioni!
2693 3619 2910 3682 Fateor,
2967 3615 3281 3671 dulcissime
3337 3611 3484 3674 Jesu,
3509 3619 3564 3667 et

1978 3715 2227 3784 cxpando
2253 3727 2435 3766 coram
2497 3720 2548 3765 te
2595 3709 2909 3778 iniquitates
2962 3722 3131 3769 meas,
3205 3719 3338 3774 quas
3417 3704 3603 3777 intus.

1976 3805 2179 3875 patitur
2206 3801 2397 3855 misera
2424 3800 2599 3852 anima
2625 3813 2767 3852 mea.
2803 3797 2944 3851 Dum
2993 3795 3136 3847 enim
3169 3808 3232 3848 ea
3260 3810 3378 3862 qua:
3411 3804 3563 3847 retro

1977 3903 2104 3949 sunt
2128 3891 2452 3947 obliviscens
2476 3890 2543 3943 ad
2573 3903 2634 3942 ea
2659 3902 2776 3956 quae
2802 3895 2927 3939 ante
2981 3893 3106 3938 sunt
3154 3898 3240 3938 me
3270 3883 3564 3938 extendere

1978 3983 2120 4051 volo,
2149 3991 2311 4051 atque
2337 3980 2388 4033 in
2427 3979 2512 4033 his
2538 3976 2865 4031 dulcissimis
2893 3973 3381 4040 recordationibus,
3425 3988 3563 4042 quas

1977 4075 2226 4145 superius
2252 4078 2707 4127 commemoratus
2737 4082 2878 4132 sum,
2907 4066 3110 4119 diutius
3136 4064 3180 4119 si
3213 4078 3426 4132 possem
3460 4063 3557 4133 |al.

1976 4163 2221 4238 possum]
2248 4162 2504 4219 delectari
2529 4161 2712 4233 cupio,
2743 4169 2908 4229 atque
2952 4172 3144 4214 omnes
3191 4155 3561 4226 cogitationes

1978 4273 2128 4315 meas
2170 4256 2324 4328 quasi
2353 4255 2406 4311 in
2437 4253 2759 4312 fasciculum
2787 4251 3071 4321 colligens,
3104 4249 3250 4303 omni
3278 4247 3562 4319 perturba-

289 4361 452 4415 quens
482 4344 547 4399 de
572 4361 727 4415 regno
788 4344 904 4413 Dei,
963 4359 1166 4414 eosque
1207 4343 1590 4400 confortanset
1624 4345 1874 4400 refovens
1903 4375 1953 4436 υ
1981 4351 2123 4406 tione
2183 4349 2352 4404 animi
2405 4356 2636 4408 remota,
2689 4345 2970 4399 adhaerere
3019 4341 3131 4395 Deo
3184 4337 3561 4412 perseveranti

291 4444 340 4489 et
375 4451 497 4492 cum
524 4437 604 4492 eis
625 4435 824 4506 saepius
874 4452 1176 4491 convescens
1224 4437 1361 4504 (Act.
1391 4451 1432 4500 ι,
1461 4435 1539 4506 5),
1568 4437 1872 4506 praemissis

291 4528 714 4584 evidentissimis
743 4528 912 4600 signis
937 4537 990 4584 et
1017 4528 1249 4590 veritate
1292 4536 1396 4583 tute
1447 4527 1647 4596 carnis,
1689 4529 1740 4582 in
1768 4544 1874 4593 qua

293 4629 525 4674 mortem
571 4633 763 4690 passus
824 4634 904 4685 es,
952 4617 1206 4673 auferens
1257 4618 1325 4673 ab
1385 4633 1573 4674 eorum
1623 4618 1879 4673 cordibus

293 4723 507 4764 omnem
564 4711 980 4775 dubitationem,
1005 4710 1072 4764 ad
1105 4709 1261 4764 fidem
1287 4717 1344 4765 et
1367 4708 1743 4765 credulitatem
1775 4718 1878 4764 tuac

297 4801 714 4857 resurrectionis
767 4800 1034 4857 solidasti.
1089 4799 1348 4856 Miserere
1394 4799 1524 4865 mei,
1567 4801 1879 4857 dulcissime

295 4892 524 4947 Domine
550 4889 700 4958 ἔθευ,
729 4907 828 4961 per
868 4891 1240 4949 admirabilem
1291 4891 1660 4948 ascensionem
1710 4903 1880 4958 tuam,

294 4999 402 5053 qua
433 4982 710 5053 discipulis
759 4984 864 5039 tuis
887 4992 942 5040 et
969 4991 1143 5038 matre
1193 4993 1281 5039 tua
1311 4982 1531 5054 Virgine
1575 4981 1884 5053 aspicienti-

296 5075 420 5142 bus,
450 5076 617 5132 cmlos
639 5083 850 5144 petens,
876 5075 1167 5130 humanam
1211 5083 1482 5141 naturam,
1515 5090 1676 5145 quam
1723 5075 1884 5131 mise-

299 5164 584 5220 ricorditer
637 5181 736 5235 pro
778 5167 1152 5250 peccatoribus
1204 5179 1548 5235 susceperas,
1575 5174 1630 5221 et
1681 5166 1734 5220 in
1775 5181 1880 5236 qua

299 5265 526 5310 mortem
569 5272 758 5327 passus
807 5265 1035 5312 mortem
1084 5257 1449 5322 destruxeras,
1498 5255 1566 5310 ad
1603 5256 1882 5312 dexteram

297 5344 476 5399 Patris
504 5347 803 5404 collocasti.
835 5330 1093 5402 Miserere
1143 5348 1270 5412 mei,
1315 5346 1625 5403 dulcissime
1655 5347 1883 5404 Domine

295 5434 446 5500 Jesu,
483 5453 578 5507 per
611 5439 899 5495 adventum
925 5438 1094 5494 sancti
1123 5436 1377 5506 Spiritus,
1406 5452 1566 5507 quem
1589 5437 1728 5493 sicut
1753 5451 1879 5507 pro-

296 5529 526 5586 miseras
564 5531 840 5602 discipulis
870 5532 976 5586 tuis
1015 5531 1102 5586 die
1129 5530 1474 5586 Pentecostcs
1505 5530 1698 5586 misisti
1727 5547 1742 5586 :
1771 5545 1876 5598 quo

301 5618 502 5690 impleti
527 5630 580 5678 ct
604 5624 1077 5680 vehementissime
1117 5621 1429 5691 confortati,
1482 5623 1628 5679 omni
1684 5624 1876 5679 timore

1979 4441 2382 4499 continuatione
2433 4437 2697 4501 desidero,
2731 4434 2908 4490 subito
2961 4435 3144 4489 nescio
3181 4448 3287 4503 qua
3341 4428 3562 4485 miseria

1981 4547 2070 4588 me
2090 4531 2258 4586 relaht
2283 4529 2348 4584 ad
2385 4526 2567 4583 inania
2596 4535 2651 4581 et
2677 4524 2835 4580 noxia
2872 4524 3148 4593 conSpicio
3180 4532 3275 4578 :et
3306 4531 3562 4593 tanquam

1982 4640 2131 4682 mors
2160 4624 2336 4681 subito
2364 4621 2457 4695 [αι.
2491 4620 2691 4694 subita]
2717 4620 3072 4687 interficiens,
3093 4620 3178 4675 vel
3205 4619 3564 4690 quemadmo-

1984 4719 2112 4774 dum
2164 4717 2316 4772 eanis
2365 4714 2609 4780 rabidus,
2639 4712 2730 4783 qui
2779 4727 2881 4767 nec
2925 4713 3276 4783 percussione
3317 4710 3567 4781 repulsus

1986 4826 2016 4866 a
2047 4808 2376 4866 laceratione
2398 4806 2632 4861 hominis
2661 4819 2722 4861 se
2761 4814 3045 4876 temperat,
3071 4803 3306 4860 carnalis
3329 4803 3566 4859 delecta-

1986 4902 2061 4958 tio
2088 4914 2303 4957 omnem
2331 4896 2773 4966 tranquillitatem
2810 4897 3001 4963 animi,
3041 4909 3365 4964 omnemque
3406 4894 3564 4949 recti—

1985 4994 2226 5050 tudinem
2247 4991 2493 5061 justitiaa,
2521 5004 2682 5060 quam
2710 5005 2797 5044 me
2822 4989 3111 5046 credebam
3167 4988 3390 5048 habere,
3443 4998 3566 5053 per-

1985 5084 2166 5140 turbat
2192 5097 2258 5138 ac
2281 5080 2534 5136 destruit.
2561 5080 2630 5134 Et
2657 5079 2748 5150 qui
2779 5079 3033 5149 putabam
3071 5094 3154 5134 mc
3181 5086 3328 5132 stare
3353 5075 3406 5129 in
3439 5087 3566 5130 arce

1985 5172 2250 5227 virtutum
2273 5185 2372 5241 pro
2391 5169 2540 5226 suavi
2573 5169 2740 5226 odore
2760 5182 2974 5232 earum,
3025 5166 3198 5221 sentio
3252 5162 3568 5220 intolerabi-

1983 5264 2086 5321 lem
2109 5280 2174 5320 ac
2196 5264 2529 5320 teterrimum
2551 5262 2777 5317 fetorem
2807 5261 3082 5316 vitiorum.

2054 5353 2192 5421 Quid
2245 5369 2375 5423 ergo
2441 5353 2670 5420 faciam,
2749 5352 3060 5407 dulcissime
3125 5347 3352 5404 Domine
3413 5345 3566 5416 Jesu,

1982 5453 2194 5499 amator
2257 5445 2535 5500 hominum
2593 5453 2648 5500 et
2698 5451 2929 5507 creator,
2983 5441 3310 5496 reformator
3355 5450 3410 5495 et
3455 5441 3564 5496 Re-

1979 5534 2227 5606 demptor
2287 5534 2680 5607 peccatorum?
2730 5534 2846 5601 Quo
2900 5548 2987 5590 me
3041 5542 3360 5589 convertam
3401 5533 3563 5588 tantis

1979 5626 2344 5684 circumdatus
2416 5625 2593 5693 malis,
2653 5625 2818 5681 tantis
2876 5625 3148 5682 involutus
3210 5625 3563 5696 pessimarum
