3852 6050
390 215 488 272 891

730 217 790 275 S.
828 219 1127 277 ANSELMI
1166 219 1515 278 CANTUAB.
1557 222 1874 281 ARCHIEP.
1915 226 2065 283 OPP.
2110 228 2287 286 PARS
2314 229 2376 286 ll.
2405 258 2475 269 —
2512 226 2882 308 PARENET.
2916 227 3003 282 ET
3034 227 3279 284 ASCET.

3542 233 3672 288 892

391 331 805 388 delectationum
861 335 1096 390 tenebris
1121 337 1146 389 ?
1195 336 1392 403 Infelix
1452 355 1545 409 ego
1603 342 1756 394 homo
1779 381 1796 407 ,
1849 343 1964 412 quis
1995 344 2042 402 Α
2067 343 2136 399 tis
2165 352 2268 399 tua:
2295 345 2349 400 in
2391 360 2497 409 me,
2520 353 2574 400 et
2612 343 2737 399 tolle
2763 343 2832 399 de
2873 357 2959 399 me
2983 343 3242 415 quidquid
3269 343 3494 400 oﬁ'endit
3519 361 3670 401 ocu-

392 439 474 477 me
520 424 757 479 liberabit
810 425 875 479 de
915 443 1128 495 corpore
1161 429 1345 482 mortis
1381 428 1560 499 hujus.
1602 431 1735 498 Quis
1758 441 1963 498 autem,

391 514 494 567 nisi
517 515 686 584 gratia
720 514 931 569 Domini
965 516 1065 570 mei
1095 515 1218 571 Jesu
1239 517 1483 573 Christi?
1507 518 1686 591 (Rom.
1717 538 1811 587 vu,
1840 522 1961 589 21.)

393 603 646 658 Miserere
673 619 820 673 ergo,
851 605 1162 661 dulcissime
1216 609 1441 664 Domine
1491 610 1638 676 Jesu,
1702 615 1965 670 miserere

391 704 659 751 creatura:
683 707 805 764 ture,
827 699 1088 754 miserere
1115 701 1434 769 peceatricis
1460 704 1655 760 anima:
1683 719 1836 760 meae.
1871 706 1966 761 In-

388 785 560 852 tende,
575 785 888 844 dulcissime
911 789 1136 846 Domine
1159 790 1311 855 Jesu,
1339 792 1548 847 intende
1571 795 1804 851 miseria:
1825 796 1962 866 ejus,

387 885 435 928 et
465 875 630 930 libera
657 893 770 931 eam
795 894 815 943 ;
841 890 1053 948 prepter
1071 881 1309 937 inimicos
1339 885 1457 955 ejus
1477 885 1616 953 eripe
1642 899 1762 940 eam
1787 885 1961 958 (Psal.

399 981 588 1031 vam,
617 968 724 1038 19).
759 968 1012 1024 Illunn'na
1064 973 1242 1028 oculos
1265 974 1403 1044 ejus,
1432 993 1495 1031 ne
1518 994 1745 1047 unquam
1769 980 1966 1034 obdor-

387 1057 521 1110 miat
545 1059 597 1110 in
631 1069 819 1124 morte,
845 1077 907 1114 ne
954 1064 1162 1132 quando
1195 1066 1335 1119 dicat
1366 1067 1612 1121 inimicus
1661 1068 1812 1138 ejus:
1847 1067 1996 1125 Prw-

386 1147 528 1201 ualui
577 1149 826 1206 adversus
863 1167 982 1207 eam
1011 1153 1184 1225 (Psal.
1219 1173 1318 1225 xu,
1345 1159 1419 1228 1).
1451 1160 1668 1224 Judica,
1723 1160 1964 1229 Domine,

393 1250 635 1294 nocentes
689 1255 830 1307 eam,
880 1260 1122 1314 expugna
1170 1248 1532 1318 iinpugnanles
1580 1265 1720 1304 eam.
1767 1252 1966 1320 Appre-

385 1332 549 1385 heude
574 1339 722 1387 arma
757 1345 804 1388 et
838 1346 1063 1401 scutum,
1098 1349 1142 1392 et
1170 1355 1363 1410 exurge
1399 1341 1452 1395 in
1493 1341 1819 1410 adjutorium
1850 1343 1966 1413 ejus

384 1420 559 1492 (Psal.
604 1440 756 1490 xxxi,
805 1425 880 1498 1).
936 1427 1128 1493 Credo,
1182 1431 1490 1489 dulcissime
1549 1435 1772 1493 Domine
1815 1437 1964 1504 Jesu,

383 1515 550 1570 credo
578 1518 834 1586 quoniam
857 1518 900 1573 si
941 1535 1088 1574 arma
1126 1533 1215 1576 tua
1241 1525 1306 1578 ad
1336 1524 1702 1582 defensionem
1734 1527 1850 1598 ejus
1881 1545 1968 1585 ar—

385 1607 575 1676 ripias,
621 1619 670 1664 ει
717 1621 865 1667 scuto
908 1612 1055 1667 ἱνυηω
1113 1615 1388 1671 roluntatis
1439 1629 1544 1673 tua:
1585 1619 1758 1692 (Psal.
1790 1625 1965 1696 v.15)

2070 435 2149 490 los
2178 436 2395 506 pietatis
2423 446 2528 492 tuae
2558 436 2610 491 in
2640 449 2746 490 me.
2781 433 2976 490 Coram
3004 445 3075 501 te,
3115 435 3363 501 Domine,
3394 445 3478 491 est
3505 437 3671 492 sani-

2071 536 2152 582 tas
2179 535 2233 582 et
2262 527 2550 583 inﬁrmitas
2593 542 2733 582 mea.
2780 525 2956 592 Illum,
3008 541 3221 597 precor,
3268 542 3446 592 serva,
3490 527 3669 584 istam

2068 631 2219 672 sana.
2256 617 2403 674 Sana
2433 634 2534 683 me,
2569 617 2804 685 Domine,
2833 628 2880 672 et
2901 618 3160 683 conabor;
3185 619 3387 672 salvum
3424 635 3504 674 me
3544 620 3663 687 fac,

2067 720 2114 764 et
2145 709 2316 765 salvus
2351 727 2438 765 ero
2475 710 2611 781 (Jer.
2645 727 2777 776 xvn,
2817 710 2940 780 14);
2979 719 3032 764 tu
3071 711 3161 779 qui
3212 710 3425 765 inﬁrma
3465 726 3667 778 sanas,

2066 808 2122 856 et
2149 811 2336 856 sanata
2364 816 2669 866 conservas,
2699 811 2752 855 tu
2799 802 2889 872 qui
2938 801 3053 857 solo
3084 810 3212 855 nutu
3255 811 3346 856 tuo
3376 812 3668 858 restauras

2066 894 2242 949 diruta
2287 902 2344 948 et
2388 893 2643 964 collapsa.
2696 893 2752 949 Si
2805 893 2951 949 enim
3005 894 3243 964 dignaris
3289 894 3340 948 in
3388 910 3520 966 agro
3567 904 3666 950 tuo

2066 983 2227 1040 corde
2281 997 2402 1038 meo
2454 997 2638 1037 serere
2684 983 2885 1038 bonum
2941 998 3146 1046 semen,
3190 998 3410 1037 necesse
3461 993 3544 1038 est
3602 990 3666 1037 ut

2066 1091 2229 1130 manu
2279 1079 2498 1147 pietatis
2556 1085 2660 1130 tuae
2705 1075 2891 1146 spinas
2936 1074 3086 1145 prius
3148 1074 3346 1130 evellas
3395 1076 3660 1130 vitiorum

2066 1181 2331 1222 meorum.

2138 1259 2480 1324 Dulcissime,
2508 1257 2916 1328 benignissime,
2966 1257 3359 1321 amantissime,
3391 1258 3660 1314 charissi-

2065 1365 2184 1415 me,
2241 1337 2733 1414 desideratissime,
2787 1347 3205 1415 amabilissime,
3259 1349 3660 1418 pulcherrime,

2067 1441 2309 1506 infunde,
2364 1442 2613 1507 obsecro,
2661 1441 3058 1497 multitudinem
3100 1440 3399 1496 dulcedinis
3445 1451 3553 1495 tua:
3603 1451 3659 1496 et

2067 1536 2353 1591 cbaritatis
2384 1544 2488 1591 tua:
2513 1535 2720 1605 pectori
2758 1551 2910 1601 meo,
2939 1545 2998 1589 ut
3027 1534 3159 1588 nihil
3185 1542 3485 1600 terrenum,
3520 1534 3658 1588 nihil

2071 1624 2288 1679 carnale
2313 1625 2607 1680 desiderem
2635 1625 2719 1679 vel
2762 1625 3016 1695 cogitem,
3047 1626 3138 1679 sed
3167 1633 3218 1678 te
3243 1624 3416 1679 solum
3449 1639 3655 1688 amem,

388 1697 626 1752 animam
649 1713 810 1768 quam
838 1703 1034 1757 creasti
1074 1705 1351 1766 defendas.
1387 1709 1510 1778 quia
1553 1711 1730 1768 nullus
1769 1713 1962 1778 hostis,
1996 1710 2039 1765 Β
2067 1726 2120 1773 te
2147 1717 2319 1772 solum
2344 1716 2573 1772 habeam
2603 1718 2657 1771 in
2683 1717 2847 1772 corde
2879 1725 2935 1772 et
2969 1717 3020 1771 in
3049 1732 3143 1770 ore
3179 1732 3318 1772 meo.
3351 1717 3544 1772 Scribe
3573 1718 3655 1770 di-

388 1781 586 1837 nullius
629 1784 804 1854 jacula
867 1787 1093 1852 inimici,
1146 1792 1244 1846 etsi
1317 1792 1450 1852 foris
1502 1809 1831 1867 expugnent,
1883 1802 1966 1856 vel

381 1872 545 1927 etiam
570 1873 718 1930 intus
738 1878 930 1934 saevire
957 1883 1303 1950 tentaverint,
1334 1887 1572 1942 animam
1595 1905 1756 1959 quam
1781 1891 1966 1948 defen-

381 1969 468 2023 dis
510 1968 618 2024 ullo
687 1971 850 2028 modo
912 1983 1161 2042 poterunt
1223 1992 1502 2048 superare.
1563 1981 1885 2042 Dulcissime
1915 1997 1969 2043 et

382 2061 890 2120 miscricordissime
940 2067 1164 2123 Domine
1224 2069 1370 2135 Jesu,
1421 2089 1554 2130 sana
1617 2091 1736 2132 eam
1785 2081 1967 2137 multis

382 2154 540 2210 malis
559 2154 830 2222 obrutam,
858 2159 1041 2216 multis
1071 2162 1452 2232 iniquitatibus
1473 2180 1808 2239 superatam,
1837 2173 1969 2227 mul-

387 2247 456 2302 tis
486 2247 815 2306 facinoribus
863 2254 1211 2310 maculatam.
1262 2259 1488 2330 Adjutor
1532 2278 1850 2333 pauperum,
1877 2266 1968 2322 de-

383 2335 571 2391 fensor
602 2339 949 2410 pnptliormn,
1002 2358 1138 2399 sana
1183 2357 1238 2402 et
1285 2347 1480 2417 adjuva
1514 2367 1632 2407 eam
1667 2370 1696 2408 a
1740 2363 1790 2409 te
1815 2370 1970 2410 crea-

380 2435 518 2494 tam,
567 2438 678 2485 ate
726 2433 1077 2504 redemptam,
1112 2451 1209 2507 per
1261 2448 1312 2496 te
1361 2444 1700 2500 mundatam.
1752 2447 1971 2503 Sustine

379 2529 636 2576 conatum
664 2524 802 2593 ejus,
827 2527 1074 2583 contorta
1106 2529 1431 2590 desiderium
1460 2535 1599 2604 ejus,
1637 2550 1692 2594 et
1732 2544 1970 2598 concede

379 2613 429 2667 ei
474 2613 575 2668 hoc
606 2616 837 2683 spatium
877 2618 1023 2685 vitae,
1059 2621 1112 2676 in
1147 2639 1255 2694 quo
1283 2625 1337 2680 in
1370 2628 1472 2683 hoc
1503 2633 1703 2687 mundo
1747 2649 1970 2691 conver-

378 2702 548 2756 sanda
593 2712 696 2770 est,
738 2706 816 2761 sic
861 2723 1199 2778 percurrere,
1246 2724 1304 2770 et
1359 2729 1586 2777 cunctas
1657 2723 1970 2793 iniquitates

379 2807 506 2847 suas
539 2807 635 2864 per
655 2794 980 2856 ineﬁabilem
1019 2803 1448 2864 misericordiam
1491 2820 1635 2866 tuam
1673 2814 1753 2870 sic
1784 2829 1970 2872 emen-

380 2883 529 2952 dare,
563 2894 617 2942 et
647 2903 744 2959 per
797 2905 983 2948 veram
1029 2898 1404 2966 ptenitentiam
1444 2913 1500 2959 et
1529 2920 1713 2960 veram
1760 2908 1971 2964 confes-

379 2977 586 3034 sionem
618 2994 869 3053 purgare,
899 2985 1192 3060 corrigere,
1221 2993 1481 3050 mundare
1533 3004 1588 3052 et
1636 2999 1964 3071 abstergere,

380 3076 463 3156 ut,
501 3080 592 3126 tua
621 3071 884 3146 largiente
915 3077 1376 3152 indulgentissime
1431 3086 1656 3156 pietate,
1705 3090 1774 3145 ab
1817 3091 1964 3146 omni

379 3151 501 3217 labe
519 3163 774 3221 vitiorum
797 3180 1044 3242 purgata,
1068 3151 1346 3240 mundata,
1366 3151 1612 3236 correcta
1641 3151 1695 3237 et
1717 3181 1964 3240 abstersa

379 3263 502 3324 post
531 3269 760 3316 mortem
809 3265 1010 3329 carnis,
1045 3268 1112 3322 ad
1143 3275 1194 3322 te
1233 3268 1604 3328 dulcissimum
1653 3273 1962 3331 Creatorem

378 3359 559 3412 suum,
585 3351 887 3420 piissimum
935 3355 1218 3413 Dominum
1251 3375 1407 3417 suum
1449 3365 1732 3433 pervenire
1763 3365 1962 3436 valeat,

380 3444 639 3509 tuamque
681 3442 1102 3503 inenarrabilcm
1133 3449 1356 3521 gloriam
1391 3469 1512 3509 cum
1556 3457 1807 3514 omnibus
1833 3473 1962 3514 san-

377 3527 483 3583 etis
524 3531 629 3619 tuis
659 3532 713 3588 in
761 3543 962 3592 aeterna
1012 3538 1269 3598 felicitate
1297 3545 1576 3615 possidere
1627 3563 1726 3619 per
1760 3559 1960 3606 aeterna

379 3618 596 3674 stecula.
623 3619 822 3680 Amen.

799 3714 962 3788 257
988 3717 1243 3778 ORATIO
1271 3724 1386 3781 XVI
1416 3726 1525 3783 ηδ’.

977 3827 1046 3866 ΔΙ)
1075 3830 1361 3874 ουευετωί.

378 3907 489 3965 Pro
517 3914 691 3983 gratia
722 3915 1078 3990 lacrymarum
1099 3927 1386 4048 gbtinenda
1413 3947 1479 3985 ex
1513 3945 1844 4002 peccatorum
1880 3956 1960 3995 re-

1009 4011 1099 4047 εον
1136 4007 1329 4048 altene.

1009 4007 1329 4052 :oraattone.

446 4073 664 4132 Christe
707 4078 953 4148 Domine,
1002 4082 1240 4142 Verbum
1281 4087 1480 4159 Patris,
1527 4094 1618 4164 qui
1667 4099 1860 4155 venisti
1903 4102 1958 4158 in

559 4168 818 4224 mundum
850 4182 1164 4242 peccatores
1193 4179 1367 4237 salvos
1396 4161 1595 4251 facere,
1623 4203 1752 4259 rogo
1783 4199 1836 4247 te
1861 4208 1959 4262 per

375 4254 840 4346 indulgentissime
885 4265 1269 4326 misericordia:
1311 4282 1413 4328 ture
1449 4254 1712 4346 viscera:
1731 4254 1957 4341 emenda

2069 1809 2178 1878 gito
2207 1817 2296 1863 tuo
2337 1809 2389 1862 in
2416 1816 2632 1879 pectore
2673 1821 2794 1863 meo
2817 1807 3026 1863 dulcem
3057 1808 3372 1863 memoriam
3406 1810 3481 1862 tui
3523 1809 3658 1862 mel-

2067 1899 2196 1954 liﬁui
2246 1901 2506 1963 nominis,
2556 1900 2701 1955 nulla
2748 1915 2984 1970 unquam
3024 1898 3291 1954 oblivione
3343 1900 3656 1954 delendam.

2069 1992 2258 2048 Scribe
2292 1993 2346 2047 in
2381 1992 2576 2048 tabulis
2623 1993 2806 2048 cordis
2847 1993 2952 2048 mei
2997 1991 3330 2047 voluntatem
3381 2000 3550 2056 tuam,
3601 2001 3658 2047 et

2063 2083 2480 2154 iustiﬁcationes
2513 2093 2653 2149 tuas,
2678 2092 2735 2139 ut
2768 2093 2819 2139 te
2850 2084 3126 2139 immcnsm
3146 2083 3444 2138 dulcedinis
3471 2083 3662 2138 Domi-

2069 2194 2221 2242 num,
2253 2186 2310 2232 et
2332 2187 2602 2248 praecepta
2626 2186 2717 2232 tua
2742 2190 2957 2246 semper
2978 2185 3032 2230 et
3054 2175 3255 2245 ubique
3286 2177 3518 2230 habeam
3545 2193 3654 2246 pra:

2069 2269 2238 2324 oculis
2280 2271 2434 2324 meis.
2483 2269 2763 2324 Succende
2803 2277 3037 2323 mentem
3067 2281 3240 2322 meam
3273 2268 3395 2337 igne
3433 2267 3530 2322 illo
3567 2278 3656 2323 tuo

2067 2374 2230 2429 quem
2260 2359 2455 2414 misisti
2485 2359 2537 2413 in
2581 2369 2802 2424 terram,
2851 2367 2905 2413 et
2931 2357 3148 2413 voluisti
3181 2358 3530 2413 vehementer
3561 2374 3654 2414 ac-

2069 2451 2248 2518 cendi,
2283 2459 2340 2505 ut
2369 2451 2697 2507 sacriﬁcium
2728 2449 2952 2521 spiritus
2990 2449 3358 2516 contribulati,
3389 2459 3446 2504 et
3474 2450 3657 2505 cordis

2055 2543 2289 2598 contriti
2323 2541 2494 2613 (Psal.
2545 2559 2597 2609 ι,
2631 2542 2741 2616 19),
2779 2543 2986 2600 obortis
3025 2543 3281 2614 lacrymis
3307 2543 3547 2614 quotidie
3575 2543 3657 2599 ot“-

2069 2631 2240 2690 feram
2268 2636 2385 2691 tibi.

2141 2726 2323 2781 Dulcis
2365 2727 2600 2792 Christe,
2653 2725 2792 2782 bone
2837 2726 2986 2793 Jesu,
3032 2725 3176 2781 sicut
3212 2725 3480 2789 desidero,
3515 2725 3655 2780 sicut

2069 2827 2180 2875 tota
2209 2827 2390 2874 mente
2439 2833 2558 2874 mea
2599 2828 2742 2888 peto,
2791 2818 2856 2872 da
2903 2818 3036 2873 mihi
3067 2833 3306 2873 amorem
3337 2827 3490 2872 tuum
3532 2833 3657 2873 san-

2067 2921 2213 2968 ctum
2245 2919 2300 2967 et
2344 2919 2574 2975 castum,
2611 2912 2704 2982 qui
2737 2926 2823 2966 me
2863 2911 3088 2982 repleat,
3122 2919 3322 2976 teneat,
3372 2920 3658 2980 totumque

2069 3002 2361 3074 possideat.
2398 3001 2465 3056 Et
2493 3003 2558 3058 da
2609 3003 2740 3057 mihi
2785 3002 3008 3058 evidens
3060 3002 3272 3071 signum
3303 3003 3507 3056 amoris
3554 3003 3654 3067 tui,

2072 3091 2332 3164 irriguum
2364 3091 2726 3162 lacrymarum
2758 3091 2960 3146 fontem
2997 3091 3202 3162 jugiter
3231 3100 3567 3155 manantem,
3597 3100 3657 3145 ut

2066 3185 2197 3256 ipsa:
2227 3199 2440 3255 quoque
2467 3183 2719 3256 lacrymze
2748 3185 2820 3238 tui
2859 3185 2912 3238 in
2957 3199 3044 3238 me
3073 3193 3341 3240 testentur
3383 3195 3650 3248 amorem,

2066 3277 2196 3347 ipsae
2223 3275 2473 3346 prodant,
2505 3275 2634 3344 ipsa:
2660 3274 2948 3343 loquantur
2970 3283 3231 3344 quantum
3264 3283 3316 3330 te
3337 3274 3519 3344 diligit
3555 3276 3648 3312 ²²⁶¹

2063 3367 2246 3422 anima
2288 3381 2429 3434 mea,
2481 3365 2607 3422 dum
2654 3380 2766 3435 prae
2795 3366 2960 3420 nimia
3009 3366 3296 3422 dulcedine
3333 3367 3536 3421 amoris
3571 3367 3647 3420 tui

2063 3457 2251 3528 nequit
2278 3473 2337 3515 se
2365 3473 2396 3514 a
2421 3457 2679 3529 lacrymis
2703 3459 3004 3514 continere.
3033 3457 3391 3523 Reminiscor,
3421 3459 3511 3528 pie
3541 3457 3647 3511 Do-

2061 3546 2228 3614 mine,
2268 3547 2413 3603 illius
2453 3547 2607 3604 bona:
2652 3547 2894 3603 mulieris
2923 3549 3110 3614 Annae,
3145 3563 3265 3619 quae
3292 3551 3361 3605 ad
3390 3549 3646 3604 κλῦθι-οτι-

2061 3639 2244 3694 culum
2280 3650 2532 3711 rogatura
2585 3654 2684 3709 pro
2716 3639 2826 3694 ﬁlio
2873 3641 3043 3706 venit,
3092 3641 3160 3696 de
3206 3658 3312 3710 qua
3360 3641 3644 3711 Scriptura

2062 3731 2230 3788 refert
2253 3733 2400 3803 quod
2429 3732 2606 3789 vultus
2633 3733 2749 3804 ejus
2778 3742 2900 3804 post
2924 3734 3194 3805 laerymas
3231 3744 3288 3789 et
3315 3750 3504 3804 preces
3535 3751 3644 3790 non

2060 3835 2187 3881 sunt
2230 3825 2465 3897 amplius
2508 3826 2564 3881 in
2592 3827 2802 3883 diversa
2848 3828 3034 3882 mutati
3073 3826 3126 3899 (I
3153 3827 3282 3898 Reg.
3315 3843 3354 3895 ι,
3391 3829 3506 3898 18).
3535 3828 3665 3903 Sed

2061 3932 2272 3972 memor
2313 3925 2475 3972 tanta:
2519 3917 2737 3972 virtutis
2769 3924 3040 3987 tantaeque
3075 3918 3412 3985 constantiae,
3461 3918 3648 3974 dolore

2061 4017 2338 4080 torqueor,
2383 4017 2438 4064 et
2472 4009 2797 4065 verecundia
2824 4008 3160 4074 confundor;
3198 4010 3323 4079 quia
3374 4026 3459 4066 me
3487 4010 3642 4064 mise-

2061 4114 2180 4154 rum
2211 4099 2373 4155 nimis
2401 4103 2651 4155 deorsum
2669 4097 2851 4169 jacere
2875 4101 3106 4157 intueor.
3134 4101 3190 4156 Si
3213 4102 3356 4156 enim
3382 4102 3453 4156 ita
3477 4102 3648 4167 ﬁerit,

2059 4201 2114 4248 et
2140 4191 2192 4246 in
2221 4197 2361 4246 stetu
2383 4191 2746 4261 perseveravit
2770 4191 2978 4257 mulier,
3008 4209 3127 4264 qua:
3151 4193 3427 4263 quaerebat
3451 4195 3646 4260 ﬁlium,

2059 4283 2330 4354 quomodo
2367 4281 2642 4354 plangere,
2691 4293 2743 4338 et
2793 4285 2845 4338 in
2894 4285 3113 4354 planctu
3166 4286 3459 4354 persistere
3491 4289 3651 4342 debet

374 4353 561 4456 vitam
589 4363 787 4456 meam,
819 4354 1041 4456 meliora
1085 4367 1284 4456 actus,
1304 4377 1564 4434 compone
1594 4384 1792 4437 mores,
1835 4375 1958 4431 tolle
1989 4398 2036 4456 ι)
2063 4375 2240 4429 anima
2271 4388 2414 4440 mea,
2446 4389 2565 4443 quae
2599 4376 2785 4444 quarrit
2834 4385 2888 4430 et
2916 4385 3062 4430 amat
3109 4376 3296 4442 Demn,
3343 4386 3399 4432 et
3415 4379 3495 4431 'ad
3526 4395 3648 4432 etim

375 4433 444 4489 de
479 4450 565 4532 me
589 4440 730 4508 quod
773 4443 903 4499 mibi
932 4457 1090 4502 noeet
1109 4457 1161 4502 et
1193 4450 1284 4504 tibi
1333 4433 1595 4523 displicet,
1640 4467 1694 4513 et
1719 4433 1789 4515 dav
1815 4467 1956 4532 quod

375 4529 639 4625 nostiAtibi
665 4534 876 4603 placere
895 4549 952 4593 et
977 4541 1106 4596 mihi
1131 4544 1404 4610 prodesse.
1443 4547 1571 4625 Quis
1594 4563 1756 4620 potest
1783 4529 1956 4625 facere

374 4620 626 4676 mundum
661 4625 725 4678 de
750 4626 1020 4684 immundo
1055 4644 1353 4702 conceptum
1379 4624 1593 4706 semine,
1635 4643 1738 4698 nisi
1769 4620 1824 4700 tu
1865 4665 1955 4702 so-

373 4709 498 4814 lus
526 4713 648 4814 (dab
693 4732 802 4814 xiv,
834 4719 1038 4814 4.),‘1‘u
1081 4739 1141 4779 es
1174 4723 1315 4781 Deus
1354 4730 1691 4798 omnipotens
1732 4736 1957 4794 inﬁnita:

372 4804 610 4873 pietatis,
641 4808 733 4878 qui
769 4808 1039 4879 justiﬁcas
1086 4818 1299 4888 impios,
1341 4831 1395 4877 et
1431 4825 1670 4883 viviticas
1715 4839 1958 4885 mortuos

369 4911 594 4972 propter
649 4917 950 4976 peccatum,
1003 4913 1092 4982 qui
1142 4929 1319 4974 mutas
1372 4930 1707 4990 peccatores,
1756 4933 1809 4977 et
1852 4938 1957 4978 non

370 5005 514 5052 sunt.
548 4997 697 5055 Tolle
727 5015 856 5070 ergo
879 5003 944 5058 dc
972 5021 1056 5061 me
1081 5009 1340 5081 quidquid
1374 5013 1466 5068 tibi
1499 5014 1746 5084 displicet
1771 5015 1822 5068 in
1849 5029 1956 5069 me.

367 5085 686 5157 l‘mperlecta
759 5093 904 5148 enim
995 5113 1117 5152 mea
1209 5101 1436 5167 plurima
1534 5105 1721 5161 vident
1814 5105 1956 5159 oculi

369 5183 445 5238 tui
483 5181 656 5256 (Psal.
679 5202 940 5256 cxxxvm,
972 5190 1081 5258 16).
1114 5191 1283 5258 Mitte,
1313 5210 1512 5265 quaeso,
1543 5214 1758 5252 manum
1787 5197 1960 5268 pieta-

2065 4463 2350 4534 pervenire
2419 4463 2724 4519 desiderat?
2793 4465 3071 4532 Quomodo
3117 4483 3332 4538 gemere
3387 4484 3453 4522 ac
3519 4470 3650 4525 ﬁere

2065 4553 2226 4608 debet
2270 4552 2391 4609 talis
2417 4553 2616 4618 anima,
2664 4569 2782 4622 qua:
2809 4555 2999 4624 quaerit
3037 4554 3204 4610 Deum
3244 4556 3330 4612 die
3360 4573 3424 4611 ac
3469 4571 3649 4624 nocte,

2064 4662 2184 4716 qua:
2247 4656 2442 4716 praeter
2493 4645 2767 4702 Christum
2813 4647 2945 4702 nihil
3002 4648 3114 4703 vult
3167 4651 3395 4704 amare?
3453 4651 3650 4706 Mirum

2065 4739 2261 4808 quippe
2289 4746 2390 4805 est,
2435 4739 2480 4793 si
2519 4736 2630 4806 jam
2675 4754 2779 4792 non
2811 4739 2962 4793 factae
2991 4748 3116 4794 sunt
3157 4742 3205 4795 ei
3247 4741 3500 4812 lacrynue
3537 4761 3652 4797 stuc

2063 4848 2222 4901 panes
2260 4831 2344 4886 die
2381 4847 2442 4884 ac
2481 4841 2628 4884 nocte
2677 4828 2850 4900 (Psal.
2881 4847 2990 4897 xu,
3037 4832 3114 4901 4).
3173 4831 3387 4902 Respice
3413 4849 3569 4904 ergo,
3603 4848 3648 4888 et

2063 4923 2306 4979 miserere
2345 4926 2448 4978 mei
2487 4923 2657 4994 (Psal.
2698 4923 2988 4993 xxtv,16),
3025 4926 3150 4994 quia
3203 4925 3415 4992 dolores
3467 4927 3650 4979 cordis

2064 5017 2165 5069 mci
2202 5015 2543 5085 multiplicati
2579 5024 2724 5070 sunt.
2762 5017 2837 5068 Da
2869 5016 2998 5069 mihi
3033 5016 3462 5070 consolationem
3500 5027 3646 5072 tuam

2063 5107 2359 5169 caelestem,
2417 5116 2470 5161 et
2504 5105 2611 5161 noli
2665 5121 2920 5176 spernere
2969 5108 3325 5176 peccatricem
3377 5109 3642 5172 animam,

2066 5213 2164 5269 pro
2199 5214 2304 5266 qua
2351 5207 2594 5252 mortuus
2629 5211 2705 5252 es.
2748 5196 2822 5250 Da
2848 5197 3000 5262 mihi,
3045 5213 3246 5267 (ιιιιῐδεο,
3277 5198 3550 5269 lacrymas
3578 5215 3637 5254 es

1640 5352 1872 5410 VARle
1911 5327 2325 5412 LECTIONES.

440 5475 530 5508 ¹²⁸⁰
569 5476 773 5555 Collota
811 5489 885 5534 est
921 5498 1036 5534 cum
1067 5481 1345 5555 Sommalii
1371 5501 1482 5555 cap.
1516 5485 1605 5538 3G.
1635 5496 1681 5538 et
1711 5484 1857 5540 Edit.
1900 5487 2035 5555 Aug.
2070 5489 2127 5540 in
2153 5486 2240 5539 lib.
2279 5484 2459 5539 Medit.
2488 5501 2603 5552 cup.
2629 5483 2716 5537 36.
2742 5499 2860 5552 pag.
2890 5481 3015 5537 517.
3047 5482 3126 5538 Ad
3151 5482 3333 5555 Iesum
3356 5483 3639 5542 Christum

367 5557 467 5625 pro
489 5548 659 5625 gratia
690 5549 1046 5625 llacrymarum
1087 5553 1376 5625 obtinenda
1413 5546 1476 5608 es
1510 5566 1850 5625 peccatorum
1899 5546 2276 5614 recordatione
2314 5557 2456 5610 Som.
2505 5546 2690 5610 Oratio
2723 5546 3064 5610 defotissima
3108 5556 3173 5609 ad
3210 5552 3397 5610 laudes
3435 5556 3640 5612 baben-

369 5614 509 5668 αδδ(
568 5615 656 5648 ³⁸⁸⁸
697 5618 963 5682 Quantum
993 5632 1044 5678 te
1073 5624 1245 5694 diligit
1268 5625 1412 5681 Sam.
1446 5614 1702 5696 quantum
1731 5637 1782 5682 te
1808 5626 1992 5699 diligat
