3906 6058
331 223 438 281 895

1787 222 2197 284 ORATIONES.

3489 232 3594 283 θυι

331 345 446 394 toto
471 334 662 391 affectu
692 335 956 402 internas,
987 354 1107 409 qua:
1133 349 1476 409 peccatorum
1506 356 1747 396 meorum
1779 356 1904 411 pos-
1934 347 1978 405 Α
2013 349 2125 393 tum
2153 336 2487 411 compungit.
2525 339 2600 393 Da
2627 338 2758 394 mihi
2785 339 3016 411 gratiam
3053 341 3431 412 lacrymarnm,
3454 342 3595 396 sicut

326 429 437 484 sint
469 429 680 486 solvere
718 433 954 497 vincula,
993 442 1048 488 et
1075 433 1282 490 cmlesti
1326 434 1664 506 iucunditate
1692 449 1910 504 semper

324 519 574 591 repleant
618 522 854 578 animam
885 539 1092 592 meam;
1135 529 1179 582 si
1208 541 1310 580 non
1363 542 1486 581 cum
1532 526 1674 581 veris
1702 535 1756 581 et
1785 539 1908 596 per-

326 610 485 668 fectis
518 615 821 680 monachis,
871 633 1100 686 quorum
1153 618 1380 688 vestigia
1431 633 1640 688 nequeo
1680 619 1904 684 imitari,

323 703 514 759 saltem
565 720 686 760 cum
747 692 956 763 devotis
1013 709 1330 764 mulieribus
1383 709 1908 780 quantulumcunque

321 796 626 865 portionem
661 797 714 851 in
747 813 914 868 regno
945 809 1036 854 tuo
1066 814 1281 856 merear
1306 801 1553 870 adipisci.

393 887 556 942 Venit
586 903 802 959 quoque
842 889 973 944 mihi
1008 891 1060 945 in
1113 901 1348 946 mentem
1394 891 1618 947 alterius
1664 891 1905 948 mulieris

321 978 535 1035 devotio
582 981 742 1046 mira,
800 997 920 1052 qua:
975 991 1027 1038 te
1074 983 1126 1037 in
1187 983 1436 1054 sepulcro
1481 983 1755 1055 iacentem
1814 986 1905 1056 pio

333 1083 519 1123 amore
545 1070 845 1139 quaerebat,
877 1087 996 1141 quae
1026 1072 1403 1127 recedentibus
1425 1073 1701 1142 discipulis
1725 1075 1791 1128 de
1816 1090 1903 1128 se-

320 1157 508 1229 pulcro
567 1174 673 1214 non
713 1161 1030 1226 recedebat,
1085 1177 1204 1231 qum
1252 1162 1473 1217 sedebat
1519 1163 1590 1217 ibi
1641 1163 1808 1218 tristis
1851 1173 1905 1218 et

321 1263 584 1316 maerens,
625 1261 680 1307 et
727 1252 818 1306 diu
875 1253 1212 1324 multmnque
1269 1253 1464 1320 ﬂebat;
1512 1265 1568 1309 et
1616 1270 1904 1326 resurgens

323 1343 508 1398 multis
539 1343 792 1416 lacrymis
822 1347 1016 1400 iterum
1046 1346 1350 1416 iterumque
1379 1357 1534 1402 antra
1589 1348 1786 1402 deserti
1815 1363 1903 1402 se-

316 1434 492 1506 pulcri
538 1435 890 1506 vigilantibus
929 1437 1103 1494 oculis
1151 1438 1495 1508 explorabat,
1527 1438 1570 1493 si
1629 1438 1767 1493 forte
1806 1438 1904 1492 ali-

321 1526 446 1581 cubi
477 1522 530 1582 ie
556 1527 739 1584 videre
764 1537 971 1599 posset,
1003 1544 1164 1598 quem
1198 1530 1428 1585 ferventi
1459 1531 1725 1586 desiderio
1757 1547 1901 1600 qure-

321 1615 498 1671 rebat.
528 1616 644 1671 Jam
691 1629 835 1674 certe
877 1621 1042 1675 semel
1080 1630 1134 1675 et
1180 1621 1374 1674 iterum
1430 1621 1670 1690 ingressa
1721 1623 1899 1691 sepul-

2013 431 2206 486 dedisti
2272 432 2518 500 patribus
2583 433 2802 499 nostris,
2865 449 3097 503 quorum
3148 435 3370 504 vestigia
3421 435 3594 488 debeo

2013 521 2234 586 imitari,
2268 530 2324 576 ut
2349 522 2599 593 plangam
2629 539 2717 579 rue
2744 525 2794 578 in
2821 526 2970 579 omni
2996 527 3102 580 vita
3133 542 3270 586 mea,
3313 526 3458 580 sicut
3489 527 3592 596 ipsi

2009 627 2070 669 se
2090 613 2415 685 planxerunt
2457 624 2614 670 nocte
2640 631 2703 672 ac
2740 617 2846 671 die.
2882 616 3106 687 Propter
3152 618 3341 671 merita
3386 628 3440 672 et
3464 634 3594 672 ora-

2011 705 2183 761 tiones
2211 719 2398 762 eorum
2433 709 2524 777 qui
2553 709 2647 762 tibi
2675 708 2990 778 placuerunt
3019 719 3073 764 et
3108 710 3452 765 devmissime
3479 725 3594 765 ser-

2009 798 2237 862 vierunt,
2268 799 2530 855 miserere
2553 801 2658 854 mei
2690 801 2980 856 miserrimi
3011 811 3065 854 et
3094 802 3296 869 indigni
3329 802 3467 856 servi
3493 803 3591 866 tui,

2008 898 2060 943 et
2099 889 2164 942 da
2198 889 2327 944 mihi
2368 891 2596 960 gratiam
2636 891 3022 961 lacrymarum.
3058 890 3130 943 Da
3161 892 3290 944 mihi
3333 892 3591 958 irriguum

2007 983 2276 1050 superius,
2305 991 2360 1036 et
2389 984 2648 1053 irriguum
2687 983 2932 1046 inferius,
2963 992 3022 1036 ut
3057 983 3168 1038 sint
3196 985 3324 1036 mihi
3347 984 3593 1053 lucryma:

2008 1086 2134 1123 ntere
2159 1087 2318 1140 panes
2340 1073 2423 1125 die
2452 1089 2514 1126 ac
2545 1084 2713 1137 nocte,
2739 1072 3048 1141 eﬂiciarque
3075 1073 3126 1126 in
3157 1081 3447 1140 conspectu
3480 1081 3588 1137 tuo,

2006 1161 2148 1217 Deus
2191 1179 2362 1228 meus,
2388 1180 2484 1232 per
2523 1165 2699 1234 ignem
2731 1164 3180 1235 compunctionis,
3216 1164 3590 1219 holocaustum

2005 1252 2201 1323 pingue
2244 1265 2298 1308 et
2326 1255 2708 1320 medullatum;
2757 1266 2962 1311 macter
2988 1266 3132 1311 totus
3179 1257 3230 1310 in
3273 1272 3366 1310 ara
3413 1257 3592 1311 cordis

2003 1343 2139 1406 mei,‘
2171 1353 2424 1413 tanquam
2474 1345 2884 1414 pinguissimum
2914 1346 3291 1400 holocaustum
3341 1362 3592 1401 assumar

2007 1433 2168 1487 tibiiu
2187 1435 2406 1489 odorem
2436 1437 2734 1490 suavitatis.
2756 1436 2830 1490 Da
2851 1438 3004 1502 mihi,
3023 1437 3356 1502 dulcissime,
3386 1437 3588 1492 fontem

2005 1525 2263 1594 irriguum
2320 1526 2632 1595 fontemque
2685 1529 3047 1597 perspicuum,
3110 1530 3162 1581 in
3223 1543 3333 1595 quo
3380 1528 3590 1582 lavetur

2004 1620 2220 1673 assidue
2265 1619 2404 1672 istud
2449 1620 2784 1687 inquinatum
2832 1619 3226 1673 holocaustum.
3271 1619 3418 1673 Licet
3445 1620 3588 1672 enim

315 1717 470 1760 crum
525 1708 756 1772 viderat.
787 1711 880 1766 sed
917 1711 1143 1766 nimium
1191 1711 1391 1765 amanti
1425 1689 1528 1766 non
1575 1715 1710 1768 satis
1757 1689 1896 1779 erat,
1932 1689 1973 1746 Β
2004 1724 2088 1762 me
2132 1717 2299 1763 totum
2337 1708 2428 1762 tibi
2480 1708 2766 1762 obtulerim
2803 1708 3102 1778 upitulante
3149 1711 3322 1778 gratia
3374 1717 3483 1773 tua,
3535 1711 3587 1764 in

312 1796 486 1850 virtus
525 1798 668 1851 enim
701 1799 825 1854 boni
875 1801 1057 1871 operis
1088 1802 1491 1872 perseverantia
1520 1812 1623 1858 est.
1670 1804 1737 1858 Et
1775 1805 1900 1875 quia

313 1900 425 1955 pra:
455 1887 672 1944 caeteris
722 1889 928 1958 dilexit,
978 1901 1032 1948 et
1079 1891 1352 1964 diligendo
1403 1891 1573 1958 ﬂevit,
1626 1903 1680 1948 et
1726 1893 1900 1949 ﬂendo

311 1979 582 2046 quaesivit,
637 1990 694 2036 et
752 1983 1043 2052 quaerendo
1096 1986 1483 2055 perseveravit,
1552 1986 1676 2041 ideo
1723 1987 1899 2056 prima

308 2070 550 2126 omnium
604 2081 657 2126 te
689 2073 956 2140 invenire,
1017 2087 1066 2131 te
1100 2077 1283 2132 videre
1315 2077 1428 2140 "",
1469 2085 1520 2132 te
1559 2077 1755 2146 alloqui
1789 2093 1899 2130 me-

311 2162 438 2218 ruit.
473 2163 540 2218 Et
591 2179 697 2219 non
728 2166 902 2221 solum
933 2169 1066 2234 htec,
1117 2171 1210 2226 sed
1241 2169 1406 2226 etiam
1457 2169 1587 2238 ipsis
1618 2170 1898 2238 discipulis

307 2256 558 2326 gloriosa:
602 2259 1018 2316 resurrectionis
1065 2270 1169 2316 tute
1215 2262 1518 2331 praenuntia
1569 2262 1793 2324 exstitit,
1847 2271 1896 2317 te

307 2347 679 2418 praecipiente,
706 2359 762 2406 et
797 2350 1094 2408 clementer
1116 2363 1369 2410 monente
1402 2371 1414 2407 :
1475 2351 1634 2417 Vade,
1679 2355 1762 2406 dic
1784 2353 1896 2422 [ra-

306 2437 472 2493 tribus
517 2442 644 2495 meis
696 2453 748 2495 ut
785 2454 906 2497 eant
950 2445 1004 2499 in
1067 2442 1363 2510 Calilwam,
1409 2445 1481 2499 ibi
1526 2462 1608 2499 me
1650 2445 1894 2498 videbunt

307 2529 524 2599 (Matth.
560 2547 752 2597 xxvtu,
787 2535 899 2607 10).
930 2534 986 2591 Si
1015 2552 1144 2608 ergo
1171 2537 1242 2590 ita
1267 2535 1430 2602 flevit,
1456 2545 1510 2592 et
1539 2537 1590 2591 in
1625 2535 1749 2591 ﬂetu
1772 2551 1896 2605 per-

306 2621 577 2676 severavit
621 2623 834 2689 mulier,
883 2641 1002 2694 qua:
1029 2627 1298 2682 viventem
1331 2641 1450 2682 cum
1487 2627 1717 2681 mortuis
1747 2642 1892 2696 qua:-

305 2710 462 2766 rebat
490 2709 644 2781 (Luc.
677 2729 826 2778 xxrv,
864 2714 942 2785 5),
973 2731 1093 2784 quae
1141 2725 1194 2771 te
1242 2731 1404 2770 manu
1442 2715 1564 2771 fidei
1616 2717 1887 2784 tangebat,

302 2807 577 2873 quomodo
628 2807 882 2877 plangere
929 2817 982 2863 et
1013 2811 1064 2863 in
1109 2810 1325 2879 planctu
1385 2810 1676 2880 persistere
1728 2810 1889 2866 debet

303 2894 507 2960 anima,
538 2910 659 2965 qua:
687 2904 737 2950 te
774 2895 1188 2967 Redemptorem
1217 2913 1374 2954 suum
1396 2899 1507 2968 jam
1537 2901 1676 2957 coelo
1701 2902 1889 2971 praesi-

303 2985 518 3041 dentem
558 2998 613 3042 et
641 2988 840 3058 ubique
866 2997 1180 3059 regnantem
1211 2990 1375 3046 corde
1403 2991 1596 3056 credit,
1625 3007 1720 3046 ore
1754 3007 1888 3047 (ξοη-

303 3075 520 3132 litetur?
548 3077 725 3149 (Rom.
757 3095 809 3146 x,
844 3079 954 3151 i0.)
981 3079 1261 3148 Quomodo
1288 3095 1417 3151 ergo
1445 3095 1658 3151 gemere
1680 3092 1734 3136 ct
1759 3080 1888 3137 ﬂere

303 3167 462 3223 debet
491 3168 612 3224 talis
642 3172 841 3234 anima,
892 3188 1012 3241 qua:
1060 3182 1112 3227 te
1157 3181 1266 3227 toto
1297 3172 1459 3228 corde
1506 3171 1682 3244 diligit
1730 3182 1886 3244 teque

302 3267 418 3316 toto
456 3261 722 3317 desiderio
749 3263 931 3319 videre
961 3265 1339 3334 concupiscit?

375 3349 562 3406 Solum
592 3351 924 3422 confugium,
973 3366 1029 3410 et
1055 3357 1213 3410 unica
1245 3371 1366 3425 spes
1397 3355 1886 3430 miscrorumMDo-

304 3442 469 3509 mine,
495 3444 581 3498 cui
612 3461 885 3516 nunquam
915 3447 1034 3502 sine
1062 3464 1157 3517 spe
1189 3447 1575 3503 misericordia}
1612 3448 1883 3519 supplica-

303 3541 412 3598 tur,
439 3545 637 3605 przesta
663 3537 793 3592 mihi
821 3537 961 3592 hanc
983 3538 1216 3607 gratiam
1241 3546 1462 3608 propter
1489 3546 1562 3603 te,
1583 3547 1638 3593 et
1666 3548 1882 3609 propter

302 3638 495 3680 nomen
535 3637 783 3682 sanctum
829 3636 1001 3692 tuum,
1037 3639 1093 3683 ut
1140 3628 1351 3697 quoties
1380 3628 1447 3683 de
1497 3638 1548 3683 te
1579 3631 1774 3699 cogito,
1816 3630 1883 3685 de

300 3722 352 3768 te
381 3713 592 3784 loquor,
634 3717 702 3771 de
731 3726 781 3771 te
823 3718 1023 3784 scribo,
1071 3719 1139 3773 de
1169 3728 1222 3773 te
1260 3720 1401 3788 lego,
1457 3719 1524 3773 de
1557 3730 1606 3773 te
1635 3720 1878 3785 confero,

299 3808 508 3874 quoties
545 3819 599 3862 tu
642 3809 984 3877 reminiscor,
1026 3811 1119 3866 tibi
1157 3812 1378 3877 assisto,
1432 3811 1639 3878 laudes,
1670 3827 1877 3882 preces,

295 3903 352 3949 et
378 3896 705 3952 sacrificium
732 3898 921 3967 oﬂ'ero,
953 3900 1109 3956 toties
1133 3901 1339 3956 obortis
1386 3899 1638 3970 lacrymis
1668 3901 1718 3954 in
1750 3915 1880 3956 con-

296 3981 480 4055 spectu
524 3995 617 4042 tuo
647 3991 863 4059 copiose
891 4001 945 4045 et
973 3991 1202 4048 dulciter
1226 3991 1405 4056 ﬂeam,
1446 3992 1518 4046 ita
1555 4001 1609 4045 ut
1637 3991 1873 4048 eﬂlcian-

297 4084 385 4130 tur
405 4078 532 4131 mihi
554 4078 802 4150 lacrymre
824 4097 950 4136 mea:
969 4099 1128 4152 panes
1141 4085 1225 4138 die
1239 4102 1301 4138 ac
1317 4094 1463 4138 nocte
1483 4081 1656 4153 (Psal.
1673 4101 1778 4153 xu,
1797 4087 1872 4158 4).

298 4167 377 4223 Tu
419 4171 659 4240 quidem,
705 4172 820 4227 Rex
849 4175 1031 4244 gloria:
1071 4186 1125 4231 et
1147 4178 1385 4232 omnium
1419 4178 1675 4233 virtutum
1710 4179 1877 4250 magi-

293 4268 433 4325 ster,
462 4261 690 4316 docuisti
720 4278 817 4319 nos
846 4265 1011 4319 verbo
1039 4274 1095 4320 et
1122 4265 1366 4334 exemplo
1389 4280 1603 4335 gemere
1631 4277 1680 4321 et
1723 4267 1872 4333 ﬂere,

2002 1799 2185 1854 multis
2210 1800 2385 1882 2.58,
2405 1808 2584 1856 tamen
2609 1802 2848 1870 quotidie
2873 1800 3088 1856 offendo
3115 1812 3333 1872 propter
3361 1803 3586 1857 nimiam

2001 1890 2346 1960 fragilitatem
2377 1906 2572 1946 meam.
2617 1890 2691 1945 Da
2723 1906 2850 1962 ergo
2898 1891 3025 1944 mihi
3055 1891 3283 1961 gratiam
3317 1893 3587 1964 lacryma-

2002 1997 2142 2047 rum,
2166 1982 2446 2038 benedicte
2475 1992 2530 2037 et
2560 1982 2808 2036 amabilis
2838 1982 3000 2046 Deus,
3029 1984 3298 2053 praecipue
3325 1999 3390 2040 ex
3421 1986 3588 2042 multa

2000 2071 2283 2127 dulcedine
2309 2073 2510 2127 amoris
2560 2075 2656 2140 tui,
2693 2082 2748 2128 et
2796 2075 3316 2130 commemoratione
3367 2077 3582 2132 miseri-

1997 2165 2305 2218 cordiarum
2352 2173 2586 2229 tuarum,
2635 2179 2877 2236 praepara
2924 2164 3065 2219 hanc
3095 2179 3338 2221 mensam
3389 2167 3586 2223 famulo

2000 2255 2172 2308 tuoin
2223 2265 2513 2325 conspectu
2546 2263 2671 2318 tuo;
2721 2263 2777 2310 et
2817 2257 2882 2309 da
2913 2255 3044 2310 mihi
3089 2269 3208 2309 eam
3240 2255 3293 2309 in
3343 2265 3586 2326 potesta-

1999 2354 2105 2400 tem
2142 2347 2252 2412 ωδ,
2283 2356 2340 2400 ut
2364 2347 2576 2417 quoties
2603 2347 2722 2402 volo
2741 2347 2908 2402 satier
2935 2362 3000 2400 ex
3031 2363 3119 2411 ea,
3147 2348 3322 2402 tribue
3349 2364 3446 2418 pro
3470 2349 3585 2418 pic-

1998 2449 2108 2496 tate
2133 2449 2188 2494 ct
2217 2440 2460 2496 bonitate
2496 2451 2607 2506 tua,
2655 2451 2712 2494 ut
2741 2443 2842 2494 iste
2870 2439 3010 2493 calix
3058 2450 3178 2494 tuus
3216 2429 3491 2494 inebrians
3529 2451 3584 2495 et

1994 2531 2286 2601 praeclarus
2309 2533 2470 2586 satiet
2496 2530 2642 2585 sitim
2674 2543 2849 2584 meam
2867 2528 3038 2599 (Psal.
3065 2544 3198 2594 xxtt,
3221 2529 3299 2599 5),
3329 2540 3387 2582 ut
3413 2529 3583 2584 inhiet

1996 2624 2090 2678 tibi
2115 2623 2336 2694 Spiritus
2387 2637 2560 2687 meus,
2595 2631 2649 2676 et
2691 2622 2881 2676 ardeat
2927 2635 3079 2675 mens
3129 2635 3251 2676 utea
3302 2621 3355 2674 in
3395 2637 3582 2678 amore

1995 2719 2092 2783 tui,
2128 2717 2326 2773 oblitus
2363 2717 2626 2772 vanitatis
2657 2726 2714 2772 et
2757 2715 3007 2771 miseriae.
3041 2715 3200 2780 Audi,
3236 2715 3376 2770 Deus
3406 2727 3578 2778 meus,

1993 2811 2139 2876 audi,
2189 2810 2367 2866 lumen
2412 2811 2690 2866 oculorum
2720 2824 2986 2876 meorum,
3019 2808 3142 2863 audi
3189 2823 3308 2878 qua:
3354 2816 3580 2878 peto,et

1992 2907 2060 2961 da
2097 2913 2156 2960 ut
2182 2914 2360 2976 petam
2386 2907 2528 2974 quod
2554 2904 2758 2958 audias.
2794 2902 2888 2958 Pie
2915 2912 2970 2957 et
3008 2901 3300 2958 exorabilis
3330 2901 3577 2967 Domine,

1992 3011 2061 3049 ne
2089 2994 2340 3050 eﬂiciaris
2378 2995 2509 3050 mihi
2556 2993 2900 3049 inexorabilis
2926 2999 3149 3062 propter
3173 2999 3396 3062 peccata
3433 3005 3576 3058 mea,

1991 3085 2084 3140 sed
2137 3093 2356 3154 propter
2403 3084 2696 3140 bonitatem
2753 3092 2898 3137 tuam
2945 3083 3159 3152 suscipe
3205 3097 3395 3151 preces
3433 3083 3575 3136 servi

1992 3172 2089 3240 tui,
2137 3180 2192 3228 et
2231 3173 2297 3227 da
2329 3171 2459 3227 mihi
2489 3169 2738 3226 eﬂ‘ectum
2769 3169 3051 3240 petitionis
3081 3185 3215 3224 mea:
3236 3178 3290 3224 et
3320 3168 3572 3223 desiderii

1989 3263 2116 3328 mei,
2169 3261 2424 3333 precibus
2469 3270 2524 3317 et
2564 3261 2771 3315 meritis
2822 3261 3071 3329 gloriosae
3104 3259 3345 3331 Virginis
3393 3260 3574 3315 Maria:

1986 3352 2220 3407 dominae
2244 3366 2378 3407 meae
2407 3360 2462 3406 et
2493 3350 2734 3406 omnium
2771 3359 3105 3404 sanctorum.
3143 3350 3338 3404 Amen.

2488 3437 2744 3496 ORATIO
2773 3437 2913 3494 XVII
2945 3438 3059 3493 ““.

2584 3547 2652 3586 AD
2685 3547 2980 3587 οιιιιιετωι.

2073 3625 2204 3681 Cum
2231 3626 2438 3679 ardenti
2465 3626 2724 3678 desiderio
2747 3625 2917 3678 solum
2946 3622 3214 3677 Christum
3241 3621 3477 3675 amandi.

2052 3713 2178 3768 Jesu
2209 3724 2391 3768 nostra
2426 3714 2743 3782 redemptio,
2777 3727 2931 3767 amor
2967 3722 3021 3766 et
3049 3711 3396 3775 desiderium,
3425 3710 3568 3766 Deus

1983 3805 2049 3857 de
2082 3803 2212 3868 Deo,
2243 3803 2430 3857 adesto
2473 3803 2603 3856 mihi
2635 3802 2836 3856 famqu
2865 3813 2976 3857 tuo.
3029 3802 3107 3857 Te
3153 3803 3366 3868 invoco,
3415 3803 3482 3856 ad
3513 3812 3565 3857 te

1982 3895 2156 3951 clamo
2182 3895 2418 3951 clamore
2458 3910 2655 3966 magno
2683 3895 2735 3948 in
2767 3903 2878 3949 toto
2904 3894 3069 3949 corde
3095 3909 3236 3948 meo.
3268 3894 3344 3949 Te
3374 3895 3564 3950 invoco

1981 3989 2036 4044 in
2067 3988 2301 4043 animam
2342 4003 2540 4050 meam,
2565 3988 2705 4041 intra
2747 3986 2799 4041 in
2820 4000 2963 4050 eam,
2996 3995 3050 4040 et
3081 3995 3270 4056 coapta
3295 4001 3414 4041 eam
3441 3987 3560 4052 tibi,

1979 4090 2040 4135 ut
2066 4080 2343 4150 possideas
2362 4095 2478 4135 eam
2504 4079 2622 4134 siue
2651 4093 2780 4150 ruga
2811 4087 2868 4133 et
2911 4077 3026 4132 sine
3063 4078 3296 4132 macula.
3326 4077 3562 4132 Mundis-

1979 4172 2116 4227 sitno
2142 4187 2375 4242 namque
2396 4171 2622 4228 Domino
2641 4171 2837 4226 munda
2863 4170 3090 4225 debetur
3114 4169 3398 4225 habitatio.
3425 4167 3561 4224 San-

1979 4264 2158 4321 ctifica
2188 4280 2317 4336 ergo
2346 4281 2432 4320 me
2461 4280 2555 4320 vas
2609 4274 2760 4320 tuum
2811 4263 2953 4333 quod
2986 4263 3185 4326 fecisti,
3234 4263 3303 4315 de
3354 4261 3558 4315 malitia

292 4351 479 4406 dicens
510 4366 524 4405 :
552 4351 704 4407 Beati
733 4357 822 4423 qui
847 4355 1043 4426 lugent,
1069 4358 1310 4427 quoniam
1343 4358 1440 4428 ipsi
1467 4359 1876 4413 consolabuntur
1905 4383 1952 4442 ο
1977 4372 2201 4422 evacua,
2235 4358 2397 4426 imple
2425 4357 2492 4411 de
2526 4358 2717 4426 gratia,
2754 4365 2808 4408 et
2837 4355 3052 4424 plenum
3080 4369 3359 4417 conserva,
3401 4353 3472 4406 ita
3501 4360 3558 4406 ut
3649 4362 3654 4368 ‘

292 4442 508 4513 (Matth.
538 4460 590 4510 v,
627 4446 703 4513 5).
729 4445 806 4500 Tu
850 4447 1040 4504 flevisti
1069 4450 1376 4504 defuncmm
1415 4452 1676 4518 amicum,
1703 4461 1758 4506 et
1790 4451 1870 4506 la-

290 4541 566 4604 crymatus
594 4548 653 4588 es
695 4536 848 4592 valde
878 4553 1041 4607 super
1066 4540 1359 4608 perituram
1389 4540 1684 4594 civitatem.
1717 4540 1868 4610 Rogo

293 4633 368 4689 te,
415 4625 557 4682 bone
605 4627 752 4694 Jcsu,
807 4644 903 4698 per
959 4630 1075 4684 illas
1131 4631 1550 4699 pretiosissimas
1600 4632 1868 4703 lacrymas

289 4721 434 4778 tuas,
461 4724 515 4769 et
541 4732 634 4786 per
664 4732 854 4774 omnes
893 4718 1270 4774 miserationes
1299 4729 1436 4784 tuas,
1477 4721 1672 4790 quibus
1702 4723 1867 4776 mira-

289 4802 476 4861 biliter
522 4807 675 4862 nobis
727 4810 950 4878 perditis
1018 4811 1306 4866 subvenire
1362 4811 1610 4882 dignatus
1663 4828 1744 4879 es,
1796 4814 1862 4866 da

291 4895 421 4950 mihi
460 4897 689 4964 gratiam
722 4899 1104 4970 lacryrnarum,
1135 4917 1296 4972 quam
1331 4902 1556 4957 multum
1593 4904 1864 4957 desiderat

286 4995 341 5040 et
367 4987 573 5057 appetit
611 4991 788 5044 anima
837 5007 982 5057 mea,
1013 4993 1138 5062 quia
1169 4994 1286 5046 sine
1314 4997 1454 5049 dono
1497 5005 1587 5049 tuo
1619 4994 1712 5026 ¹¹⁸³
1755 5009 1860 5048 non

287 5098 506 5152 possum
563 5086 766 5141 habere
808 5102 949 5154 eam,
1001 5088 1095 5142 sed
1151 5103 1247 5158 per
1294 5088 1556 5158 Spiritum
1613 5101 1860 5144 sanctum

287 5185 460 5241 tuum,
488 5177 580 5247 qui
608 5179 741 5233 dura
769 5179 932 5235 corda
964 5188 1304 5248 peccatorum
1336 5181 1526 5247 mollit,
1560 5193 1615 5235 et
1654 5184 1720 5235 ad
1765 5181 1862 5236 ﬂe-

1979 4449 2200 4520 dignum
2248 4446 2599 4502 habitationis
2631 4455 2732 4500 tuae
2775 4444 2979 4501 efliciar
3008 4444 3266 4514 templum
3297 4443 3385 4498 hic
3415 4452 3470 4498 et
3502 4443 3555 4498 in

1974 4549 2314 4611 perpetuum.
2346 4537 2688 4601 Dulcissimo,
2720 4536 3126 4607 benignissime,
3161 4534 3553 4600 amantissime,

1974 4629 2315 4694 charissime,
2344 4626 2739 4697 potentissime,
2768 4625 3243 4686 desideratissime,
3277 4625 3556 4695 pretiosis-

1975 4722 2132 4784 sime,
2179 4716 2582 4779 amabilissime,
2636 4714 3014 4784 pulcherrime,
3053 4725 3106 4768 tu
3140 4713 3296 4768 melle
3323 4713 3551 4775 dulcior,

1975 4811 2114 4865 lacte
2143 4818 2199 4863 et
2226 4809 2349 4862 nive
2375 4807 2676 4870 candidior,
2718 4815 2938 4860 nectare
2967 4805 3203 4868 suavior,
3245 4804 3471 4873 gemmis
3500 4813 3555 4856 ct

1970 4919 2103 4957 auro
2129 4900 2440 4972 pretiosior,
2469 4898 2790 4966 cunctisque
2821 4907 3089 4954 terrarum
3127 4895 3330 4950 divitiis
3359 4905 3414 4948 et
3454 4895 3549 4947 ho-

1971 4995 2194 5049 noribus
2235 4991 2364 5046 mihi
2394 4991 2631 5046 charior.
2676 4987 2814 5055 Quid
2861 4988 3002 5050 dico,
3056 4989 3194 5041 Deus
3222 4999 3396 5047 meus,
3443 4999 3550 5036 una

1969 5101 2093 5156 spes
2124 5099 2241 5139 mea
2285 5092 2391 5136 tam
2419 5081 2640 5152 grandis
2677 5077 3048 5134 misericordia
3079 5077 3208 5131 tua?
3234 5076 3373 5142 Quid
3406 5075 3546 5138 dico,

1970 5177 2196 5234 dulcedo
2222 5175 2348 5228 felix
2381 5183 2435 5229 et
2479 5171 2708 5228 secura?
2737 5169 2872 5238 Quid
2901 5169 3044 5234 dico,
3069 5169 3193 5220 dum
3221 5166 3346 5220 talia
3391 5166 3548 5220 dico?

1572 5315 1657 5369 VA
1667 5314 1806 5369 “UE
1849 5313 2140 5370 LECTION
2152 5313 2254 5366 ES.

359 5419 540 5495 ξ”ιξ-Τρ
571 5425 750 5480 videre
777 5427 912 5495 Aug.
941 5427 1107 5479 amill-

1187 5427 1280 5460 ’Μ
1298 5426 1442 5479 Dono
1471 5437 1560 5480 tuo
1587 5432 1720 5497 Aug.
1751 5428 1918 5481 omitt.
1949 5436 2040 5482 tuo
2095 5426 2188 5458 ¹²“
2206 5426 2326 5479 Miln
2348 5433 2666 5497 potestatem
2687 5422 2821 5497 flag.
2851 5419 2976 5474 mihi
3004 5435 3121 5497 eam
3141 5419 3192 5472 in
3213 5430 3536 5497 potestatem

407 5492 628 5566 foliata
659 5505 733 5547 est
755 5489 887 5566 omni
909 5495 1183 5550 Sommalii
1209 5499 1374 5564 capite
1395 5499 1446 5552 8.
1475 5497 1609 5550 inter
1646 5489 1828 5550 Medii.
1861 5497 1918 5552 S.
1945 5497 2251 5566 Augustini,
2281 5509 2327 5549 et
2348 5489 2473 5550 'cunt
2504 5493 2738 5566 Edit.AS.
2766 5489 2981 5566 August.
3013 5491 3448 5566 _l';.rs_tutur_ruim
3488 5495 3538 5544 in

283 5559 374 5614 lib.
397 5561 638 5635 Meditat.
662 5575 787 5635 tom.
807 5565 909 5620 IX.
930 5585 1051 5635 pug.
1074 5568 1195 5621 556.
1227 5559 1345 5620 Non
1365 5578 1530 5620 exstat
1559 5569 1610 5620 in
1637 5583 1760 5620 mss.
1789 5567 1848 5621 S.
1875 5559 2127 5620 Ausci-ini.
2152 5567 2401 5634 Ejusdem
2429 5582 2549 5619 cunt
2570 5561 3061 5635 ardcnli‘desitlt-rio
3078 5562 3246 5615 solum
3267 5564 3538 5617 Christum

287 5633 522 5702 :ttttandi,
552 5641 607 5690 el
633 5634 749 5706 ejus
769 5633 1032 5694 desiderio
1063 5637 1271 5693 fruendi
1305 5636 1450 5694 Som.
1483 5636 1668 5694 Oratio
1699 5637 1923 5693 multum
1958 5633 2283 5694 movcnsad
2313 5637 2649 5692 devotionem
2674 5642 2726 5687 et
2755 5633 2991 5686 dixiuum
3019 5648 3255 5687 amorem
