3906 6058
407 223 514 282 895

769 221 827 279 S.
871 221 1170 278 ANSELMI
1205 219 1556 278 CANTUAR.
1582 216 1902 276 ARCHIEP.
1943 217 1976 276 ί]

2080 255 2096 273 .
2135 216 2316 275 PARS
2352 216 2418 274 11.
2449 247 2521 258 -
2545 213 2917 272 ΡΑΒιιΕΝΕΤ.
2952 214 3042 271 ET
3068 214 3310 273 ASCET.

3558 221 3669 280 896

407 341 540 396 Dico
562 338 702 410 quod
733 339 907 402 valeo.
945 339 1039 396 sed
1069 355 1175 396 non
1216 341 1339 396 dico
1368 337 1514 409 quod
1541 338 1733 394 debeo.
1769 337 1984 394 Utinam
2012 336 2061 394 A
2087 344 2147 392 ut
2180 338 2247 392 de
2273 338 2660 407 temporalibus
2702 351 2804 392 nec
2843 334 3075 406 lugeam,
3111 349 3209 391 nec
3239 339 3524 404 gaudeam,
3566 355 3672 397 nec

409 445 622 502 possem
647 430 773 486 talia
803 432 1003 495 dicere,
1036 432 1213 502 qualia
1242 432 1318 487 illi
1349 431 1645 503 bytnnidici
1671 429 1984 501 angelorum

409 524 598 579 chori!
649 521 693 580 Ο
720 539 882 594 quam
928 523 1162 580 libenter
1211 540 1298 580 me
1338 524 1392 580 in
1446 524 1553 580 tuis
1592 523 1843 579 laudibus
1895 523 1988 555 ¹²⁶⁸

408 624 580 671 totum
608 614 976 671 effunderem!
1008 615 1053 673 Ο
1075 632 1235 688 quam
1266 615 1612 673 devotissime
1634 615 1723 671 illa
1749 615 1988 673 caelestis

405 704 654 760 melodize
681 706 892 761 cantica
920 707 988 762 ad
1024 707 1234 762 laudem
1265 715 1320 764 et
1365 707 1589 777 gloriam
1640 706 1874 763 nominis
1910 707 1987 762 tui

404 795 460 851 in
489 795 668 851 medio
693 796 948 852 Ecclesiae
971 797 1318 870 infatigabilis
1340 799 1431 832 ηδ’
1457 813 1768 870 perorarem
1795 799 1808 853 l

477 884 584 942 Sed
614 888 740 956 quia
773 887 897 942 talia
931 903 1033 944 non
1061 903 1300 958 possum,
1344 889 1586 961 nunquid
1628 889 1855 945 tacebo?
1896 887 1988 944 Vae

406 975 708 1030 tacentibus
751 975 819 1032 de
851 986 923 1041 te,
953 978 1043 1049 qui
1069 994 1167 1034 ora
1197 989 1468 1036 mutorum
1518 981 1763 1049 resolvis,
1807 990 1861 1036 et
1887 980 1988 1035 lin-

404 1080 539 1135 guas
570 1063 857 1121 infantium
896 1066 1032 1124 facis
1063 1069 1294 1126 disertas
1321 1070 1476 1148 (Sap.
1525 1087 1581 1137 χ,
1629 1072 1745 1142 2|).
1782 1072 1871 1128 Vae
1908 1082 1986 1126 ta-

403 1155 652 1211 centibus
683 1157 748 1212 de
795 1166 868 1224 te,
918 1160 1172 1228 quoniam
1221 1162 1319 1232 ipsi
1369 1163 1620 1233 loquaces
1673 1165 1808 1220 muti
1838 1173 1982 1232 sunt,

403 1261 526 1300 cum
564 1263 668 1302 non
700 1259 819 1306 tuas
859 1251 1047 1307 laudes
1067 1253 1274 1320 dicunt.
1307 1254 1439 1323 Quis
1481 1257 1640 1327 digne
1687 1266 1738 1312 te
1767 1257 1986 1312 laudare

402 1347 602 1406 potest,
649 1355 684 1396 o
729 1340 1014 1398 ineﬂ'abilis
1060 1345 1232 1402 virtus
1275 1357 1332 1402 et
1375 1348 1642 1418 sapientia
1673 1348 1890 1404 Patris?
1918 1350 1986 1404 Et

404 1427 661 1505 quoniam
703 1431 850 1485 nulla
881 1433 1095 1488 invenio
1132 1435 1295 1489 verba
1327 1436 1522 1506 quibus
1562 1446 1614 1493 te
1652 1437 1986 1494 sufﬁcienter

402 1517 609 1574 valeam
635 1521 929 1592 explicare,
959 1527 1334 1596 cunctipotens
1377 1535 1434 1583 et
1485 1529 1804 1584 omniscium
1850 1532 1985 1588 Ver-

402 1609 553 1678 bum,
582 1610 762 1668 dicam
813 1614 1030 1670 interim
1075 1619 1217 1686 quod
1263 1618 1436 1685 valeo,
1467 1621 1640 1677 donec
1679 1621 1867 1692 iubeas
1896 1639 1983 1680 me

401 1703 589 1759 venire
612 1705 678 1760 ad
703 1713 773 1770 te,
808 1707 896 1761 ubi
925 1709 1124 1776 possim
1148 1710 1328 1766 dicere
1357 1716 1500 1782 quod
1533 1721 1584 1767 te
1615 1713 1790 1781 decet,
1813 1724 1867 1768 et
1897 1732 1983 1772 me

401 1802 634 1863 oportet.
690 1796 759 1850 Et
790 1796 912 1852 ideo
958 1800 1269 1869 suppliciter
1309 1817 1440 1874 rogo
1473 1812 1532 1859 ut
1568 1820 1674 1860 non
1725 1808 1984 1878 respicias

402 1891 609 1938 tantum
633 1886 698 1940 ad
734 1887 786 1942 id
807 1890 951 1957 quod
981 1891 1140 1946 modo
1161 1891 1304 1958 dico,
1329 1895 1424 1949 sed
1451 1896 1520 1950 ad
1558 1895 1611 1950 id
1635 1899 1779 1966 quod
1801 1899 1983 1954 dicere

400 1985 548 2045 opto.
580 1975 750 2048 Cupio
774 1980 918 2034 enim
949 1981 1218 2040 desiderio
1249 2000 1445 2058 magno
1467 1989 1532 2043 de
1558 1997 1610 2044 te
1633 1989 1810 2060 eloqui
1835 1992 1981 2062 quod

399 2077 617 2137 oportet
643 2080 698 2125 et
738 2071 914 2138 decet,
945 2075 1071 2144 quia
1106 2085 1157 2132 te
1206 2078 1363 2134 decet
1401 2079 1536 2146 laus,
1577 2091 1626 2137 te
1654 2083 1797 2138 decet
1826 2086 1982 2156 Itym-

400 2173 498 2212 nus
524 2157 698 2228 (Paul.
747 2178 892 2229 thv,
937 2163 1015 2231 2),
1050 2166 1253 2237 tibique
1290 2169 1517 2226 debetur
1560 2173 1740 2228 omnis
1787 2175 1974 2232 honor.

401 2250 523 2307 Scis
548 2267 697 2322 ergo,
734 2257 1072 2314 occultorum
1101 2264 1348 2333 cognitor
1375 2263 1541 2330 Deus,
1579 2268 1836 2336 quoniam
1873 2284 1980 2324 non

399 2343 575 2399 solum
607 2355 772 2414 terra,
825 2358 881 2404 et
929 2353 1180 2418 omnibus
1208 2369 1329 2424 quae
1379 2355 1432 2410 in
1462 2371 1524 2410 ea
1570 2366 1719 2422 sunt,
1751 2367 1806 2413 tu
1847 2359 1979 2414 mibi

399 2434 618 2489 charior
658 2452 717 2492 es
752 2438 874 2506 "‘3;
903 2443 996 2496 sed
1024 2444 1186 2498 etiam
1221 2445 1335 2514 ipso
1363 2446 1500 2503 cmlo
1530 2447 1620 2480 ³³⁸⁸
1651 2457 1706 2504 et
1731 2451 1981 2505 omnibus

398 2537 519 2592 qum
551 2524 603 2578 in
635 2540 701 2581 eo
731 2537 857 2582 sunt
884 2537 936 2583 tu
971 2531 1100 2586 mihi
1131 2535 1517 2604 acceptabilior
1538 2553 1598 2594 es
1623 2539 1716 2571 ¹²⁸⁰
1751 2557 1765 2594 :
1811 2539 1977 2610 diligo

395 2615 541 2669 enim
589 2624 640 2670 te
665 2631 826 2686 super
851 2619 1045 2674 caelum
1077 2631 1133 2678 et
1175 2632 1393 2691 terram,
1446 2635 1503 2682 et
1559 2637 1755 2684 caetera
1792 2632 1976 2688 omnia

397 2721 520 2776 quae
553 2708 604 2763 in
657 2709 738 2765 eis
777 2723 938 2778 sunt;
980 2714 1090 2771 imo
1112 2717 1216 2773 nisi
1257 2733 1444 2775 amore
1488 2721 1579 2757 "'1
1619 2723 1855 2782 nominis
1899 2725 1976 2781 tui

397 2812 518 2868 quae
570 2803 885 2859 transitoria
947 2817 1092 2871 sunt,
1139 2809 1324 2878 procul
1379 2812 1542 2870 dubio
1590 2818 1819 2872 amanda
1867 2833 1974 2873 non

397 2896 541 2943 sunt.
575 2888 715 2945 Amo
741 2900 810 2957 te,
855 2893 995 2949 Deus
1025 2911 1198 2964 meus,
1223 2912 1409 2955 amore
1448 2917 1662 2974 magno,
1699 2907 1978 2976 magisque

401 2981 455 3031 te
489 2992 676 3094 amare
699 2982 875 3052 cupio.
911 2983 984 3038 Da
1016 2985 1148 3042 mihi
1175 2997 1233 3044 ut
1262 3004 1438 3047 amem
1469 3001 1521 3048 te
1551 3009 1766 3065 semper
1797 3013 1969 3068 quan-
2001 3033 2047 3094 ε

399 3077 510 3122 ιιιιη
535 3070 674 3135 volo,
706 3081 757 3126 et
781 3084 1041 3144 quantum
1068 3078 1237 3134 debeo
1267 3080 1357 3114 ¹²⁸²
1381 3099 1395 3148 ;
1423 3091 1482 3139 ut
1511 3092 1566 3139 tu
1589 3085 1738 3143 solus
1760 3088 1836 3144 sis
1862 3099 1973 3147 tota

397 3157 624 3216 intentio
654 3177 794 3230 mea,
833 3176 888 3221 et
929 3168 1107 3225 omnis
1137 3172 1415 3230 meditatio
1444 3189 1585 3231 mea.
1633 3176 1710 3233 Te
1747 3182 1977 3240 mediter

394 3261 494 3316 per
539 3250 654 3307 dies
697 3252 815 3310 sine
862 3259 1187 3324 cessatione,
1227 3271 1279 3318 te
1324 3265 1551 3321 sentiam
1585 3283 1683 3338 per
1724 3285 1973 3340 soporem

395 3340 448 3394 in
477 3353 655 3412 nocte,
691 3355 740 3402 te
766 3347 1072 3418 alloquatur
1092 3354 1315 3423 spiritus
1348 3373 1522 3424 meus,
1551 3368 1726 3417 tecum
1763 3361 1969 3420 fabule-

397 3439 485 3484 tur
511 3449 662 3490 mens
704 3452 844 3492 mea.
871 3439 1100 3498 Lumine
1123 3453 1326 3501 sancta;
1354 3448 1576 3506 visionis
1606 3459 1710 3507 tua:
1735 3453 1972 3510 illustre-

396 3533 484 3574 tur
507 3537 602 3577 cor
641 3540 844 3591 meum,
875 3538 956 3595 ut,
1001 3539 1055 3587 te
1079 3542 1308 3599 rectore,
1353 3545 1401 3592 te
1431 3538 1566 3594 duce
1609 3541 1877 3598 ambulem
1907 3545 1974 3600 de

393 3612 594 3668 virtute
645 3616 702 3670 in
749 3619 1025 3697 virtutem,
1081 3623 1405 3697 tandemque
1446 3629 1657 3685 videam
1703 3641 1755 3688 te
1804 3634 1971 3690 Deum

393 3706 615 3760 deorum
644 3707 695 3761 in
720 3691 882 3775 Sion:
906 3729 1049 3771 nunc
1089 3717 1306 3786 quidem
1335 3737 1427 3788 per
1461 3723 1726 3792 speculum
1761 3727 1817 3782 in
1844 3729 1974 3783 teni-

389 3808 582 3866 gmute,
620 3811 745 3856 tunc
786 3815 958 3860 autem
1001 3807 1135 3876 facie
1172 3812 1242 3863 ad
1283 3811 1493 3879 faciem,
1537 3815 1626 3870 ubi
1666 3834 1971 3888 cognoscam

393 3895 465 3951 te,
493 3889 629 3943 sicut
668 3903 716 3944 et
762 3897 1000 3964 cognitus
1045 3915 1160 3952 sum
1190 3899 1239 3970 (1
1291 3901 1413 3956 Cor.
1469 3920 1591 3971 xm,
1657 3907 1763 3977 l2).
1822 3908 1971 3965 Beati

390 3979 586 4034 mundo
613 3982 785 4047 corde,
810 3987 1056 4054 quoniam
1081 3989 1179 4055 ipsi
1210 3989 1375 4044 Deum
1403 3993 1645 4047 uidebunt
1672 3995 1888 4065 (Matth.
1913 4015 1968 4066 ν,

387 4071 466 4138 8).
495 4070 644 4146 Beati
670 4076 760 4144 qui
787 4076 1024 4132 habitant
1064 4081 1119 4133 iu
1163 4081 1317 4135 domo
1351 4093 1467 4149 tua,
1498 4084 1739 4152 Domine,
1785 4089 1840 4144 iu
1869 4107 1971 4146 sa:-

387 4166 507 4257 cula
537 4169 851 4226 swculorum
875 4171 1168 4229 laudabunt
1188 4186 1237 4232 te
1267 4177 1440 4250 (Psal.
1473 4198 1703 4250 Lxxxm,
1727 4185 1806 4257 5).

461 4256 610 4326 Rogo
641 4260 824 4331 itaque
855 4272 927 4328 te,
968 4265 1216 4333 Domine,
1251 4284 1348 4339 per
1373 4285 1566 4329 onmes
1595 4256 1969 4335 miserationes

2090 435 2325 480 metuam
2351 426 2552 496 aliquid
2587 424 2885 497 temporale
2920 438 3020 479 nec
3039 423 3284 495 diligam,
3319 442 3422 484 nec
3455 428 3675 488 blandis

2087 531 2429 588 corrumpar,
2447 532 2549 574 nec
2569 517 2812 573 adversis
2832 513 3136 573 conculiar.
3161 517 3228 572 Et
3241 518 3367 588 quia
3389 529 3479 576 tua
3491 523 3671 577 valida

2087 619 2161 670 est
2185 617 2248 678 ,ιιι
2270 624 2411 664 mors
2437 609 2647 664 dilectio
2672 607 2850 680 (Cant.
2867 625 2987 676 vm,
3017 610 3094 682 6),
3126 612 3433 680 absorbeat,
3464 631 3673 686 qureso,

2085 707 2323 772 mentem
2374 713 2549 755 meam
2602 699 2672 756 ab
2723 698 2975 756 omnibus
3030 715 3152 772 quae
3199 703 3299 759 sub
3349 704 3486 760 coelo
3515 715 3674 772 sunt,

2087 791 2256 863 ignita
2287 790 2381 822 ““
2416 800 2473 848 et
2513 791 2760 848 melliﬂua
2806 793 2892 848 vis
2939 793 3142 849 amoris
3191 794 3290 862 tui,
3327 805 3388 850 ut
3418 796 3514 852 tibi
3566 798 3672 853 soli

2087 884 2400 951 inhaeream,
2439 884 2659 955 solaque
2687 893 2791 940 tua:
2833 884 3118 940 suavitatis
3146 886 3406 942 memoria
3450 902 3671 958 pascar.

2087 975 2407 1042 Descendat,
2439 977 2682 1042 Domine,
2710 977 3022 1044 descendat,
3051 993 3265 1048 precor,
3289 978 3583 1035 descendat
3614 981 3673 1035 in

2084 1083 2183 1124 cor
2216 1083 2394 1123 meum
2416 1069 2552 1124 odor
2589 1077 2711 1124 tuus
2737 1069 3116 1134 suavissimus,
3153 1070 3487 1142 ingrediatur
3515 1088 3675 1129 amor

2089 1168 2211 1215 tuus
2243 1157 2550 1215 melliﬂuus.
2574 1159 2768 1215 Veniat
2803 1159 2935 1214 mihi
2981 1160 3053 1216 tui
3088 1161 3299 1230 saporis
3329 1163 3465 1218 mira
3500 1172 3558 1219 et
3589 1164 3677 1218 in-

2085 1250 2407 1306 enarrabilis
2423 1249 2716 1324 fragrantia
2728 1291 2743 1316 ,
2762 1265 2881 1320 qua:
2896 1252 3255 1322 sempiternas
3274 1252 3325 1308 in
3343 1269 3430 1310 me
3446 1254 3676 1311 suscitet

2086 1338 2578 1410 concupiscentiae,
2625 1346 2681 1395 et
2709 1354 2778 1395 ex
2826 1339 2992 1396 corde
3022 1353 3144 1396 meo
3185 1342 3452 1412 producat
3500 1359 3675 1400 venas

2084 1430 2317 1486 salientis
2343 1446 2494 1501 aqua:
2523 1429 2765 1486 invitam
2800 1441 3051 1486 wternam
3079 1429 3260 1502 (Joan.
3296 1449 3372 1499 ιν,
3409 1433 3523 1504 id).

2155 1520 2453 1575 lmmensus
2481 1534 2561 1588 es,
2604 1521 2853 1587 Domine,
2884 1530 2940 1577 et
2965 1520 3086 1577 ideo
3126 1522 3246 1577 sine
3281 1537 3532 1579 mensura
3574 1523 3671 1580 de-

2086 1611 2182 1667 bes
2230 1610 2400 1665 amari
2428 1619 2482 1666 et
2516 1610 2722 1666 laudari
2747 1611 2815 1666 ab
2863 1611 2930 1668 iis
2979 1629 3115 1684 quos
3154 1623 3247 1670 tuo
3279 1615 3514 1684 pretioso
3539 1630 3673 1670 san-

2014 1677 2245 1771 Bguine
2297 1701 2588 1757 redemisti.
2643 1701 2870 1758 Amator
2912 1677 3189 1760 hominum
3252 1677 3666 1775 benignissime,

2083 1792 2501 1848 clementissime
2562 1792 2826 1861 Domine,
2869 1802 2925 1850 et
2972 1796 3278 1866 aequissime
3321 1797 3528 1869 iudex,
3580 1797 3666 1854 cu'

2082 1901 2233 1939 omne
2251 1884 2512 1955 judicium
2553 1885 2694 1940 dedit
2725 1884 2884 1942 Pater
2929 1887 3110 1961 (Joan.
3139 1905 3190 1957 v,
3235 1887 3350 1960 22),
3378 1889 3671 1960 sapientis-
3749 1891 3752 1894 ’

2081 1977 2218 2032 simo
2249 1984 2352 2032 tute
2387 1977 2662 2048 aequitatis
2694 1976 2900 2048 judicio
2927 1979 3194 2036 discernis
3235 1981 3338 2038 hoc
3366 1991 3573 2037 rectum
3613 1990 3670 2038 et

2079 2066 2284 2138 justum
2310 2081 2453 2133 esse,
2487 2076 2545 2122 ut
2589 2067 2681 2123 lilii
2713 2068 2874 2138 bujus
2897 2071 3107 2137 saeculi,
3132 2073 3305 2129 noctis
3333 2081 3390 2128 et
3415 2071 3670 2129 tenebra-

2082 2176 2232 2226 rum,
2277 2160 2640 2231 praastautiori
2683 2155 2987 2234 desiderio,
3050 2165 3247 2220 virtute
3294 2175 3458 2236 atque
3487 2168 3671 2224 studio

2081 2250 2308 2322 diligant
2354 2261 2409 2306 et
2462 2261 2711 2322 quaerant
2749 2256 3022 2324 perituras
3054 2256 3273 2312 divitias
3316 2270 3372 2313 et
3413 2259 3666 2331 fugitivos

2080 2346 2314 2402 honores
2338 2359 2498 2416 quam
2529 2359 2628 2400 nos
2653 2346 2795 2401 servi
2833 2346 2908 2401 tui
2934 2347 3222 2419 diligamus
3256 2359 3308 2406 te
3357 2352 3523 2406 Deum
3567 2369 3666 2408 no-

2079 2446 2273 2500 strum,
2315 2451 2412 2506 per
2451 2451 2612 2507 quem
2640 2436 2766 2492 facti
2809 2447 2865 2493 et
2905 2438 3165 2509 redempti
3194 2456 3398 2496 sumus.
3431 2442 3489 2497 Si
3516 2444 3664 2500 enirn

2079 2526 2244 2581 homo
2269 2526 2543 2582 hominem
2565 2536 2714 2584 tanta
2747 2527 2918 2598 diligit
2939 2527 3252 2596 dilectione,
3284 2539 3342 2584 ut
3363 2530 3501 2586 alter
3527 2531 3665 2586 alte-

2079 2631 2202 2672 rum
2232 2617 2324 2672 vix
2375 2619 2615 2688 patiatur
2663 2619 2888 2683 abesse;
2943 2618 2988 2673 si
3025 2633 3221 2688 sponsa
3267 2637 3466 2691 sponso
3513 2632 3664 2678 tanto

2037 2705 2484 2776 .conglutinatur
2537 2707 2735 2763 mentis
2788 2706 2981 2763 ardore
3030 2719 3088 2762 ut
3134 2725 3245 2780 prae
3294 2712 3663 2782 magnitudine

2079 2797 2283 2853 amoris
2323 2797 2467 2852 nulla
2494 2798 2698 2868 perfrui
2729 2797 2909 2853 valeat
2944 2799 3146 2868 requie,
3175 2800 3327 2856 cbari
3351 2803 3433 2856 sui
3467 2803 3663 2859 absen-

2079 2890 2211 2945 tiam
2257 2905 2362 2947 non
2389 2889 2505 2946 sine
2535 2905 2730 2962 magno
2774 2908 3008 2950 moerere
3036 2891 3236 2962 ferens,
3267 2909 3374 2964 qua
3423 2908 3552 2965 ergo
3579 2895 3662 2948 di-

2079 2985 2330 3048 lectione,
2361 2998 2470 3055 quo
2511 2984 2712 3052 studio,
2743 3000 2850 3057 quo
2885 2987 3099 3043 fervore
3128 2987 3329 3054 anima,
3366 3001 3527 3054 quam
3564 2987 3660 3042 de-

2077 3076 2346 3150 sponsasti
2391 3075 2487 3131 tibi
2517 3076 2622 3133 lide
2647 3085 2702 3132 et
2730 3075 3192 3143 miserationibus,
3231 3074 3390 3130 debet
3431 3075 3660 3147 diligere

2078 3177 2131 3223 te
2159 3182 2345 3224 verum
2369 3167 2559 3235 Deum,
2589 3178 2646 3224 et
2674 3168 3095 3238 pulcherrimum
3122 3183 3400 3240 sponsum,
3431 3169 3523 3238 qui
3559 3185 3660 3226 nos

2075 3257 2152 3313 sie
2177 3258 2370 3313 amasti
2399 3267 2457 3313 et
2507 3258 2754 3326 salvasti,
2798 3260 2891 3329 qui
2939 3275 3038 3331 pro
3087 3259 3241 3315 nobis
3267 3267 3366 3325 tot,
3410 3269 3556 3314 tanta
3605 3269 3660 3316 et

2075 3347 2204 3402 talia
2263 3347 2478 3403 fecisti?
2543 3349 2862 3421 Quanquam
2920 3359 3102 3405 autem
3155 3348 3271 3406 hate
3323 3349 3534 3405 inﬁrma
3566 3351 3661 3405 ba-

2073 3439 2239 3494 beant
2277 3438 2370 3470 ¹²⁵⁸
2395 3453 2523 3496 suas
2552 3440 2957 3509 delectationes,
2995 3456 3229 3512 suosque
3269 3455 3503 3510 amores,
3547 3460 3657 3497 non

2077 3539 2257 3586 tamen
2298 3530 2389 3586 tali
2421 3533 2581 3588 modo
2627 3532 2926 3601 delectant,
2973 3534 3116 3591 sicut
3155 3543 3232 3602 tu,
3275 3532 3416 3589 Deus
3444 3544 3657 3590 noster.

2073 3619 2131 3676 lu
2170 3629 2223 3677 te
2268 3622 2413 3676 enim
2445 3622 2746 3678 delectatur
2773 3624 2970 3694 justus,
3007 3624 3134 3694 quia
3177 3639 3331 3678 amor
3361 3624 3435 3678 tui
3471 3626 3660 3680 suavis

2073 3721 2156 3768 est
2183 3721 2238 3768 et
2270 3713 2520 3784 quietus;
2557 3730 2680 3769 nam
2711 3727 2932 3785 pectora
2950 3730 3068 3784 quae
3090 3711 3660 3799 possides,dulcedine

2071 3813 2129 3860 et
2166 3807 2434 3862 suavitate
2472 3816 2527 3863 et
2564 3807 2953 3877 tranquillitate
2997 3807 3472 3877 reples.-Econtra
3501 3823 3661 3862 amor

2073 3896 2254 3953 saeculi
2295 3907 2350 3952 et
2380 3899 2562 3953 carnis
2607 3899 2802 3953 anxius
2831 3906 2916 3953 est
2958 3905 3012 3951 ct
3039 3899 3407 3966 perturbatus,
3443 3898 3659 3952 animas

2071 3999 2220 4045 certe
2257 4005 2393 4059 quas
2420 3990 2744 4060 ingreditur,
2777 3990 2990 4060 quietas
3028 4005 3133 4045 non
3172 3991 3402 4062 patitur;
3438 4005 3658 4059 semper

2070 4081 2215 4135 enim
2266 4082 2667 4152 suspicionibus
2711 4092 2766 4137 et
2803 4082 3324 4153 perturbationibus,
3377 4082 3655 4151 variisque

2072 4173 2359 4230 timoribus
2387 4173 2640 4228 sollicitat
2673 4188 2789 4228 eas.
2832 4174 2912 4229 Tu
2944 4175 3128 4245 itaque
3155 4191 3214 4230 es
3244 4175 3531 4231 delectatio
3566 4189 3656 4228 re-

2070 4275 2304 4331 ctorum,
2342 4275 2397 4321 et
2432 4261 2660 4332 merito;
2689 4267 2843 4336 quies
2867 4269 3011 4322 enim
3036 4268 3213 4323 valida
3243 4278 3328 4324 est
3356 4267 3495 4335 apud
3523 4274 3572 4320 te
3596 4275 3656 4320 et

388 4355 529 4414 tuas,
561 4350 757 4418 quibus
785 4353 852 4408 de
876 4363 1052 4409 morte
1077 4364 1277 4412 aeterna
1309 4357 1520 4416 liberati
1552 4377 1758 4430 sumus,
1788 4367 1963 4423 molli-
1992 4373 2043 4434 ι)
2069 4351 2527 4422 imperturbabilis
2556 4352 2686 4406 vita.
2728 4354 2828 4421 Qui
2853 4354 3019 4408 intrat
3040 4355 3093 4408 in
3127 4364 3198 4418 te,
3233 4355 3370 4409 bone
3400 4352 3651 4416 Domine,

386 4435 484 4492 lica
497 4453 592 4495 cor
611 4457 788 4498 meum
805 4444 997 4501 durum
1009 4457 1063 4504 et
1080 4448 1368 4520 lapideum,
1393 4465 1611 4508 saxeum
1633 4465 1688 4511 et
1709 4455 1962 4526 ferreum,

388 4535 475 4620 tua
507 4533 875 4590 sacratissima
912 4547 969 4592 et
994 4541 1198 4608 potenti
1235 4543 1510 4610 unctione,
1539 4555 1595 4601 et
1623 4545 1710 4603 fac
1750 4564 1837 4605 me
1866 4565 1965 4620 per

386 4628 562 4687 ignem
603 4628 1036 4694 eompunctionis
1071 4645 1256 4688 coram
1292 4641 1346 4689 te
1372 4636 1519 4690 omni
1563 4637 1695 4694 hora
1723 4639 1961 4696 hostiam

2053 4443 2257 4506 ,iutrat‘
2282 4444 2334 4499 in
2377 4444 2629 4513 gaudium
2673 4445 2881 4499 Domini
2911 4446 2991 4500 sui
3023 4445 3236 4517 (Matth.
3285 4461 3414 4511 xxv,
3442 4445 3554 4512 2|),
3591 4454 3654 4498 et

2066 4552 2175 4594 non
2231 4538 2440 4594 timebit
2494 4541 2745 4610 amplius,
2813 4537 2905 4592 sed
2958 4538 3177 4593 habebit
3222 4553 3280 4594 se
3329 4537 3528 4606 optime
3591 4536 3649 4590 iu

2063 4628 2268 4697 optimo
2307 4628 2446 4695 loco,
2482 4630 2712 4686 dicens:
2752 4629 2882 4684 Hice
2932 4629 3131 4700 requies
3157 4646 3270 4682 mea
3310 4629 3368 4681 in
3393 4625 3653 4682 arculum

383 4709 562 4766 Vivam
607 4713 744 4770 ﬁeri.
777 4717 885 4772 Fac
915 4734 1000 4776 me
1026 4722 1078 4776 in
1105 4733 1196 4779 tuo
1215 4737 1504 4797 conspectu
1535 4743 1631 4784 cor
1662 4730 1958 4788 οοηιι-ίιυιη
2060 4719 2242 4774 saeculi
2269 4736 2290 4774 :
2316 4721 2399 4774 hic
2428 4721 2692 4787 habitabo,
2712 4722 2960 4792 quoniam
2982 4721 3112 4791 elegi
3125 4738 3238 4776 eam
3257 4716 3430 4791 (Psal.
3455 4734 3651 4782 cum,

381 4807 440 4856 et
495 4802 837 4862 bumiliatum
894 4825 1108 4882 semper
1152 4813 1372 4884 habere,
1424 4833 1547 4874 cum
1599 4819 1958 4891 lacrymamm

383 4891 733 4952 abundantia.
757 4898 865 4956 Fac
885 4916 971 4956 me
995 4918 1060 4958 ex
1089 4913 1180 4961 tuo
1201 4907 1296 4939 ¹⁹⁸³
1319 4908 1587 4965 desiderio
1613 4910 1738 4966 huic
1760 4913 1960 4970 mundo

387 4985 628 5046 funditus
659 4993 952 5063 exstingui,
983 5005 1038 5050 et
1061 5001 1453 5056 transeuntium
1500 5017 1679 5057 rerum
1715 5004 1961 5060 oblivisci

382 5091 495 5147 prae
521 5081 892 5150 magnitudine
923 5084 1136 5143 timoris
1173 5096 1229 5142 et
1257 5090 1458 5145 amoris
1498 5092 1594 5155 tui,
1625 5107 1798 5163 usque
1824 5093 1961 5150 adeo

2064 4811 2177 4883 M).
2216 4811 2283 4866 Et
2309 4813 2437 4868 illud
2471 4831 2484 4867 :
2519 4814 2773 4868 Dominus
2802 4813 2926 4881 regit
2956 4830 3037 4867 me
3058 4825 3107 4868 et
3135 4813 3265 4868 nihil
3285 4812 3414 4866 mihi
3436 4811 3598 4864 deerit
3627 4825 3649 4863 :

2061 4901 2252 4958 inloco
2289 4920 2498 4974 pascua:
2529 4905 2598 4958 ibi
2621 4921 2700 4958 me
2727 4902 2998 4958 collocavit
3032 4900 3202 4972 (Psal.
3232 4919 3367 4968 xxu,
3396 4902 3470 4972 1).

2134 4994 2316 5050 Dulcis
2329 4994 2564 5060 Christe,
2578 4994 2872 5057 boneJesu,
2893 4995 3037 5064 reple
3076 5008 3307 5064 semper,
3326 5009 3531 5065 quaeso,
3545 5008 3650 5048 cor

2063 5087 2228 5158 259
2273 5103 2448 5143 meum
2479 5087 2902 5159 inexstinguibili
2927 5087 3214 5143 dilectione
3243 5096 3355 5154 tua,
3383 5086 3648 5141 continua

1679 5225 1912 5282 VARle
1955 5222 2356 5282 LECTIONES.

569 5329 653 5416 ξω
680 5333 786 5390 tuis
811 5333 1061 5416 laudibus
1108 5333 1264 5416 Sent.“
1283 5347 1330 5416 et
1371 5337 1520 5416 Aug._
1551 5353 1636 5394 me
1663 5339 1714 5392 in
1739 5340 1854 5416 tuis
1886 5339 2134 5416 laudibus
2212 5337 2686 5416 “"__l_nfa__tigabi_l_is
2726 5334 3290 5416 Som.__infrangibilis_
3357 5333 3450 5416 ff“
3486 5332 3645 5415 (ζωιο

378 5406 520 5479 terra
564 5400 700 5472 Aug.
748 5405 916 5479 omitt.
961 5405 1100 5479 cmlo
1175 5406 1264 5437 “"9
1303 5400 1590 5479 Acceptior
1627 5424 1686 5464 es
1716 5409 1853 5479 Aug.
1907 5409 2127 5464 cbarior
2162 5424 2221 5463 es
2296 5409 2387 5441 ¹²⁶⁰
2428 5400 2524 5462 Τιῖ
2547 5411 2676 5464 mihi
2703 5409 2989 5464 amabilior
3023 5400 3160 5477 Atth
3198 5406 3290 5462 sed
3325 5404 3489 5479 etiam
3522 5406 3645 5472 ipso

375 5469 512 5557 ccelo
532 5479 600 5557 _ct_
622 5469 872 5557 omnibus
906 5491 1026 5544 qua:
1049 5477 1101 5530 in
1138 5489 1203 5531 eo
1223 5486 1348 5557 sunt
1371 5486 1426 5531 tu
1450 5469 1999 5557 miliiacceptabilior
2076 5480 2164 5511 ¹²⁵¹
2207 5479 2582 5557 lmmoampre
2612 5479 2746 5557 Aug:
2781 5479 2889 5533 imo
2926 5479 3028 5557 nisi
3067 5469 3296 5557 amaret
3323 5469 3642 5557 ""nguauv

377 5543 487 5628 Elim
515 5539 686 5628 debeo
720 5541 863 5628 Sent:
895 5539 949 5599 ei
983 5555 1250 5628 quantum
1267 5547 1461 5628 dgbeo_
1509 5549 1600 5628 ‘_'”
1641 5549 1717 5613 Ex
1743 5539 1855 5606 ioto
1894 5552 2026 5621 Aug.
2059 5565 2124 5606 cx
2171 5559 2260 5608 tuo
2338 5550 2429 5584 ¹²¹⁵⁸
2474 5550 2663 5622 lgnitia
2695 5539 2842 5606 30m.
2893 5558 2941 5604 et
2981 5549 3115 5615 Aug.
3170 5545 3332 5628 ignita
3412 5539 3503 5576 "”
3545 5544 3637 5599 lu-

378 5605 528 5660 fn'ma
563 5609 796 5666 habeant
822 5611 965 5670 Sent.
997 5605 1043 5671 ἐι
1079 5615 1212 5688 Aug.
1239 5616 1420 5674 inﬁma
1446 5619 1679 5676 habeant
