3906 6058
256 243 359 298 897

1703 234 2110 296 ORATIONES.

3424 247 3528 304 898

260 353 635 411 recordatione
658 360 779 419 tua;
818 353 954 412 adeo
971 360 1028 407 ut
1044 351 1409 409 sucutﬁamma
1424 366 1589 409 urens
1604 359 1748 410 totus
1763 370 1850 410 ar-
1876 358 1926 419 Α
1956 352 2226 418 deﬁciam,
2257 361 2310 409 te
2332 350 2604 419 trahente,
2628 358 2681 408 te
2706 350 2936 408 ducente
2961 366 3048 409 me
3071 362 3379 412 currentem
3412 360 3527 426 ⁸⁸⁸⁸,

261 448 418 502 deam
470 446 523 500 in
567 444 643 500 tui
686 444 1233 509 amoris'dulcedine,
1276 458 1435 514 quem
1473 452 1528 500 et
1559 443 1662 475 κη’
1689 457 1844 513 aquae

259 536 445 592 multa:
473 536 526 592 in
551 551 637 591 me
663 551 939 606 nunquam
964 536 1172 606 possint
1198 536 1567 607 exstinguere.
1595 535 1705 591 Fac
1732 550 1841 603 me,

257 627 572 684 dulcissime
617 627 884 693 Domine,
944 642 1131 683 amare
1195 635 1281 693 te,
1333 635 1388 682 et
1434 625 1706 683 desiderio
1752 634 1844 683 tuo

256 720 533 792 deponere
568 720 780 791 pondus
819 720 1060 776 omnium
1105 718 1405 775 carnalium
1451 718 1841 774 desideriorum

252 820 313 867 et
338 820 680 867 terrenarum
719 809 1284 882 concupiscentiarum
1312 810 1690 882 gravissimam
1726 824 1842 864 sar-

253 902 456 969 cinam,
488 917 609 972 qua:
652 903 972 973 impugnant
1012 912 1067 959 et
1095 910 1392 975 aggravant
1431 902 1686 957 miseram
1716 901 1839 956 ani-

254 1010 401 1050 mam
439 1010 617 1049 meam
660 1002 773 1050 :ut
820 1003 943 1064 post
993 1002 1044 1048 te
1087 994 1339 1064 expedite
1385 994 1439 1048 in
1488 993 1698 1048 odorem
1747 992 1838 1024 "'7

262 1093 651 1155 unguentorum
692 1094 901 1139 tuorum
938 1099 1163 1141 currens
1191 1083 1367 1156 (Cant.
1402 1099 1442 1150 l,
1468 1083 1544 1153 5),
1575 1096 1745 1152 usque
1773 1083 1840 1137 ad

256 1182 366 1229 tum
412 1174 830 1244 pulchritudinis
879 1174 1143 1230 visionem
1192 1173 1488 1229 efﬁcaciter
1535 1172 1836 1238 satiandus,

254 1265 582 1333 quantocius
620 1275 674 1321 te
702 1280 921 1336 quoque
960 1265 1098 1320 duce
1137 1280 1349 1320 merear
1378 1264 1678 1333 pervenire.
1723 1264 1873 1319 Duo~

254 1358 399 1411 enim
431 1372 666 1426 amores,
697 1356 836 1411 alter
860 1357 1057 1419 bonus,
1090 1354 1229 1410 alter
1248 1354 1457 1420 malus;
1483 1354 1620 1410 alter
1641 1355 1835 1423 dulcis,

253 1447 395 1502 alter
424 1462 665 1512 amarus,
697 1462 805 1502 non
836 1461 895 1501 se
924 1444 1085 1503 simul
1122 1445 1175 1498 in
1207 1460 1314 1499 uno
1345 1444 1567 1514 capiunt
1594 1455 1835 1515 pectore.

252 1538 321 1593 Et
351 1539 471 1594 ideo
500 1539 546 1593 si
580 1539 701 1609 quis
727 1546 922 1607 praeter
951 1546 1003 1592 te
1032 1535 1174 1590 aliud
1204 1535 1400 1606 diligit,
1429 1551 1535 1592 non
1556 1546 1640 1591 est
1660 1536 1839 1591 chari-

254 1639 340 1685 tas
382 1640 496 1695 tua,
526 1628 691 1693 Deus,
732 1630 785 1683 in
818 1644 904 1693 eo,
950 1642 1103 1682 amor
1136 1625 1465 1691 dulcedinis,
1514 1635 1570 1681 et
1612 1626 1837 1682 dulcedo

1946 445 2105 501 trahe
2117 458 2181 501 os
2195 443 2432 499 sitientis
2450 452 2499 499 te
2528 442 2724 499 anima:
2750 443 2805 499 in
2832 458 3066 516 superna
3090 445 3289 503 ﬂuenta
3312 458 3529 507 aeterna:

1945 533 2225 593 satietatis
2274 551 2289 588 :
2334 533 2444 589 imo
2489 534 2646 590 trahe
2687 548 2773 589 me
2808 534 2875 590 ad
2909 543 2960 590 te
3003 534 3206 591 fontem
3237 538 3436 607 vivum,
3469 553 3530 596 ut

1946 627 2071 684 inde
2103 628 2193 659 ¹¹⁶¹
2230 640 2330 698 pro
2355 636 2515 699 captu
2543 642 2663 683 meo
2691 627 2873 683 bibam
2904 629 3047 685 unde
3076 644 3290 701 semper
3324 633 3524 701 vivam,

1929 720 2087 799 Deus
2114 733 2289 784 meus,
2321 719 2433 773 vita
2458 733 2597 773 mea.
2623 716 2702 773 Tu
2727 718 2871 773 enim
2894 719 3077 775 dixisti
3098 736 3195 777 ore
3226 731 3319 779 tuo
3339 734 3529 781 sancto

1942 818 1999 864 et
2028 809 2312 866 benedicto
2351 826 2365 864 :
2417 808 2480 866 Si
2520 810 2638 880 quis
2683 810 2815 876 sitit,
2863 812 3034 866 veniat
3064 813 3134 867 ad
3166 830 3247 869 me
3290 824 3337 868 et
3387 815 3526 870 bibat

1944 899 2127 971 (Joan.
2151 917 2249 966 vn,
2274 900 2387 972 57).
2420 900 2565 957 Fons
2588 901 2734 968 vitae,
2762 902 2828 956 da
2860 903 3064 959 sitienti
3092 906 3287 961 animae
3312 921 3530 977 semper

1940 992 2130 1049 bibere
2178 1008 2246 1049 ex
2292 1002 2366 1061 te,
2417 1002 2477 1047 ut
2522 995 2820 1049 secundum
2865 1005 3108 1052 sanctam
3144 1008 3199 1053 et
3230 994 3525 1056 veridicam

1940 1086 2356 1155 promissionem
2419 1097 2585 1149 tuam,
2640 1087 2706 1143 de
2759 1096 2949 1143 ventre
2990 1104 3111 1145 meo
3155 1089 3326 1145 ﬁuant
3372 1108 3527 1162 aqua:

1940 1178 2085 1232 vitae.
2118 1176 2263 1233 Fons
2304 1177 2449 1243 vitae,
2501 1176 2648 1246 reple
2691 1185 2925 1233 mentem
2971 1193 3145 1233 meam
3179 1190 3408 1235 torrente
3438 1198 3528 1237 ro-

1939 1265 2158 1337 luptatis
2206 1278 2311 1322 tua:
2358 1266 2532 1336 (Psal.
2578 1284 2743 1334 xxxv,
2784 1268 2862 1339 9),
2895 1278 2950 1324 et
2984 1269 3192 1325 inebria
3221 1287 3317 1327 cor
3345 1287 3525 1327 meum

1940 1359 2126 1415 sobria
2154 1358 2425 1415 ebrietate
2452 1360 2657 1415 amoris
2690 1360 2767 1414 tui
2793 1376 2808 1425 ;
2838 1369 2895 1415 ut
2922 1360 3215 1417 obliviscar
3240 1378 3360 1432 quae
3385 1378 3526 1419 vana

1938 1455 2067 1503 sunt
2108 1456 2162 1502 et
2206 1456 2444 1513 terrena,
2511 1454 2567 1502 et
2612 1456 2665 1502 te
2713 1447 2887 1502 solum
2930 1448 3133 1520 jugiter
3178 1451 3406 1511 habeam
3467 1451 3522 1505 in

1940 1537 2206 1593 memoria
2232 1551 2369 1599 mea,
2405 1536 2545 1592 sicut
2575 1538 2837 1607 scriptum
2884 1548 2967 1594 est
2996 1557 3009 1593 :
3047 1539 3250 1594 Memor
3278 1541 3357 1608 fui
3402 1540 3522 1606 Dei,

1939 1638 1985 1683 et
2008 1628 2293 1683 delectatus
2328 1646 2442 1683 sum
2472 1628 2644 1699 (Psal.
2678 1645 2858 1693 LXXVI,
2892 1630 2969 1700 4).

253 1720 484 1783 amoris,
506 1734 672 1775 amor
710 1736 813 1774 non
857 1718 1133 1784 crucians,
1178 1720 1273 1775 sed
1323 1718 1628 1779 delectans;
1681 1731 1837 1771 amor
1868 1700 1910 1760 Β
2009 1722 2087 1775 Da
2116 1721 2250 1775 mihi
2285 1720 2547 1790 Spiritum
2576 1731 2826 1777 sanctum
2858 1730 3034 1787 tuum,
3062 1737 3222 1791 quem
3247 1724 3522 1792 signiﬁca-

250 1809 468 1864 sincere
498 1822 551 1864 et
578 1818 726 1863 caste
758 1823 1082 1878 permanens
1110 1809 1202 1841 ¹²⁸⁸
1233 1809 1287 1863 in
1318 1808 1574 1864 saeculum
1617 1807 1832 1874 saeculi;

250 1914 410 1953 amor
436 1898 525 1967 qui
556 1912 771 1969 semper
792 1899 970 1963 ardes,
999 1914 1273 1969 nunquam
1296 1898 1685 1969 exstingueris.
1712 1899 1839 1953 Dul-

249 1990 331 2046 cis
354 1989 591 2057 Christe,
623 1993 764 2045 bone
781 1988 932 2056 Jesu,
949 1990 1206 2054 Charitas,
1236 1991 1374 2045 Deus
1398 2005 1570 2056 meus,
1599 1991 1839 2046 accende

254 2090 342 2139 me
372 2091 545 2138 totum
578 2084 702 2153 igne
748 2092 861 2148 tuo,
894 2098 1080 2139 amore
1117 2068 1232 2151 tuo,
1269 2083 1535 2139 suavitate
1568 2092 1623 2139 et
1654 2083 1838 2140 dulce-

252 2175 379 2233 dine
410 2187 528 2244 tua,
563 2176 903 2249 jucunditate
925 2185 981 2233 et
1026 2176 1385 2233 exsultatione
1414 2186 1527 2246 tua,
1561 2177 1838 2249 voluptate

248 2277 307 2323 et
330 2270 769 2339 concupiscentia
793 2277 900 2333 tua,
937 2284 1059 2340 quae
1087 2278 1276 2327 sancta
1306 2279 1390 2326 est
1418 2279 1472 2326 et
1499 2270 1663 2339 bona,
1687 2281 1837 2328 casta

249 2368 305 2417 et
340 2362 563 2429 munda,
598 2362 888 2434 tranquilla
922 2370 1007 2418 est
1043 2372 1098 2418 et
1127 2376 1351 2430 secura;
1387 2371 1447 2418 ut
1477 2371 1622 2419 totus
1654 2363 1838 2420 dulce-

251 2456 379 2513 dine
403 2461 603 2513 amoris
628 2457 702 2513 tui
737 2457 948 2528 plenus,
984 2464 1129 2512 totus
1169 2453 1386 2513 ﬂamma
1416 2456 1704 2513 eharitatis
1733 2468 1838 2513 tuae

249 2560 544 2604 succensus
566 2548 783 2621 diligam
811 2557 863 2603 te
885 2547 1056 2603 Deum
1080 2561 1259 2602 meum
1278 2562 1345 2602 ex
1369 2556 1479 2603 toto
1505 2547 1669 2604 corde
1689 2562 1834 2614 meo,

251 2641 485 2711 totisque
510 2640 759 2710 medullis
783 2639 1210 2711 praecordiorum
1242 2655 1509 2705 meorum,
1543 2639 1753 2695 habens
1784 2648 1836 2694 te

251 2727 306 2783 in
329 2731 510 2797 corde,
543 2728 599 2784 in
626 2744 742 2797 ore,
773 2739 828 2785 et
849 2745 960 2801 pra:
1002 2730 1176 2788 oculis
1216 2730 1356 2787 meis
1384 2743 1602 2799 semper
1630 2737 1689 2785 et
1716 2728 1836 2783 ubi-

251 2835 379 2892 que,
423 2822 497 2877 ita
542 2830 602 2877 ut
640 2822 820 2878 nullus
860 2830 1043 2894 pateat
1079 2823 1134 2878 in
1177 2838 1266 2880 me
1306 2822 1458 2879 locus
1514 2820 1838 2877 adulterinis

249 2916 547 2970 amoribus.
578 2914 743 2982 Audi,
770 2915 911 2971 Deus
942 2932 1118 2984 meus,
1166 2915 1314 2984 audi,
1343 2915 1519 2969 lumen
1562 2914 1835 2969 oculorum

248 3023 481 3061 meorum
500 3006 672 3077 (Psat.
690 3023 901 3075 xxxvn,
935 3008 1046 3081 ll),
1076 3009 1201 3064 audi
1225 3024 1346 3079 qua:
1369 3018 1525 3080 peto;
1551 3017 1605 3064 et
1627 3010 1694 3065 da
1716 3024 1837 3079 quae

250 3108 457 3169 petam,
495 3109 556 3154 ut
600 3100 791 3155 audias
828 3116 935 3155 me.
969 3098 1067 3155 Pie
1097 3107 1153 3155 et
1192 3098 1700 3155 misericordissime
1727 3098 1834 3155 Do-

252 3190 421 3255 mine,
452 3204 518 3244 ne
553 3188 805 3245 elﬁciaris
829 3190 959 3245 mihi
985 3188 1338 3245 inexorabilis
1367 3199 1591 3260 propter
1610 3196 1835 3259 peccata

251 3293 397 3343 mea,
439 3280 533 3333 sed
572 3292 791 3350 propter
834 3279 1135 3335 bonitatem
1185 3290 1331 3333 tuam
1384 3281 1600 3351 suscipe
1645 3294 1837 3351 preces

251 3369 393 3425 servi
423 3371 521 3437 tui,
547 3380 603 3426 et
623 3371 689 3425 da
721 3371 851 3426 mihi
890 3369 1142 3427 eﬁ‘cctum
1169 3371 1447 3442 petitionis
1475 3384 1608 3425 meae
1650 3380 1705 3424 et
1746 3370 1839 3426 de-

253 3461 437 3516 siderii
486 3461 591 3517 mei
636 3462 1023 3528 intercedente,
1056 3473 1113 3518 et
1157 3472 1372 3531 orante,
1417 3472 1474 3518 et
1512 3463 1837 3532 impetrante

254 3552 488 3623 gloriosa
529 3552 739 3625 virgine
794 3552 1058 3626 genitrice
1094 3564 1183 3609 tua
1216 3554 1409 3622 Maria,
1439 3553 1660 3610 domina
1690 3568 1833 3624 mea,

254 3660 378 3702 eum
401 3644 652 3703 omnibus
680 3647 884 3703 sanctis
915 3646 1039 3701 tuis.
1073 3646 1268 3700 Amen.

743 3737 1000 3794 ORATIO
1036 3737 1202 3794 XVIII
1242 3737 1357 3794 “5'.

844 3844 912 3883 AD
946 3844 1237 3885 CHRISTUH.

383 3919 548 3987 Quem
572 3935 737 3974 unum
768 3920 932 3975 esurit
960 3930 1008 3975 et
1028 3921 1136 3976 sitit
1168 3921 1347 3975 anima
1381 3917 1705 3975 Christiana.

326 4010 455 4066 Jesu
480 4012 728 4078 Domine,
756 4009 883 4068 Jesu
911 4012 1019 4082 pie,
1051 4012 1144 4083 qui
1178 4012 1316 4069 mori
1345 4011 1597 4083 dignatus
1617 4024 1676 4065 es
1713 4024 1840 4081 pro-

257 4112 383 4175 pter
428 4112 651 4173 peccata
694 4111 905 4170 nostra,
941 4114 997 4158 et
1025 4102 1373 4158 resurrexisti
1400 4109 1619 4173 propter
1639 4098 1839 4170 justiti-

255 4192 528 4248 cationcm
559 4192 752 4257 nostri,
782 4206 912 4262 rogo
948 4200 1000 4247 te
1028 4205 1126 4262 per
1157 4190 1447 4263 gloriosam
1486 4187 1838 4245 resurrectio-

256 4299 380 4341 nem
424 4293 592 4350 tuam,
638 4285 899 4340 resuscita
946 4299 1032 4339 me
1074 4285 1141 4340 de
1190 4283 1440 4354 sepulcro
1487 4282 1744 4338 vitiorum
1786 4291 1841 4337 et

1940 1815 2073 1869 bant
2102 1814 2207 1869 illae
2239 1830 2411 1885 aquae,
2447 1829 2584 1884 quas
2617 1814 2927 1870 sitientibus
2958 1816 3209 1870 daturum
3238 1825 3288 1870 te
3321 1818 3525 1886 promi-

1938 1920 2109 1960 seras.
2160 1905 2262 1971 Da,
2313 1920 2521 1975 quarso,
2572 1914 2687 1960 toto
2727 1905 3001 1961 desiderio
3043 1917 3099 1961 et
3149 1909 3295 1961 omni
3344 1910 3525 1963 studio

1941 1999 2166 2054 tendere
2198 2013 2307 2068 quo
2347 2008 2399 2053 te
2432 1998 2747 2053 ascendisse
2785 2007 2911 2068 post
2954 2000 3409 2055 resurrectionem
3439 2001 3525 2055 die

1939 2087 2358 2159 quadragesimo
2386 2087 2684 2152 credimus,
2729 2095 2789 2141 ut
2814 2088 2867 2142 in
2900 2090 3151 2157 praesenti
3177 2088 3395 2157 quidem
3426 2090 3525 2143 mi—

1941 2168 2087 2236 se'ria
2118 2178 2235 2235 solo
2266 2187 2455 2233 tenear
2483 2192 2733 2249 corpore,
2775 2186 2953 2235 tecum
2984 2188 3166 2234 autem
3190 2180 3293 2234 sim
3318 2180 3525 2250 cogita-

1939 2273 2085 2330 tione
2104 2286 2321 2342 semper
2338 2280 2393 2328 et
2420 2271 2708 2338 aviditate;
2742 2280 2801 2326 ut
2830 2271 2900 2325 ibi
2920 2272 2987 2325 sit
3013 2289 3105 2325 cor
3128 2288 3324 2337 meum,
3357 2272 3446 2326 ubi
3466 2282 3523 2325 tu

1939 2379 1999 2422 es
2042 2365 2321 2421 thesaurus
2356 2363 2552 2435 (Matth
2614 2379 2691 2430 vt,
2734 2363 2829 2437 21)
2862 2378 3016 2419 meus
3061 2364 3438 2420 desiderabilis
3469 2372 3525 2419 et

1948 2455 2413 2528 incomparabilis,
2446 2455 2783 2526 multumque
2824 2456 3093 2511 amabilis.
3136 2455 3193 2509 In
3232 2456 3334 2510 hoc
3374 2455 3521 2511 enim

1939 2564 2138 2621 magno
2162 2547 2323 2617 hujus
2352 2549 2475 2603 vitae
2509 2545 2733 2613 diluvio,
2765 2546 2857 2602 ubi
2888 2547 3370 2602 circumstantibus
3411 2546 3525 2616 agi-

1942 2649 2124 2696 tamur
2164 2640 2441 2712 procellis,
2491 2650 2547 2697 et
2597 2654 2705 2695 non
2750 2639 3060 2695 invenietur
3103 2637 3210 2693 ﬁda
3257 2638 3441 2704 statio,
3468 2645 3525 2693 et

1940 2731 2092 2787 locus
2127 2731 2470 2795 eminentior,
2501 2730 2591 2785 ubi
2626 2744 2720 2801 pes
2749 2730 3015 2785 columba:
3044 2729 3221 2784 valeat
3257 2728 3523 2799 aliquate-

1939 2838 2043 2878 nus
2062 2818 2438 2893 requicscer'e:
2464 2837 2731 2891 nusquam
2756 2829 2871 2876 tuta
2892 2836 3022 2891 pax,
3045 2836 3308 2890 nusquam
3330 2835 3522 2877 secura

1939 2914 2129 2983 quies;
2177 2915 2377 2985 ubique
2429 2913 2567 2968 bella
2615 2921 2670 2967 et
2711 2913 2854 2979 lites,
2897 2913 3097 2981 ubique
3136 2912 3346 2977 hostes,
3390 2912 3522 2981 foris

1939 3022 2152 3075 pugnat,
2181 3007 2322 3059 intus
2358 3006 2569 3059 timores
2600 3004 2680 3077 (11
2710 3004 2834 3059 Cor.
2864 3020 2958 3071 vn,
2983 3005 3059 3075 5).
3095 3002 3160 3058 Et
3182 3004 3306 3073 quia
3348 3005 3520 3060 altera

1938 3113 2063 3168 pars
2090 3112 2277 3151 sumus
2303 3095 2448 3161 eteli,
2479 3095 2650 3150 altera
2677 3103 2864 3161 terrae;
2899 3111 3087 3163 corpus
3115 3096 3256 3164 quod
3283 3110 3523 3148 corrum-

1935 3189 2099 3257 pitur,
2128 3196 2379 3255 aggravat
2418 3184 2651 3237 animum
2682 3184 2836 3252 (Sep.
2872 3199 2949 3247 ιχ,
2999 3182 3108 3252 I5).
3158 3181 3364 3236 Idcirco
3405 3183 3523 3236 ani—

1936 3295 2059 3337 mus
2089 3293 2259 3341 meus,
2287 3277 2466 3331 socius
2499 3286 2555 3330 et
2590 3276 2798 3329 amicus
2842 3290 3019 3338 meus,
3054 3273 3314 3343 fatigatus
3338 3274 3405 3327 de
3432 3274 3517 3326 via

1937 3370 2163 3425 veniens
2210 3368 2451 3439 languet,
2499 3376 2555 3420 et
2594 3366 2739 3436 jacet
2765 3364 3025 3419 discissus
3051 3373 3214 3433 atque
3244 3363 3522 3418 laceratus

1936 3462 2005 3518 ab
2029 3462 2118 3527 iis,
2138 3476 2279 3533 quas
2304 3459 2720 3529 pet-transierat,
2739 3458 3072 3512 vanitatibus
3097 3475 3110 3511 :
3136 3457 3307 3512 esurit
3328 3465 3382 3510 et
3403 3456 3523 3512 silit

1934 3554 2111 3621 valde,
2141 3563 2197 3609 et
2226 3568 2333 3608 non
2379 3551 2550 3606 habeo
2598 3550 2725 3618 quid
2776 3562 2970 3618 ponam
3019 3557 3144 3602 ante
3194 3546 3365 3612 illum,
3394 3546 3521 3617 quia

1935 3662 2137 3716 pauper
2166 3661 2285 3698 sum
2328 3653 2374 3697 et
2404 3642 2677 3696 mendicus
2704 3636 2879 3709 (Psal.
2906 3652 3100 3703 χχιιι,
3130 3636 3241 3699 18).
3274 3636 3376 3699 Tu,
3410 3636 3519 3690 Do-

1939 3735 2083 3789 mine
2109 3735 2250 3788 Deus
2285 3747 2460 3797 meus,
2493 3732 2643 3787 dives
2675 3730 2919 3784 omnium
2946 3728 3212 3783 bonorum
3235 3738 3292 3783 et
3319 3728 3517 3797 dapum

1938 3838 2188 3893 supernae
2229 3821 2500 3878 satietatis
2537 3818 2947 3889 epulentissime
2994 3818 3239 3888 largitor,
3286 3819 3351 3872 da
3377 3818 3521 3873 lasso

1936 3913 2140 3978 cibum,
2190 3909 2381 3979 collige
2427 3908 2754 3978 dispersum,
2806 3906 3111 3976 redintegra
3152 3906 3402 3960 scissum.
3437 3905 3519 3959 En

1937 4012 2046 4060 stat
2092 4002 2161 4057 ad
2210 4001 2424 4063 ostium,
2476 4008 2523 4052 et
2573 3995 2752 4067 pulsat
2799 3994 2985 4066 (Apoc.
3016 4010 3101 4059 ιιι,
3128 3993 3219 4064 20)
3248 4009 3263 4047 :
3293 3993 3520 4049 obsecro

1936 4114 2029 4168 per
2076 4097 2275 4150 viscera
2313 4091 2691 4146 misericordite
2737 4100 2863 4156 tute,
2908 4089 3098 4159 quibus
3152 4089 3373 4143 visitasti
3425 4104 3519 4142 nos

1939 4188 2111 4243 oriens
2155 4201 2221 4240 ea:
2272 4184 2379 4239 atto
2425 4182 2579 4253 (Luc.
2609 4197 2650 4248 ι,
2683 4180 2796 4251 78),
2842 4180 2992 4250 aperi
3036 4179 3277 4250 pulsanti
3318 4178 3522 4235 misero

1940 4295 2160 4336 manmn
2194 4278 2414 4350 pietatis
2446 4285 2569 4341 tuae,
2613 4282 2667 4329 et
2691 4272 2821 4341 jube
2853 4271 3186 4343 pr0pitiabi|i
3211 4271 3523 4341 dignatione

254 4387 605 4448 peccatorum
637 4391 883 4433 meorum
918 4376 1181 4443 omnium,
1224 4385 1280 4432 et
1323 4375 1389 4430 da
1432 4373 1567 4428 mihi
1598 4373 1841 4443 qu0tidie
1873 4410 1916 4465 Ι)
1941 4382 2001 4427 ιιι
2030 4370 2369 4441 ingrediatur
2397 4368 2464 4422 ad
2508 4376 2581 4430 te,
2620 4363 2928 4433 requiescat
2956 4363 3007 4416 in
3042 4371 3112 4424 te,
3144 4362 3425 4463 reﬁcietur
3454 4362 3524 4416 de

255 4480 469 4541 partem
504 4470 557 4526 in
589 4470 992 4526 resurrectione
1028 4469 1226 4540 prima,
1265 4477 1327 4523 ut
1351 4470 1406 4524 in
1439 4466 1837 4524 resurrectione

259 4572 352 4617 tua
394 4578 609 4618 merear
650 4564 918 4619 veraciter
954 4562 1238 4634 percipere
1270 4562 1594 4633 portionem.
1630 4559 1837 4614 Dulcis-

258 4652 417 4717 sime,
458 4652 870 4722 benignissime,
907 4652 1300 4719 amantissime,
1328 4650 1833 4722 charissime,pre-

261 4744 575 4810 tiosissime,
620 4744 1099 4810 desideratissime,
1145 4742 1557 4809 amabilissime,
1592 4742 1838 4814 pulcher-

258 4834 417 4901 rime,
444 4835 733 4891 ascendisti
755 4835 811 4891 in
838 4835 1034 4891 caelum
1057 4851 1179 4891 cum
1210 4835 1481 4906 triumpho
1502 4834 1684 4906 gloria:
1709 4840 1833 4903 tuae,

259 4940 318 4987 et
364 4931 520 4987 sedes
575 4931 643 4986 ad
693 4929 973 4987 dexteram
1020 4929 1232 4997 Patris;
1286 4944 1385 4985 rex
1438 4930 1834 4999 potentissime,

261 5023 420 5078 trahe
451 5038 538 5078 me
561 5037 775 5079 sursum
806 5022 873 5079 ad
902 5032 973 5092 te,
1005 5031 1064 5078 ut
1085 5038 1302 5079 curram
1336 5035 1450 5097 post
1478 5033 1525 5078 te
1545 5023 1598 5077 in
1625 5022 1838 5077 odorem

262 5123 646 5184 unguentorum
687 5123 899 5169 tuorum
939 5112 1116 5185 (Cant.
1161 5131 1200 5182 ι,
1244 5114 1326 5186 5),
1378 5130 1593 5171 curram
1631 5122 1687 5169 et
1728 5128 1837 5168 non

1945 4472 1998 4517 te
2019 4463 2141 4517 vivo
2165 4460 2480 4527 caelestique
2508 4470 2647 4526 pane
2672 4471 2685 4506 :
2714 4468 2822 4522 quo
2845 4454 3095 4516 satiatus,
3123 4451 3522 4525 resumptisque

1943 4556 2153 4612 viribus
2198 4553 2266 4609 ad
2310 4551 2588 4623 superiora
2619 4545 2972 4611 conscendat,
3013 4552 3070 4600 et
3117 4545 3183 4599 de
3228 4544 3333 4598 hac
3381 4541 3522 4597 valle

1942 4646 2306 4717 Iacrymarum
2343 4642 2523 4713 penna
2562 4639 2735 4697 sancti
2774 4636 3030 4694 desiderii
3074 4642 3284 4707 raptus,
3315 4633 3382 4689 ad
3412 4647 3523 4688 ete-

1944 4741 2099 4795 lestia
2128 4754 2292 4808 regna
2325 4738 2532 4794 volitet.

2017 4834 2293 4897 Assumat,
2338 4829 2584 4896 Domine,
2622 4837 2889 4895 assumat,
2921 4840 3074 4899 rogo,
3114 4824 3339 4896 spiritus
3368 4837 3520 4875 meus

1942 4941 2174 4999 pennas,
2201 4936 2261 4980 ut
2281 4922 2497 4995 aquilas,
2518 4930 2575 4977 et
2602 4920 2788 4977 volitet
2815 4928 2870 4976 et
2893 4933 3000 4976 non
3032 4917 3276 4981 deﬁciat;
3303 4912 3447 4969 volet
3465 4920 3521 4966 et

1943 5020 2228 5093 perveniat
2258 5030 2431 5088 usque
2464 5015 2531 5070 ad
2570 5014 2807 5068 decorem
2853 5013 3042 5067 domus
3093 5020 3221 5072 tute,
3260 5017 3307 5062 et
3345 5004 3519 5057 locum

1950 5112 2287 5167 habitationis
2309 5109 2495 5182 glorite
2543 5116 2649 5161 tute
2682 5102 2859 5175 (Psal.
2892 5118 3019 5170 xxv,
3051 5101 3127 5172 8),
3156 5108 3215 5154 ut
3239 5097 3312 5152 ibi
3356 5106 3520 5167 super

1554 5255 1784 5313 VARIAS
1824 5253 2225 5312 LECTIONES.

338 5367 432 5400 ¹²⁸⁸
468 5367 639 5439 Quem
668 5377 721 5424 et
748 5368 884 5439 Aug.
924 5382 1083 5438 quam
1121 5376 1178 5424 et

267 5437 417 5495 Sam.
432 5508 437 5509 ν
452 5437 718 5509 Casteque
755 5437 1078 5509 permanens

1250 5368 1343 5401 ¹¹⁵⁷
1382 5367 1675 5439 Expeditus
1698 5370 1751 5423 in
1774 5366 1939 5422 odore
1965 5364 2111 5421 Som.
2141 5364 2389 5488 expedite
2432 5364 2487 5419 in
2529 5363 2750 5443 odorem
2826 5357 2919 5435 ¹ξ⁵⁸
2956 5354 3134 5434 Caste,
3194 5357 3517 5429 Ρβτιηθηθζιε

1250 5439 1270 5471 θ
1299 5438 1503 5488 Collata
1541 5448 1616 5488 est
1657 5455 1775 5488 cum
1818 5436 1963 5488 Som.
2008 5435 2175 5488 canite
2249 5436 2301 5488 7.
2347 5444 2395 5488 et
2437 5451 2557 5488 cum
2596 5432 2742 5486 Edtt.
2777 5429 2836 5484 S.
2866 5427 3087 5488 Ληθυεεο
3114 5439 3170 5476 ιη
3205 5419 3295 5472 ML
3326 5415 3509 5488 Μεθάπ-

1179 5439 1270 5471 ¹¹⁵⁹
1299 5435 1503 5493 Collata
1541 5448 1616 5492 est
1657 5455 1775 5492 cum
1818 5436 1963 5491 Som.
2008 5435 2175 5506 capite

2249 5415 2395 5488 ίιῖἶι
2434 5415 2742 5488 stacta.
2777 5429 2836 5484 s.
2855 5424 3087 5495 ‘August.
3114 5415 3295 5495 inﬁ'lib.
3324 5415 3509 5495 _Me_dit.

264 5486 1186 5580 555$'ﬂéfﬁi'iéniﬁhé’iiiéiiimm
1210 5486 2166 5580 gmii'aé',"a"niiiér'ﬁéiagéfé'guéhs,
2183 5486 2236 5559 et
2259 5486 2326 5560 ad
2351 5486 2774 5580 verampacem,
2804 5486 3105 5580 pervenias.
3147 5486 3516 5580 Sept-lt:

265 5565 512 5652 oratione
560 5595 712 5652 mens
750 5565 981 5652 humana
1008 5565 1279 5652 copiosius
1299 5565 1702 5650 compungitur,
1725 5578 1769 5635 si
1800 5565 1851 5633 ἱῖι
1885 5565 2068 5648 quiete
2102 5565 2332 5633 dicatur.
2410 5575 2503 5608 “°°
2542 5565 2625 5630 Me
2648 5565 2952 5629 currentem
2978 5566 3115 5637 Aug.
3145 5576 3235 5619 me
3262 5565 3517 5617 currente

269 5648 360 5680 ¹¹⁶¹
401 5649 467 5704 Et
494 5649 619 5707 inde
643 5651 777 5720 Aug.
806 5665 866 5706 ut
890 5650 1016 5707 inde
