3906 6058
228 201 327 255 9'01

1655 191 2066 250 ORATIONES.

3387 199 3494 256 90?.

229 313 514 368 nissimum
549 321 772 369 statum.
810 311 958 366 Tene
987 324 1082 365 cor
1123 325 1304 365 meum
1335 324 1496 364 manu
1536 319 1646 373 tua,
1678 309 1806 378 quia
1837 317 1882 374 Α
1911 305 2118 375 potenti
2163 303 2383 369 virtute,
2432 314 2488 360 et
2525 307 2605 362 sic
2639 305 2707 363 de
2732 309 2910 378 capite
2940 323 3062 365 meo
3108 309 3247 366 educ
3287 324 3483 381 aquam

235 409 352 460 sine
400 413 450 459 te
481 404 550 458 ad
596 403 790 458 altiora
837 416 944 456 non
1000 403 1232 472 rapitur.
1281 401 1413 457 Illuc
1457 399 1677 466 festino,
1719 399 1812 454 ubi

235 510 451 550 summa
491 509 596 564 pax
640 503 856 564 regnat,
891 501 946 548 et
993 493 1141 564 jugis
1190 491 1558 561 tranquillitas
1606 492 1809 546 rutilat.

243 584 379 640 i‘ene
421 593 479 639 et
523 599 649 654 rege
696 584 948 654 spiritum
1006 599 1212 650 meum,
1242 591 1295 639 et
1323 597 1541 638 assume
1570 582 1719 636 illum
1757 592 1812 636 tu

232 677 530 734 secundum
566 677 920 743 voluntatem,
953 685 1014 731 ut
1045 685 1098 731 te
1134 676 1268 731 duce
1300 674 1556 731 ascendat
1584 675 1636 729 in
1667 675 1812 729 illam

212 770 510 840 regionem
561 768 850 832 ubertatis,
905 767 995 822 ubi
1043 767 1224 838 pascis
1267 766 1435 822 Israel
1467 767 1521 821 in
1551 775 1813 821 aeternum

209 861 426 932 pabulo
447 859 714 926 veritatis,
729 867 790 914 ut
816 859 887 914 ibi
911 858 996 914 vel
1020 859 1206 929 rapida
1228 857 1561 929 cogitatione
1581 857 1817 927 attingat

234 959 286 1004 te
331 963 605 1004 summam
662 947 986 1018 sapientiam
1033 961 1198 1018 super
1242 945 1426 1002 omnia
1476 952 1810 1010 manentem,

232 1050 427 1094 cuncta
485 1047 883 1102 transeuntem,
921 1046 977 1092 et
1024 1037 1206 1092 omnia
1258 1037 1673 1108 gubernantem.
1705 1033 1814 1089 Sed

235 1131 481 1184 volitanti
515 1130 582 1183 ad
616 1139 668 1186 te
715 1130 910 1185 anima:
954 1128 1120 1183 multa
1164 1136 1290 1182 sunt
1321 1143 1441 1196 quae
1469 1128 1812 1196 obstrepunt.

215 1221 392 1276 iussu
450 1230 564 1286 tuo,
611 1221 858 1283 Domine,
888 1220 1259 1275 conticescant
1288 1218 1419 1272 mihi
1454 1218 1660 1274 omnia.
1693 1217 1812 1288 Ipsa

232 1310 336 1364 sibi
389 1312 570 1366 anima
625 1325 744 1365 mea
799 1309 978 1374 sileat,
1021 1308 1203 1363 omnia
1234 1316 1604 1379 pertranseat,
1631 1307 1815 1363 omnia

234 1417 355 1470 qua:
383 1411 568 1457 creata
601 1411 726 1456 sunt
752 1400 1099 1456 transcendat
1128 1415 1159 1455 a
1189 1415 1248 1456 se
1267 1409 1322 1455 et
1341 1400 1621 1470 perveniat
1647 1401 1712 1456 ad
1741 1408 1812 1466 te,

229 1504 397 1563 atque
423 1495 475 1548 in
507 1503 558 1547 te
588 1494 704 1549 solo
729 1493 989 1550 Creatore
1017 1494 1258 1548 omnium
1288 1493 1476 1548 oc'ulos
1503 1492 1626 1548 ﬁdei
1662 1494 1812 1564 ligat,

235 1585 327 1640 libi
357 1586 546 1649 inhiet,
573 1587 664 1642 tibi
689 1587 950 1653 intendat,
979 1595 1029 1641 te
1056 1586 1365 1652 meditetur,
1393 1592 1446 1642 te
1470 1587 1806 1657 contemple-

1914 397 2255 461 immensam,
2285 405 2342 452 et
2373 397 2440 452 de
2479 398 2650 454 oculis
2693 399 2828 455 meis
2863 415 3050 455 verum
3086 399 3291 457 fontem
3322 402 3498 475 lacry-

1917 502 2128 540 marum
2151 486 2356 556 jugiter
2391 498 2728 553 manantem,
2751 504 2817 544 ex
2847 491 3016 546 nimio
3045 491 3240 548 all'ectu
3272 502 3328 549 et
3348 495 3494 549 desi-

1914 579 2068 634 derio
2102 579 2330 634 visionis
2356 580 2774 648 pulchritudinis
2811 590 2935 648 tuae,
2969 593 3029 638 ut
3074 583 3284 654 lugeam
3317 586 3406 641 die
3434 602 3498 642 ac

1914 678 2094 735 nocte,
2128 669 2328 724 nullam
2365 671 2419 724 in
2452 673 2706 740 prtescnti
2739 675 2847 727 vita
2878 675 3145 745 recipiens
3175 677 3496 733 consolatio-

1914 775 2060 827 nem,
2095 761 2270 816 donec
2318 771 2370 816 te
2421 762 2472 816 in
2521 762 2727 818 caelesti
2779 764 3019 821 thalamo
3064 781 3277 822 merear
3318 769 3503 826 videre

1914 851 2169 907 dilectum
2215 861 2271 907 et
2320 853 2746 923 pulcherrimum
2796 856 3063 925 Sponsum
3094 873 3294 923 meum,
3329 858 3500 914 Deum

1913 952 1968 997 et
1997 942 2285 999 Dominum
2318 960 2520 1013 meum,
2551 956 2611 1001 ut
2639 947 2712 1002 ibi
2745 948 2932 1004 videns
2971 949 3291 1018 gloriosam,
3317 951 3496 1006 admi-

1915 1033 2142 1089 rabilem
2172 1043 2226 1090 et
2252 1035 2680 1105 pulcherrimam
2711 1037 2905 1093 faciem
2942 1050 3110 1103 tuam,
3144 1042 3292 1096 omni
3322 1042 3500 1097 dulce-

1914 1124 2042 1180 dine
2094 1125 2330 1196 plenam,
2385 1143 2508 1183 cum
2558 1128 2626 1184 iis
2683 1145 2820 1199 quos
2873 1130 3105 1200 elegisti,
3162 1133 3501 1202 maiestatem

1917 1224 2060 1270 tuam
2109 1216 2335 1288 supplex
2387 1220 2632 1286 adorem,
2681 1229 2736 1275 et
2780 1220 2888 1276 illic
2927 1224 3145 1278 tandem
3186 1224 3394 1279 coclesﬁ
3443 1234 3500 1278 et

1918 1307 2180 1363 ineﬂ‘abili
2263 1309 2504 1380 repletus
2577 1311 2751 1380 jubilo
2836 1322 3054 1368 aeternae
3114 1315 3499 1370 exsultationis

1913 1397 2214 1453 exclamem
2245 1414 2369 1454 cum
2410 1401 2760 1470 diligentibus
2804 1410 2880 1467 te,
2930 1404 3157 1458 dicens:
3188 1405 3328 1460 Ecce
3355 1405 3498 1475 quod

1916 1488 2200 1558 concupivi
2233 1490 2345 1560 jam
2369 1491 2546 1556 video,
2578 1493 2719 1562 quod
2750 1494 2959 1563 speravi
2981 1494 3092 1561 jam
3113 1502 3307 1561 teneo,
3348 1496 3492 1566 quod

1918 1578 2222 1634 desideravi
2270 1578 2381 1648 jam
2411 1580 2609 1637 habeo.
2643 1582 2722 1636 Illi
2756 1599 2991 1654 namque
3019 1585 3070 1639 in
3098 1570 3254 1641 caelis
3276 1585 3499 1655 junctus

231 1687 345 1743 tur,
372 1687 423 1733 te
456 1678 560 1733 sibi
586 1687 710 1733 ante
739 1678 930 1735 oculos
963 1686 1150 1749 ponat,
1179 1687 1231 1735 te
1258 1678 1360 1734 sub
1389 1680 1552 1734 corde
1571 1679 1816 1736 revolvat
1846 1674 1891 1734 Β
1917 1686 2036 1727 sum
2064 1686 2222 1740 quem
2253 1672 2305 1726 in
2340 1673 2499 1728 terris
2528 1675 2737 1744 positus
2771 1683 2885 1730 tota
2925 1676 3128 1731 virtute
3172 1677 3356 1744 dilexi,
3389 1687 3498 1732 tota

233 1786 422 1826 verum
476 1780 531 1828 et
574 1787 846 1828 summum
900 1772 1122 1838 bonum,
1167 1779 1224 1827 et
1269 1771 1525 1842 gaudium
1553 1771 1672 1828 sine
1705 1772 1814 1829 line

232 1866 567 1916 mansurum.

305 1951 485 2008 Multa:
512 1953 746 2023 denique
771 1962 900 2010 sunt
923 1955 1430 2024 contemplationes,
1468 1953 1664 2026 quibus
1688 1956 1810 2010 ani-

234 2058 325 2099 ma
359 2044 552 2098 devota
587 2045 684 2100 tibi
739 2044 1064 2101 mirabiliter
1109 2045 1372 2115 pascitur,
1420 2045 1516 2100 sed
1565 2045 1619 2100 in
1667 2044 1810 2100 nulla

235 2149 426 2189 earum
461 2134 533 2188 ita
575 2133 876 2190 delectatur
903 2143 959 2189 et
985 2135 1279 2204 requiescit
1308 2134 1493 2189 anima
1527 2149 1647 2190 mea
1673 2134 1813 2189 sicut

234 2227 289 2280 in
325 2235 398 2291 te,
427 2234 484 2280 et
517 2225 734 2296 quando
775 2234 829 2282 te
858 2225 1030 2282 solum
1062 2224 1268 2296 cogitat
1292 2233 1349 2280 et
1393 2224 1809 2295 contemplatur.

233 2315 406 2382 Quam
443 2329 636 2386 magna
683 2314 973 2371 multitudo
1027 2314 1332 2372 dulcedinis
1382 2323 1510 2382 tum,
1564 2315 1809 2381 Domine,

233 2422 400 2476 quam
449 2406 776 2462 mirabiliter
805 2405 1042 2477 inspiras
1079 2406 1336 2462 cordibus
1361 2413 1664 2460 amatorum
1696 2413 1813 2461 tuo-

239 2518 357 2557 rum
385 2502 398 2557 ι
422 2517 581 2572 quam
605 2502 742 2556 mira
770 2500 1013 2556 suavitas
1040 2500 1244 2556 amoris
1273 2499 1370 2564 tui,
1395 2513 1503 2569 quo
1525 2496 1813 2568 perfruun-

239 2604 331 2648 tur
363 2593 437 2648 illi
487 2593 580 2664 qui
629 2591 763 2648 nihil
810 2602 1005 2663 praeter
1027 2600 1078 2647 te
1101 2589 1353 2662 diligunt,
1380 2587 1514 2644 nihil
1539 2594 1807 2658 quaerunt,

239 2685 373 2740 nihil
399 2684 565 2740 etiam
597 2684 843 2756 cogitare
866 2682 1284 2760 concupiscunt!
1327 2681 1536 2748 Felices
1564 2680 1662 2746 illi,
1689 2679 1811 2750 qui-

235 2775 337 2831 bus
389 2783 442 2831 tu
473 2775 622 2830 solus
658 2790 782 2846 spes
822 2789 902 2841 es,
930 2783 986 2830 et
1014 2789 1176 2830 omne
1203 2789 1341 2846 Opus
1382 2787 1572 2828 eorum
1611 2772 1806 2828 oratio.

233 2870 438 2925 Beatus
466 2870 559 2939 qui
604 2869 760 2924 sedet
801 2867 1080 2924 solitarius
1119 2877 1175 2923 et
1219 2875 1386 2933 tacet,
1419 2875 1476 2922 et
1509 2873 1620 2922 stat
1647 2881 1812 2936 super

232 2961 538 3016 custodiam
584 2975 740 3016 suam
765 2957 969 3030 iugiter
1003 2959 1090 3014 die
1123 2973 1189 3015 ac
1232 2967 1414 3024 nocte,
1445 2967 1508 3011 ut
1549 2957 1728 3012 adhuc
1757 2956 1810 3010 in

237 3053 341 3108 hoc
397 3051 573 3123 fragili
631 3050 959 3122 corpusculo
1023 3050 1232 3120 positus
1291 3049 1578 3119 praelibare
1636 3047 1815 3103 valeat

235 3142 582 3211 aliquatenus
624 3141 964 3198 dulcedinem
1030 3149 1200 3196 tuam.
1259 3139 1412 3210 Rogo
1474 3148 1526 3195 te
1574 3153 1675 3210 per
1723 3138 1814 3194 illa

235 3233 517 3291 salutifera
547 3234 768 3290 vulnera
799 3243 912 3301 tua,
958 3248 1078 3304 quae
1108 3248 1301 3304 passus
1339 3247 1400 3288 es
1431 3231 1484 3287 in
1516 3246 1680 3288 cruce
1715 3247 1814 3304 pro

235 3326 412 3383 salute
443 3334 647 3391 nostra,
670 3340 700 3380 e
739 3325 934 3396 quibus
961 3326 1238 3382 emanavit
1264 3324 1355 3380 ills
1383 3323 1658 3394 pretiosus
1687 3339 1816 3380 san-

236 3419 358 3489 guis
399 3432 508 3488 quo
551 3433 739 3473 sumus
787 3417 1070 3488 redempti,
1116 3417 1339 3473 vulnera
1386 3418 1530 3476 hanc
1571 3418 1811 3474 animam

236 3522 413 3562 meam
441 3508 824 3578 peccatricem,
846 3522 946 3578 pro
966 3523 1070 3577 qua
1101 3508 1263 3562 etiam
1295 3509 1432 3565 mori
1456 3509 1708 3580 dignatus
1729 3522 1812 3576 es,

238 3599 462 3655 vulnera
495 3617 616 3658 eam
653 3602 810 3672 igneo
853 3611 908 3656 et
948 3602 1338 3672 potentissimae
1365 3601 1470 3657 telo
1501 3611 1606 3658 tute
1632 3603 1813 3658 nimiae

232 3695 547 3751 charitatis.
606 3693 763 3749 Vivus
809 3706 884 3750 est
925 3697 1063 3750 enim
1109 3712 1278 3750 sermo
1303 3695 1401 3751 Dei
1439 3707 1487 3751 et
1517 3697 1716 3767 amcam,
1765 3705 1812 3750 et

236 3786 614 3854 penetrabilior
642 3789 786 3842 omni
813 3787 990 3858 gladio
1018 3788 1232 3857 ancipiti
1261 3787 1450 3858 (Hebr.
1484 3803 1562 3855 tv,
1596 3788 1706 3857 12).
1732 3787 1812 3843 Tu

237 3880 433 3947 sagitta
481 3880 680 3943 electa,
734 3890 790 3935 et
839 3879 1048 3950 gladius
1087 3879 1431 3935 acutissimus
1477 3880 1568 3950 qui
1617 3881 1813 3935 durum

238 3977 452 4022 scutum
484 3969 703 4023 humani
733 3969 912 4024 cordis
934 3978 1220 4039 penetrare
1256 3976 1345 4024 tua
1373 3969 1613 4039 potentia
1643 3967 1810 4034 vales,

239 4057 453 4129 conﬁge
482 4072 579 4113 cor
618 4074 798 4113 meum
840 4055 1024 4127 jaculo
1082 4059 1157 4112 tui
1206 4059 1427 4121 amoris,
1456 4067 1515 4112 ut
1541 4057 1688 4113 dicat
1719 4057 1812 4112 tlbi

241 4148 422 4202 anima
452 4164 571 4204 mea
598 4168 612 4203 :
643 4149 926 4207 Charitate
955 4160 1042 4204 tua
1069 4148 1352 4204 vulnerata
1384 4165 1527 4215 sum,
1557 4149 1628 4204 ita
1659 4157 1720 4204 ul
1746 4163 1812 4204 ex

237 4240 358 4310 ipso
388 4240 611 4296 vulnere
655 4243 855 4297 amoris
900 4244 978 4298 tui
1028 4244 1318 4299 uberrimae
1359 4241 1527 4297 ﬂuant
1561 4242 1814 4312 lacrymte

1914 1760 2184 1816 charitate
2237 1761 2522 1832 amplexus
2567 1778 2713 1830 sum,
2753 1766 2841 1820 cui
2887 1774 2999 1821 toto
3049 1782 3235 1823 amore
3282 1768 3495 1838 inhaesi,

1913 1847 2088 1917 ipsum
2120 1848 2301 1914 laudo,
2342 1849 2606 1904 benedico
2648 1861 2811 1921 atque
2857 1853 3050 1908 adoro.
3104 1854 3206 1922 Qui
3261 1857 3396 1913 vivit
3441 1866 3497 1912 et

1914 1949 2106 2011 regnat
2129 1941 2269 1996 Deus
2299 1941 2349 1995 in
2385 1941 2582 1996 saecula
2611 1944 2958 2000 szeculorum.
2987 1945 3183 2001 Amen.

2327 2055 2495 2127 ρει
2540 2055 2794 2133 ORATIO
2832 2057 2930 2111 xx
2969 2057 3080 2112 ιω.

2506 2162 2574 2200 ΑΙ)
2601 2162 2706 2202 CRB
2721 2163 2906 2205 ιετωι.

1911 2238 1994 2291 Ad
2005 2237 2386 2293 accendendum
2398 2238 2451 2292 in
2465 2255 2519 2293 se
2529 2255 2756 2294 amorem
2770 2239 2888 2306 Dei,
2901 2249 2948 2294 et
2960 2239 3156 2297 Chriin
3163 2241 3496 2298 desiderium.

1985 2330 2208 2386 Domine
2221 2328 2348 2385 Jesu
2373 2329 2608 2397 Christe,
2632 2332 2930 2403 redemptio
2955 2347 3096 2399 mea,
3129 2335 3496 2391 misericordia

1911 2431 2054 2484 mea,
2091 2417 2239 2474 salus
2273 2431 2415 2484 mea,
2442 2427 2493 2474 te
2527 2419 2708 2486 laudo,
2739 2421 2833 2477 tibi
2867 2423 3071 2493 gratias
3101 2440 3222 2493 ago,
3249 2426 3498 2494 quamvis
3539 2489 3543 2496 ι

1911 2506 2066 2563 valde
2112 2507 2343 2576 impares
2372 2509 2478 2564 tuis
2521 2510 2816 2574 beneﬁciis,
2847 2512 3095 2581 quamvis
3137 2513 3359 2568 multum
3395 2529 3495 2569 ex-
3536 2499 3540 2504 ’

1911 2598 2280 2668 pertesdignaa
2291 2598 2594 2657 devotionis
2611 2601 2722 2667 ωδ,
2743 2603 2988 2672 quamvis
3001 2603 3164 2659 nimis
3177 2620 3388 2662 macras
3403 2607 3494 2638 ¹²⁶³

1913 2703 1945 2744 a
1969 2688 2270 2744 desiderata
2299 2690 2630 2763 pinguedine
2667 2693 2962 2750 dulcissimi
3014 2695 3088 2750 tui
3119 2693 3365 2761 aﬂ'ectus,
3420 2705 3499 2751 ta-

1917 2796 2038 2836 men
2060 2782 2461 2853 qualescunquc
2488 2783 2696 2849 laudes,
2718 2785 3122 2856 qualescunque
3151 2788 3354 2858 gratias
3379 2788 3494 2854 ³²⁶⁶,

1915 2889 2022 2929 non
2054 2875 2240 2944 quales
2265 2875 2376 2931 scio
2404 2891 2490 2931 me
2515 2877 2743 2941 debere;
2777 2877 2871 2932 sed
2902 2877 3041 2932 sicut
3066 2887 3246 2946 potest
3277 2879 3488 2946 conari,

1921 2964 2016 3020 tibi
2065 2965 2322 3036 persolvit
2371 2967 2549 3020 anima
2601 2981 2740 3021 mea.
2791 2965 2926 3035 Spes
2956 2967 3134 3022 cordis
3154 2967 3282 3032 mei,
3323 2969 3498 3025 virtus

1873 3051 1887 3071 ‘
1919 3056 2114 3111 animm
2143 3071 2295 3120 mem,
2321 3056 2580 3110 auxilium
2613 3055 2945 3111 inﬁrmitatis
2961 3057 3494 3128 meae,compleat"”

1919 3158 2008 3204 tua
2048 3147 2418 3217 potentissima
2455 3146 2755 3218 benignitas
2823 3146 2966 3216 quod
2998 3146 3090 3178 ¹¹⁶⁸
3116 3157 3345 3202 conatur
3369 3163 3488 3204 mea

1917 3236 2247 3306 tepidissima
2279 3234 2773 3291 imbecillitas.Vita
2800 3251 2938 3302 mea,
2968 3236 3088 3291 linis
3120 3236 3211 3268 “°°
3237 3237 3493 3292 intentio-

1914 3332 2000 3388 nis
2022 3346 2175 3398 mea’,
2197 3339 2251 3387 et
2271 3330 2314 3384 si
2331 3331 2566 3385 nondum
2591 3329 2761 3384 merui
2796 3339 2845 3385 te
2874 3337 3081 3383 tantum
3109 3329 3219 3394 “7°,
3236 3339 3493 3399 quantum

1915 3424 2126 3481 debitor
2176 3437 2324 3486 sum,
2374 3435 2582 3487 amare;
2635 3421 2825 3491 utique
2895 3419 3086 3475 saltem
3145 3421 3393 3475 desidero
3443 3431 3496 3475 te

1917 3523 2126 3570 tantum
2187 3527 2371 3568 amare
2431 3520 2690 3582 quantum
2762 3512 2932 3566 debeo
2994 3510 3107 3563 “7‘.
3166 3509 3496 3563 Illuminatio

1914 3622 2030 3661 mea
2061 3605 2234 3677 (Psal.
2275 3603 2531 3673 xxv1,i),
2580 3611 2638 3657 tu
2667 3601 2819 3658 vides
2857 3600 3245 3658 conscientiam
3287 3615 3492 3665 meam;

1915 3698 2061 3769 quia,
2085 3697 2328 3758 Domine,
2357 3706 2477 3750 ante
2499 3704 2549 3749 te
2577 3710 2730 3749 omne
2773 3695 3093 3748 desiderium
3130 3708 3322 3758 meum,
3354 3700 3410 3746 et
3439 3700 3493 3746 tu

1915 3789 2107 3851 donas,
2132 3787 2175 3841 si
2207 3786 2335 3855 quid
2381 3786 2517 3840 bene
2545 3784 2660 3840 vult
2691 3784 2870 3839 anima
2903 3798 3021 3839 mea
3057 3784 3170 3836 ⁸⁸⁷³.
3203 3783 3260 3838 Si
3293 3782 3494 3836 bonum

1915 3887 2020 3945 est,
2049 3876 2296 3941 Domine,
2325 3874 2469 3945 quod
2513 3875 2783 3944 inspiras,
2808 3873 2918 3928 imo
2947 3874 3075 3942 quia
3106 3873 3303 3927 bonum
3329 3878 3498 3940 estut

1916 3978 1970 4024 te
1999 3967 2158 4024 velim
2182 3980 2389 4029 amare,
2420 3965 2485 4020 da
2509 3964 2654 4035 quod
2681 3978 2768 4018 me
2791 3962 2928 4017 facis
2949 3962 3103 4018 velle.
3134 3961 3208 4015 Da
3243 3970 3302 4015 ut
3325 3975 3497 4031 quan-

1919 4067 2030 4114 tum
2061 4057 2242 4128 jubes,
2277 4064 2482 4110 tantum
2511 4065 2562 4110 te
2589 4071 2800 4110 merear
2828 4071 3032 4111 amare.
3058 4053 3271 4108 Laudes
3295 4062 3349 4107 et
3372 4065 3496 4121 gra-

1917 4150 2022 4206 tias
2064 4147 2162 4203 tibi
2191 4160 2292 4218 ago
2325 4162 2422 4218 pro
2462 4146 2729 4202 desiderio
2758 4149 2900 4216 quod
2951 4145 3247 4216 inspirasti.
3278 4141 3492 4198 Laudes

1917 4249 1972 4297 et
1996 4253 2184 4312 preces
2211 4238 2399 4305 oﬂ'ero,
2422 4254 2489 4294 ne
2513 4239 2605 4273 "7’
2624 4239 2695 4294 sit
2724 4239 2852 4292 mihi
2879 4239 3078 4294 donum
3130 4246 3282 4292 tuum
3326 4235 3498 4290 infru-

238 4331 328 4385 die
356 4345 422 4386 ac
451 4340 626 4387 nocte.
675 4332 925 4399 Percute,
977 4334 1226 4402 Domine,
1268 4341 1510 4404 percute,
1563 4333 1812 4399 obsecro,
1845 4355 1890 4410 Ῑ)
1916 4341 2182 4400 ctuosum,
2216 4333 2358 4402 quod
2390 4341 2477 4387 tua
2513 4341 2704 4403 sponte
2745 4333 2937 4389 dedisti
2977 4331 3088 4384 “7".
3116 4328 3322 4385 Perﬁce
3351 4327 3495 4397 quod

239 4420 384 4476 hanc
414 4421 756 4478 durissimam
791 4433 1025 4480 mentem
1059 4440 1234 4480 meam
1273 4425 1357 4496 pia
1397 4433 1454 4480 et
1487 4423 1662 4478 valida
1689 4437 1810 4478 cus-

237 4511 365 4581 pide
415 4512 720 4572 dilectionis
771 4524 896 4582 uiae,
937 4524 990 4572 et
1040 4515 1202 4573 altius
1255 4516 1323 4571 ad
1363 4515 1556 4571 intima
1586 4523 1812 4586 penetra

1921 4425 2224 4496 incmpisti,
2256 4432 2314 4479 et
2353 4422 2496 4478 dona
2541 4423 2682 4493 quod
2711 4438 2800 4478 me
2850 4423 3084 4494 benigne
3124 4417 3501 4494 praeveniendo

1920 4514 2248 4571 immeritum
2260 4513 2568 4571 desiderare
2580 4512 3078 4581 fecisti.Converte,
3091 4509 3498 4583 benignissime,

1553 4647 1785 4703 VARUE
1821 4646 2223 4705 LECTIONES.

312 4757 404 4790 ⁸¹⁶³
442 4756 647 4813 Collala
693 4767 767 4812 est
805 4775 922 4812 cum
979 4775 1106 4813 mss.
1170 4757 1303 4813 Tim.
1368 4757 1492 4813 267.
1567 4757 1703 4812 Vict.
1764 4756 1880 4813 RR.
1939 4757 1992 4812 5.
2047 4768 2093 4813 et
2151 4755 2276 4812 KK.
2334 4756 2420 4812 l6.
2494 4755 2648 4812 Corb.
2723 4758 2844 4814 l60.
2920 4759 3043 4814 Bec.
3112 4758 3180 4814 0.
3260 4759 3495 4817 Val-lue.

239 4827 392 4899 Flor.
463 4825 757 4882 Carthasim
819 4827 1170 4899 Portarumi:
1245 4845 1363 4882 cum
1423 4828 1567 4899 Edit.
1613 4826 1758 4882 Som.
1811 4846 1927 4899 cap.
1992 4829 2082 4899 Η.
2154 4830 2292 4882 inter
2352 4827 2632 4899 Augustini
2698 4829 3090 4899 Meditationes.
3175 4829 3256 4885 Ad
3316 4829 3498 4888 Jesum

239 4898 534 4968 Christum,
577 4913 699 4952 cum
749 4898 1092 4953 meditatione
1116 4898 1390 4953 Passionis
1417 4897 1654 4966 ejusdem
1677 4910 1730 4952 et
1771 4897 2204 4968 Res'urrectimois
2233 4913 2297 4968 ac
2318 4897 2840 4968 Ascensionis.ggms.
2888 4898 3024 4953 Thu.
3079 4900 3268 4968 Incipit
3307 4901 3495 4957 Oratio

240 4969 356 5023 sive
381 4967 652 5022 Meditatio
680 4968 745 5020 ad
778 4969 1172 5022 accendendum
1203 4968 1295 5022 Dei
1326 4965 1564 5023 amorem
1593 4968 1644 5021 in
1676 4986 1755 5024 se.
1780 4985 1904 5024 mss.
1943 4967 2076 5022 Vict.
2108 4967 2192 5021 l6.
2241 4967 2396 5021 Corb.
2425 4977 2472 5022 et
2500 4965 2649 5022 Flor.
2683 4967 2959 5024 Meditatio
2990 4969 3058 5023 ad
3094 4965 3492 5026 accendendum

241 5039 295 5092 in
321 5051 386 5108 se
412 5052 650 5093 amorem
684 5037 778 5091 Dei
821 5055 918 5092 ms.
946 5038 1086 5092 Vict.
1114 5039 1167 5092 5.
1199 5037 1475 5108 Qratioﬁad
1511 5039 1806 5108 Christum.
1833 5036 1980 5108 Sam.
2019 5038 2192 5108 oratio
2216 5036 2407 5092 devota
2444 5039 2509 5092 de
2559 5039 2934 5094 recordatione
2980 5040 3244 5108 passionis
3297 5040 3498 5095 Christi

238 5107 338 5139 m‘
377 5108 634 5177 Expertes
678 5108 975 5162 devotionis
1019 5124 1146 5162 mss.
1194 5107 1335 5178 Vict.
1354 5107 1606 5178 Carthus.
1645 5106 1872 5162 Val-Inc.
1903 5107 2054 5162 Flor.
2084 5107 2343 5178 Expertes
2371 5108 2545 5178 digna:
2585 5109 2886 5164 devotionis
2962 5106 3053 5140 “‘5
3094 5109 3349 5174 Quamvis
3381 5125 3499 5164 ma-

239 5192 364 5232 cras
385 5193 507 5232 mss.
539 5179 784 5248 quamvis
806 5178 965 5248 nimis
989 5192 1198 5232 macras
1273 5177 1364 5208 ¹²⁶⁶
1403 5177 1606 5248 Tamen
1644 5178 2048 5247 qualescunque
2081 5177 2284 5246 gratias
2306 5193 2432 5231 mss.
2475 5187 2654 5248 tamen
2676 5179 3078 5248 qualescunque
3113 5179 3319 5243 laudes,
3359 5194 3495 5246 qua-

240 5247 539 5319 lescunque
559 5246 764 5319 gratias
788 5264 885 5302 ms.
913 5246 1190 5319 Titurium:
1211 5248 1358 5301 omit.
1433 5247 1524 5319 _"‘"
1567 5246 1695 5319 Mea:
1715 5246 1980 5319 compleat
2006 5263 2132 5302 mss.
2155 5261 2330 5319 mem,
2358 5247 2648 5319 auxilium
2683 5246 3016 5304 inﬁrmitatis
3056 5264 3186 5303 mea:
3233 5249 3501 5316 compleat

242 5317 339 5350 ³⁸⁸⁸
377 5315 636 5388 Dignitas,
664 5334 771 5388 quo
798 5334 921 5371 mss.
951 5318 1272 5388 benignitas,
1307 5316 1449 5385 quod
1488 5333 1584 5370 ms.
1616 5315 1797 5388 Curtii.
1829 5315 2042 5374 bonitas
2074 5327 2128 5372 et
2153 5317 2478 5388 benignitas,
2509 5318 2653 5387 quod
2730 5319 2822 5352 ¹²⁶⁹
2863 5319 2941 5375 Tu
2977 5320 3085 5373 vita
3115 5335 3254 5382 mea,
3286 5329 3338 5374 tu
3358 5315 3496 5374 linis

240 5404 370 5442 mss.
408 5386 517 5440 vita
551 5386 696 5451 mea,
723 5387 845 5442 ﬁnis
921 5387 1014 5419 ¹²⁷⁰
1054 5386 1218 5443 Merui
1251 5398 1425 5458 tamen
1449 5402 1574 5440 mss.
1608 5387 1780 5458 merui
1822 5396 1871 5441 te
1897 5395 2100 5440 tantum
2178 5387 2267 5419 ¹²⁷¹
2290 5386 2386 5442 “Τε
2409 5386 2593 5444 amare
2622 5398 2884 5458 quantum
2915 5391 3083 5444 debeo
3123 5406 3246 5443 mss.
3293 5401 3344 5443 te
3386 5399 3501 5444 tan-

242 5466 380 5528 tum,
414 5465 673 5527 quantum
703 5458 894 5520 debeo,
925 5473 1108 5512 amare
1185 5457 1274 5488 "7’
1316 5456 1443 5528 rVult
1461 5456 1794 5528 conscientia
1823 5472 1938 5512 mea
1972 5473 2096 5510 mss.
2125 5458 2235 5528 vult
2257 5457 2438 5512 anima
2466 5473 2582 5528 mea
2639 5456 2755 5491 ’¹²⁷³
2795 5459 3009 5514 Gratias
3034 5459 3222 5520 θῆαι-ο,
3267 5476 3332 5513 ne
3367 5475 3493 5515 mss.

241 5527 450 5652 grinias
485 5528 580 5652 tibti
607 5541 704 5598 ago
725 5542 823 5652 pri:
846 5529 1112 5652 deisiélerio
1139 5529 1280 5600 quod
1312 5526 1612 5598 inspirasti,
1644 5526 1827 5583 laudes
1847 5537 1900 5582 et
1923 5542 2111 5598 preces
2137 5527 2322 5596 oll'ero,
2357 5543 2424 5583 ne
2497 5527 2588 5560 “7‘
2629 5528 2740 5583 Tua
2764 5539 3055 5600 spontanca
3083 5530 3278 5587 dedisti
3308 5529 3497 5586 volun-

246 5609 300 5652 ta
329 5613 359 5652 e
394 5614 518 5651 mss.
574 5613 638 5652 ua
667 5613 798 5652 snen
827 5612 856 5652 e
885 5617 902 5652 t
921 5612 948 5652 e
991 5609 1080 5652 lSll

246 5606 359 5652 tate
394 5614 518 5651 mss.
551 5605 638 5652 tua
667 5605 856 5668 sponte
885 5599 1080 5653 dedisti
