3906 6058
463 233 570 290 905

779 228 841 284 S.
869 226 1167 312 ANSELMI
1194 216 1917 282 CANTUAllfARCi-IIEP.
1949 219 2099 279 OPP.
2136 218 2318 276 PARS
2345 219 2414 275 ll.
2460 207 2531 260 4-
2563 218 2931 277 ΡΑΒΔΕΝΕΤ.
2971 217 3060 274 ΕΤ
3098 215 3338 272 ASCET.

3619 217 3738 277 9υό

461 335 644 404 meum
681 353 920 414 teporem
949 343 1040 374 “"
1071 343 1124 395 in
1155 340 1608 396 ferventissimum
1657 339 1732 394 tui
1774 352 2035 394 amorem.
2067 343 2117 402 Α
2141 336 2386 406 erupisse
2412 334 2482 390 de
2513 335 2619 390 tuis
2655 333 3022 406 pudicissimis
3045 332 3237 399 oculis,
3263 345 3387 387 cum
3409 332 3737 392 attenderes

460 441 544 496 Ad
571 439 672 493 hoc
699 437 810 501 ηπ,
840 434 1283 498 clementissime,
1329 433 1502 487 tendit
1539 433 1655 487 haec
1688 431 1864 486 oratio
1892 445 2032 497 mea,

463 533 578 587 lure
607 529 867 585 memoria
895 535 948 582 et
975 527 1256 581 meditatio
1298 523 1682 580 beneﬁciorum
1715 533 1951 589 tuorum,
1981 535 2039 576 ut

463 619 730 675 accendas
758 617 812 670 in
840 631 928 670 me
971 614 1044 669 tui
1084 629 1324 669 amorem
1355 614 1480 667 ⁸³⁷⁷.
1509 613 1622 668 Tua
1655 627 1760 679 me,
1791 611 2036 674 Domine,

462 709 674 764 bonitas
713 708 940 772 creavit,
982 716 1071 760 tua
1114 705 1479 761 misericordia
1511 713 1750 759 creatum
1776 705 1844 760 ab
1870 703 2040 773 origi-

462 803 572 858 nali
628 811 850 872 peccato
901 800 1206 865 mundavit;
1254 809 1341 854 tua
1410 799 1668 870 patientia
1723 810 1843 869 post
1895 797 2039 852 illam

461 893 896 948 emundationem
929 891 1022 922 “7°
1076 889 1358 958 baptismi,
1415 890 1467 943 in
1524 888 1643 942 aliis
1693 897 2038 958 peccatorum

461 983 714 1039 sordibus
757 981 1056 1036 volutatum
1100 981 1190 1020 "7°
1231 981 1493 1034 hactenus
1519 980 1788 1043 toleravit,
1815 981 2042 1034 nutrivit

463 1083 520 1130 et
557 1073 909 1143 exspectavit.
960 1074 1254 1142 Exspectas
1288 1082 1366 1135 tu,
1394 1071 1534 1127 bone
1577 1071 1823 1140 Domine,
1863 1087 2040 1127 meam

462 1165 854 1221 correctionem
881 1164 992 1229 “8°;
1019 1172 1298 1233 exspectat
1327 1163 1506 1217 anima
1533 1179 1653 1219 mea
1681 1165 1748 1220 ad
1777 1163 2043 1220 suliicien-

462 1266 546 1312 ter
570 1255 937 1325 paenitendum
964 1255 1074 1320 “3‘,
1107 1233 1164 1309 et.
1183 1256 1248 1310 ad
1285 1256 1420 1312 bene
1445 1257 1756 1322 vivendum,
1785 1266 1889 1311 tuae
1920 1272 2044 1328 gra-

465 1351 551 1403 tiae
579 1348 1014 1418 inspirationetn.

535 1439 676 1494 Deus
699 1453 851 1493 meus
875 1438 988 1504 ιη’,
1013 1437 1238 1493 Creator
1259 1452 1429 1504 meus,
1456 1436 1712 1490 toleratur
1733 1444 1786 1489 et
1810 1435 2044 1490 nutritor

463 1543 637 1596 meus,
668 1538 775 1582 esto
805 1528 1019 1597 adjutor
1043 1544 1186 1582 meus
1225 1525 1397 1598 (Psal.
1424 1542 1569 1592 xxvi,
1594 1527 1670 1592 9),
1707 1535 1757 1579 te
1781 1526 1907 1580 sitio
1933 1525 2043 1590 ηδ’,

465 1628 517 1672 te
539 1618 738 1682 esurio,
765 1626 816 1671 te
833 1618 1099 1678 desidero,
1116 1617 1182 1669 ad
1203 1627 1252 1670 te
1271 1615 1503 1684 suspiro,
1521 1626 1571 1668 te
1594 1614 2043 1684 concupiscam“.

2143 426 2361 480 unicum
2415 424 2585 480 [ilium
2637 433 2788 479 tuum
2841 424 3180 478 innocentem
3227 436 3413 478 coram
3460 431 3513 476 te
3540 421 3734 492 ligari,

2141 515 2402 586 ﬂagellari
2429 525 2485 571 et
2511 515 2774 572 mactari?
2801 513 2947 582 Quos
2981 513 3136 568 ﬂetus
3175 513 3393 568 credam
3424 513 3518 546 ¹²⁹⁸
3543 515 3736 585 perfu-

2141 607 2285 663 disse
2314 607 2614 675 piissimum
2641 614 2789 661 tuum
2814 604 3042 671 vultum,
3070 619 3193 659 cum
3219 603 3530 673 susciperes
3565 619 3730 660 eum-

2142 700 2265 755 dem
2295 699 2467 754 ﬁlium
2498 707 2647 754 tuum
2684 699 2856 754 Deum
2886 707 2943 754 et
2974 698 3262 753 Dominum
3301 706 3453 752 tuum
3477 699 3529 752 in
3563 713 3735 756 cruce

2142 791 2260 846 sine
2301 790 2458 860 culpa
2488 791 2732 855 extendi,
2771 799 2828 844 et
2857 804 3079 844 carnem
3106 791 3174 844 de
3197 805 3360 846 carne
3391 803 3476 844 tua
3509 791 3583 846 ab
3628 793 3738 856 im:

2143 880 2246 950 piis
2291 879 2586 935 crudeliter
2624 879 2921 934 dissecari?
2965 878 3172 946 Quibus
3215 879 3540 950 singultibus
3579 882 3732 936 aesti-

2144 971 2302 1026 mabo
2339 970 2687 1040 purissimum
2734 979 2920 1040 pectus
2950 981 3099 1024 tuum
3139 982 3394 1026 vexatura
3423 987 3568 1038 esse,
3601 988 3727 1029 cum

2147 1071 2202 1115 tu
2232 1061 2490 1117 audires:
2523 1060 2740 1126 Mulier,
2765 1079 2880 1117 ecce
2915 1063 3061 1132 ﬁlius
3098 1074 3250 1131 tuus;
3290 1073 3345 1120 et
3391 1065 3730 1136 discipulus:

2144 1151 2282 1208 Ecce
2325 1162 2494 1208 mater
2526 1154 2658 1208 tua?
2683 1153 2864 1224 (Joan.
2904 1169 3017 1219 six,
3048 1154 3165 1222 26.)
3201 1155 3336 1211 Cum
3366 1157 3647 1227 acciperes
3677 1158 3727 1212 in

2147 1246 2316 1302 lilium
2344 1247 2666 1317 discipulum
2695 1249 2790 1280 ¹²⁹⁶
2817 1262 2916 1317 pro
2947 1249 3232 1320 magistm,
3256 1262 3472 1303 servum
3501 1265 3605 1320 pro
3629 1252 3730 1306 Do-

2147 1336 2330 1392 mino?
2357 1336 2578 1392 Utinam
2608 1353 2730 1392 cum
2785 1337 2945 1393 felice
2985 1337 3187 1409 Ioseph
3231 1340 3513 1394 Dominum
3549 1357 3728 1397 meum

2147 1428 2212 1482 de
2234 1443 2396 1484 cruce
2420 1429 2809 1499 deposuissem,
2838 1430 3178 1486 aromatibus
3218 1431 3578 1487 eondivissem
3611 1431 3726 1497 ιη’,

2147 1519 2201 1573 in
2253 1503 2501 1588 sepulcro
2547 1520 2921 1587 collocassem,
2963 1529 3055 1575 aut
3100 1521 3291 1576 saltem
3327 1522 3438 1586 ωδ,
3469 1537 3726 1591 prosecu-

2148 1616 2235 1663 tus
2261 1609 2352 1640 ¹²⁸⁹
2391 1624 2589 1674 essem,
2616 1619 2675 1664 ut
2723 1620 2870 1666 tanto
2904 1610 3080 1665 funeri
3113 1626 3218 1666 non
3267 1612 3479 1667 deesset
3517 1613 3720 1682 aliquid

465 1712 533 1766 Et
561 1711 699 1766 sicut
741 1709 973 1779 pupillus
1014 1709 1382 1779 henignissimi
1421 1707 1589 1777 patris
1635 1707 1858 1762 orbatus
1902 1722 2043 1776 prae-
2076 1750 2123 1811 Β
2150 1700 2257 1754 mei
2279 1702 2520 1771 obsequii
2541 1703 2553 1756 l
2577 1702 2793 1758 Utinam
2819 1719 2940 1759 cum
2963 1703 3137 1759 beatis
3163 1705 3479 1760 mulieribus
3501 1719 3726 1762 corusca

467 1803 663 1866 sentia,
715 1801 846 1856 ﬂens
890 1810 946 1855 et
988 1801 1196 1870 ejulans
1248 1800 1582 1854 incessanter
1631 1798 1746 1867 ejus
1795 1799 2042 1854 dilectam

466 1897 658 1950 faciem
709 1903 820 1950 toto
868 1894 1028 1948 corde
1078 1893 1423 1962 amplectitur
1453 1909 1465 1944 :
1491 1892 1569 1946 sic
1599 1899 1654 1944 et
1688 1907 1788 1962 ego
1818 1892 1910 1926 ⁸⁸⁸⁸
1939 1907 2043 1946 non

467 1993 729 2053 quantum
755 1983 945 2047 debeo,
967 1982 1058 2036 sed
1080 1990 1340 2051 quantum
1360 1995 1520 2050 queo,
1549 1995 1756 2036 memor
1779 1981 2046 2050 passionis

467 2084 594 2138 tuae,
626 2088 833 2128 memor
862 2073 1140 2142 alaparum
1175 2080 1410 2138 tuarum,
1442 2086 1651 2127 memor
1689 2070 2043 2142 ﬂagellorum,

467 2181 674 2221 memor
695 2165 890 2232 crucis,
917 2179 1125 2220 memor
1153 2163 1435 2219 vulnerum
1462 2164 1554 2195 ¹²⁸⁶
1579 2173 1816 2228 tuorum,
1841 2178 2046 2218 memor

467 2255 700 2327 qualiter
721 2271 818 2327 pro
839 2271 924 2310 me
945 2257 1158 2312 occisus
1174 2271 1253 2322 es,
1272 2255 1507 2326 qualiter
1527 2255 2047 2325 conditus,qualiter

467 2347 937 2422 sepultushsimul
977 2362 1184 2403 memor
1211 2357 1313 2402 tua:
1343 2346 1588 2418 gloriosae
1633 2345 2046 2402 resurrectionis

467 2449 520 2494 et
550 2438 882 2493 admirabilis
913 2437 1242 2493 ascensionis
1274 2453 1290 2491 :
1324 2439 1440 2492 haec
1476 2436 1771 2492 indubitata
1807 2435 1913 2492 ﬁde
1963 2443 2046 2491 te-

467 2544 592 2597 neo,
623 2527 798 2584 exsilii
829 2528 930 2582 niei
957 2541 1228 2582 aerumnas
1263 2524 1456 2592 deﬂeo,
1489 2540 1649 2594 spero
1682 2525 1756 2580 tui
1782 2525 2048 2580 adventus

467 2620 638 2675 solam
667 2617 1113 2682 consolationem,
1139 2617 1304 2672 ardeo
1331 2616 1422 2648 “9"
1451 2617 1526 2671 tui
1548 2615 1728 2672 vultus
1753 2615 2044 2686 gloriosam

467 2707 996 2777 contemplationem.
1056 2705 1172 2762 Heu
1227 2705 1383 2770 mihi,
1432 2705 1521 2776 qui
1568 2705 1662 2738 ¹²⁸⁸
1702 2705 1886 2762 videre
1933 2722 2044 2763 non

468 2800 619 2870 potui
653 2799 934 2855 Dominum
978 2799 1292 2867 angelorum
1339 2799 1679 2853 humiliatum
1722 2801 1790 2856 ad
1817 2814 2047 2857 conver-

468 2889 731 2944 sationem
782 2887 1081 2952 hominum,
1111 2895 1171 2942 ut
1204 2887 1448 2945 homines
1487 2890 1759 2946 exultaret
1801 2891 1870 2946 ad
1913 2905 2044 2947 con-

468 2980 829 3036 versationem
875 2979 1218 3049 angelorum,
1244 2995 1366 3039 cum
1399 2981 1539 3036 Deus
1575 2981 1812 3038 oﬂ'ensus
1853 2991 2045 3052 sponte

2150 1791 2360 1846 visione
2410 1792 2726 1863 angelorum
2776 1809 2953 1850 essem
3017 1796 3272 1861 territus,
3335 1804 3391 1850 et
3437 1796 3728 1851 audiissem

2146 1884 2393 1938 nuntium
2441 1884 2734 1940 Dominicze
2789 1887 3238 1953 resurrectionis,
3290 1886 3538 1940 nuntium
3595 1901 3726 1942 mea:

2145 1979 2550 2046 consolationis,
2599 1981 2846 2033 nuntium
2897 1989 3000 2034 tam
3056 1989 3446 2049 exspectatum,
3481 1980 3728 2034 nuntium

2147 2077 2256 2122 tam
2295 2067 2690 2122 desideratum!
2723 2068 2960 2137 Utinam,
3009 2070 3258 2139 inquam,
3299 2071 3592 2125 audiissem
3660 2085 3726 2124 ex

2145 2172 2241 2212 ore
2290 2157 2466 2229 angeli
2511 2172 2526 2212 :
2577 2156 2755 2213 Nolite
2807 2162 3006 2223 timere,
3053 2174 3151 2216 vos
3191 2177 3206 2214 :
3257 2161 3440 2214 Iesum
3488 2161 3723 2230 qureritis

2146 2248 2480 2315 cruciﬁxum,
2516 2251 2768 2315 surrexit,
2809 2266 2912 2304 non
2955 2260 3029 2304 est
3051 2252 3134 2304 hic
3149 2249 3403 2322 .'(Mattlt.
3428 2266 3623 2318 xxvm,
3651 2252 3729 2322 5.)

2216 2336 2634 2408 Benignissime,
2689 2341 3041 2407 suavissime,
3083 2343 3462 2408 serenissime,
3512 2345 3729 2414 quando

2148 2429 2480 2485 reataurabis
2501 2431 2652 2496 mihi,
2675 2432 2802 2503 quia
2831 2449 2937 2488 non
2959 2433 3052 2465 ¹³⁴⁵⁰
3075 2434 3181 2488 vidi
3210 2434 3358 2488 illam
3396 2435 3613 2490 beatam
3637 2433 3727 2468 ““

2149 2527 2254 2574 tua:
2279 2520 2460 2576 carnis
2481 2522 2973 2592 incorruptionem;
2993 2524 3119 2594 quia
3145 2539 3250 2578 non
3282 2521 3355 2578 fui
3381 2525 3725 2581 deosculatus

2147 2607 2263 2664 loca
2314 2609 2618 2679 vulnerum,
2647 2621 2705 2667 et
2743 2612 2948 2669 ﬁxuras
2975 2615 3066 2647 ‘3”
3097 2617 3406 2682 clavorum;
3451 2615 3577 2686 quia
3618 2632 3723 2671 non

2148 2700 2382 2769 respersi
2405 2699 2659 2772 lacrymis
2684 2703 2863 2780 gaudii
2885 2706 3173 2762 cicatrices
3200 2715 3367 2762 testes
3395 2707 3508 2762 veri
3537 2719 3731 2777 corpo-

2147 2789 2224 2845 ris
2249 2790 2373 2845 m"l
2399 2792 2765 2859 Admirabilis,
2817 2795 3225 2862 inaestimabilis,
3271 2797 3728 2867 incomparabilis,

2142 2887 2354 2955 quando
2399 2887 2492 2920 “°"
2542 2890 2890 2944 cattsoluberis
2923 2890 3096 2962 (Psal.
3142 2908 3329 2960 cxvut,
3387 2892 3498 2964 82),
3545 2901 3603 2948 et
3639 2892 3730 2924 ⁸³³⁸

2146 2994 2460 3048 compesces
2517 2996 2605 3037 me
2652 2997 2683 3036 a
2717 2982 2904 3039 dolore
2953 2985 3111 3039 meo?
3141 2985 3256 3041 Non
3299 2986 3443 3040 enim
3491 2987 3638 3057 rapit
3674 2989 3728 3041 in

468 3071 802 3125 moriebatur
825 3070 916 3102 “"9
942 3082 998 3124 ιιι
1019 3079 1270 3140 peccator
1290 3071 1514 3126 viveret.
1539 3070 1652 3128 Heu
1675 3073 1807 3129 mihi
1831 3075 1922 3143 qui
1950 3073 2042 3106 ¹²⁹⁰
2077 3096 2124 3158 C
2154 3085 2242 3126 me
2269 3070 2359 3103 “°°
2384 3072 2538 3126 dolor
2583 3087 2756 3141 meus,
2781 3074 3019 3144 quandiu
3054 3077 3371 3146 peregrinus
3401 3092 3521 3130 sum
3565 3092 3595 3129 ιι
3628 3077 3731 3131 Do-

469 3169 578 3214 tam
611 3158 933 3223 admirabili,
966 3168 1072 3212 tam
1105 3159 1462 3214 intestimabili
1489 3160 1778 3229 pietati‘“1
1808 3177 2048 3230 praesens

471 3255 852 3324 obstupescere
879 3266 985 3306 non
1019 3252 1222 3306 merui!
1255 3250 1381 3316 Cur,
1406 3268 1439 3307 o
1467 3253 1648 3308 anima
1671 3268 1810 3319 mea,
1837 3264 1887 3308 te
1914 3269 2050 3322 pra:-

470 3356 679 3401 sentem
711 3361 817 3400 non
848 3344 1120 3399 transﬁxit
1152 3343 1242 3375 ¹²⁹²
1269 3343 1478 3413 gladius
1503 3345 1702 3400 doloris
1729 3345 2044 3411 acutissimi;

471 3454 593 3491 cum
652 3437 796 3491 ferre
845 3451 949 3490 non
997 3451 1185 3505 posses
1221 3435 1494 3490 vulnerari
1542 3434 1731 3490 lancea
1774 3433 1916 3490 latus
1971 3434 2044 3488 tui

471 3527 795 3590 Salvatoris,
825 3541 952 3586 cum,
981 3527 1165 3581 videre
1206 3526 1458 3595 nequires
1489 3523 1679 3579 violari
1724 3523 1895 3580 clavis
1939 3540 2050 3578 Ina-

470 3632 575 3672 nus
603 3625 660 3670 et
691 3615 854 3685 pedes
891 3615 967 3669 tui
1021 3615 1386 3685 plasmatoris,
1411 3630 1533 3670 cum
1579 3614 1836 3670 horreres
1871 3615 2045 3671 eﬂun-

470 3707 526 3761 di
559 3706 651 3740 ¹⁸⁹³
701 3705 1018 3776 sanguinem
1062 3706 1138 3760 tui
1195 3705 1612 3776 Redemptoris?
1667 3703 1778 3760 Cur
1823 3719 1931 3760 non
1987 3720 2048 3762 es

471 3796 740 3851 inebriato
773 3796 1134 3867 lacrymarum
1165 3795 1686 3860 amaritudine,cum
1713 3793 1802 3850 ille
1833 3802 2048 3865 potare-

473 3896 561 3942 tur
588 3887 946 3944 amaritudine
974 3885 1144 3941 fellis?
1174 3885 1282 3942 Cur
1309 3902 1415 3942 non
1451 3901 1512 3941 es
1552 3899 1835 3955 compassa
1858 3885 2049 3941 castis-

470 3977 622 4034 simae
636 3976 863 4045 Virgini,
878 3976 1206 4045 dignissima:
1227 3975 1387 4030 matri
1409 3975 1525 4045 ejus
1545 3973 1942 4044 benignissimae
1958 3973 2049 4005 "9"

471 4065 711 4122 Dominae
749 4075 872 4119 tuas.
1783 4123 1793 4132 θ

543 4158 768 4214 Domina
795 4173 916 4214 mea
944 4155 1476 4223 misericordissima,
1501 4169 1638 4226 quos
1667 4154 1846 4211 fontes
1869 4153 2045 4212 dicam

2155 3159 2303 3214 mino
2325 3175 2464 3216 meo.
2493 3159 2607 3214 Heu
2635 3161 2786 3227 mihi,
2817 3163 3061 3228 Domine,
3085 3165 3187 3218 heu
3211 3165 3404 3219 animm
3434 3165 3595 3220 mem!
3623 3164 3728 3220 lle-

2151 3252 2386 3317 cessisti,
2424 3253 2732 3308 consolator
2771 3255 2896 3309 vitae
2925 3271 3080 3319 mete,
3131 3271 3234 3311 nec
3279 3257 3583 3312 valedixisti
3630 3257 3724 3289 ¹³ο⁷

2151 3347 2307 3401 mihi.
2336 3347 2648 3417 Ingrediens
2672 3349 2788 3404 vias
2805 3359 2925 3405 tuas
2941 3351 3261 3407 benedisisti
3290 3354 3417 3418 tuis,
3445 3352 3728 3408 necadl‘ui.

2148 3433 2386 3489 Elevatis
2412 3436 2662 3491 manibus
2687 3454 2716 3490 a
2740 3439 2883 3493 nube
2902 3450 3184 3510 susceptus
3213 3456 3271 3496 es
3299 3442 3351 3496 in
3386 3441 3605 3507 coelum,
3633 3437 3730 3497 nec

2150 3525 2280 3579 vidi.
2310 3525 2498 3596 Angeli
2545 3529 2910 3596 promiserunt
2959 3540 3010 3586 te
3045 3532 3364 3598 rediturum,
3400 3546 3496 3586 nec
3524 3533 3727 3586 audivi.

2148 3616 2288 3682 Quid
2343 3617 2560 3672 dicam?
2611 3619 2739 3689 quid
2801 3619 3028 3677 faciam?
3054 3639 3160 3693 quo
3187 3624 3413 3677 vadam?
3459 3623 3548 3678 ubi
3604 3637 3728 3678 eum

2154 3723 2424 3777 quaeram;
2452 3709 2540 3765 ubi
2581 3709 2664 3765 vel
2698 3713 2913 3780 quando
2960 3713 3229 3768 inveniam
3263 3714 3389 3766 nos?
3413 3713 3583 3780 Quem
3642 3727 3733 3768 rod

2151 3797 2322 3868 gaho?
2367 3798 2489 3866 quis
2536 3799 2806 3854 nuntiabit
2839 3800 3034 3855 dilecto
3076 3801 3200 3872 quia
3239 3818 3416 3856 amore
3454 3802 3720 3872 langueo.’

2151 3885 2390 3956 (Caut.v,
2415 3889 2470 3943 8.
2475 3901 2493 3956 )
2530 3887 2727 3958 Defecit
2756 3891 3007 3958 gaudium
3032 3891 3204 3944 cordis
3226 3891 3355 3954 mei;
3379 3908 3551 3945 uersus
3571 3901 3649 3944 est
3676 3891 3732 3944 in

2151 3973 2350 4028 luctum
2371 3977 2505 4030 risus
2547 3993 2692 4031 meus
2713 3976 2932 4048 (Tltreu.
2953 3996 3009 4046 v,
3039 3979 3150 4050 15).
3188 3979 3382 4049 Deiecit
3429 3996 3550 4033 curo
3589 3995 3729 4042 mea,

2081 4063 2126 4118 D
2150 4075 2196 4130 et
2225 4083 2316 4121 cor
2349 4083 2554 4134 meum;
2588 4067 2726 4123 Deus
2747 4071 2920 4124 cordis
2955 4071 3078 4137 mei,
3119 4080 3168 4125 et
3202 4088 3328 4140 pars
3360 4088 3472 4124 mea
3500 4070 3640 4124 Deus
3676 4071 3730 4122 in

2160 4169 2412 4212 azternum
2451 4157 2624 4229 (Psal.
2657 4174 2826 4229 usu,
2852 4161 2968 4234 26).
3004 4161 3195 4218 Renuit
3242 4161 3512 4224 consolari
3546 4161 3729 4214 anima

1823 4287 2059 4344 VARUE
2098 4288 2500 4347 LECTIONES.

544 4399 634 4431 "7'
674 4397 847 4452 Meum
907 4406 1177 4466 torporem
1230 4413 1357 4467 mss.
1407 4411 1596 4467 meum
1631 4407 1869 4467 teporem
1957 4397 2049 4430 ³⁸⁷⁸
2102 4402 2186 4455 Ad
2246 4403 2348 4456 hoc
2410 4401 2553 4455 enim
2610 4417 2735 4456 mss.
2793 4403 2961 4457 omitt.
3041 4403 3129 4435 ’³⁷⁷

3191 4402 3262 4459 Ut
3330 4403 3404 4458 tui
3465 4404 3733 4459 accendas

472 4471 525 4524 in
582 4485 669 4524 me
730 4465 1003 4522 amorem’
1047 4483 1172 4520 mss.
1239 4465 1370 4520 Vict.
1433 4476 1480 4520 et
1555 4465 1793 4521 Val-lue.
1858 4477 1920 4522 et‘
1967 4467 2118 4522 Flor.
2180 4477 2240 4525 ut
2300 4473 2589 4526 accendam
2660 4473 2714 4526 in
2783 4487 2869 4526 me
2937 4482 3081 4526 tuum
3137 4489 3377 4528 amorem
3455 4474 3546 4506 ηπ
3605 4475 3734 4530 Post

470 4540 1086 4613 ctnuudationeunmss.
1140 4547 1272 4613 post
1303 4537 1445 4591 illam
1497 4539 1934 4613 emundationem
2006 4539 2097 4572 “7’
2134 4539 2438 4596 lnvolutum
2494 4557 2630 4613 mss.
2682 4541 2980 4613 volutatum
3027 4560 3126 4598 ms.
3184 4544 3430 4599 Carthus.
3485 4544 3731 4613 volupta-

475 4619 585 4662 tum
659 4609 751 4682 ”'_’°
792 4608 1437 4682 Dotnitie_cor[ecli01'tetn
1469 4623 1592 4662 mss.
1623 4609 1844 4682 Domine
1869 4623 2045 4662 meam
2079 4613 2470 4682 correctionem
2546 4611 2756 4682 “"kAd
2788 4613 3132 4682 penitendum
3173 4629 3296 4667 mss.
3333 4616 3400 4666 ad
3450 4608 3726 4668 suﬂicien-

474 4689 555 4731 ter
583 4679 947 4745 pmnitendum
1023 4677 1114 4708 ¹³⁸²
1154 4677 1294 4732 Deus
1317 4693 1468 4731 meus
1495 4694 1618 4747 mss.
1659 4679 1880 4733 Domine
1913 4694 2084 4742 meus,
2115 4679 2256 4736 Deus
2281 4697 2432 4735 meus
2482 4697 2580 4738 ms.
2636 4677 2804 4735 Flor;
2835 4681 3061 4738 Domine
3101 4698 3274 4747 meus,
3317 4697 3530 4738 creator
3577 4700 3733 4739 meus

473 4747 567 4780 ¹²⁸³
605 4748 852 4822 Meus._te
875 4747 998 4801 sitio
1028 4761 1360 4822 ms_s.ume_us,
1392 4757 1509 4802 esto
1535 4746 1750 4822 adjutor
1780 4763 1948 4811 meus,
1981 4760 2032 4803 te
2058 4751 2183 4804 sitio
2259 4751 2350 4822 “8?
2390 4751 2454 4804 Et
2483 4751 2807 4822 concupisco
2834 4767 2960 4806 mss.
3009 4762 3060 4808 te
3098 4746 3422 4822 concupisco
3500 4755 3594 4786 “3'
3639 4753 3730 4808 Sic

472 4833 571 4887 ego
595 4833 717 4887 mss.
750 4819 828 4873 sic
853 4827 907 4871 et
931 4831 1031 4886 ego
1106 4817 1198 4850 “3'
1235 4817 1439 4887 Memor
1477 4818 1752 4887 vulnerum
1783 4833 1908 4872 mss.
1944 4834 2151 4874 memor
2191 4821 2388 4885 crucis,
2422 4836 2628 4874 memor
2659 4817 2950 4875 vulnerum
3025 4823 3116 4856 ¹¹⁸⁷
3158 4817 3429 4877 Ardenler
3471 4824 3727 4878 desidero

471 4905 598 4964 mis.
624 4886 786 4943 ardeo
824 4888 896 4964 tui
920 4887 1098 4964 vultus
1128 4905 1228 4942 ms.
1273 4886 1400 4964 Vict.
1432 4886 1519 4940 16.
1549 4888 1714 4942 ardeo
1739 4888 2054 4964 desiderans
2081 4889 2368 4964 tuiuvultus
2445 4889 2670 4964 "°°_Hei
2697 4891 2825 4964 mihi
2857 4891 2980 4964 quia
3011 4894 3433 4964 mss._heuini~hi
3463 4894 3554 4964 qui
3637 4894 3729 4924 ¹¹⁸⁹

472 4957 721 5013 Offensus
749 4959 1078 5030 moriebatur
1117 4974 1245 5030 mss.
1294 4956 1530 5012 oﬂ‘ensus
1555 4967 1749 5030 sponte
1777 4959 2109 5014 moriebatur
2147 4959 2240 4992 “’°
2279 4959 2392 5014 lien
2419 4960 2561 5030 quod
2597 4976 2719 5013 mss.
2749 4956 3022 5016 heu—mihi
3064 4962 3155 5030 qui
3231 4963 3318 4993 ¹²⁰²
3361 4956 3557 5018 Pietati
3601 4980 3726 5016 mss.

471 5031 672 5100 pietate
749 5029 839 5063 ““
880 5027 954 5100 Te
978 5029 1293 5100 praesertim
1316 5043 1422 5082 non
1466 5027 1743 5100 transﬁgit
1775 5036 1980 5100 mss.rte
2012 5039 2329 5100 praesentem
2359 5027 2463 5083 non
2503 5030 2772 5100 translirtit
2844 5031 2936 5062 ¹²⁹³
2975 5027 3107 5086 Cum
3151 5033 3402 5088 horreres
3431 5049 3489 5087 se
3520 5031 3727 5088 eﬂ'undi

470 5097 595 5172 mss.
630 5101 774 5172 omit.
806 5113 865 5154 se
938 5098 1028 5133 θ’θ’
1071 5099 1404 5172 Dignissimus
1443 5113 1583 5172 mss.
1616 5097 2027 5172 Beniguissimte
2054 5099 2296 5172 Domina:
2366 5100 2647 5172 ‘f’fAQuos
2687 5097 2844 5156 ﬂetus
2866 5107 3100 5172 credam
3130 5119 3228 5156 ms.
3287 5101 3418 5156 Vict.
3465 5104 3550 5157 16.
3588 5117 3731 5172 quos

472 5170 663 5244 ﬂuctus
685 5171 1040 5244 lacrymarum
1066 5164 1241 5244 dicam
1284 5164 1668 5244 nts_.__Val-lue,
1703 5164 1838 5237 quos
1866 5169 2062 5244 ﬂuctus
2101 5170 2322 5244 credam
2395 5169 2487 5244 "_"
2523 5164 2810 5239 Acciperes
2848 5170 3165 5244 discipulum
3193 5189 3318 5244 mss.
3351 5164 3643 5244 acciperes
3676 5174 3729 5227 in

472 5235 1014 5309 liliumﬂdiscipulmn7
1070 5238 1159 5270 "'7
1199 5235 2068 5309 Condidissemmssfcondiissem
2146 5239 2237 5270 ¹²⁹⁸
2283 5239 2350 5294 Ut
2379 5240 2571 5294 saltem
2599 5235 2722 5292 mis.
2759 5235 3060 5296 autsaltem
3137 5243 3227 5274 "9°
3273 5242 3363 5296 Vel
3390 5235 3722 5298 consecutus

470 5325 596 5363 mss.
632 5308 765 5364 Vict.
797 5304 844 5363 et
879 5307 1104 5363 Valluc.
1137 5308 1305 5378 omilt.
1381 5304 1669 5378 “‘f‘fglllihi,
1700 5308 1789 5375 qui
1815 5323 1918 5362 non
1947 5324 2071 5362 mss.
2104 5309 2258 5374 mihi,
2296 5310 2385 5378 qui
2422 5325 2527 5378 non
2607 5309 2887 5378 ”°'7lllum
2913 5313 3083 5366 beata:
3133 5329 3259 5366 mss.
3305 5314 3448 5366 illaut
3502 5313 3730 5367 beatam

474 5379 568 5411 “°'
608 5380 862 5433 Fixuram
892 5394 1014 5431 mss.
1056 5388 1111 5432 et
1159 5377 1358 5448 ﬁxuras
1433 5375 1858 5448 fmgicatrices
1893 5380 2136 5448 corporis
2167 5380 2279 5434 veri
2313 5375 2442 5433 mss.
2477 5377 2632 5433 Corb.
2678 5377 2807 5432 Vict.
2854 5378 3036 5435 Carth.
3084 5393 3132 5435 et
3173 5381 3404 5436 Val-lue.
3434 5384 3728 5438 cicatrices

469 5453 640 5520 testes
678 5449 787 5502 veri
823 5449 1066 5520 corporis
1100 5517 1111 5520 _
1140 5446 1232 5520 mf
1269 5445 1683 5520 Inaestimabilis,
1709 5449 1923 5520 quando
1953 5445 2079 5503 mss.
2123 5449 2539 5513 inaestimabilis,
2571 5451 3009 5520 incomparabilis
3035 5452 3251 5520 quando
3328 5453 3420 5484 ¹³⁰⁸
3461 5453 3730 5508 Consola-

471 5518 617 5589 beris
643 5528 697 5572 et
718 5535 840 5572 mss.
878 5514 1242 5589 consolaberis
1267 5525 1436 5589 meet
1469 5514 1797 5589 _A‘_'°_'_A(;adit
1835 5535 1863 5572 a
1894 5533 1980 5572 me
2015 5536 2140 5573 mss.
2171 5522 2313 5589 capit
2339 5520 2389 5573 in
2421 5535 2527 5589 me,
2583 5519 2674 5551 ¹⁸⁰⁷
2711 5514 2919 5573 Αιιίιηω
2943 5514 3075 5576 mea}
3107 5537 3206 5576 nec
3236 5522 3564 5578 valedisisti.
3591 5540 3726 5578 mss.

473 5586 597 5640 vita:
632 5603 762 5665 nica:
785 5603 882 5665 nec
907 5588 1209 5665 valedixisti
1236 5587 1368 5665 mihi
1443 5586 1537 5620 ³²⁰⁸
1559 5585 1829 5665 libi-eum
1862 5605 2125 5665 quaram,
2157 5585 2251 5642 vel
2277 5589 2493 5665 quando
2519 5588 2793 5665 inveniam
2816 5605 2940 5665 mss.
2969 5593 3059 5665 ubi
3087 5600 3142 5645 et
3169 5595 3384 5662 quando
3412 5610 3536 5650 eum
3573 5611 3729 5665 quae.

477 5666 619 5719 ram,
650 5656 738 5710 ubi
769 5655 854 5710 vel
880 5659 1094 5725 quando
1122 5658 1396 5714 inveniam
1425 5673 1522 5713 ms.
1559 5655 1788 5712 Val-(uc.
1825 5655 1914 5715 ubi
1939 5674 2060 5715 cum
2092 5655 2357 5730 quierant,
2389 5659 2478 5714 ubi
2508 5659 2588 5716 vel
2615 5659 2832 5729 quando
2864 5661 3140 5716 inveniam
