3852 6050
328 193 430 248 907

703 186 758 243 S.
792 184 1093 243 ANSELMI
1125 182 1476 241 CANTUAR.
1514 180 1832 239 ARClllEP.
1869 181 2021 241 OPI‘.
2051 181 2228 241 PARS
2254 183 2324 239 'Il.
2359 216 2427 225 —
2453 183 2824 243 PAREMIT.
2859 186 2949 243 ET
2975 186 3221 245 ASCET.

3510 194 3620 250 908

330 303 479 357 ribus
504 300 613 357 tuis
637 301 827 363 orasti,
845 308 902 352 ιιι
924 312 1018 351 eos
1042 295 1240 350 fratres
1266 305 1386 351 tuos
1416 303 1471 348 et
1486 292 1662 362 iustos
1680 295 1906 359 faceres,
1939 302 1984 360 Α
2014 296 2179 360 meis;
2203 297 2297 352 sed
2318 297 2680 369 qualicunque
2700 301 2969 358 charitate
2989 302 3252 359 sollicitus
3271 318 3371 375 pro
3392 305 3618 367 alienis,

327 402 383 447 et
427 391 811 448 reconciliares
862 388 1200 444 misericordi
1236 386 1383 440 Patri
1434 395 1545 451 tuo,
1575 395 1630 440 et
1662 387 1777 443 tibi.
1817 385 1919 453 Tu,

330 484 575 549 Domine,
603 483 696 552 qui
721 490 926 535 tantam
956 477 1279 533 ebaritatent
1311 474 1486 531 fecisti
1518 475 1754 531 inimicis
1789 476 1919 542 tuis,

331 587 386 630 tu
425 579 536 646 ipse
566 575 889 629 charitatem
928 570 1234 641 praecepisti
1259 569 1352 600 ¹³¹⁶
1391 568 1580 625 amicis
1616 568 1740 623 luis.
1777 567 1922 624 Bone

332 668 575 733 Domine,
608 680 715 735 quo
741 661 935 718 alfeetn
981 660 1294 732 recogitabo
1329 659 1763 716 inaestimabilem
1794 661 1922 716 cha-

330 759 547 812 ritatem
587 756 773 812 tuam?
805 754 944 822 Quid
988 753 1288 809 retribuam
1340 753 1607 809 immenso
1655 751 1921 808 beneficio

329 852 454 905 tuo?
483 848 844 904 Transcendit
867 848 1012 902 enim
1036 862 1256 903 omnem
1283 843 1538 901 aﬂectum
1564 845 1792 900 dulcedo
1816 855 1921 900 tua:

330 940 696 1013 benignitatis.
714 938 893 994 Vincit
920 954 1138 995 omnem
1165 938 1579 994 retributionem
1605 936 1922 1007 magnitudo

332 1033 406 1085 tui
435 1031 707 1087 beneﬁcii.
732 1030 870 1096 Quid
891 1046 1022 1100 ergo
1045 1030 1344 1085 retribuam
1366 1027 1613 1083 Creatori
1632 1036 1688 1083 et
1708 1042 1921 1083 recrea-

331 1125 431 1177 tori
465 1137 586 1179 meo
620 1120 737 1175 η’τῖ
756 1121 895 1189 Quid
930 1121 1227 1175 retribuam
1282 1120 1587 1174 miseratori
1617 1127 1673 1173 et
1702 1119 1916 1174 redem—

328 1214 477 1284 ptori
507 1213 661 1269 meo?
688 1211 930 1278 Domine,
962 1212 1104 1266 Deus
1120 1228 1270 1265 meus
1303 1228 1359 1265 es
1380 1221 1457 1277 tu,
1482 1211 1736 1266 bonorum
1763 1226 1912 1264 meo-

329 1323 443 1360 rum
467 1322 572 1360 non
597 1322 713 1375 eges
739 1304 914 1375 (Psal.
945 1319 1036 1369 xv,
1065 1304 1147 1374 2).
1180 1301 1330 1358 Tuus
1368 1313 1443 1357 est
1483 1302 1622 1355 enim
1645 1301 1785 1356 orbis
1812 1310 1919 1355 ter-

328 1416 423 1464 rm,
445 1408 493 1452 et
515 1398 790 1468 plenitudo
820 1398 934 1468 ejus
960 1395 1137 1466 (Psal.
1173 1411 1320 1463 xm,
1365 1395 1475 1463 12).
1501 1395 1642 1461 Quid
1670 1407 1799 1463 ergo
1826 1409 1920 1464 ego

327 1489 606 1543 mendicus
635 1499 681 1542 et
721 1504 922 1558 pauper
950 1485 1125 1557 (i’sal.
1157 1502 1346 1550 XXXIX,
1370 1486 1481 1556 18),
1512 1501 1611 1556 ego
1644 1486 1845 1541 vermis
1866 1494 1922 1540 et

328 1580 488 1645 cinis,
519 1581 648 1650 quid
696 1580 982 1633 retribuam
1012 1575 1184 1649 (Psal.
1226 1592 1350 1641 cur,
1384 1576 1473 1645 l2)
1510 1576 1619 1631 Deo
1645 1580 1788 1642 meo,
1815 1575 1918 1630 nisi

2024 386 2197 459 Dilige
2218 404 2350 459 ergo
2371 404 2465 444 eos
2490 399 2565 455 tu,
2599 388 2720 447 fons
2751 391 3080 461 dilectionis,
3127 395 3220 465 qui
3270 388 3539 469 prmeipis
3563 410 3625 455 et

2025 479 2122 535 das
2150 482 2280 536 mihi
2305 491 2361 537 ut
2390 481 2611 554 diligam
2637 498 2751 540 eos.
2788 482 2856 538 Et
2885 485 2929 539 si
2963 486 3140 541 oratio
3169 503 3287 543 mea
3312 503 3418 543 non
3441 505 3629 547 mere-

2026 580 2112 626 tur
2138 573 2395 643 prodesse
2424 574 2550 639 illts,
2577 576 2701 646 quia
2726 576 2823 633 tibi
2851 574 3078 631 oﬂ'erlur
3106 593 3138 632 a
3162 574 3486 648 peccatore;
3514 597 3623 636 va-

2024 661 2131 718 leat
2154 662 2277 729 illis,
2309 663 2434 733 quia
2465 663 2525 719 iit
2557 665 2841 733 tejubente
2865 676 3108 724 auctore.
3139 666 3369 738 Propter
3393 679 3442 724 te
3462 684 3622 743 ergo,

2024 762 2080 809 tu
2111 765 2303 811 auctor
2337 757 2428 788 ¹⁸³¹
2459 766 2516 812 et
2561 758 2719 814 dator
2766 759 3074 826 cbaritatis,
3133 771 3354 831 propter
3386 771 3461 828 te,
3507 780 3626 820 non

2026 844 2117 876 ³³³³
2146 854 2366 916 propter
2393 860 2479 901 me
2498 847 2662 919 dilige
2688 863 2803 914 eos;
2836 858 2892 904 et
2925 849 3012 905 fac
3038 859 3096 905 ut
3134 852 3233 922 ipsi
3265 863 3320 908 te
3348 862 3461 909 toto
3487 870 3620 910 cor-

2023 937 2112 1003 de,
2152 945 2262 991 tota
2288 946 2490 1000 mente,
2530 947 2638 993 tota
2671 940 2858 994 anima
2905 941 3170 1013 diligant;
3227 953 3286 999 ut
3328 944 3443 999 sola
3496 961 3626 1016 qua:

2024 1025 2118 1080 tibi
2158 1025 2393 1095 placent,
2421 1027 2606 1083 etillis
2627 1030 2944 1099 expediunt,
2980 1031 3169 1098 velint,
3220 1032 3514 1104 loquantur
3565 1047 3626 1090 et

2024 1117 2247 1175 faciant.
2279 1118 2451 1176 Nimis
2474 1121 2676 1192 tepida,
2705 1123 2933 1178 Domine
2981 1124 3076 1191 mi,
3110 1124 3271 1180 nimis
3310 1126 3488 1197 tepida
3534 1138 3627 1183 est

2022 1211 2200 1266 oratio
2228 1226 2369 1277 mea,
2397 1212 2523 1282 quia
2549 1228 2738 1284 parum
2788 1212 2993 1270 fervida
3051 1224 3137 1269 est
3189 1217 3426 1272 cbaritas
3472 1232 3617 1272 mea.

2024 1301 2133 1358 Sed
2160 1318 2228 1359 ne
2256 1305 2501 1358 metiaris
2528 1304 2629 1370 eis,
2656 1316 2710 1359 tu
2737 1305 2888 1360 dives
2911 1306 2964 1360 in
2992 1307 3390 1372 misericordia,
3414 1308 3624 1364 benefi-

2023 1397 2169 1453 cium
2245 1405 2398 1452 tuum
2452 1396 2750 1453 secundum
2806 1408 3076 1471 torporem
3106 1414 3239 1455 meae
3282 1400 3617 1465 devotionis;

2023 1489 2119 1544 sed
2147 1488 2286 1547 sicut
2314 1498 2403 1545 tua
2443 1489 2753 1559 benignitas
2779 1499 3003 1560 superat
3053 1505 3269 1546 omnem
3317 1492 3617 1546 humanam

2024 1583 2370 1649 charitatem,
2416 1583 2490 1639 ita
2534 1592 2625 1638 tua
2648 1583 2926 1638 cxauditio
2975 1585 3323 1639 transcendat
3363 1582 3621 1640 affectum

328 1685 386 1728 ut
412 1688 478 1728 ex
504 1649 669 1728 corde
691 1673 942 1728 obediam
970 1681 1245 1742 praecepto
1268 1670 1424 1740 ejus?
1453 1669 1549 1724 Est
1572 1678 1754 1724 autem
1786 1685 1921 1740 prw-
1956 1649 2001 1709 Β
2025 1690 2163 1731 mete
2192 1674 2624 1744 supplicationis.
2648 1674 2756 1730 Fac
2790 1674 2899 1730 illis
2921 1685 2976 1730 et
3001 1679 3066 1730 de
3090 1674 3195 1731 illis
3228 1674 3341 1739 "“,
3367 1675 3619 1742 Domine,

326 1776 530 1835 ceptum
561 1774 712 1818 tuum
748 1773 801 1817 ut
825 1761 1109 1832 diligamus
1132 1763 1352 1816 invicem
1377 1761 1562 1831 (Joan.
1584 1776 1678 1822 xv,
1703 1760 1815 1833 12).

400 1856 545 1912 Bone
570 1857 757 1923 homo,
782 1855 922 1910 bone
946 1854 1108 1919 Deus,
1131 1856 1270 1910 bone
1294 1853 1537 1917 Domine,
1553 1853 1694 1909 bone
1721 1854 1921 1920 amice,

327 1948 526 2003 bonum
550 1956 722 2003 totum
751 1945 1012 2017 quidquid
1052 1946 1293 2012 es,ch
1336 1950 1606 2017 praecepto
1638 1954 1731 2002 tuo
1772 1946 1922 2004 desi-

328 2041 485 2093 derat
509 2038 734 2095 obedire
763 2037 987 2093 humilis
1012 2048 1070 2093 et
1093 2037 1521 2109 contemptibilis
1554 2054 1746 2095 servus
1776 2049 1921 2097 tuus.

331 2130 409 2185 Τιι
438 2130 572 2195 scis,
595 2130 839 2192 Domine,
865 2132 997 2200 quia
1017 2129 1368 2186 dilectionem
1395 2145 1560 2199 quam
1593 2130 1757 2199 jubes
1775 2147 1918 2196 amo,

333 2238 573 2279 amorem
605 2223 793 2294 diligo,
823 2223 1148 2279 ebaritatem
1203 2223 1548 2293 concupisw.
1581 2220 1733 2279 Hanc
1773 2234 1919 2294 peto,

330 2318 690 2385 liancqutero,
708 2323 931 2386 propter
956 2314 1098 2370 bane
1124 2313 1304 2385 pulsat
1325 2324 1381 2368 et
1395 2313 1596 2369 clamat
1611 2314 1700 2371 bic
1718 2329 1922 2386 pauper

330 2419 381 2464 et
406 2408 689 2465 mendicus
718 2407 928 2463 tnusad
953 2406 1179 2477 ianuam
1213 2406 1601 2461 misericordia:
1626 2417 1747 2462 tuae.
1770 2406 1839 2462 Et
1864 2405 1922 2460 in

337 2512 600 2572 quantum
626 2503 739 2574 jam
762 2501 950 2572 accepi
981 2500 1194 2557 dulcem
1244 2500 1646 2571 eleemosynam
1675 2501 1924 2571 gratuitae
1952 2540 1953 2543 η

332 2594 602 2666 largitatis
651 2604 786 2661 tuae,
816 2592 1050 2663 diligens
1083 2605 1302 2646 omnem
1353 2591 1625 2647 hominem
1683 2594 1736 2647 in
1769 2605 1822 2649 te
1864 2603 1924 2649 et

330 2695 549 2757 propter
577 2695 655 2750 te,
694 2685 945 2755 quamvis
972 2699 1082 2739 non
1107 2690 1372 2752 quantum
1406 2683 1602 2750 debeo,
1627 2699 1727 2741 nec
1751 2700 1925 2754 quan-

332 2787 446 2831 tum
469 2776 739 2840 desidero,
756 2775 1012 2831 omnibus
1034 2788 1202 2830 exoro
1227 2771 1586 2830 clementiam.
1599 2784 1767 2829 tuam.
1785 2776 1924 2831 Sunt

332 2881 512 2924 tamen
542 2868 726 2940 plures
745 2883 978 2938 quorum
1002 2868 1351 2925 dilectionem
1375 2868 1521 2924 sicut
1538 2866 1847 2937 specialiter
1866 2876 1923 2923 et

331 2962 692 3018 familiaribus
719 2961 869 3018 cordi
902 2976 1024 3017 meo
1062 2961 1339 3032 impressit
1363 2976 1519 3017 amor
1547 2971 1701 3025 tuus;
1724 2960 1801 3015 ita
1832 2976 1920 3014 ar-

329 3052 543 3107 dentius
570 3053 706 3108 bene
750 3052 1001 3108 desidero
1041 3052 1165 3117 illis,
1216 3063 1275 3107 et
1312 3053 1562 3108 devotius
1587 3060 1715 3121 opto
1759 3066 1919 3109 orare

338 3161 435 3215 pro
486 3144 611 3201 illis.
639 3143 788 3211 Vult,
817 3143 952 3210 vult,
995 3145 1084 3216 pie
1131 3144 1375 3209 Domine,
1410 3143 1525 3199 v‘ult
1563 3159 1755 3201 servus
1795 3154 1920 3201 tuus

331 3255 494 3295 orare
542 3248 594 3294 te
618 3253 718 3310 pro
749 3238 942 3294 amicis
970 3238 1115 3301 suis;
1141 3236 1237 3306 sed
1269 3246 1559 3293 revocatur
1585 3252 1712 3293 reus
1741 3247 1865 3294 tuus
1885 3253 1917 3293 a

329 3333 542 3389 dilectis
589 3334 723 3388 suis.
755 3330 859 3400 Qui
888 3331 1034 3385 enim
1087 3331 1221 3386 mihi
1274 3331 1488 3386 veniam
1524 3345 1758 3386 exorare
1809 3346 1916 3387 non

332 3424 561 3490 subicio,
592 3425 720 3495 quia
759 3424 1202 3494 fronte.gratiam
1231 3432 1379 3478 tuam
1403 3423 1525 3478 aliis
1554 3438 1747 3495 rogare
1774 3439 1913 3495 pra:-

331 3529 486 3569 sumo
501 3515 526 3567 τ
547 3513 615 3568 Et
643 3514 735 3583 qui
762 3513 957 3575 anxius
985 3514 1379 3567 intercessores
1400 3526 1609 3581 quaero,
1638 3526 1743 3583 qua
1782 3514 1919 3570 (idu-

332 3608 414 3661 ria
447 3621 547 3675 pro
576 3603 697 3660 aliis
732 3603 1047 3659 intercedo?
1073 3601 1213 3669 Quid
1248 3600 1465 3668 faciam,
1500 3603 1731 3660 Domine
1752 3604 1916 3672 Deus,

331 3698 461 3768 quid
495 3695 731 3752 faciam?
757 3695 836 3750 Tu
875 3693 1035 3764 jubes
1060 3694 1224 3767 263
1258 3708 1346 3749 me
1378 3707 1541 3749 orare
1575 3709 1674 3765 pro
1704 3695 1830 3764 illis,
1863 3708 1919 3754 et

332 3787 549 3843 dilectio
575 3784 928 3856 concupiscit,
946 3785 1041 3841 sed
1065 3785 1334 3841 clamante
1358 3786 1450 3818 ¹³²⁸
1472 3788 1604 3842 mihi
1634 3788 1916 3844 conscien-

293 3939 310 3953 .
336 3880 407 3932 tia
426 3889 484 3933 ut
509 3891 609 3947 pro
633 3875 771 3931 meis
800 3875 1040 3946 peccatis
1058 3874 1327 3932 sollicitus
1354 3877 1477 3943 sim,
1497 3893 1596 3949 pro
1626 3879 1746 3936 aliis
1772 3879 1917 3950 loqui

333 3970 724 4026 contremisco.
761 3968 1042 4023 Dimittam
1083 3982 1215 4040 ergo
1257 3970 1402 4038 quod
1452 3970 1631 4039 jubes,
1660 3954 1786 4042 quia
1816 3973 1917 4029 feci

330 4065 474 4134 quod
503 4062 794 4134 prohibes?
822 4061 934 4117 lmo
959 4060 1087 4131 quia
1125 4063 1441 4132 praesumpsi
1478 4064 1769 4133 prohibita,
1804 4081 1920 4121 am—

333 4157 537 4226 plectar
559 4156 843 4226 imperata,
871 4154 915 4208 si
943 4154 1082 4208 forte
1103 4153 1412 4209 obedientia
1442 4165 1601 4211 sanet
1650 4173 1915 4227 praesum-

326 4248 593 4320 ptionem,
627 4248 672 4301 si
703 4244 844 4301 forte
871 4245 1112 4300 charitas
1136 4245 1343 4315 aperiat
1364 4247 1762 4303 multitudinem
1793 4265 1921 4320 pce-

333 4351 581 4396 latorum
611 4353 880 4395 meorum.
1654 4400 1657 4402 η

400 4430 510 4489 Oro
530 4447 660 4504 ergo
689 4443 762 4497 te,
793 4433 880 4503 pie
913 4442 969 4486 et
993 4432 1134 4487 bone
1159 4430 1323 4499 Deus,
1346 4446 1446 4502 pro
1472 4433 1538 4488 iis
1561 4434 1654 4503 qui
1677 4448 1771 4490 me
1794 4434 1918 4491 dili-

330 4538 465 4599 gunt
489 4537 708 4598 propter
736 4538 812 4593 te,
838 4535 895 4582 et
922 4541 1061 4596 quos
1083 4540 1186 4597 ego
1210 4524 1378 4597 diligo
1405 4527 1458 4581 in
1491 4535 1573 4593 te;
1604 4536 1661 4582 et
1682 4541 1779 4596 pro
1811 4527 1917 4584 illis

333 4625 579 4680 devotius
606 4639 835 4694 quorum
862 4638 990 4690 erga
1021 4637 1108 4679 me
1130 4622 1498 4690 dilectionem,
1533 4633 1590 4679 et
1623 4639 1751 4692 erga
1781 4639 1917 4694 quos

334 4731 512 4771 meam
541 4724 595 4770 ιιι
630 4715 769 4770 nosti
799 4715 1151 4772 sinceriorem
1191 4715 1313 4769 m’.
1356 4715 1471 4769 Non
1514 4714 1618 4770 hoc
1646 4729 1769 4786 ago,
1804 4714 1916 4769 Do-

334 4804 480 4861 mine
507 4804 580 4859 nti
610 4804 723 4873 'm,
751 4806 904 4876 quasi
928 4804 1107 4876 justus
1146 4817 1375 4861 securus
1432 4805 1523 4839 ⁸³³⁸
1566 4805 1633 4861 de
1681 4807 1918 4876 peccatis

2022 1765 2167 1835 quod
2197 1765 2330 1834 ipsis
2358 1763 2576 1834 expedit
2605 1764 2904 1819 secundum
2940 1773 3090 1819 tuam
3139 1765 3500 1832 voluntatem,
3559 1776 3623 1821 ut

2022 1856 2104 1912 sic
2133 1872 2164 1911 a
2196 1866 2248 1911 te
2273 1864 2532 1927 regantur
2563 1865 2619 1910 et
2642 1864 2998 1928 protegantur
3026 1870 3243 1927 semper
3291 1866 3347 1913 et
3392 1856 3618 1928 ubique,

2021 1959 2290 2021 quatenus
2319 1958 2373 2003 et
2393 1948 2462 2003 ad
2489 1947 2776 2018 gloriosam
2821 1958 2876 2003 et
2909 1948 2975 2004 ad
2999 1957 3257 2003 aeternam
3298 1947 3622 2018 perveniant

2023 2044 2391 2097 securitatem.
2416 2041 2517 2107 Qui
2551 2040 2688 2095 vivis
2706 2048 2762 2094 et
2791 2055 3004 2111 regnas.
3160 2100 3167 2105 ,

2407 2133 2410 2137 ‘
2518 2132 2775 2194 onATto
2801 2132 2971 2207 xxiv
2997 2134 3089 2165 ηπ

2626 2243 2696 2282 an
2725 2242 3021 2291 cuuts'ruu,

2626 2317 2737 2374 Pro
2768 2319 3016 2374 inimicis.

2088 2411 2447 2484 Omnipotens
2465 2420 2523 2467 et
2573 2410 2661 2481 pie
2712 2412 2941 2468 Domine
2990 2409 3119 2467 Jesu
3163 2410 3404 2476 Christe.
3454 2424 3622 2481 quem

2020 2514 2151 2575 opto
2190 2504 2486 2574 propitium
2515 2502 2708 2558 amicis
2758 2501 2917 2569 meis,
2968 2516 3154 2558 coram
3217 2511 3269 2556 te
3313 2511 3399 2556 est
3446 2502 3618 2557 etiam

2022 2595 2150 2664 quid
2182 2595 2275 2626 ¹³³⁶
2301 2602 2518 2664 exoptet
2543 2609 2639 2650 eor
2663 2609 2844 2650 meum
2875 2593 3112 2649 inimicis
3167 2594 3325 2649 meis.
3349 2592 3426 2647 Τιι
3454 2593 3611 2649 enim

2021 2694 2263 2740 scrutatis
2286 2685 2448 2738 corda
2465 2694 2518 2740 et
2542 2699 2689 2738 renes
2715 2682 2856 2738 Deus
2886 2681 3061 2751 (Psal.
3121 2667 3216 2749 vni,
3252 2682 3366 2753 10),
3410 2690 3465 2735 ιιι
3512 2696 3615 2753 pe-

2021 2786 2206 2832 netras
2225 2782 2436 2830 secreta
2470 2773 2668 2829 mentis
2696 2789 2829 2829 mea:
2858 2773 2972 2827 ¹⁸³⁷.
3019 2772 3138 2828 Tibi
3191 2773 3336 2829 enim
3385 2783 3538 2844 patet
3569 2771 3619 2826 si

2021 2868 2149 2938 quid
2180 2867 2234 2921 in
2257 2866 2439 2943 anima
2466 2864 2611 2921 servi
2638 2865 2714 2920 tui
2741 2865 3019 2921 seminasti
3047 2866 3191 2936 quod
3250 2866 3345 2920 tibi
3401 2868 3473 2920 sit
3518 2866 3615 2897 ⁸³³⁸

2019 2959 2380 3024 οιῐιιιιιιιάιιιιι,
2419 2972 2520 3013 nec
2543 2958 2714 3014 latere
2748 2966 2799 3013 te
2822 2967 3023 3029 potest,
3054 2960 3097 3013 si
3147 2958 3275 3029 quid
3322 2969 3377 3014 et
3427 2972 3533 3029 ego
3564 2968 3619 3010 et

2019 3052 2265 3107 inimicus
2312 3052 2467 3105 homo
2504 3049 2894 3106 seminavimus
2944 3050 3019 3104 ibi
3069 3049 3286 3119 (Matth.
3339 3066 3461 3117 ιιιι,
3520 3050 3618 3119 28)

2019 3144 2166 3215 quod
2192 3143 2316 3215 igne
2334 3140 2872 3197 sitcomburendum.
2908 3140 2986 3196 Ne
3007 3142 3296 3210 despicias,
3330 3143 3613 3213 benignis-

2020 3237 2157 3291 sime
2184 3235 2344 3303 Deus,
2365 3234 2509 3305 quod
2525 3243 2581 3290 tu
2606 3234 2910 3301 semiuasti,
2940 3235 3036 3290 sed
3069 3234 3213 3296 fore,
3243 3245 3298 3291 et
3324 3251 3462 3306 auge
3488 3236 3610 3300 ⁸³³⁸,

2020 3335 2075 3382 et
2104 3327 2331 3397 perfice,
2360 3335 2416 3381 et
2442 3340 2727 3382 conserva.
2773 3326 2909 3393 Quia
2958 3327 3101 3383 sicut
3140 3327 3272 3382 nihil
3297 3328 3421 3383 boni
3463 3329 3613 3398 potui

2020 3419 2259 3488 incipere
2278 3418 2396 3474 sine
2423 3427 2495 3483 te,
2519 3417 2594 3473 ita
2617 3432 2717 3473 nec
2751 3433 2972 3489 possum
3001 3434 3383 3475 consummare
3411 3422 3496 3475 vel
3516 3437 3621 3476 cu-

2020 3509 2224 3564 stodire
2244 3508 2448 3579 absque
2492 3518 2564 3564 te.
2602 3509 2682 3565 Ne
2713 3525 2800 3565 me
2826 3509 3059 3578 iudices,
3094 3511 3410 3567 misericors
3439 3512 3612 3579 Deus,

2018 3609 2239 3671 propter
2266 3600 2319 3654 id
2345 3601 2488 3669 quod
2527 3600 2620 3655 tibi
2659 3600 2910 3668 displicet
2931 3601 2985 3655 in
3019 3616 3127 3668 me,
3159 3603 3254 3657 sed
3280 3603 3437 3657 aufer
3462 3605 3616 3674 quod

2020 3709 2129 3748 non
2153 3692 2404 3762 posuisti,
2433 3700 2486 3749 et
2517 3691 2664 3747 salva
2688 3692 2922 3748 animam
2948 3708 3124 3748 meam
3173 3708 3336 3764 quam
3382 3695 3612 3748 creasti.

2019 3783 2136 3841 Non
2161 3784 2307 3840 enim
2341 3797 2441 3855 ego
2481 3783 2757 3854 corrigere
2793 3799 2878 3840 tne
2925 3788 3145 3856 poSsum
3194 3786 3313 3839 sine
3364 3794 3437 3847 te,
3478 3786 3615 3854 quia

2019 3890 2143 3931 cum
2171 3874 2297 3932 boni
2323 3890 2533 3942 sumus,
2566 3883 2619 3929 tu
2666 3875 2783 3943 ipse
2806 3874 2941 3930 facis
2980 3891 3076 3929 nos
3097 3915 3112 3939 ,
3135 3883 3189 3930 et
3226 3890 3330 3928 non
3379 3874 3479 3944 ipsi
3507 3890 3613 3929 nos

2021 3963 2195 4037 (Psnl.
2219 3980 2367 4030 ιιιιιι,
2397 3963 2476 4035 5).
2517 3964 2626 4020 Nec
2656 3965 2887 4021 tolerare
2922 3966 3122 4036 poterit
3152 3965 3333 4018 anima
3384 3979 3527 4031 mea,
3561 3966 3614 4022 si

2020 4058 2313 4114 secundum
2365 4071 2518 4112 suam
2577 4058 2875 4126 nequitiam
2939 4057 3270 4126 iudicaveris
3318 4073 3459 4112 eam.
3526 4057 3610 4111 Τιι

2021 4169 2171 4225 ergo,
2196 4153 2441 4217 Domine,
2478 4151 2570 4222 qui
2592 4150 2741 4208 solus
2769 4166 2832 4207 es
2878 4161 3091 4220 potens,
3134 4159 3185 4203 tu
3217 4150 3307 4218 qui
3349 4148 3497 4203 solus
3555 4164 3620 4202 es

2023 4250 2353 4314 misericors,
2392 4245 2653 4319 quidquid
2691 4245 2807 4316 ipse
2861 4244 2997 4299 facis
3035 4259 3118 4298 me
3150 4242 3464 4297 desiderare
3504 4241 3619 4295 ini-

2022 4342 2180 4398 micis
2204 4341 2443 4407 meis,-et
2473 4338 2576 4394 illis
2623 4337 2814 4399 tribue,
2846 4346 2902 4391 et
2951 4334 3082 4389 mihi
3138 4334 3395 4388 retribue.
3447 4330 3517 4384 Et
3574 4333 3620 4384 si

2020 4435 2149 4506 quid
2183 4431 2474 4504 aliquando
2497 4438 2697 4499 exopto
2729 4428 2833 4483 illis
2854 4436 3008 4481 extra
3033 4424 3272 4497 regulam
3303 4422 3619 4488 cbaritatis,

2019 4534 2114 4580 aut
2138 4524 2462 4595 ignorantia,
2510 4530 2604 4575 aut
2652 4518 2991 4583 infirmitate,
3043 4527 3137 4573 aut
3188 4514 3412 4579 malitia,
3468 4511 3622 4566 bone

2021 4621 2266 4683 Domine,
2300 4619 2401 4673 hoc
2447 4630 2515 4670 ne
2554 4614 2661 4669 illis
2704 4614 2930 4677 tribuas,
2990 4625 3090 4666 nec
3139 4609 3272 4664 mihi
3313 4606 3619 4662 retribuas.

2020 4712 2121 4781 Qui
2148 4725 2210 4766 es
2233 4707 2327 4764 lux
2355 4722 2503 4770 vera,
2527 4704 2767 4759 illumina
2792 4704 3091 4759 czccitatem
3128 4700 3363 4756 illorum.
3395 4694 3503 4764 Qui
3556 4709 3625 4750 es

2018 4816 2233 4859 summa
2256 4802 2475 4863 veritas,
2502 4795 2719 4867 corrige
2744 4808 2989 4851 errorem
3021 4793 3261 4849 illorum;
3279 4789 3379 4859 Qui
3404 4804 3466 4845 es
3500 4787 3624 4844 vita

1610 4935 1845 4994 VARUS
1885 4932 2288 4994 LELTIONES.

406 5080 501 5114 ¹³¹⁶
524 5080 771 5150 Domine,
797 5080 890 5151 qui
916 5088 1120 5136 tantam
1142 5077 1460 5151 charitatetn
1482 5077 1799 5151 praecepisti
1816 5093 1944 5132 mss.
1974 5076 2222 5151 Domine,
2243 5074 2336 5151 qui
2361 5082 2566 5151 tantam
2587 5072 2908 5129 charitatem
2939 5070 3120 5151 fecisti
3138 5070 3380 5151 inimicis
3404 5068 3542 5151 tuis,
3561 5079 3621 5127 tu

332 5155 449 5224 ipse
479 5152 800 5208 cbaritatem
822 5151 1123 5275 praecepisti
1200 5151 1290 5180 ³³⁸⁷
1330 5151 1575 5203 Creatori
1605 5158 1653 5204 et
1690 5151 1714 5202 ιλ

334 5227 567 5275 tribuam
594 5223 898 5275 miseratori
921 5232 977 5275 et
1020 5218 1348 5275 iedemotori
1373 5218 1533 5273 meo?
1562 5218 1714 5274 Domi

334 5218 567 5279 tribuam
594 5218 898 5278 miseratori
921 5232 977 5279 et
1000 5218 1533 5290 ltedemptorimeo?
1562 5218 1791 5290 Domine

1200 5148 1291 5180 “"
1330 5139 1575 5203 Creatori
1605 5139 2037 5208 et'Redemotori
2068 5139 2228 5204 meo?
2262 5139 2494 5203 Domine
2533 5154 2639 5200 etc.
2669 5160 2795 5199 mss.
2828 5143 3122 5199 reereatori
3156 5142 3314 5198 meo?
3340 5139 3482 5208 Quid
3530 5158 3622 5196 re-

1924 5216 1994 5250 ³²⁸
2031 5217 2383 5285 Reclamante
2408 5233 2534 5272 mss.
2566 5215 2841 5285 clamante
2910 5214 3450 5285 “"ASynceritatem
3475 5227 3622 5268 mss.

331 5277 745 5365 g‘ncéﬁofem”
773 5294 866 5329 mo
899 5277 1016 5365 Ago
1038 5277 1268 5365 pomiﬁe
1297 5287 1370 5343 mi
1393 5304 1562 5365 mss;
1576 5286 1712 5343 Vict.
1746 5289 1836 5344 i6.
1863 5298 1914 5345 et
1943 5277 2488 5365 Vol-tquontitturtt,
2532 5286 2605 5341 mi
2683 5285 2792 5365 ’ᾖς’
2813 5284 2977 5365 Quasi
3013 5277 3217 5365 justus,
3250 5297 3475 5338 securus
3507 5299 3618 5337 ms.

336 5351 471 5419 Thu.
500 5366 655 5436 quasi
673 5364 874 5433 justus,
887 5351 1059 5436 quasi
1089 5375 1316 5436 securus
1345 5429 1360 5436 _
1390 5358 1494 5436 “fi
1519 5358 1603 5414 Tu
1631 5368 1948 5436 auctoritas.
1989 5358 2121 5436 ιζξιιι.
2152 5358 2679 5436 t6._tu_actor__et_
2702 5355 2793 5436 ‘1“
2831 5351 3058 5425 Promer
3082 5364 3134 5409 te
3161 5370 3309 5436 ergo,
3342 5368 3450 5436 non
3476 5370 3621 5436 mss.

234 5484 237 5487 .
333 5434 554 5555 promer
580 5444 651 5499 te,
677 5451 782 5491 non
857 5434 903 5468 "

381 5506 547 5555 aculre
574 5506 643 5555 ad
672 5506 839 5555 Deum
860 5520 903 5555 Di

987 5433 1099 5491 Fac
1124 5432 1230 5487 illis
1253 5439 1308 5487 et
1329 5429 1397 5486 de
1423 5428 1651 5503 illisms.
1680 5428 1875 5503 Coi-th.
1892 5431 1978 5503 fac
2009 5430 2136 5503 illis,
2161 5440 2217 5503 e_t
2243 5429 2309 5485 da
2333 5427 2438 5483 illis
2513 5427 2607 5460 ’³³⁵
2638 5425 2846 5503 Collum
2871 5422 2952 5481 est
2970 5442 3085 5479 cum
3111 5422 3447 5503 prasignutis
3471 5422 3619 5503 Mss.

361 5494 547 5576 {acutae
574 5494 648 5559 ad
672 5506 839 5563 Deum
860 5517 961 5576 pro
981 5503 1221 5576 inimicis
1244 5517 1375 5557 mss.
1402 5501 1965 5576 oratioAproinimicis
2039 5501 2132 5533 ¹³³⁶
2163 5500 2377 5576 _C_oran1
2398 5509 2451 5554 te
2456 5506 2555 5576 est
2573 5497 2710 5576 _qu_id_
2732 5513 2859 5576 mss.
2887 5510 3104 5576 coram.
3102 5504 3154 5551 te
3178 5508 3263 5550 est
3284 5494 3449 5576 etiam
3471 5494 3625 5564 quid

336 5570 424 5606 “"
464 5574 655 5630 Mentis
688 5585 792 5630 tua;
820 5570 945 5630 uisa.
975 5574 1174 5632 mentis
1200 5588 1337 5630 meae

343 5641 479 5697 Vict.
510 5645 592 5697 l6.
619 5647 832 5712 omittit,
862 5655 918 5703 et
953 5659 1090 5717 auge

1442 5570 1533 5604 ⁸³³⁸
1572 5567 1729 5638 Quod
1778 5574 1874 5631 tibi
1916 5573 1991 5630 sit
2026 5589 2127 5629 ms.
2163 5570 2303 5629 Vict.
2346 5570 2402 5628 3.
2449 5567 2712 5636 Quidum
2744 5569 2814 5626 δίε

2933 5566 3027 5602 ⁸⁸³⁹
3062 5565 3210 5623 Fove
3250 5574 3307 5623 et
3335 5578 3477 5637 auge
3505 5580 3618 5620 ms.
