3906 6058
241 251 355 322 ’9ὺῦ

257 469 510 525 dilectum
541 464 863 536 discipulum
893 471 1042 517 tuum
1071 461 1196 531 quia
1227 459 1318 530 qui
1356 475 1460 512 non
1504 456 1694 526 diligit,
1725 471 1840 508 ma-

255 567 338 612 net
365 557 418 611 in
448 565 612 610 morte
643 553 696 626 (Ι
731 552 892 608 Joan.
951 567 1034 617 tu,
1061 549 1172 622 14).
1203 549 1310 604 Oro
1331 562 1482 617 ergo,
1509 545 1756 608 Domine,
1785 554 1842 598 ut
1879 561 1882 566 τ

255 657 514 718 quantam
538 646 700 716 iubes
736 645 948 710 haberi,
973 643 1142 699 dones
1163 642 1242 697 eis
1267 640 1342 695 lui
1377 650 1428 694 ct
1452 641 1680 709 proximi
1713 640 1842 694 cha-

253 741 494 805 ‘ritatem,
525 753 593 794 ne
613 739 854 794 habeant
879 735 972 769 ¹³⁸⁹
1002 747 1185 791 coram
1219 743 1270 788 te
1325 747 1488 803 super
1541 731 1708 786 frat-re
1745 747 1842 785 suo

249 839 565 902 peccatum.

327 924 505 992 Absit,
533 935 566 980 ο
595 923 683 992 pie
711 920 953 984 Domine,
987 919 1130 975 absit
1157 931 1226 974 ne
1267 918 1367 974 sim
1397 917 1658 973 fratribus
1709 915 1856 971 meis.

256 1015 471 1070 'oceasio
495 1014 708 1084 mortis,
741 1027 807 1067 ne
839 1012 938 1066 sim
967 1010 1072 1064 illis
1097 1017 1246 1078 petra
1267 1008 1506 1063 scandali
1525 1017 1571 1062 et
1601 1007 1734 1077 lapis
1765 1008 1845 1077 of-

251 1093 546 1166 ‘fensionis!
577 1092 629 1158 (Ι
667 1091 810 1145 Patr.
841 1106 905 1154 ιι,
935 1089 1012 1160 8-.)
1069 1088 1215 1144 Satis
1261 1089 1403 1144 enim
1449 1097 1504 1142 et
1559 1087 1843 1158 plusquam

251 1185 392 1242 satis
413 1169 500 1241 est
529 1185 664 1250 mihi
713 1177 834 1249 ’⁸³δί,
867 1181 1115 1250 Domine,
1180 1183 1325 1253 quod
1387 1183 1514 1237 mihi
1577 1181 1676 1253 ipsi
1724 1197 1841 1236 sum

261 1276 592 1344 scandalum,
623 1273 819 1331 suﬂicit
841 1274 971 1328 mihi
1009 1287 1190 1329 meum
1235 1281 1546 1342 peccatum.
1579 1271 1844 1327 Obsecrat

263 1378 318 1423 te
337 1381 527 1423 servus
557 1376 678 1421 tuus
701 1375 800 1436 pro
825 1365 1106 1421 conservis
1129 1363 1263 1431 suis,
1291 1379 1360 1418 ne
1387 1363 1662 1418 oﬂ‘endant
1691 1363 1846 1418 beni-

257 1459 526 1528 gnitatem
555 1464 666 1510 tam
705 1455 909 1526 magni,
941 1463 1050 1510 tam
1073 1454 1198 1510 boui
1240 1454 1447 1510 Demini
1481 1462 1708 1532 propter
1735 1469 1844 1517 me,

263 1549 355 1602 sed
383 1547 800 1603 reconcilientur
831 1547 948 1609 tibi,
981 1555 1037 1602 et
1071 1546 1409 1603 concordent
1461 1533 1592 1600 mibi
1647 1561 1844 1602 secun-

251 1639 391 1694 ‘dum
420 1638 748 1695 voluntatem
783 1646 928 1692 tuam
962 1645 1182 1708 prepter
1214 1645 1285 1691 te.
1320 1637 1446 1691 Haec
1477 1645 1561 1690 est
1586 1636 1845 1701 vindicta,

1679 245 2091 306 ORATIONES.

157 437 160 441 ,
253 391 406 440 vera,
454 372 666 429 vivifica
695 370 906 426 animas
931 367 1166 424 illorum.
1199 350 1278 420 Tu
1323 364 1466 421 enim
1517 351 1697 418 dixisti
1743 365 1914 432 ρει-Α
1945 369 2000 416 et
2033 357 2268 414 inimicis
2297 370 2457 420 meis,
2503 361 2624 425 qua!
2673 355 2926 424 precatus
2971 365 3112 418 sum,
3157 352 3388 420 tribuas,
3435 353 3531 410 scd

3417 213 3526 300 tuo

1945 451 2220 508 sicut'scis
2242 449 2536 519 unicuique
2557 447 2843 518 expedire,
2883 457 2938 502 et
2983 447 3244 502 voluntati
3279 458 3384 504 tua:
3421 465 3528 506 non

1944 543 2341 606 disconvenire,
2364 541 2615 597 Omnibus
2645 539 2782 595 vivis
2804 548 2859 593 et
2903 538 3174 595 defunctis
3220 541 3532 598 misericor—

1946 638 2178 692 di:etu:e
2229 635 2466 692 remedia
2507 635 2816 698 distribuas,
2867 639 3037 687 etme
3091 647 3196 686 non
3236 634 3378 687 sicut
3421 631 3535 687 vult
3623 675 3626 680 .

1945 745 2042 784 cor
2065 745 2266 794 meum,
2299 743 2398 783 nec
2423 728 2568 782 sicut
2607 727 2830 795 petitos
2864 739 3064 788 meum,
3113 725 3208 778 sed
3259 725 3396 778 sicut
3426 726 3535 779 scis

1945 833 1998 878 et
2023 822 2104 878 vis
2133 838 2216 876 me
2245 822 2444 876 debere
2471 819 2610 875 velle
2643 827 2698 872 et
2731 827 2936 889 petere,
2989 829 3208 886 semper
3248 815 3531 878 exaudias,

1949 915 2198 972 Salvator
2230 913 2555 992 manditqui
2600 927 2722 966 eum
2773 911 2934 965 Patre
2987 917 3042 963 et
3095 907 3299 978 Spiritu
3347 917 3536 963 sancto

1947 1005 2084 1060 vivis
2111 1011 2166 1060 et
2193 1019 2386 1074 regnas
2412 1004 2553 1058 Deus
2581 1017 2678 1073 per
2723 1001 2903 1056 omnia
2955 999 3150 1055 saecula
3181 998 3531 1056 saeculorum.

1947 1099 1986 1149 A
1997 1111 2137 1150 men.

2349 1185 2514 1257 264
2539 1182 2796 1240 ORATIO
2825 1183 2968 1238 XXV
3008 1175 3116 1236 ‘3'“.

2547 1295 2616 1334 ΑΒ
2643 1293 2934 1335 (ςιιιιιετυιι.

1950 1393 2081 1447 Cum
2112 1392 2358 1448 sacerdos
2395 1391 2617 1446 multant
2640 1393 2785 1445 timet
2811 1361 3129 1461 ηεόθῖεὶιιηι
3161 1388 3373 1455 altaris,
3396 1391 3536 1460 quod

2019 1465 2172 1534 gerit,
2193 1464 2362 1532 magis
2389 1473 2436 1516 et
2467 1472 2646 1534 noceat
2673 1478 2830 1531 quam
2865 1462 3144 1532 proﬁciat;
3177 1471 3225 1514 et
3253 1463 3394 1531 quod
3415 1477 3538 1515 con-

2008 1535 2198 1610 sitiunt
2233 1534 2298 1588 de
2317 1535 2416 1588 hac
2445 1549 2501 1586 re
2529 1533 2722 1602 capiat.

2024 1625 2344 1682 Dulcissime
2405 1631 2462 1678 et
2517 1623 2906 1695 benignissime
2977 1623 3204 1679 Domine
3272 1621 3363 1656 "“
3410 1623 3537 1680 Jesu

263 1745 428 1800 quam
459 1730 572 1784 vult
601 1733 816 1800 exigere
837 1738 1106 1785 seet-etum
1133 1728 1313 1784 cordis
1367 1729 1471 1783 mei
1505 1719 1586 1782 'de
1627 1741 1849 1783 ‘conser-
1882 1747 1923 1802 Β
1951 1717 2168 1774 Christe
2191 1745 2214 1784 ν,
2242 1714 2492 1772 ειῑὶεείηιὶ
2521 1715 2704 1778 Patris
2725 1715 2988 1770 alliSSime
3009 1713 3135 1780 Fili.
3167 1714 3260 1784 qui
3297 1730 3422 1769 cum
3449 1730 3540 1769 θο-

262 1825 346 1878 vis
371 1822 462 1855 ¹³⁵²
482 1831 538 1876 et
569 1821 803 1878 inimicis
831 1831 886 1876 et
915 1822 1417 1893 compe‘ccatoribus
1437 1819 1590 1876 meis.
1619 1819 1742 1874 llaec
1765 1829 1851 1874 est

253 1927 420 1982 poena
443 1926 604 1983 quam
629 1919 751 1966 orat
771 1911 952 1965 anima
983 1927 1102 1966 mea
1131 1912 1198 1967 de
1225 1911 1504 1967 conservis
1525 1921 1580 1964 et
1603 1910 1850 1965 inimicis

263 2005 423 2068 meis,
461 2012 519 2057 ut
539 2011 594 2056 te
611 2010 666 2056 et
685 2001 942 2068 invicem,
974 2002 1117 2057 sicut
1135 2011 1198 2056 tu
1223 2002 1386 2056 vis-et
1429 2001 1584 2056 nobis
1609 2001 1848 2070 expedit,

263 2093 571 2163 diligamus,
608 2100 666 2148 ut
689 2093 831 2147 bono
877 2092 1125 2157 Domino,
1175 2092 1318 2147 sicut
1359 2107 1456 2162 pro
1489 2093 1646 2146 nobis
1698 2093 1848 2161 ipsis,

255 2183 338 2238 ita
365 2193 422 2238 et
449 2197 548 2254 pro
575 2184 808 2238 invicem
849 2181 1274 2249 satisfaciamus,
1306 2191 1364 2236 ut
1421 2185 1692 2237 communi
1751 2184 1852 2238 Do—

264 2276 449 2342 mino;
479 2283 539 2329 ut
582 2274 856 2330 communi
899 2273 992 2310 ¹³⁵³
1027 2269 1269 2328 Domino
1315 2273 1368 2327 in
1419 2285 1715 2328 commune
1755 2274 1850 2328 bo-

251 2377 392 2423 num
414 2367 670 2439 magistra
691 2367 958 2422 cbaritate
980 2367 1322 2423 concorditer
1344 2368 1710 2438 obsequamur
1735 2365 1846 2420 mi.

264 2458 416 2514 Hanc
454 2459 710 2515 ultionem
735 2461 910 2530 poscit
949 2461 1246 2530 praeparari
1272 2461 1522 2516 omnibus
1571 2459 1850 2516 malevolis

264 2555 318 2603 et
348 2546 790 2603 malefactoribus
819 2547 934 2603 suis
960 2548 1046 2602 hic
1073 2556 1330 2617 peccator
1361 2555 1503 2602 tuus.
1561 2546 1711 2602 lianc
1757 2547 1848 2580 ³³⁵⁵

266 2651 510 2707 praepara
543 2645 621 2702 tu,
657 2638 880 2694 Domine
905 2636 1346 2706 clementissime,
1403 2638 1676 2708 peccatori
1733 2648 1847 2694 tuo.

263 2727 376 2798 Age
396 2742 550 2799 ergo,
577 2729 716 2784 bone
745 2728 992 2794 Creator,
1025 2736 1083 2782 et
1115 2728 1426 2784 u'iisericors
1461 2727 1626 2796 judex
1673 2743 1846 2795 meus,

266 2833 364 2888 age
389 2833 488 2889 per
513 2819 946 2876 inmstimabilem
985 2820 1415 2876 misericordiam
1449 2829 1618 2886 tuam,
1647 2821 1850 2875 dimitte

267 2909 398 2968 mihi
423 2910 618 2970 omnia
639 2909 814 2968 debita
838 2924 960 2966 mea
993 2909 1110 2980 m‘,
1140 2911 1274 2966 sicut
1312 2919 1360 2964 et
1391 2925 1491 2981 ego
1541 2909 1630 2943 m’
1663 2927 1848 2966 coram

271 3013 321 3060 te
339 3007 554 3062 dimitto
573 3006 824 3062 omnibus
843 3005 1162 3060 debitoribus
1191 3005 1328 3060 meis
1362 3004 1590 3076 (Matth.
1621 3021 1698 3072 vr,
1733 3003 1846 3076 l2}.

1955 1810 2076 1864 dem
2103 1807 2266 1862 Patre
2291 1813 2404 1873 tuo,
2442 1815 2498 1862 et
2531 1805 2735 1876 Spiritu
2767 1814 2958 1862 sancto
2978 1803 3348 1858 universitatis
3377 1805 3541 1858 Crea-

1955 1907 2040 1954 tor
2063 1897 2290 1964 existis;
2317 1897 2406 1954 cui
2435 1904 2562 1954 nota
2594 1905 2720 1952 sunt
2763 1897 2948 1952 omnia
2972 1905 3261 1965 antequam
3293 1895 3448 1962 ﬁant,
3483 1903 3542 1951 tu

1955 1992 2094 2048 nosti
2123 1990 2490 2062 insipientiam
2518 2003 2718 2052 meam,
2745 1987 2886 2042 nosti
2911 1995 2966 2042 et
3005 2002 3170 2056 quam
3215 1985 3428 2042 inﬁrma
3469 1988 3542 2044 sit

1953 2091 2008 2137 et
2027 2080 2234 2152 fragilis
2251 2079 2441 2136 anima
2463 2091 2616 2143 mea;
2646 2085 2700 2132 et
2721 2076 2836 2147 ejus
2857 2088 3080 2148 peccata
3136 2087 3299 2146 atque
3345 2077 3542 2134 delicta

1954 2187 1984 2226 a
2013 2159 2064 2227 te
2090 2187 2196 2227 non
2225 2179 2354 2228 sunt
2379 2170 2715 2228 abscondita.
2746 2170 2821 2224 Te
2850 2183 2978 2226 vero
3005 2169 3323 2226 Creatorem
3360 2185 3538 2238 meum

1952 2279 2074 2320 esse
2109 2247 2474 2335 recognosco;
2503 2262 2786 2328 etomnia,
2819 2277 2940 2332 quae
2981 2262 3126 2316 mihi
3157 2262 3224 2318 ad
3262 2262 3544 2332 prtesentis

1951 2357 2078 2412 vita:
2124 2357 2506 2412 necessitatem
2547 2363 2673 2409 sunt
2715 2353 2832 2419 ηδ’,
2881 2354 3267 2409 administrare
3317 2354 3540 2410 fateor:

1953 2448 2126 2504 fecisti
2175 2463 2308 2519 ergo
2335 2463 2444 2512 me,
2471 2462 2594 2502 cum
2625 2446 2718 2501 tibi
2767 2445 2986 2516 placuit,
3025 2455 3082 2500 et
3132 2446 3316 2502 tandiu
3350 2447 3404 2501 in
3440 2447 3542 2502 hac

1950 2542 2064 2596 vita
2085 2555 2204 2606 ero,
2239 2542 2480 2612 quandiu
2507 2541 2602 2596 tibi
2653 2539 2948 2608 placuerit:
3002 2554 3408 2610 necquousque
3447 2541 3542 2595 tibi

1954 2632 2179 2702 placeat,
2213 2615 2318 2686 ulla
2356 2631 2436 2686 vis
2460 2647 2546 2687 me
2577 2633 2706 2686 hinc
2737 2630 3012 2700 expellere
3041 2631 3262 2700 peterit.
3299 2630 3370 2688 Et
3413 2631 3540 2701 quit

1953 2724 2021 2778 de
2043 2723 2142 2778 hac
2173 2737 2232 2778 re
2269 2721 2608 2778 certissimus
2637 2737 2756 2777 sum
2797 2723 2940 2790 quod
2980 2723 3054 2776 ita
3111 2723 3204 2780 sit.
3236 2723 3336 2776 hoc
3377 2725 3542 2792 super

1952 2817 2130 2870 omnia
2158 2817 2480 2872 immensam
2506 2815 2804 2870 bonitatem
2839 2824 2983 2868 tuam
3011 2814 3294 2882 deprecor,
3319 2825 3378 2868 ut
3406 2831 3543 2884 qua-

1951 2907 2292 2976 litercunque
2317 2906 2450 2962 mihi
2479 2905 2717 2969 eveniat,
2765 2905 2890 2960 dum
2935 2905 3078 2970 vivo,
3129 2909 3323 2960 saltem
3355 2906 3422 2959 de
3454 2921 3542 2960 me

1951 2997 2128 3055 bonus
2155 2998 2228 3054 sit
2255 2997 2400 3066 linis,
2431 2997 2796 3067 omnibusque
2826 2997 3207 3066 iniquitatibus
3255 2998 3390 3052 meis
3444 3013 3542 3065 per

265 3099 336 3154 Et
355 3101 398 3155 si
421 3101 678 3167 nondum,
705 3101 812 3154 imo
841 3101 966 3170 quia
993 3098 1229 3154 nondum
1251 3099 1308 3154 id
1337 3097 1574 3169 perfecte
1600 3099 1668 3152 ad
1697 3107 1846 3153 tuum
1877 3095 1923 3157 C
1953 3109 2136 3150 veram
2168 3093 2546 3164 paenitentiam
2581 3091 2845 3160 dimissis,
2886 3091 2953 3146 ad
3003 3090 3230 3147 visionis
3270 3101 3376 3146 tua
3427 3091 3542 3161 εζιοὁ

267 3203 496 3244 examen
519 3189 670 3255 facit,
701 3188 795 3244 sed
829 3188 1010 3244 facere
1041 3187 1174 3254 vult,
1200 3197 1256 3242 et
1290 3188 1399 3243 vim
1427 3188 1528 3244 sibi
1581 3187 1848 3254 faciendo,

267 3295 368 3350 per
403 3287 454 3333 te
491 3279 633 3349 quod
666 3277 756 3312 ¹⁸⁸⁸
783 3287 962 3350 potest
991 3277 1154 3334 eiiicit
1183 3278 1406 3348 spiritus
1431 3294 1604 3343 meus,
1656 3289 1709 3332 et
1751 3261 1852 3334 Ιιόρ

263 3373 445 3440 ipsum
477 3371 574 3425 tibi
601 3369 789 3436 offero,
833 3377 970 3424 utet
1021 3377 1074 3423 tu
1119 3369 1252 3424 velis
1297 3370 1537 3439 perfecte
1579 3369 1854 3424 dimittere

269 3461 360 3494 ““
393 3461 525 3517 mihi
549 3471 768 3533 peccata
797 3474 938 3530 mea,
965 3469 1018 3517 et
1043 3461 1185 3518 sicut
1230 3473 1383 3531 potes
1414 3463 1691 3532 indulgeas
1737 3461 1854 3515 ani-

271 3567 371 3607 tum
401 3567 552 3607 [11812.
1120 3597 1122 3600 .

337 3643 544 3699 Exaudi
577 3659 684 3712 me,
716 3644 934 3708 exaudi,
963 3659 1156 3714 magne
1199 3643 1444 3710 Domine,
1473 3654 1528 3699 et
1563 3645 1701 3700 boue
1751 3645 1854 3700 Βο-

267 3735 434 3799 mine,
467 3734 620 3804 cujus
657 3736 860 3790 amoris
891 3733 1087 3790 aﬂ‘ectu
1124 3749 1245 3790 sese
1287 3749 1512 3804 pascere
1555 3736 1852 3800 desiderat,

271 3827 366 3883 sed
393 3830 595 3884 satiare
628 3841 688 3883 se
712 3827 778 3882 de
811 3836 862 3881 te
891 3841 996 3882 non
1013 3835 1191 3896 potest
1217 3825 1467 3882 famelica
1490 3827 1668 3880 anima
1694 3837 1852 3888 mea:

273 3919 340 3973 ad
367 3933 528 3988 quem
549 3919 908 3974 invocandum
935 3933 1044 3973 non
1073 3917 1282 3972 invenit
1303 3931 1366 3972 os
1420 3929 1600 3972 meum
1655 3932 1852 3972 nomen

273 4009 414 4077 quod
449 4007 680 4063 sufficiat
701 4009 858 4064 cordi
890 4022 1032 4062 meo.
1061 4007 1278 4062 Nullum
1307 4008 1454 4062 enim
1481 4009 1710 4062 verbum
1741 4009 1842 4062 hoc

273 4098 406 4152 mihi
446 4098 587 4166 sapit
637 4101 782 4168 quod
837 4107 888 4152 le
929 4098 1166 4152 donante
1222 4096 1448 4154 aliectus
1499 4113 1652 4153 meus
1705 4099 1770 4152 de
1805 4109 1857 4152 te

273 4187 440 4255 capit.
467 4185 650 4250 Oravi,
679 4187 924 4251 Domine,
951 4197 1012 4242 ut
1033 4187 1204 4256 potui,
1233 4188 1326 4242 sed
1357 4187 1479 4256 plus
1519 4187 1661 4242 volui
1693 4203 1856 4256 quam

272 4265 442 4346 potui.
469 4276 694 4338 Exaudi,
724 4277 921 4331 exaudi
962 4287 1039 4343 tu,
1083 4279 1226 4334 sicut
1265 4287 1440 4348 potes,
1489 4279 1582 4347 qui
1609 4279 1752 4349 quod
1779 4279 1858 4333 vis

275 4377 446 4438 potes.
479 4369 642 4423 Oravi
667 4378 726 4422 ut
749 4369 996 4442 infirmus
1023 4379 1080 4424 et
1105 4381 1378 4439 peccator,
1401 4372 1618 4436 exaudi,
1637 4375 1855 4438 exaudi,

1955 3189 2090 3244 riam
2119 3189 2404 3258 pervenire
2429 3188 2662 3253 valeam,
2691 3197 2916 3258 propter
2935 3201 3100 3257 quam
3129 3203 3215 3242 me
3247 3190 3468 3244 creasti.

2025 3279 2244 3345 Fateor,
2263 3279 2574 3334 dulcissime
2603 3280 2829 3334 Domine
2853 3278 3000 3344 Jesu,
3031 3279 3158 3348 quia
3185 3279 3372 3334 omnia
3398 3281 3539 3334 bona

1955 3387 2074 3442 qua!
2103 3371 2302 3436 habeo,
2335 3379 2392 3426 tu
2433 3371 2564 3426 mihi
2601 3371 2830 3437 dedisti;
2880 3381 2936 3426 et
2985 3373 3110 3442 quia
3168 3371 3262 3406 ⁸⁸³³
3319 3385 3544 3444 propter

1957 3463 2060 3517 hoc
2083 3476 2146 3516 ea
2175 3462 2308 3518 mihi
2339 3461 2558 3530 dedisti,
2587 3472 2648 3516 ut
2671 3469 2746 3524 te,
2775 3462 2916 3516 sicut
2943 3462 3162 3532 dignum
3187 3470 3352 3527 esset,
3381 3478 3544 3532 super

1955 3555 2136 3610 omnia
2163 3554 2464 3625 diligerem,
2493 3562 2548 3610 et
2575 3554 2756 3609 omnia
2797 3569 2934 3624 quae
2987 3555 3080 3609 tibi
3129 3553 3362 3624 placent,
3418 3571 3543 3612 cum

1956 3661 2151 3717 magna
2171 3645 2450 3700 voluntate
2479 3644 2742 3712 facerem;
2777 3660 2842 3700 ea
2873 3661 3002 3700 vero
3037 3661 3158 3716 quae
3197 3645 3293 3700 tibi
3352 3647 3546 3716 displi-

1955 3747 2103 3804 cent,
2133 3737 2279 3794 nullo
2307 3739 2466 3793 modo
2489 3737 2668 3817 facere
2694 3738 2973 3792 auderem.
3031 3738 3136 3792 Sed
3183 3738 3325 3794 inter
3346 3749 3544 3793 caetera

1957 3828 2098 3884 bona
2129 3843 2249 3896 quae
2277 3827 2411 3882 mihi
2452 3827 2520 3881 de
2569 3828 2794 3883 servitio
2855 3837 2944 3881 tuo
2988 3829 3316 3898 praecepisti,
3361 3831 3546 3885 nescio

1914 3913 1928 3926 ’
1957 3936 2066 3992 quo
2089 3918 2306 3976 occulto
2323 3918 2529 3987 judicio
2561 3927 2656 3973 tuo
2678 3919 2811 3972 mihi
2843 3933 2982 3974 enus
3015 3921 3310 3975 sacerdotii
3343 3921 3546 3991 imponi

1959 4011 2254 4082 permisisti
2287 4009 2400 4063 ‘3“.
2433 4009 2586 4077 Quod
2631 4009 2910 4066 servitium
2941 4025 3064 4066 cum
3116 4011 3406 4078 diligenter
3459 4012 3545 4066 iu-

1961 4114 2116 4160 tucor
2137 4112 2338 4175 quanta
2365 4104 2668 4159 reverentia
2701 4103 2772 4158 sit
2803 4104 3094 4173 agemlum,
3141 4111 3194 4158 et
3220 4117 3383 4174 quam
3411 4111 3547 4174 pura

1959 4193 2313 4258 conscientia,
2345 4200 2402 4248 et
2444 4194 2512 4248 ab
2534 4193 2680 4248 omni
2712 4193 3037 4264 contagione
3087 4194 3294 4264 peccati
3347 4195 3548 4249 numda

1961 4285 2122 4340 debet
2143 4299 2263 4340 esse
2313 4300 2467 4340 meus
2516 4299 2636 4356 quae
2688 4295 2794 4340 tam
2844 4285 3138 4341 terrificum
3191 4287 3548 4342 ministerium

1961 4379 2188 4448 suscipit
2215 4380 2554 4434 tractandum
2579 4396 2592 4444 ;
2624 4390 2678 4435 et
2704 4394 2767 4433 ex
2793 4379 2962 4434 altera
3013 4380 3104 4412 ³³³³
3129 4389 3283 4450 parte
3307 4395 3413 4436 non
3449 4382 3550 4434 mi—‘

277 4467 354 4522 tu,
385 4460 528 4514 sicut
553 4471 748 4531 potens
773 4470 827 4515 ct
865 4460 1150 4515 miserator
1203 4472 1258 4516 et
1284 4477 1390 4518 non
1439 4461 1612 4516 solum
1663 4463 1854 4518 amicis
1885 4461 1932 4520 D
1961 4467 2078 4522 neri
2103 4469 2378 4536 diligentia
2403 4470 2637 4539 respicio
2665 4471 2789 4538 quis
2809 4485 2929 4524 sum
2961 4485 3061 4541 ego
3091 4474 3182 4540 qui
3216 4473 3317 4528 hoc
3348 4483 3551 4528 tracta-‘-

1550 4623 1778 4678 γλιυῶ
1817 4623 2218 4682 LECTIONES.

275 4803 284 4808 _
381 4741 474 4774 ¹⁸⁸⁰
513 4741 621 4796 Nec
667 4741 905 4796 habeant
955 4759 1077 4798 mss.
1140 4757 1208 4798 nc
1256 4743 1492 4798 habeant

277 4809 368 4844 ⁸³³¹
409 4811 484 4866 De
535 4815 812 4868 conservis
868 4830 966 4867 ms.
1033 4811 1166 4868 Vict;
1227 4815 1312 4868 16.
1359 4815 1570 4876 omittit,
1619 4813 1688 4868 dc

1604 4741 1692 4774 ¹³⁵¹
1737 4741 1883 4798 Satis
1929 4752 2014 4797 est
2065 4745 2135 4798 mi
2192 4759 2317 4796 mss.
2379 4741 2512 4796 Vict.
2573 4742 2658 4798 16.
2728 4754 2774 4797 et
2831 4743 3064 4801 Val-(ur.
3127 4747 3262 4802 satis
3301 4757 3381 4803 est
3417 4752 3546 4806 mihi

1797 4813 1889 4845 *3“
1955 4813 2226 4870 Domino:
2268 4822 2324 4869 et
2365 4828 2652 4868 commune
2703 4832 2828 4869 mss.
2891 4817 3120 4873 Domino
3181 4819 3236 4872 in
3262 4831 3548 4876 commune

277 4880 374 4953 ‘f'ff
421 4881 848 4951 Consequamur.
910 4899 1035 4953 nias.
1091 4885 1472 4953 obsequamuru
1530 4901 1628 4937 ms.
1693 4883 1825 4938 Tim.
1881 4898 2239 4953 exequamur.

2354 4883 2448 4919 1’"
2512 4883 2664 4939 lianc
2718 4886 2904 4940 etiam.
2965 4905 3090 4942 mss.
3161 4891 3310 4943 omit.
3379 4893 3544 4945 etiam

413 4953 598 5028 Debita
615 4941 910 5028 :Inea__n_tss.
947 4950 1080 5006 Vict.
1119 4953 1204 5007 i6.
1231 4941 1276 5008 et
1299 4952 1686 5028 rFlorthelieta
1715 4969 1861 5028 mea”
1911 4941 2018 5028 {’"I
2044 4953 2099 5009 Si
2123 4963 2179 5009 et
2207 4968 2307 5026 ego
2336 4971 2462 5028 mss.
2489 4953 2628 5028 sicut
2651 4964 2704 5028 et
2736 4971 2835 5026 ego
2912 4957 3004 4989 ⁸³⁵⁸
3045 4941 3148 5012 Pro
3174 4970 3225 5011 te
3251 4941 3544 5028 φἰοᾱῆίέζέζ

285 5019 543 5092 Yictorin.
575 5021 660 5076 16.
686 5033 733 5076 et
751 5021 902 5092 ξιον.
939 5038 1036 5092 per
1061 5032 1135 5084 te,

279 5091 412 5146 Mss.
442 5091 574 5146 Tim.
597 5092 722 5148 267.
759 5091 894 5149 Vict.
919 5091 1043 5148 KK.
1065 5093 1151 5148 16.

1209 5027 1308 5078 uod
1385 5023 1478 5094 ’Ψ
1516 5023 1786 5094 Perficere
1811 5025 2088 5094 dimittere
2123 5023 2527 5094 mssfperfecte
2563 5023 2840 5094 dimittere
2917 5028 3010 5060 “5°
3051 5023 3280 5082 Colluta'
3304 5039 3379 5084 est
3424 5039 3543 5084 cunt

1221 5097 1332 5148 orb.
1367 5093 1488 5149 160.
1516 5105 1562 5147 et
1605 5093 1837 5148 Val-lac.
1869 5093 1975 5151 Pro
2012 5093 2306 5151 Sacerdote
2343 5109 2466 5150 cum
2517 5093 2744 5149 multum
2777 5097 2934 5154 timet
2964 5114 3028 5153 ne
3069 5097 3302 5152 cilicium
3345 5099 3548 5154 Altaris

319 5164 424 5239 μοι]
459 5163 619 5239 gerit,
659 5164 910 5239 ιιιθείεῂθί
941 5173 1154 5239 noceat,
1180 5181 1340 5239 quam
1374 5163 1642 5239 proficiat,
1674 5175 1730 5219 et
1752 5165 1910 5239 quale
1940 5165 2224 5239 consilium
2251 5167 2328 5239 de
2371 5164 2868 5239 tali_perplexi_tate
2914 5169 3094 5239 capiat
3141 5184 3264 5219 nias.
3316 5168 3452 5223 Tim.
3497 5183 3548 5224 et

334 5235 420 5286 ἔοι.
452 5233 637 5289 Oratio
675 5233 795 5288 cum
834 5233 1100 5289 Sacerdos
1129 5233 1352 5290 multum
1375 5233 1574 5288 timet..
1602 5246 1656 5290 et
1685 5233 1826 5304 quod
1847 5233 2146 5291 "consilium
2171 5237 2296 5291 inde
2321 5233 2555 5305 accipiat
2595 5233 2696 5292 ius.
2728 5236 2884 5292 Corb.
2919 5233 3206 5296 (lonfessio
3233 5239 3548 5295 Sacerdotis

276 5317 346 5358 ex
373 5305 744 5359 recordatione
773 5305 1180 5370 beneﬁciorum,
1211 5315 1266 5358 et
1291 5306 1420 5373 quid
1446 5306 1514 5360 sit
1543 5305 1734 5360 melius
1757 5305 1930 5360 Aitari
1956 5307 2182 5372 servire,
2214 5322 2280 5360 an
2309 5317 2454 5362 metu
2480 5317 2826 5373 peccatorum
2853 5323 3112 5364 cessarc..
3159 5326 3258 5362 ms.
3303 5309 3542 5364 Val-luo.

275 5373 464 5450 Oratio
489 5389 623 5450 cum
641 5375 908 5450 sacerdos
941 5375 1166 5450 multum
1191 5376 1360 5450 timet
1381 5373 1624 5450 o_ﬂici_um_
1651 5376 1863 5450 Alteris
1891 5379 2032 5450 quod
2077 5377 2216 5446 gerit
2245 5377 2438 5450 magis,
2469 5375 2531 5450 ei
2560 5386 2748 5450 noceat
2787 5393 2950 5450 quam
2981 5379 3258 5450 proficiat;
3307 5391 3362 5435 et
3399 5375 3546 5450 quod

274 5445 560 5521 consilium
593 5445 658 5500 de
701 5445 804 5500 hac
832 5461 888 5500 re
917 5447 1096 5521 capiat
1189 5445 1278 5477 ¹³⁵¹
1319 5445 1798 5521 Et_benignissitnc
1837 5445 2062 5521 Domine
2085 5445 2190 5521 ius.
2236 5445 2392 5521 (loro.
2426 5447 2575 5521 omit.
2609 5459 2664 5503 et
2698 5445 3110 5521 benignissime
3163 5449 3254 5482 ³³⁸³
3293 5451 3372 5505 Ad
3409 5445 3545 5521 prae-

274 5526 482 5588 seruem
513 5515 675 5588 vitam
696 5513 1108 5588 sustentandam
1133 5515 1438 5588 necessaria
1470 5513 1598 5588 sunt
1639 5533 1763 5569 mss.
1799 5517 1866 5570 ad
1903 5519 2188 5588 praesentis
2217 5519 2338 5572 vita!
2370 5518 2752 5572 necessitatem
2793 5587 2797 5588 ί
2830 5513 2922 5550 ¹³⁶³
2958 5519 3148 5574 Omnia

3187 5535 3306 5589 quae
3347 5523 3542 5588 habeo,

275 5597 332 5641 et
355 5587 470 5642 scio
499 5597 552 5642 tu
577 5587 708 5658 mibi
735 5587 1035 5658 dedisti,_et
1066 5587 1406 5658 docuisti,ict
1433 5587 1555 5658 quia
1588 5603 1723 5658 mss.
1758 5587 1946 5658 ieiunia
1975 5591 2113 5642 bona
2141 5605 2260 5656 qua:
2295 5589 2488 5648 habeo,
2517 5595 2572 5639 tu
2609 5589 2739 5641 mihi
2769 5587 2984 5656 dedisti,
3018 5599 3072 5642 et
3102 5587 3224 5658 quia
3303 5589 3396 5626 ⁸³⁸⁸
3435 5587 3543 5648 Im:

276 5660 402 5726 poni
457 5655 753 5727 permisisti
791 5673 892 5712 ms.
928 5655 1083 5710 Coro.
1143 5657 1342 5726 imponi
1382 5655 1674 5725 prmcipisti
1755 5655 1846 5687 ’⁵⁸⁸
1890 5657 2025 5711 Cum
2082 5655 2249 5712 altera
2285 5675 2410 5712 mss.
2452 5672 2518 5711 ex
2553 5658 2725 5712 altera
