3852 6050
320 225 417 282 (ιιι

681 222 739 278 8.
780 221 1076 285 ANSELMI
1115 220 1463 278 CANTUAR.
1508 215 1827 272 ARCHIEP.
1858 213 1910 270 Ol

2044 213 2226 271 mus
2264 214 2327 270 ιι.
2356 188 2423 255 ἓ..
2458 213 2826 277 mmmam.
2870 216 2957 271 ET
2997 215 3240 274 sscu'r.

3487 219 3615 277 952

320 357 381 399 re
397 340 593 407 audeo,
620 354 725 397 non
750 355 941 410 parum
969 351 1037 395 tte
1062 337 1483 409 praesumptione
1504 350 1622 390 mea
1648 332 1904 396 formido,
1937 343 1985 401 Α
2011 327 2161 394 Jesu,
2193 340 2252 384 ιιι
2282 338 2338 385 ιιι
2362 330 2536 396 vides,
2569 330 2764 400 sepius
2798 339 2853 386 et
2883 333 3086 403 sapius
3121 333 3196 388 ita
3239 332 3404 401 facio,
3450 343 3509 391 et
3543 348 3619 389 tn

320 446 377 491 ct
405 433 880 490 vehementissime
914 430 1005 462 ¹³⁸⁶
1031 431 1195 486 timeo
1226 442 1294 483 ne
1312 428 1382 482 ad
1409 426 1585 496 majus
1618 426 1904 496 judicium,

323 523 858 599 majorisqttejudicii
883 521 1292 577 damnationem
1340 518 1472 574 tttihi
1497 518 1590 584 sit,
1641 518 1788 588 quod
1838 517 1907 571 ad

260 672 267 679 .
326 632 434 675 tam
462 619 677 688 dignam
706 629 817 670 rem
850 624 959 669 tam
999 613 1253 684 indignus
1277 609 1535 667 accedere
1552 610 1747 666 audeo.
1780 607 1908 664 Scio

321 722 486 773 certe,
517 724 618 763 nec
638 708 706 763 de
742 707 843 762 hac
865 721 924 762 re
969 705 1077 761 ullo
1126 704 1286 760 modo
1328 702 1516 759 dubito
1567 701 1715 771 quia,
1755 702 1799 757 si
1833 701 1907 755 ita

321 804 559 859 viverem
585 800 726 855 sicut
753 799 841 853 ille
869 800 1051 854 vivere
1069 796 1231 852 debet
1277 797 1370 867 qui
1397 796 1503 850 hoc
1546 794 1906 850 ministerium

323 895 455 965 agit,
478 892 688 949 mdium
713 890 999 947 servitium
1035 889 1129 945 Dei
1165 888 1344 943 facere
1373 902 1586 957 possent
1640 884 1786 954 quod
1829 884 1907 938 sic

321 972 455 1040 mihi
484 984 726 1054 prolicuo
746 993 893 1038 esset
947 991 1002 1037 ct
1046 981 1230 1036 saluti.
1272 981 1380 1036 Sed
1429 979 1573 1035 sicut
1608 977 1906 1048 proficuum

320 1089 483 1144 esset,
517 1079 562 1133 si
589 1078 698 1132 vita
736 1078 895 1146 digna
924 1076 1210 1141 existeret,
1266 1074 1338 1128 ita
1388 1074 1563 1143 majus
1605 1070 1905 1142 periculum

321 1180 377 1227 et
407 1169 581 1240 major
603 1170 882 1225 damnatio
906 1169 1139 1223 infirmae
1184 1167 1382 1221 aninne
1412 1175 1469 1221 et
1519 1164 1760 1236 peccatis
1812 1163 1904 1193 ’³⁸⁷

322 1268 437 1323 suis
459 1275 699 1322 oneraue
724 1262 994 1328 imminet,
1020 1278 1140 1332 qua:
1164 1273 1275 1316 tam
1298 1261 1520 1330 dignam
1547 1273 1660 1313 rem
1687 1256 1907 1327 indigna

323 1368 562 1416 tractare
590 1358 774 1413 audet.
809 1354 946 1410 Vere
976 1354 1050 1409 ita
1082 1361 1184 1419 est,
1228 1362 1285 1409 et
1307 1353 1596 1422 plusquam
1631 1350 1736 1404 dici
1783 1364 1908 1419 pos-

322 1450 414 1515 sit,
441 1449 542 1503 ista
569 1460 658 1503 res
678 1446 828 1501 utilis
852 1453 938 1500 est
974 1453 1030 1499 ct
1053 1443 1288 1499 salubris
1335 1443 1477 1498 bono
1508 1441 1797 1502 sacerdoti,
1830 1448 1906 1507 et,

321 1543 607 1612 plusquam
631 1540 737 1595 dici
766 1538 957 1610 possit,
1015 1535 1318 1608 periculosa
1371 1546 1455 1591 est
1503 1535 1643 1589 hanc
1691 1533 1910 1604 indigne

325 1633 600 1689 tractanti.
626 1632 767 1700 Quid
790 1646 925 1702 ergo
954 1629 1137 1693 faciet,
1163 1628 1479 1683 dulcissime
1510 1626 1736 1681 Domine
1755 1624 1907 1692 Jesu,

2010 430 2118 475 tam
2145 421 2366 477 sordido
2392 436 2539 487 vase,
2570 420 2651 476 vel
2694 423 2874 494 potius
2900 423 2955 477 itt
3011 433 3122 479 tam
3167 425 3388 482 sordido
3432 425 3622 484 corde

2011 509 2106 543 tm
2148 526 2347 583 corpus
2399 520 2549 566 tuum
2604 521 2661 568 et
2712 514 3028 583 sanguinem
3086 516 3620 586 suscipio;verum

2008 603 2151 668 dico,
2176 618 2283 658 non
2310 603 2443 658 mihi
2469 606 2670 674 parco!
2700 604 2794 660 Sic
2827 605 3104 662 multoties
3130 605 3223 639 ³³⁸⁸
3249 607 3443 679 plenus
3458 625 3615 681 pec-

2009 692 2146 749 catis
2165 704 2221 749 et
2249 694 2625 765 iniquitatibus
2650 698 2717 753 ad
2737 697 3021 753 servitium
3051 703 3125 755 tui
3147 700 3339 759 altaris
3359 705 3613 772 accedo;

2008 784 2152 838 unde
2185 783 2414 839 multum
2441 785 2677 841 formido
2730 786 2822 819 "7°
2876 802 2946 844 ne
2978 790 3154 859 magis
3181 792 3247 846 ad
3300 794 3613 862 perniciem

2011 890 2175 945 quam
2207 876 2276 932 ad
2308 875 2543 932 salutem
2574 877 2706 932 mihi
2753 879 2826 934 sit
2854 879 2972 936 haec
3024 885 3399 953 praesumptio,
3450 887 3615 956 quod

2008 971 2089 1025 sic
2116 968 2291 1025 fetetts
2314 978 2369 1025 et
2398 978 2593 1041 putens
2623 978 2732 1026 tant
2757 973 2959 1026 munda
2987 984 3331 1031 sacramenta
3384 979 3615 1034 contin-

2008 1076 2137 1133 gere
2160 1076 2447 1132 praesumo.

2054 1153 2238 1210 .Modo
2271 1154 2454 1209 veniat
2481 1153 2679 1224 aliquis
2717 1154 2911 1223 fidelis,
2956 1157 3050 1225 qui
3081 1155 3291 1228 Spiritu
3344 1159 3444 1216 Dei
3490 1160 3607 1232 ple

2010 1261 2114 1301 nus
2132 1246 2230 1312 sit,
2252 1256 2307 1301 et
2339 1247 2597 1302 miserum
2625 1247 2972 1304 sacerdotem
3022 1263 3124 1303 suo
3160 1249 3434 1321 spirituali
3464 1267 3613 1309 conn

2006 1337 2133 1393 silio
2186 1338 2418 1393 instruat
2466 1337 2596 1408 quid
2645 1337 2698 1393 ei
2740 1337 2809 1392 sit
2862 1337 3075 1404 melius,
3106 1340 3304 1408 quidve
3357 1341 3612 1398 deterius

2009 1427 2288 1483 servitium
2339 1426 2529 1482 altaris
2586 1436 2808 1498 propter
2861 1426 3168 1497 httjusutodi
3212 1429 3610 1500 impedimenta

2009 1518 2305 1586 dimittere,
2332 1520 2407 1574 an'
2446 1526 2666 1588 propter
2692 1516 3118 1574 refrenationem
3173 1519 3463 1575 multarum
3502 1522 3611 1578 ini-

2009 1609 2301 1679 quitatutn,
2355 1623 2478 1679 qua:
2512 1607 2756 1679 ejusdem
2806 1608 3013 1665 servitii
3067 1608 3355 1665 formidine
3405 1610 3612 1680 sapius

324 1726 411 1780 hic
440 1733 563 1780 tuus
583 1692 1004 1787 sacerdos,vimo
1039 1692 1131 1775 hic
1144 1726 1407 1789 peccator
1434 1718 1562 1788 quid
1595 1717 1779 1784 faciet,
1810 1717 1910 1771 htt-

2019 1701 2427 1771 reprimuntur,.
2460 1699 2743 1755 servitium
2789 1697 2990 1756 facere.
3050 1699 3150 1755 Est
3177 1709 3360 1756 autem
3399 1701 3466 1756 de
3498 1703 3610 1759 hoc

315 1816 404 1883 jus
433 1813 507 1868 ttti
533 1813 739 1868 servitii
767 1827 933 1867 onere
963 1810 1256 1883 gravatus?
1280 1807 1453 1864 Nimis
1483 1809 1628 1864 enim
1674 1822 1797 1863 sum
1828 1808 1912 1862 in-

323 1914 503 1960 rertus
532 1903 661 1973 quid
692 1902 827 1956 mihi
873 1902 947 1957 sit
1000 1901 1207 1965 utilius,
1241 1901 1539 1965 dimittere,
1591 1915 1660 1955 an
1706 1898 1908 1954 facere.

323 1997 427 2050 Sed
452 2005 632 2050 tamen
663 1994 706 2048 si
729 2009 797 2048 ex
822 2003 934 2048 toto
957 1993 1194 2058 dimitto,
1231 2002 1356 2046 tunc
1387 2007 1575 2046 rursus
1602 1990 1766 2045 nimis
1794 2004 1912 2059 per-

326 2092 553 2142 timesco
587 2101 653 2141 ne
684 2086 794 2141 sub
842 2085 1002 2156 hujus
1046 2084 1352 2139 formidinis
1408 2082 1700 2138 occasione
1739 2079 1909 2136 multa

325 2179 463 2232 mala
494 2177 769 2247 multaque
798 2186 1019 2247 peccata
1048 2177 1278 2230 audeam
1332 2176 1613 2240 inchoare,
1634 2173 1721 2228 vel
1746 2173 1910 2228 etiam

325 2279 661 2341 perpetrare,
690 2284 812 2340 qua:
840 2279 1062 2339 propter
1104 2267 1267 2336 hujus
1317 2267 1527 2323 servitii
1565 2266 1909 2323 formidinem

324 2358 478 2429 prius
506 2371 613 2412 non
640 2357 906 2413 audebam
936 2355 1023 2412 vel
1051 2357 1314 2426 cogitare.

396 2449 593 2505 Fateor
614 2450 814 2521 quippe
839 2448 1132 2512 multoties,
1165 2464 1289 2506 cum
1321 2448 1391 2503 ad
1410 2446 1579 2517 huius
1604 2447 1769 2503 ofﬁcii
1792 2462 1911 2503 ser-

327 2542 517 2597 vitium
546 2555 911 2612 mepraeparo
931 2548 986 2595 et
1014 2540 1082 2594 de
1105 2540 1262 2595 malis
1299 2541 1397 2573 ’³⁸⁸
1423 2556 1548 2609 qua:
1595 2556 1687 2596 me
1718 2540 1914 2596 fecisse

330 2647 682 2705 recognosco,
706 2632 987 2702 angustius
1026 2640 1081 2685 et
1111 2630 1412 2685 districtius
1444 2632 1587 2685 intra
1623 2645 1710 2685 me
1732 2629 1910 2697 doleo,

325 2735 501 2781 eteae
533 2740 655 2795 quae
683 2731 808 2779 tunc
835 2723 1153 2794 perturbant
1196 2738 1367 2777 vanas
1424 2722 1792 2793 cogitationes
1817 2737 1914 2778 va-

327 2836 533 2892 nasque
555 2819 942 2877 delectationes
985 2819 1290 2889 expeditius
1319 2818 1413 2851 "‘9
1444 2834 1662 2889 respuo,
1709 2828 1765 2873 et
1792 2826 1915 2888 post

325 2923 605 2983 peractum
641 2912 944 2976 servitium,
990 2911 1154 2967 multa
1186 2911 1326 2966 mala
1360 2911 1451 2947 ¹³⁶⁶
1484 2920 1647 2981 atque
1689 2918 1912 2974 peccata

326 3018 449 3073 qua:
481 3003 678 3058 iterum
704 3003 1007 3071 insurgunt,
1045 3012 1269 3070 propter
1291 2998 1532 3069 ejusdem
1563 3001 1769 3055 servitii
1801 2999 1914 3055 for-

329 3095 586 3151 midinem
611 3092 855 3148 timidius
888 3093 1107 3163 recipio.
1154 3092 1291 3148 Cum
1324 3094 1426 3147 hoc
1472 3093 1547 3147 ita
1597 3092 1798 3157 evenit,
1845 3093 1915 3148 de

326 3185 566 3258 ejusdem
592 3186 800 3243 servitii
834 3185 1249 3256 praesumptione
1300 3185 1537 3256 aliquam
1582 3184 1914 3241 consolatio-

328 3294 451 3335 nem
477 3279 673 3343 habeo,
696 3277 825 3348 quia
853 3285 1077 3347 propter
1104 3276 1248 3331 illius
1292 3277 1610 3333 reverentim
1641 3278 1913 3343 timorem,

328 3370 726 3441 aliquantnltmt
758 3384 789 3423 a
830 3370 1072 3439 peccatis
1101 3370 1237 3424 meis
1284 3383 1501 3423 cessare
1544 3384 1629 3423 me
1652 3369 1909 3439 intelligo.

329 3461 458 3526 Sed,
485 3475 520 3514 ο
546 3458 836 3515 mitissime
879 3466 938 3513 et
989 3458 1500 3513 misericordissime
1550 3457 1702 3521 Jcsu,
1753 3468 1812 3513 ut
1857 3467 1912 3512 tu

331 3552 612 3623 perspicis,
656 3551 728 3605 ita
768 3550 857 3581 "“
911 3550 1107 3619 saepius
1140 3565 1235 3604 cor
1288 3565 1466 3604 meum
1513 3549 1661 3603 omni
1710 3549 1911 3604 malitia

330 3643 571 3712 plenum,
602 3640 954 3709 omniumque
982 3639 1327 3708 iniquitatem
1378 3640 1618 3695 tenebris
1669 3640 1906 3696 abi-reca-

332 3744 447 3786 tum
479 3730 601 3797 ¹³⁶¹;
628 3739 686 3784 ιιι
711 3729 815 3784 has
833 3744 1026 3785 omnes
1047 3728 1367 3785 formidines
1390 3742 1718 3801 postponens
1739 3733 1917 3787 scien-

333 3836 523 3892 terque
573 3828 693 3877 tuas
749 3821 1142 3891 pmeptioncs
1183 3831 1539 3879 contemnens
1594 3823 1708 3887 ⁵³⁸³,
1749 3822 1913 3879 veluti

332 3926 543 3968 torrens
564 3910 655 3980 qui
680 3924 873 3965 omnes
902 3908 1102 3967 fetores
1143 3911 1195 3965 in
1225 3928 1286 3967 se
1326 3912 1681 3967 decurrentes
1728 3927 1913 3968 secum

333 4004 516 4069 trahit,
545 4013 602 4058 et
631 4002 793 4058 modo
820 4018 1036 4058 sursum
1086 4004 1245 4058 modo
1272 4004 1531 4058 deorsum
1578 4019 1764 4059 secum
1797 4006 1913 4058 vol-

332 4096 430 4159 tit,
458 4110 557 4150 cor
585 4109 762 4148 meum
791 4108 915 4149 cum
947 4094 1146 4148 misera
1175 4092 1354 4148 anima
1409 4106 1529 4148 mea
1582 4107 1773 4149 omnes
1822 4092 1915 4127 "“

302 4236 305 4237 ν
330 4183 701 4239 itntnuttditias
732 4181 1033 4237 carnalium
1061 4181 1477 4237 delectationum
1530 4182 1758 4252 recipiat
1787 4182 1911 4249 "‘5;

328 4287 384 4330 ct
414 4275 569 4345 quasi
599 4274 875 4344 porcusitt
903 4286 1084 4338 emno,
1130 4273 1214 4328 sic
1247 4274 1300 4328 in
1349 4273 1566 4328 easdem
1618 4273 1917 4329 immundi-

331 4371 432 4424 tias
460 4383 520 4425 se
548 4366 751 4435 volvat,
778 4376 835 4422 et
861 4366 1108 4421 revolvat
1134 4366 1249 4421 ⁸³⁸⁸.
1292 4366 1509 4432 Fateor,
1536 4380 1571 4421 o
1600 4365 1914 4420 ntiserieor-
1944 4395 1991 4453 ο

330 4461 550 4515 dissime
562 4457 714 4524 Jesu,
740 4473 922 4514 coram
954 4456 1239 4527 majestate
1272 4466 1361 4513 tua
1385 4456 1701 4528 iniquitates
1728 4470 1908 4524 meas;

330 4553 503 4607 fateor
549 4551 639 4584 ¹⁸⁶⁷
669 4552 1040 4606 immunditias
1067 4565 1236 4617 meas,
1271 4551 1443 4606 fateor
1489 4549 1915 4606 immanissimas

331 4641 636 4710 superbius,
663 4649 720 4695 et
755 4641 1003 4696 sordidas
1032 4640 1390 4710 cogitationes
1419 4656 1589 4707 meas,
1633 4656 1771 4710 quas
1819 4641 1915 4695 ab-

324 4729 472 4797 jecto
501 4727 695 4781 timore
721 4734 815 4781 tuo
842 4727 1131 4784 infeliciter
1159 4729 1305 4785 intus
1348 4729 1696 4799 amplectitur
1726 4728 1912 4783 infelix

332 4818 510 4874 anima
563 4832 704 4872 mea.
755 4815 827 4873 Ut
876 4827 931 4871 tu
988 4819 1161 4885 vides,
1214 4819 1635 4877 clementissime
1686 4821 1914 4877 Domine

2012 1796 2097 1863 (ιιι
2117 1791 2249 1846 tttilti
2274 1789 2508 1861 videtur)
2529 1790 2839 1860 expeditum
2894 1798 2951 1845 et
2988 1789 3205 1844 salubre
3250 1790 3546 1847 consilium
3574 1808 3611 1846 a

2011 1884 2252 1954 peccatis
2277 1896 2515 1948 cessare,
2564 1889 2621 1936 et
2660 1880 2946 1938 servitium
2992 1880 3138 1952 quod
3183 1881 3294 1936 Deo
3339 1881 3611 1938 debemus

2014 1973 2270 2040 reddere;
2301 1988 2401 2029 nos
2429 1982 2612 2028 autem
2659 1972 2765 2027 etsi
2796 1972 3000 2043 indigni
3023 1986 3213 2026 sumus
3238 1972 3347 2026 Deo
3369 1974 3610 2040 serv-ite,

2013 2066 2158 2122 Deus
2179 2081 2284 2121 non
2312 2075 2397 2121 est
2420 2065 2672 2136 indignus
2700 2065 2926 2119 servitio
2941 2079 3054 2119 sua:
3076 2075 3362 2131 creaturae;
3386 2065 3457 2119 de
3479 2066 3611 2124 aliis

2013 2158 2199 2214 nescio
2218 2159 2347 2228 quid
2376 2158 2478 2228 ipsi
2503 2158 2676 2227 magis
2696 2157 2923 2227 eligant,
2971 2158 3038 2212 de
3063 2173 3148 2211 me
3190 2159 3305 2215 scio
3331 2159 3458 2227 quia
3487 2172 3615 2213 ma-

2013 2252 2098 2321 gis
2126 2250 2249 2306 volo
2276 2249 2387 2305 Deo
2408 2248 2637 2314 servire,
2662 2258 2719 2305 et
2739 2248 2785 2304 si
2813 2264 2920 2303 non
2950 2262 3016 2303 ex
3050 2256 3162 2304 toto
3186 2263 3275 2304 me
3318 2263 3549 2318 possunt
3572 2264 3605 2304 a

2015 2343 2224 2397 malitia
2249 2343 2486 2398 retinere
2515 2356 2681 2411 quam
2734 2349 2956 2410 propter
3004 2338 3347 2396 formidinem
3391 2342 3607 2412 peccati

2013 2433 2132 2503 ejus
2160 2433 2441 2490 servitium
2472 2432 2748 2487 dimittere
2786 2441 2842 2486 ct
2871 2432 2925 2487 in
2975 2442 3322 2502 peccatorum
3375 2433 3607 2487 damna-

2008 2525 2165 2581 tione
2199 2524 2446 2580 sccurius
2493 2522 2696 2593 jacere.
2737 2522 2926 2579 Melius
2958 2534 3045 2577 est
3077 2533 3137 2577 ut
3188 2539 3291 2579 nos
3350 2526 3606 2581 verberet

2014 2625 2236 2687 propter
2259 2614 2497 2685 aliquam
2521 2612 2874 2670 offensionem
2906 2614 2988 2670 sui
3039 2615 3269 2679 servitii,
3318 2624 3374 2670 et
3415 2626 3600 2672 tamen

2016 2724 2175 2764 suum
2196 2707 2474 2763 servitium
2497 2705 2780 2773 facientes,
2808 2722 2970 2776 quant
2999 2723 3098 2762 nos
3117 2708 3335 2763 damnet
3378 2717 3605 2778 propter

2018 2800 2270 2854 timorem
2316 2798 2526 2870 peccati
2567 2814 2725 2852 suum
2764 2799 3048 2855 servitium
3096 2799 3274 2855 facere
3331 2801 3601 2856 nolentes.

2019 2889 2282 2945 ltnntensa
2309 2899 2393 2945 est
2418 2890 2564 2945 enim
2591 2889 2709 2960 ejus
2736 2889 2924 2960 pictas,
2978 2891 3239 2945 immensa
3271 2891 3387 2960 ejus
3435 2892 3608 2946 mise—

2018 2982 2273 3046 ricordia,
2304 2983 2396 3052 qui
2433 2982 2535 3037 etsi
2567 2982 2761 3037 viderit
2793 2998 2890 3038 tros
2912 2983 3054 3037 viam
3102 2999 3215 3038 suae
3260 2983 3608 3039 rectitudinis

2017 3073 2102 3129 vel
2129 3073 2486 3129 claudicando
2531 3073 2829 3140 ambulare,
2887 3077 2987 3129 etsi
3041 3074 3238 3145 saepius
3272 3074 3503 3130 labendo
3553 3086 3611 3129 et

2017 3164 2329 3233 relabendo,
2370 3181 2479 3220 non
2533 3174 2712 3220 tamen
2741 3165 2810 3219 ab
2839 3163 3079 3235 ejusdem
3127 3167 3229 3221 vize
3281 3167 3609 3222 rectitudine

2015 3254 2154 3313 velle
2182 3259 2469 3323 recedere;
2493 3257 2538 3313 si
2564 3272 2663 3311 nos
2693 3273 2799 3312 non
2831 3257 3097 3313 iassemttr
3121 3258 3232 3324 ¹³⁷¹,
3266 3274 3375 3314 ιιοιι
3402 3259 3497 3313 diu
3542 3274 3607 3315 se

2018 3349 2252 3403 retinere
2289 3347 2512 3417 poterit,
2537 3347 2631 3402 seti
2662 3357 2918 3401 cenatum
2948 3359 3190 3402 nostrum
3216 3346 3516 3417 adjuvabit,
3548 3357 3607 3402 et

2017 3438 2211 3509 diriget
2240 3452 2483 3509 gressum
2525 3433 2893 3492 nostrum‘ad
2946 3437 3090 3492 viam
3148 3437 3362 3493 salutis.
3394 3437 3606 3493 Tamen

2016 3530 2060 3584 si
2092 3537 2313 3599 peccata
2335 3528 2636 3584 sacerdoﬁs
2682 3537 2809 3583 sunt
2835 3528 3163 3595 critninalia,
3210 3530 3394 3585 utilius
3436 3543 3529 3591 est
3553 3531 3607 3584 ei

2016 3621 2085 3675 ab
2115 3618 2482 3675 immolatione
2532 3616 2789 3675 sacrificii
2842 3619 3120 3675 humiliter
3172 3634 3389 3676 cessare
3434 3635 3603 3689 quam

2017 3723 2114 3779 per
2143 3708 2617 3779 praesumptionem
2650 3707 3001 3776 immolando,
3062 3709 3323 3781 tnajorent
3376 3710 3607 3764 damna-

2019 3803 2220 3858 tionem
2245 3803 2546 3868 incurrere,
2574 3803 2747 3858 donec
2775 3802 3027 3857 inchoata
3058 3803 3142 3857 vel
3167 3812 3389 3873 peracta
3427 3803 3605 3872 pretii-

2018 3899 2205 3960 tentia,
2243 3896 2414 3965 possit
2451 3896 2517 3949 ad
2567 3894 2757 3950 altaris
2809 3894 3089 3951 servitium
3141 3896 3396 3951 securius
3442 3910 3610 3951 acce-

2017 3988 2165 4042 dere.

2088 4079 2195 4135 Sed
2218 4093 2373 4145 ecce,
2391 4078 2702 4134 dulcissime
2723 4087 2779 4134 et
2821 4078 3335 4136 misericordissime
3372 4078 3607 4134 Domine

2016 4170 2164 4232 Jcsu,
2196 4168 2369 4224 fateor
2410 4170 2689 4225 immensae
2716 4170 2948 4225 bonitati
3001 4179 3108 4225 tute
3165 4184 3252 4224 me
3274 4184 3397 4223 esse
3436 4170 3610 4224 nimis

2015 4273 2378 4335 peceatorem,
2409 4262 2642 4334 plurima
2674 4277 2793 4332 quae
2823 4264 2918 4318 tibi
2950 4263 3239 4331 displicent
3283 4261 3609 4326 facientem,

2017 4365 2073 4406 et
2099 4362 2280 4410 tamen
2307 4354 2381 4408 tui
2413 4353 2602 4409 altaris
2622 4352 2906 4409 servitium
2955 4352 3136 4409 facere
3163 4363 3605 4423 praesumentem.

2017 4446 2134 4502 Non
2157 4448 2303 4503 enim
2351 4462 2569 4518 possunt
2622 4447 2690 4503 de
2741 4456 2829 4502 tua
2880 4447 3247 4501 misericordia
3290 4446 3607 4514 desperare,

2016 4553 2124 4594 non
2155 4552 2395 4608 possum,
2437 4553 2538 4593 nec
2565 4537 2695 4591 milti
2729 4537 2967 4607 espedit,
2995 4537 3273 4591 servitium
3310 4536 3383 4588 tui
3411 4534 3609 4589 altaris

2016 4630 2315 4696 dimittere,
2356 4638 2505 4685 tuum
2543 4643 2738 4698 corpus
2780 4636 2836 4683 et
2881 4627 3199 4698 sanguinem
3231 4641 3336 4681 non
3360 4638 3607 4688 sumere,

2016 4724 2158 4794 quod
2188 4738 2287 4793 pro
2323 4722 2690 4791 redemptione
2727 4736 2844 4777 mea
2875 4730 3104 4775 mortem
3149 4719 3409 4789 suscepit,
3433 4725 3493 4772 et
3515 4718 3610 4787 qui

2015 4830 2115 4885 pro
2143 4812 2462 4869 remissione
2486 4812 2648 4886 265
2679 4821 3025 4883 peccatorum
3062 4815 3128 4868 dc
3170 4821 3261 4867 tuo
3291 4812 3461 4868 latere
3489 4809 3615 4862 lan-

1622 4978 1858 5036 ἻΑΒΙΑΞ
1897 4972 2194 5033 LECTION
2201 4970 2303 5027 ES.

401 5117 495 5149 ¹³⁵⁶
534 5118 640 5174 Sed
682 5115 1154 5172 vehementissime
1202 5131 1328 5169 mss.
1364 5094 1507 5169 Vict.
1549 5123 1596 5168 et
1636 5111 1866 5167 Val-(uc.
1906 5118 1961 5166 et
1993 5104 2469 5165 vehementissime

2579 5102 2668 5135 ¹⁸⁸⁷
2707 5103 2916 5158 Anima:
2951 5102 3191 5173 peccatis
3227 5119 3351 5157 mss.
3385 5103 3608 5170 animt,

331 5199 378 5241 ct
413 5172 649 5256 peccatis
721 5186 819 5219 ¹³⁵⁸
844 5186 920 5241 De
945 5187 1102 5242 malis
1129 5202 1256 5240 mss.
1297 5195 1352 5239 et
1380 5185 1456 5256 de
1474 5184 1633 5256 malis
1693 5182 1800 5256 if”
1818 5176 2694 5256 Cogitationes,.egtpcditittsrnss.
2734 5172 2869 5256 Vict.
2897 5172 3217 5256 eritcf-(31.5.
3245 5173 3611 5256 cogitationes

214 5239 227 5250 ’
266 5268 281 5281 ’
332 5239 1344 5328 variasque—delectationesespetiitius
1418 5253 1513 5290 ³³⁶⁰
1550 5254 1846 5328 Servitium
1876 5239 2014 5306 mala
2056 5239 2358 5328 ms_s.'Vt't:'t.
2398 5244 2876 5328 servitiutn‘tnulta
2913 5245 3052 5298 mala
3129 5239 3338 5328 ""dté
3379 5252 3466 5298 est
3498 5262 3602 5303 ms.

334 5328 467 5381 Tim.
503 5319 572 5383 i'ta
613 5338 668 5384 et
740 5328 834 5360 ¹³¹²
871 5319 1235 5390 Obcrccat'um,
1264 5339 1452 5379 omnes
1491 5341 1615 5379 mss.
1660 5325 2015 5386 obcrceatttm,
2047 5329 2105 5371 ut
2132 5319 2227 5390 has
2256 5330 2444 5371 onmes

2555 5315 2646 5347 ’⁸⁸³
2683 5315 3092 5396 l’ostponens...
3123 5322 3477 5371 contemnens
3505 5331 3608 5368 ms.

346 5395 475 5468 Vicit
501 5408 859 5468 Pestpones...
888 5387 1612 5468 contemnes'rjf‘tﬁloluit,
1643 5408 1834 5468 omnes
1862 5409 1987 5468 mss.
2022 5389 2190 5468 voluit
2235 5402 2550 5468 cor‘meutn
2606 5387 2959 5468 ειιιιι-ιιιξδιεξιι
3006 5387 3188 5468 attittta
3220 5394 3363 5450 mea,
3415 5400 3610 5439 omnes

335 5467 425 5498 ³³⁸⁸
465 5467 676 5538 Ιὶριῖίρῖι
731 5485 859 5522 mss.
908 5469 1134 5538 recipiat

335 5606 495 5658 toties
541 5624 635 5659 ms.
690 5605 846 5660 Corb.
906 5609 1098 5661 omittit

342 5671 474 5728 Vict.
518 5686 562 5726 et
612 5674 846 5730 Val-(uc.
892 5691 996 5731 non
1045 5677 1307 5733 lassemur

1234 5466 1325 5497 "“
1363 5465 1543 5520 Volvit
1585 5456 1641 5521 et
1676 5463 1902 5519 revolvit
1941 5478 2067 5514 mss.
2102 5458 2283 5513 volvat
2312 5465 2367 5510 et
2394 5456 2636 5512 revolvat

334 5538 505 5607 fateor
537 5524 906 5607 itn'tnunditias
950 5524 1118 5601 me'as,
1149 5536 1321 5591 fateor
1368 5535 1486 5607 _”“‘
1526 5534 1621 5607 Vel
1657 5535 1837 5607 potius
1862 5534 1936 5607 in
1983 5540 2092 5584 tam
2129 5529 2359 5607 sordido
2389 5529 2553 5607 corde
2592 5543 2691 5581 ms.
2733 5524 3089 5607 Vict-attriuit

1208 5608 1300 5639 ¹³⁷⁰
1367 5597 1673 5672 Formido;
1732 5605 1874 5677 quod
1935 5619 2058 5658 mss.
2128 5598 2263 5654 Tlt'tt.
2336 5597 2566 5656 formido
2624 5611 2691 5652 ne

2738 5455 2827 5487 "‘7
2865 5455 3010 5509 Meas
3043 5456 3217 5511 fateor
3260 5471 3385 5509 mss.
3433 5470 3609 5523 meas,

2738 5524 2866 5579 Vict.
2899 5527 3089 5579 omittit
3190 5524 3283 5557 m'
3324 5524 3416 5579 Sic.
3466 5526 3609 5578 mulo

3368 5541 3416 5577 το
3466 5540 3610 5578 ιιιιλιο

2817 5597 2904 5629 ¹³⁷¹
2973 5595 3088 5652 Non
3146 5595 3409 5652 lassetnus
3478 5612 3607 5650 mss.
