3906 6058
263 335 367 392 915

1585 307 1588 310 ’
1649 341 2070 399 ORATIONES.

3430 353 3534 408 9N

264 465 360 505 cea
387 449 784 530 militisaperto
815 469 936 508 cum
972 469 1110 524 aqua
1166 455 1332 509 exivit
1365 455 1548 525 (Joau.
1579 473 1694 517 MK.
1728 458 1838 528 51).
1875 464 1919 522 Α
1951 457 2150 512 habere
2201 459 2486 524 virtutem,
2540 471 2598 512 ut
2655 478 2751 530 per
2811 478 3056 534 magnam
3107 469 3534 526 misericordiam

268 540 326 596 Si
350 539 599 611 indignus
625 558 768 610 sum,
799 545 958 600 sicuti
991 561 1135 610 sum,
1162 553 1218 600 et
1257 561 1356 616 ego
1380 546 1575 612 fateor,
1619 547 1842 601 verbera

261 645 367 694 me,
395 633 622 688 eruenda
651 641 706 688 et
733 635 964 706 corripe,
993 647 1046 690 et
1075 636 1260 690 tandiu
1307 637 1512 707 castiga
1568 645 1716 690 tuum
1754 653 1842 690 sa-

261 727 564 794 cerdotem,
605 727 714 782 imo
747 737 894 784 tuum
937 737 1277 798 peccatorcm
1298 769 1314 795 ,
1348 731 1521 784 donec
1555 730 1733 785 omnis
1755 746 1846 784 ru-

259 815 384 887 bigo
407 818 615 887 peccati
663 821 880 875 recedat
913 835 942 874 a
987 835 1096 885 me,
1145 835 1265 890 quae
1315 835 1416 891 per
1463 831 1570 875 tam
1623 821 1842 892 longum

259 916 472 976 tempus
504 923 572 963 ex
595 923 786 980 magna
808 910 1014 967 incuria
1046 913 1292 968 indurata
1345 923 1428 970 est
1478 915 1534 969 in
1579 913 1844 968 lateribus

258 998 452 1053 auium:
477 1015 632 1054 mete.
661 1000 882 1068 Fateor,
912 1001 1107 1070 fateor,
1139 1012 1394 1073 peccator
1421 1019 1563 1071 sum,
1613 1006 1842 1058 immun-

255 1091 356 1144 dus
383 1105 522 1156 smn,
556 1092 808 1164 indignus
837 1109 976 1159 sum,
1007 1103 1062 1150 et
1091 1105 1271 1152 tamen
1305 1111 1412 1152 non
1444 1097 1639 1153 recedo
1685 1114 1712 1152 a
1764 1106 1836 1162 te,

257 1183 566 1238 dulcissime
600 1183 725 1240 Jesu
753 1185 1001 1252 Christe;
1045 1187 1182 1244 velis
1233 1188 1360 1258 quid
1412 1189 1568 1253 velis,
1621 1204 1728 1243 non
1759 1188 1840 1242 di-

255 1274 411 1327 mitto
437 1283 508 1338 te,
535 1275 634 1329 etsi
661 1275 870 1332 infirma
913 1293 1102 1346 manu,
1131 1281 1331 1336 tenebo
1385 1289 1453 1336 te.
1510 1279 1626 1334 Non
1685 1294 1837 1334 rece-

254 1367 400 1420 desa
425 1381 530 1434 me,
556 1369 728 1424 donec
776 1370 844 1424 ab
872 1373 1018 1425 omni
1063 1372 1388 1442 contagione
1423 1373 1628 1441 peccati
1662 1371 1838 1426 absol-

252 1471 382 1524 vas;
413 1467 468 1514 et
499 1459 577 1514 sic
601 1473 824 1516 carnem
847 1470 994 1516 tuam
1027 1464 1268 1532 quotidie
1314 1465 1755 1529 manducantem,
1784 1473 1840 1518 et

251 1551 569 1620 sanguinem
599 1560 750 1607 tuum
795 1553 1094 1622 bibentem,
1135 1565 1346 1627 tumque
1389 1555 1652 1610 voluntati
1696 1555 1838 1627 jugi-

253 1650 338 1695 ter
379 1642 758 1710 inhmrentem,
805 1655 894 1699 tua
941 1657 1208 1717 praecepta
1260 1648 1478 1704 assidue
1522 1647 1834 1714 facientem,

250 1745 338 1785 me
359 1741 481 1801 post
502 1744 728 1789 mortem
752 1737 933 1791 carnis
955 1739 1223 1806 perducas
1253 1739 1322 1794 ad
1352 1754 1534 1795 veram
1582 1739 1833 1806 salutem,

1950 556 2098 600 tuam
2145 549 2382 602 retineas
2437 549 2680 606 furorem
2731 569 2941 616 meum,
2999 557 3090 624 qui
3137 573 3224 612 me
3269 559 3438 614 trahit
3467 563 3533 616 ad

1949 647 2251 708 peccatum,
2301 651 2357 695 et
2399 643 2700 697 confundas
2739 654 2794 699 et
2836 647 3086 700 destruas
3131 663 3292 704 omne
3331 653 3531 706 malum

1947 729 2298 796 desiderium,
2331 733 2474 801 quod
2499 737 2764 804 pervertit
2797 737 2850 790 in
2883 753 2968 792 me
3007 739 3099 770 ‘3"
3125 755 3340 796 onmem
3373 746 3521 800 recti-

1951 823 2150 876 tudinis
2175 838 2416 878 sensum.

2016 912 2344 982 Aliquando,
2369 927 2580 974 amator
2611 919 2887 976 hominum
2933 921 3025 956 ¹³⁸⁰
3053 925 3213 990 Deus,
3243 941 3366 982 cum
3413 935 3531 984 stu-

1945 1001 2152 1058 diosius
2173 1005 2262 1036 ¹³⁸¹
2283 1006 2484 1076 cogito,
2509 1015 2567 1061 et
2597 1009 2737 1064 male
2769 1011 2859 1042 ¹⁸⁸²
2885 1027 3005 1082 qua:
3035 1015 3313 1070 multotics
3343 1016 3448 1072 feci
3477 1025 3534 1072 et

1945 1091 2122 1146 adhuc
2147 1093 2314 1149 miser
2342 1104 2396 1150 et
2421 1107 2678 1166 peccator
2705 1097 2885 1153 facere
2917 1117 3025 1156 non
3068 1103 3269 1159 desisto
3303 1105 3371 1158 ad
3412 1121 3529 1160 me—

1943 1186 2173 1240 moriam
2219 1189 2442 1254 reduco,
2491 1200 2546 1243 ct
2593 1191 2884 1260 diligenter
2911 1194 3130 1250 intueor
3169 1197 3408 1266 qualiter
3439 1197 3530 1230 ¹³⁶²

1943 1274 2144 1340 vivam,
2173 1277 2410 1345 qualiter
2455 1279 2568 1349 ipsa
2603 1281 2740 1333 mala
2788 1299 2908 1350 qua:
2935 1283 3034 1338 feci
3083 1295 3138 1340 et
3168 1287 3346 1343 adhuc
3393 1287 3530 1344 facio

1942 1367 2217 1438 plangam,
2248 1372 2390 1439 quod
2429 1375 2686 1430 sacerdos
2725 1376 2900 1440 dicor,
2927 1377 3020 1432 sed
3062 1378 3296 1442 cilicium
3347 1395 3530 1436 sacer-

1942 1456 2086 1510 dotis
2132 1457 2387 1528 operibus
2418 1460 2598 1531 dignis
2647 1479 2750 1516 non
2796 1466 3018 1535 impleo,
3065 1470 3312 1536 quamvis
3357 1479 3410 1524 et
3462 1471 3529 1526 de

1941 1547 2126 1603 multis
2167 1549 2288 1605 aliis
2340 1567 2459 1620 qua:
2513 1552 2644 1618 feci,
2701 1557 2928 1611 multum
2987 1561 3400 1627 pertimescam,
3461 1565 3526 1618 de

1937 1639 2102 1710 hujus
2124 1639 2285 1696 officii
2317 1643 2581 1712 dignitate
2602 1688 2616 1712 ,
2649 1661 2812 1716 quam
2859 1647 3112 1720 indignus
3143 1662 3328 1722 porto,
3365 1670 3528 1722 super

1939 1729 2121 1782 omnia
2153 1745 2274 1798 qua:
2301 1731 2432 1784 mihi
2465 1733 2686 1788 evenire
2732 1745 2958 1804 possunt
3002 1738 3234 1793 formido
3290 1741 3400 1794 ‘3“.
3435 1743 3527 1797 Est

248 1821 460 1876 scilicet
487 1823 554 1877 ad
587 1831 636 1878 le
659 1838 844 1880 verum
878 1813 1249 1894 Sacepdotcm,
1273 1829 1364 1884 ubi
1397 1845 1518 1884 cum
1574 1829 1697 1884 aliis
1748 1846 1834 1885 sa-
1869 1817 1908 1876 Β
1939 1826 2120 1872 autem
2169 1819 2330 1888 hujus
2385 1821 2545 1878 cilicii
2595 1825 2866 1896 dignitas,
2925 1829 3208 1900 plusquam
3266 1833 3524 1888 aestimari

249 1911 584 1980 cet-dotibus,
615 1913 720 1969 tuis
749 1916 999 1972 videlicet
1027 1918 1308 1984 membris,
1331 1934 1431 1990 ego
1459 1935 1678 1990 quoque
1709 1929 1836 1976 tunc

249 2017 354 2056 non
377 2013 654 2073 peccator,
693 2007 786 2062 sed
814 2007 1008 2076 dignus
1029 2009 1283 2066 sacerdos
1331 2019 1388 2066 et
1418 2011 1637 2082 dignum
1667 2029 1838 2067 mem—

249 2093 406 2148 brum
455 2099 703 2168 corporis
749 2101 850 2166 tui,
903 2107 958 2156 te
1005 2100 1242 2168 laudem,
1291 2109 1342 2157 te
1385 2101 1683 2170 gloriﬁcent
1741 2118 1838 2174 per

249 2195 448 2241 acterna
479 2189 693 2244 saecula.
731 2193 928 2247 Amen.

731 2303 988 2362 ORATIO
1026 2305 1198 2362 XXVI
1238 2308 1352 2362 ‘3".

839 2413 909 2452 AD
945 2413 1234 2455 CBRISTUM.

245 2505 380 2560 Cum
423 2509 980 2585 sacerdgsdiligenter
1016 2513 1396 2583 contemplatur
1422 2531 1580 2585 quant
1630 2516 1838 2570 miseri-

317 2577 545 2656 corditer
584 2577 904 2656 [fedemptor
944 2592 1120 2656 noster
1162 2577 1408 2656 ruituram
1433 2577 1632 2640 'nostri
1682 2585 1832 2656 limi,

319 2648 454 2700 unde
477 2665 570 2703 nos
593 2650 738 2718 fecit,
762 2648 856 2720 pro
887 2653 1032 2707 nobis
1061 2654 1306 2723 suscepit.

317 2734 542 2790 Summe
583 2736 870 2805 Sacerdos,
896 2747 951 2796 et
990 2740 1163 2812 major
1197 2743 1410 2799 caeteris
1457 2745 1834 2803 sacerdotibus

244 2829 475 2885 Domine
503 2829 630 2888 Jesu
660 2831 896 2902 Christe,
933 2835 1019 2890 cui
1059 2837 1302 2894 adhaeret
1341 2838 1519 2894 omnis
1550 2841 1828 2906 sacerdos,

242 2923 356 2978 imo
395 2924 573 2979 omnis
619 2923 963 2982 Christianus
1009 2927 1098 2997 qui
1138 2929 1380 2984 ambulat
1427 2944 1612 2984 coram
1663 2937 1716 2986 te
1773 2931 1830 2985 in

241 3014 500 3084 veritate,
526 3017 753 3085 auribus
779 3017 999 3088 pietatis
1025 3027 1132 3074 tute
1155 3020 1280 3074 audi
1313 3034 1498 3074 vocem
1531 3035 1705 3076 meam
1725 3063 1742 3090 ,
1775 3031 1832 3078 et

243 3108 292 3161 si
317 3115 461 3161 recte
483 3121 700 3176 precor,
729 3109 928 3164 exaudi
953 3111 1256 3165 orationem
1290 3125 1502 3176 meam;
1535 3125 1640 3166 non
1681 3111 1825 3167 enim

241 3195 388 3261 volo,
432 3197 743 3254 dulcissime
787 3199 968 3265 Pater,
1015 3201 1216 3272 aliquid
1247 3210 1298 3258 te
1341 3218 1568 3274 rogare,
1599 3204 1742 3272 quod
1773 3205 1828 3259 in

242 3287 489 3356 rogando
523 3297 576 3343 te
592 3288 738 3358 juste
762 3291 934 3359 possit
957 3289 1251 3348 offendere.
1279 3292 1348 3346 Et
1372 3293 1419 3348 si
1449 3291 1628 3364 aliqua
1661 3294 1830 3349 insci-

245 3379 322 3431 tia
359 3377 472 3442 “7',
505 3379 588 3433 vel
623 3379 828 3434 carnali
874 3379 970 3412 ⁸³⁷⁵
1014 3381 1312 3448 voluntate,
1358 3383 1502 3453 quod
1543 3383 1615 3439 sit
1638 3391 1828 3440 contra

245 3468 478 3524 salutem
511 3470 707 3526 anima:
737 3485 892 3539 mem,
946 3473 1150 3543 aliquid
1186 3483 1236 3529 te
1281 3489 1473 3544 rogare
1519 3475 1674 3540 volo,
1725 3477 1830 3534 hoc

244 3575 410 3630 super
439 3563 647 3625 omnia,
699 3565 1205 3620 misericordissime
1245 3567 1504 3632 Domine,
1541 3582 1736 3638 precor
1761 3583 1830 3623 ne

245 3653 300 3706 in
347 3652 652 3722 hujusmodi
702 3655 1058 3724 petitionibus
1107 3672 1194 3711 me
1232 3673 1470 3728 unquam
1501 3659 1632 3714 velis
1664 3675 1830 3718 exau-

242 3745 379 3800 dire.
411 3745 585 3808 Nosti,
617 3756 674 3801 et
702 3747 840 3802 bene
888 3748 1030 3802 nosti
1079 3749 1195 3814 ηπ,
1227 3749 1615 3820 benignissime
1653 3753 1827 3817 Deus,

241 3839 462 3906 quantis
510 3839 875 3908 illusionihus,
925 3841 1146 3910 quantis
1196 3841 1562 3909 vanitatibus,
1613 3845 1831 3913 quantis

251 3931 554 3986 carnalium
580 3931 980 3988 desideriorum
1007 3933 1396 4002 voluptatibus,
1420 3936 1638 4004 quantis
1661 3949 1830 3990 StBCll-

245 4023 440 4076 larimn
475 4024 834 4093 cupiditatum
858 4025 1280 4096 appetitionihus
1304 4027 1395 4058 "7“
1421 4028 1568 4082 omni
1601 4029 1751 4096 hora,
1775 4039 1831 4083 et

241 4113 361 4167 sine
389 4114 794 4169 intermissione
821 4115 1136 4171 vulneretur
1175 4115 1364 4170 infelix
1399 4117 1613 4172 animus
1651 4133 1824 4172 meus.

239 4203 310 4258 Et
337 4203 613 4258 multoties
643 4205 821 4259 evenit
851 4215 909 4259 ut
955 4215 1008 4259 tu
1060 4205 1195 4275 ipse,
1243 4205 1533 4261 dueissime
1574 4205 1825 4272 Domine,

239 4295 514 4366 perspicis
555 4297 668 4362 ‘3",
691 4297 813 4366 quia
857 4297 899 4354 si
927 4314 1013 4354 me
1043 4303 1386 4369 permitteres
1415 4303 1493 4358 ire
1530 4304 1826 4359 secundum

237 4401 422 4439 meam
471 4387 762 4454 pessimam
808 4388 902 4420 ⁵³⁷⁸
949 4388 1280 4446 voluntatem
1305 4433 1318 4457 ,
1352 4401 1522 4450 totum
1561 4393 1826 4462 mcipsum

235 4475 296 4528 in
347 4491 599 4548 magnam
651 4489 997 4544 peccatorum
1047 4483 1359 4552 voraginem
1401 4484 1822 4553 prrecipitarem.

237 4565 535 4638 Propterea
565 4579 639 4634 te,
663 4571 977 4627 dulcissime
999 4573 1180 4641 Pater,
1205 4587 1358 4646 rogo,
1378 4575 1503 4646 quia
1527 4577 1640 4630 scio
1664 4576 1826 4631 nimis

238 4675 328 4716 me
345 4675 466 4718 csse
482 4675 824 4733 peccatorem
843 4673 897 4720 ct
920 4665 1178 4722 adversus
1193 4677 1470 4738 peccatum
1486 4669 1686 4724 nullam
1717 4667 1827 4724 fere

1855 3162 1902 3224 C

1939 1909 2132 1977 possit,
2180 1926 2372 1982 magna
2399 1921 2454 1966 et
2496 1913 2951 1972 intestin'iabiliter
2981 1921 3089 1973 Deo
3119 1931 3174 1975 et
3215 1923 3526 1980 hominibus

1939 1999 2140 2066 chara,
2187 2001 2231 2055 si
2275 2003 2532 2059 sacerdos
2567 2005 2638 2059 ita
2681 2006 2814 2060 vivit
2855 2009 2996 2062 sicut
3027 2009 3118 2064 ille
3157 2011 3338 2067 vivere
3365 2012 3526 2068 debet

1939 2093 2032 2162 qui
2063 2092 2224 2163 hujus
2254 2093 2416 2149 cilicii
2449 2111 2637 2150 curam
2683 2099 2842 2166 gerit.
2873 2098 3040 2156 Porto
3070 2113 3250 2156 autem
3296 2120 3398 2174 ego
3426 2123 3524 2160 uo-

1939 2199 2062 2238 men
2091 2183 2250 2252 hujus
2296 2184 2597 2254 dignitatis,
2641 2189 2733 2242 sed
2779 2189 2960 2245 infelix
3013 2193 3118 2245 vita
3159 2209 3274 2248 [nea
3316 2195 3430 2249 fere
3469 2197 3524 2250 in

1939 2275 2193 2332 omnibus
2233 2277 2582 2344 contradicit,
2617 2279 2756 2336 male
2803 2283 3032 2352 agendo,
3083 2285 3242 2352 hujus
3287 2288 3524 2342 nominis

1939 2368 2210 2440 dignitati.
2254 2369 2349 2425 Est
2391 2371 2535 2425 enim
2579 2386 2674 2426 cor
2719 2389 2895 2426 mequ
2935 2374 3294 2443 innnundmu,
3333 2393 3524 2435 omnes

1939 2477 2134 2517 sensus
2162 2462 2412 2532 corporis
2443 2464 2546 2517 mei
2582 2463 2846 2520 innmmdi
2869 2509 2882 2534 ,
2915 2477 2970 2522 et
3001 2469 3082 2524 sic
3117 2469 3266 2526 intus
3304 2479 3358 2524 et
3389 2471 3521 2528 foris

1943 2551 2035 2584 ³³⁸⁵
2066 2563 2208 2608 totus
2235 2553 2545 2609 immundus
2573 2568 2678 2608 non
2709 2555 2926 2612 invenio
2957 2559 3008 2612 in
3057 2569 3168 2616 toto
3208 2577 3294 2616 me
3317 2562 3521 2632 aliquid

1937 2641 2220 2709 mundum,
2251 2643 2344 2697 ubi
2391 2641 2619 2698 honeste
2645 2651 2699 2697 et
2743 2645 2886 2700 sicut
2924 2647 3080 2702 decet
3123 2651 3326 2718 possim
3369 2667 3524 2722 repo-

1935 2748 2068 2789 nere
2089 2748 2288 2804 corpus
2313 2735 2676 2790 Dominicum.
2717 2735 2772 2790 lu
2805 2740 3016 2810 magnis
3047 2740 3230 2810 itaque
3257 2743 3526 2812 angustiis.

1938 2827 2293 2895 constitutus,
2323 2835 2379 2884 et
2412 2827 2539 2898 quid
2567 2828 2912 2897 potissimum
2942 2833 3076 2887 mihi
3115 2834 3186 2888 sit
3215 2834 3530 2891 faciendum

1935 2920 2146 2987 nescio,
2168 2921 2274 2977 huc
2303 2920 2556 2991 illucque,
2585 2921 2744 2977 modo
2775 2923 2880 2978 hoc
2908 2925 3066 2980 modo
3092 2926 3220 2982 illud
3253 2928 3532 2997 cogitans,

1936 3029 2024 3069 me
2053 3014 2381 3072 circumfero
2419 3015 2840 3087 diligentiusque
2878 3031 3094 3072 omnem
3127 3019 3516 3076 conscientiam

1939 3117 2115 3158 meam
2147 3103 2395 3172 revolvo,
2433 3105 2478 3160 si
2519 3104 2664 3160 forte
2708 3105 2925 3176 aliquod
2973 3107 3257 3160 consilium
3301 3109 3519 3164 salubre

1937 3195 2239 3250 invenirem
2267 3197 2410 3266 quod
2439 3196 2506 3250 ad
2538 3195 2772 3266 aliquam
2797 3197 3026 3252 salutem
3053 3197 3144 3229 ’⁸⁸⁵
3168 3198 3364 3252 anima:
3387 3199 3518 3254 mihi

1935 3303 2058 3344 esse
2087 3287 2468 3359 intelligercm.
2502 3287 2695 3343 Omnia
2739 3303 2869 3358 ergo
2899 3303 3019 3358 quae
3049 3304 3176 3358 erga
3209 3305 3294 3342 me
3321 3303 3514 3360 gerun-

1933 3389 2048 3451 tur,
2071 3382 2541 3452 circumspiciens,
2572 3389 2628 3437 et
2655 3381 2770 3436 fere
2799 3383 2930 3436 nihil
2963 3392 3056 3436 aut
3087 3399 3275 3452 parum
3311 3385 3436 3438 boni
3462 3385 3532 3440 iu.

1935 3483 2049 3530 toto
2076 3489 2162 3530 me
2193 3475 2494 3540 inveniens,
2541 3475 2644 3529 hoc
2686 3475 2951 3528 tantillum
2985 3474 3109 3528 boui
3157 3475 3226 3528 ibi
3273 3474 3357 3528 vix
3400 3475 3519 3528 ani-

1931 3567 2216 3633 madverti,
2247 3569 2291 3622 si
2319 3576 2499 3622 tamen
2531 3567 2730 3621 bonmn
2762 3567 2957 3621 debeat
2985 3566 3092 3621 diei
3133 3566 3274 3636 quod
3318 3566 3535 3622 bonunn

1931 3660 2076 3729 quod
2106 3673 2206 3729 ego
2235 3675 2341 3712 non
2369 3658 2546 3714 habeo
2577 3659 2694 3724 ⁸³⁸⁷,
2727 3659 2780 3712 in
2807 3658 2936 3722 alio,
2967 3673 3087 3712 cum
3123 3655 3306 3722 habet,
3331 3656 3518 3726 diligo,

1929 3759 2004 3814 et,
2035 3765 2158 3804 cum
2187 3764 2292 3803 non
2315 3748 2567 3814 habeam,
2593 3747 2877 3802 humiliter
2904 3763 2988 3802 me
3013 3764 3118 3802 non
3145 3746 3348 3802 habere
3371 3762 3518 3802 recc-

1935 3855 2161 3913 gnosco,
2217 3839 2361 3908 quod
2410 3847 2751 3908 peccatorcm
2806 3847 2862 3892 et
2914 3839 3175 3894 miserum
3231 3839 3516 3924 plusquam

1931 3934 2096 3988 alium
2129 3931 2427 4002 quemlibet
2453 3945 2540 3984 me
2564 3944 2687 3988 esse
2710 3931 2890 3994 credo,
2925 3939 2979 3984 et
3009 3939 3186 3984 tamen
3217 3929 3282 3984 de
3304 3927 3516 3982 miseri-

1935 4024 2122 4080 cordia
2157 4022 2257 4078 Dei.
2279 4021 2666 4092 omnipotentis
2699 4036 2804 4076 non
2855 4021 3106 4092 despero.
3150 4019 3327 4076 Credo
3367 4018 3512 4074 enim

1933 4115 2074 4186 quod
2105 4115 2178 4168 illi
2203 4115 2288 4170 cui
2319 4130 2451 4170 cura
2481 4115 2583 4169 fuit
2625 4131 2730 4178 me,
2762 4129 2884 4168 eum
2912 4129 3018 4168 non
3051 4128 3258 4175 essem,
3311 4111 3514 4179 facere,

1932 4216 1986 4263 et
2019 4207 2195 4262 adhuc
2223 4223 2352 4262 cura
2381 4215 2464 4262 est
2493 4205 2622 4260 mihi
2655 4221 2718 4260 ea
2747 4219 2868 4275 quae
2891 4205 2956 4258 ad
2999 4203 3156 4272 hujus
3197 4203 3322 4258 vitae
3359 4217 3514 4256 usum

1933 4307 2061 4355 sunt
2108 4299 2439 4364 necessaria,
2489 4313 2590 4370 pro
2641 4295 3015 4352 misericordia
3061 4309 3158 4350 sua
3209 4291 3512 4364 providere,

1933 4406 2066 4445 cura
2105 4389 2180 4444 illi
2222 4389 2328 4442 erit
2355 4403 2456 4458 pro
2486 4389 2688 4457 pietate
2728 4401 2823 4441 sua
2866 4386 2998 4440 mihi
3030 4386 3160 4440 dare
3198 4385 3376 4438 adhuc
3409 4383 3512 4436 ali-

1935 4481 2078 4553 quod
2109 4481 2309 4536 bonum
2338 4495 2474 4549 opus
2503 4477 2706 4544 facere,
2739 4477 2820 4532 vel
2849 4479 3065 4542 saltem,
3094 4477 3138 4532 si
3171 4493 3275 4532 non
3305 4493 3370 4530 ex
3399 4484 3528 4530 toto.

1937 4583 2130 4639 totum,
2165 4571 2382 4640 aliquod
2415 4571 2617 4624 bonum
2641 4569 2850 4622 valeam
2892 4569 3176 4632 inchoare,
3205 4577 3279 4630 et,
3325 4569 3367 4622 si
3403 4583 3512 4624 nou

1938 4679 2003 4719 ex
2037 4673 2168 4728 toto,
2200 4679 2230 4718 a
2261 4661 2416 4719 malis
2445 4659 2530 4716 vel
2559 4659 2953 4731 aliquantulum
2990 4675 3226 4716 cessare.

1532 4800 1770 4856 VARI/[‘3
1809 4797 2216 4856 LECTIONES.

316 4913 406 4944 ¹³⁷²
443 4911 648 4966 Cottam
673 4922 746 4964 est
763 4928 881 4966 cum
910 4929 1034 4966 mss.
1075 4911 1205 4967 Vict.
1239 4913 1363 4966 ΚΚ.
1403 4913 1490 4968 16.
1521 4913 1678 4968 (.‘orb.
1717 4914 1836 4968 160.
1883 4926 1928 4968 et
1971 4913 2210 4966 Val-Inc.
2235 4913 2288 4964 in
2319 4914 2439 4966 aliis
2477 4914 2614 4966 enim
2647 4929 2773 4966 mss.
2807 4927 2912 4964 non
2943 4911 3218 4976 reperitur.
3245 4909 3382 4964 Cum
3412 4909 3513 4963 Sa-

239 4983 438 5040 cerdos
469 4983 762 5062 diligenter
784 4983 1184 5062 contermilatur
1210 4999 1378 5062 quam
1401 4985 1824 5062 misericorditer
1851 4985 2178 5062 [tedemptor
2203 4991 2674 5062 nosterataturarn
2719 4983 2886 5062 nostri
2916 4981 3026 5033 limi
3059 4982 3334 5062 undenos
3348 4978 3524 5060 fecit,

239 5071 343 5125 pro
369 5055 526 5130 nobis
548 5050 938 5130 ns}rs_g:epit,_ms_.
973 5050 1103 5106 Vict.
1129 5063 1184 5130 ut
1214 5050 1268 5106 in
1294 5053 1485 5130 Editis.
1515 5053 2033 5130 ms._Corb._0rati9
2059 5050 2362 5130 sacerdotis
2395 5052 2464 5130 in_
2488 5053 2924 5130 c_onsi_t_le_ra_tione
2958 5065 3070 5130 sua:
3100 5050 3505 5130 indignationis,

237 5120 294 5178 et
325 5122 483 5203 hujus
506 5120 1008 5203 oiiieiidignitatis:
1041 5125 1182 5203 etde
1225 5126 1568 5203 perceptione
1603 5125 1862 5203 Corporis
1905 5133 1973 5203 et_
1991 5123 2282 5203 Sanguinis
2317 5123 2536 5203 llo‘inini'
2609 5121 2720 5203 _f"’
2743 5123 2810 5176 Et
2859 5121 2900 5176 si
2929 5120 3266 5203 "aliquando.
3299 5120 3518 5203 inscitia.

237 5211 338 5248 ms.
371 5187 528 5248 (ξονι).
557 5203 614 5248 et
643 5195 688 5248 si
719 5187 896 5262 aliqua
924 5193 1136 5270 inscitia
1167 5187 1540 5270 ms.__Vulfluc.
1563 5209 1618 5249 et
1662 5187 1726 5270 si'
1750 5196 1928 5270 aliqua
1961 5187 2252 5270 inscientia
2322 5193 2412 5270 mf
2445 5193 2540 5270 γει
2569 5193 2735 5270 etiam
2757 5189 2960 5270 carnali
3007 5187 3139 5270 nias;
3186 5187 3268 5270 vel
3289 5189 3510 5270 carnali

243 5265 336 5298 ⁸³⁷⁸
363 5263 516 5319 Nosti
557 5265 782 5319 Domine
811 5258 962 5318 ἠως.
995 5262 1154 5318 Coro.
1179 5273 1228 5317 et
1278 5263 1525 5340 Val-luc._
1564 5267 1736 5320 0min.
1771 5258 1997 5340 Domine
2100 5264 2198 5295 ¹³⁷⁶
2219 5263 2578 5340 Stecttlarinm
2617 5263 2967 5340 cupiditatum
3008 5267 3064 5312 et
3099 5258 3508 5340 Ecelesiastica—

239 5352 362 5428 riunt
393 5335 716 5416 dignitatum
761 5334 1180 5428 appetitiogi'bt't‘s
1204 5335 1706 5428 mss..s:ecttlatrium
1741 5329 3334 5428 voluptatum.
3351 5329 3506 5428 cum;
3521 5381 3528 5392 ‘

239 5399 917 5478 dilatumappetitionibus
996 5405 1082 5484 'f‘"
1113 5403 1510 5484 Perspicis‘ms:
1549 5405 1705 5460 Corb.
1739 5399 2004 5484 prospicis
2080 5399 2388 5484 “Videam
2421 5403 2618 5484 malam
2669 5419 2796 5484 mss.
2837 5415 3012 5484 meum
3036 5401 3350 5484 pessimam
3415 5399 3496 5480 {"9

241 5469 594 5530 Pervenit—in
633 5471 720 5528 me
751 5491 877 5530 mss.
911 5475 1079 5527 omitt.
1112 5473 1164 5551 in
1196 5469 1282 5529 me
1321 5475 1450 5551 -ίδδθ
1473 5477 1697 5551 Amator
1741 5469 2018 5551 hominmn
2065 5475 2531 5551 mss._j_i_|asrnator
2565 5473 2840 5551 hominum
2918 5471 3184 5551 mitium
3212 5469 3512 5551 studiosius

241 5563 368 5599 mss.
395 5561 517 5598 cum
549 5545 822 5620 studiosus
895 5545 988 5576 ³⁸⁸³
1011 5545 1202 5612 Cogito
1229 5545 1366 5620 mala
1400 5561 1524 5598 uisa.
1557 5545 1736 5620 cogito
1772 5547 1998 5620 etmala
2031 5615 2044 5620 ι
2067 5543 2186 5620 -ίδδξ
2206 5539 2498 5620 Diligenter
2544 5545 2777 5620 qualiter
2806 5539 3266 5620 mss_._diligﬁeuter
3291 5539 3504 5620 intueor

240 5617 477 5676 mediter
497 5631 597 5668 ms.
644 5613 870 5668 Val-lus.
903 5609 1219 5683 (liligetftius
1242 5615 1456 5670 intueor
1495 5609 1730 5685 qualiter
1835 5615 1926 5648 '3‘“
1951 5615 2117 5670 Valde
2165 5609 2395 5668 formido
2439 5631 2538 5685 ms.
2563 5609 2804 5685 ίοιιιίηιὶι3
2839 5611 2992 5664 valde
3068 5609 3161 5640 ³³⁸⁸
3191 5610 3422 5685 Interius
3449 5617 3506 5663 et

245 5685 374 5740 foris
399 5699 524 5738 mss.
553 5685 698 5739 intus
727 5695 778 5739 et
812 5687 944 5756 foris
1007 5681 1111 5714 “3°
1139 5686 1216 5756 Ad
1241 5687 1470 5740 salutem
1506 5681 1628 5738 mss.
1675 5689 1740 5740 ad
1771 5688 2001 5756 aliquam
2035 5685 2261 5740 salutent
2341 5685 2429 5756 ξ³⁸⁷
2461 5683 2574 5738 Dici
2605 5683 2746 5756 quod
2791 5682 2988 5735 bonum
3015 5695 3136 5756 ego
3157 5695 3278 5734 cum
3329 5681 3524 5738 halica

246 5772 340 5812 sua.
364 5756 515 5812 Caib.
547 5757 674 5825 dici,
705 5755 846 5828 qimd
877 5773 976 5827 ego
1003 5771 1108 5810 non
1137 5755 1309 5812 habeo
1335 5775 1458 5812 mss.
1506 5757 1638 5812 l'ict.
1667 5771 1714 5812 et
1759 5751 1986 5812 ιἰιιῖΙιιε.
2027 5757 2131 5812 diei
2162 5755 2302 5827 quod
2347 5755 2571 5818 bonum,
2597 5753 2741 5822 quod
2785 5767 2881 5822 ego
2913 5765 3018 5806 non
3051 5751 3222 5810 habeo
