3852 6050
332 273 434 326 915

686 273 744 326 s.
784 272 1082 326 assessu
1120 234 1477 325 camena.
1507 267 1822 323 ARCIIIEP.
1867 264 1912 321 0

2066 265 2251 320 PARS
2277 264 2343 325 ll.
2364 296 2429 305 ——-
2457 265 2538 320 PA
2551 264 2825 320 ΒΑΞΝΕΤ.
2871 264 2959 319 ET
2992 263 3234 320 ASCET.

3504 262 3632 321 Sic

404 386 498 442 Est
540 387 687 442 enim
737 388 876 441 Deus
924 386 1042 453 pius
1076 385 1167 417 ¹³⁸⁸
1209 394 1265 439 et
1314 385 1644 445 misericors.
1679 393 1736 438 et
1771 381 1916 435 nullo
1946 385 1989 440 Α
2023 381 2169 437 nullo
2199 383 2509 451 scparabat,
2539 379 2864 436 intolerabili
2891 380 3076 436 dolore
3122 380 3485 439 afficiebatur.
3522 379 3630 447 Et,

334 481 495 536 modo
524 490 830 535 creaturam
884 493 1037 532 suam
1078 479 1306 547 perdere
1350 477 1570 542 volens,
1602 479 1696 532 sed
1743 477 1918 532 modis

330 570 586 625 omnibus
608 576 667 623 ut
695 566 760 621 ad
785 567 1044 635 pietatem
1073 584 1226 623 suam
1252 568 1462 632 redeat,
1486 567 1919 623 misericorditer

332 674 560 715 monens
591 658 703 711 "".
737 656 1010 724 Quantum
1038 674 1169 714 vero
1198 673 1353 714 suam
1378 669 1686 714 creaturam
1709 658 1916 728 diligat,

332 758 593 819 quantum
626 748 829 803 invitus
853 764 973 803 eam
997 750 1206 819 perdat,
1232 750 1284 803 in
1306 748 1411 805 hoc
1433 749 1704 805 veraciter
1727 758 1917 805 osten-

331 842 431 903 dit,
461 856 584 895 cum
620 840 717 876 ⁸⁸η
733 841 800 896 de
830 842 969 903 credo
1003 843 1055 896 in
1109 853 1310 898 terram
1352 842 1650 908 descendit,
1677 841 1798 897 cum
1830 841 1919 897 ille

332 932 424 1003 qui
470 932 590 987 sine
630 932 793 988 initio
832 942 975 1000 erat,
1021 933 1234 988 initium
1276 948 1377 1004 pro
1418 948 1605 990 amore
1653 942 1918 989 creatura:

336 1021 538 1077 habere
567 1022 760 1089 voluit,
789 1024 1090 1095 limumque
1113 1025 1257 1082 unde
1289 1040 1388 1081 nos
1410 1023 1541 1081 fecit
1565 1041 1665 1097 pro
1706 1026 1918 1082 redeme

333 1115 519 1185 ptione
566 1125 752 1172 nostra
784 1118 1100 1188 assumpsit,
1129 1125 1184 1173 et
1229 1118 1403 1189 ipsum
1459 1116 1668 1183 limum,
1711 1117 1921 1174 scilicet

330 1205 550 1261 car'nem
579 1222 753 1273 suam,
784 1224 945 1278 quam
988 1225 1085 1279 pro
1115 1210 1269 1264 nobis
1290 1211 1602 1280 assumpsit,
1632 1219 1916 1280 postquam

330 1312 430 1367 per
483 1298 792 1368 passionem
844 1300 1021 1355 cr‘ucis
1074 1301 1125 1354 in
1174 1300 1343 1371 ipsius
1386 1300 1566 1356 crucis
1623 1316 1716 1354 ara
1783 1302 1919 1357 bene

333 1400 557 1449 excocta
608 1401 722 1455 est,
772 1391 925 1446 nobis
971 1392 1039 1447 ad
1091 1392 1531 1448 manducandum
1580 1395 1810 1464 porrigit
1866 1400 1921 1449 et

332 1478 504 1546 ipsius
557 1481 735 1535 carnis
802 1482 1063 1552 sanguine
1131 1481 1373 1551 ejusdem
1431 1484 1611 1539 crucis
1662 1483 1918 1539 torculari

332 1585 597 1641 expresso
623 1572 749 1627 dum
780 1589 877 1628 nos
906 1583 1076 1643 potat,
1102 1574 1249 1630 sitim
1272 1576 1466 1630 anima:
1486 1584 1684 1631 nostra:
1712 1577 1920 1633 exstino

332 1662 469 1733 guit.
500 1661 651 1717 Hanc
679 1675 861 1719 autem
894 1680 1115 1721 carnem
1148 1666 1320 1723 nostri
1367 1666 1749 1739 Redemptoris
1793 1684 1917 1724 cum

334 1756 730 1812 manducamus
786 1767 840 1814 et
895 1759 1220 1828 sanguinem
1276 1758 1545 1824 bibimus,
1606 1776 1731 1816 cum
1787 1759 1917 1816 limo

331 1856 519 1905 nostro
565 1849 875 1916 miscemus,
920 1860 975 1907 et
1006 1852 1071 1907 de
1101 1852 1204 1907 hoc
1236 1850 1391 1922 quasi
1437 1851 1528 1884 ³³⁸⁸
1565 1852 1916 1923 emplastrum

333 1938 596 1995 facientes
628 1950 932 2011 nostraeque
961 1942 1159 1997 animm
1191 1941 1600 2003 infirmitatibus
1633 1944 1725 1976 ""
1752 1959 1919 2016 appo«

331 2036 526 2084 nentes
545 2072 560 2097 ,
609 2031 653 2085 si
693 2031 853 2102 digne
888 2033 1188 2098 suminms,
1217 2048 1378 2087 onine
1408 2034 1655 2105 protinus
1682 2036 1826 2104 quod
1850 2036 1918 2091 ad

331 2122 699 2178 damnationis
725 2123 1025 2193 periculum
1054 2138 1152 2179 nos
1180 2125 1445 2194 pertrabit
1476 2140 1543 2182 cx
1570 2126 1918 2184 interioribus

331 2214 525 2275 aninne
552 2224 750 2269 nostra:
771 2214 1106 2284 projicimus.
1135 2216 1180 2271 0
1204 2215 1468 2271 immensa
1495 2216 1709 2271 Domini
1743 2218 1915 2276 nostri

331 2301 381 2359 J.
405 2302 467 2358 C.
497 2304 696 2374 pietas!
730 2320 763 2359 ο
787 2305 1104 2361 admiranda
1134 2314 1188 2361 et
1214 2304 1498 2362 iuelfabilis
1518 2307 1915 2373 misericordia:

331 2395 388 2449 Si
419 2395 619 2467 aliquis
644 2406 837 2466 potens
864 2398 1050 2463 homo,
1076 2413 1197 2454 cum
1229 2413 1423 2471 magno
1450 2400 1711 2459 comitatu
1737 2401 1915 2457 homi-

306 2502 457 2549 _num
482 2503 734 2557 pergens,
782 2487 921 2543 forte
944 2486 1099 2563 juxta
1133 2488 1275 2544 viam
1302 2505 1399 2560 per
1429 2505 1594 2561 quam
1634 2491 1915 2556 transiret,

339 2579 390 2631 in
418 2578 599 2650 aliquo
622 2594 779 2635 emno
823 2579 1056 2650 aliquem
1097 2596 1388 2651 pauperem
1423 2581 1734 2636 immersum
1766 2582 1917 2638 vide-

332 2679 436 2732 ret.
461 2670 551 2740 qui
573 2685 632 2727 se
658 2686 755 2740 per
799 2670 1033 2741 seipsum
1071 2671 1219 2727 nullo
1242 2674 1401 2727 modo
1423 2673 1714 2729 extrahere
1735 2685 1918 2745 posset

332 2761 401 2814 de
446 2760 537 2815 illo
571 2774 730 2815 emno
773 2762 829 2815 in
870 2777 978 2832 quo
1022 2762 1313 2819 immersus
1358 2772 1529 2828 esset,
1566 2764 1918 2823 miseratione

333 2863 511 2909 motus
548 2854 796 2909 eumdem
828 2869 1116 2925 pauperem
1145 2871 1242 2926 per
1263 2858 1497 2928 seipsum
1531 2857 1599 2912 de
1630 2856 1719 2912 illo
1762 2872 1918 2913 cteno

332 2945 669 3012 extraheret,
714 2945 843 3000 nulli
888 2946 1108 3002 dubium
1164 2948 1293 3019 quin
1348 2949 1655 3020 bujusmodi
1711 2963 1917 3023 magna:

336 3038 725 3093 misericordiae
752 3053 1064 3133 magnaeque
1091 3038 1308 3133 pietatis
1340 3041 1407 3095 ab
1435 3042 1688 3098 omnibus
1722 3042 1916 3113 praedi-
1945 3071 1991 3133 ο

333 3138 572 3196 caretur,
603 3130 813 3201 magnis
857 3131 1107 3186 laudibus
1149 3131 1217 3191 ab
1252 3133 1507 3189 omnibus
1555 3142 1762 3190 rectum
1791 3149 1916 3191 seu-

333 3235 453 3276 sum
499 3220 825 3284 habentibus
868 3222 1239 3279 extolleretnr.
1290 3224 1356 3280 Et
1399 3235 1602 3296 quanto
1644 3228 1749 3282 hoc
1782 3241 1919 3297 opus

334 3312 721 3373 misericordia
768 3330 866 3385 pro
910 3329 1147 3387 paupere
1196 3324 1251 3371 et
1297 3317 1454 3388 inope
1490 3317 1727 3385 fecisset,
1768 3328 1918 3375 tanto

332 3402 453 3478 plus
492 3403 614 3474 pius
661 3414 717 3459 et
765 3405 1075 3465 misericors
1116 3407 1369 3463 omnibus
1413 3408 1519 3478 piis
1555 3416 1609 3463 et
1649 3409 1918 3464 veraciter

335 3493 660 3551 Christianis
716 3504 1024 3564 appareret.
1075 3496 1214 3562 Quid
1268 3513 1433 3569 ergo.
1485 3499 1613 3568 quid
1658 3501 1916 3554 aestimari

335 3584 495 3639 debet
520 3586 585 3639 de
611 3600 800 3655 magna
834 3586 1044 3646 Domini
1092 3589 1262 3642 nostri
1305 3587 1429 3644 .lcsu
1463 3589 1663 3647 Christi
1693 3591 1915 3662 pietate,

334 3679 405 3734 de
434 3675 688 3731 ineffabili
724 3676 839 3745 ejus
864 3678 1236 3734 misericordia
1267 3689 1321 3735 et
1350 3681 1637 3748 cbaritatc,
1672 3682 1765 3753 qui
1793 3700 1914 3738 cum

337 3768 453 3838 ipse
484 3768 600 3822 sine
630 3767 785 3825 initio
816 3767 905 3833 sit,
936 3776 992 3824 et
1027 3768 1253 3825 mortale
1280 3770 1492 3825 initium
1533 3782 1589 3827 ct
1618 3775 1918 3830 mortalita—

337 3868 443 3913 tem
476 3860 707 3928 sumpsit
736 3874 835 3930 pro
859 3874 1120 3931 paupere,
1148 3869 1203 3917 et
1244 3859 1382 3917 ultra
1424 3863 1639 3917 modum
1679 3855 1922 3936 paupere

334 3956 388 4005 ct
412 3947 593 4020 inope,
623 3958 679 4003 ut
706 3949 854 4006 illum
893 3953 1208 4015 extraheret
1248 3953 1314 4008 dc
1358 3954 1732 4010 sordidissimo
1762 3974 1918 4013 caeno

334 4042 568 4112 peccati,
619 4043 670 4096 in
708 4057 835 4112 quo.
864 4043 1100 4113 seipsum
1154 4045 1495 4102 immerserat
1534 4047 1625 4079 ¹³⁹³
1654 4047 1821 4103 miser
1863 4058 1921 4109 et

337 4133 558 4189 infelix?
587 4133 789 4190 Prmtcr
832 4137 954 4201 hoc,
990 4136 1155 4191 miser
1198 4136 1287 4169 ⁸³⁸³⁸
1318 4138 1478 4193 homo
1511 4148 1713 4195 tantam
1743 4139 1919 4194 infeli-

337 4225 554 4280 citatcm
601 4225 928 4295 patiebatur,
975 4229 1159 4298 sicque
1188 4228 1471 4285 infeliciter
1502 4233 1553 4293 in
1595 4232 1724 4301 ipsis
1761 4249 1919 4289 vora-

335 4316 549 4388 ginibus
595 4326 810 4372 aeternae
852 4319 1167 4389 perditionis
1199 4331 1318 4377 erat
1348 4323 1666 4388 immersus,
1707 4328 1917 4396 magnis

2020 474 2065 528 si
2115 475 2316 530 diutius
2351 473 2664 532 differretur
2703 476 2846 546 quod
2898 476 2968 531 ab
3012 475 3194 546 aliquo
3245 476 3677 566 misericorch

2021 565 2313 635 aliquando
2359 566 2732 623 misericordia
2776 567 2826 622 ei
2879 582 2983 621 non
3030 566 3458 637 impenderetur,
3496 566 3636 637 jam

2020 655 2089 710 ab
2118 655 2250 727 ipsis
2291 657 2526 712 miseriis
2569 666 2784 713 acterna:
2820 657 3139 727 perditionis
3178 658 3634 728 irreparabiliter

2022 754 2349 803 moreretur.
2379 747 2538 801 Vcnit
2565 747 2657 779 ¹³⁹⁸
2685 747 2996 802 misericors
3018 747 3247 804 Creator
3277 746 3633 813 ineffabilem

2020 836 2278 908 pietatem
2314 838 2533 894 habens
2564 839 2631 894 ad
2687 840 2831 893 hunc
2861 848 3205 910 peccatorem
3240 840 3297 896 in
3335 840 3450 895 luto
3481 856 3629 910 pec-

2020 938 2264 985 catorum
2308 928 2617 1002 jacentcm;
2672 946 2776 986 non
2835 931 3149 1002 exspolians
3185 947 3247 987 se
3291 932 3639 989 indumento.

2020 1021 2204 1092 gloriae
2228 1037 2365 1090 Sine,
2390 1023 2565 1078 induit
2593 1038 2800 1095 pannos
2829 1025 3060 1080 miseriae
3088 1033 3306 1084 nostrae.
3338 1024 3639 1095 Venitque

2022 1111 2166 1169 velut
2214 1113 2603 1169 mundissimus
2648 1113 2747 1169 Sol
2785 1128 2883 1184 per
2930 1114 3076 1184 ipsos
3117 1114 3349 1187 fetores,
3405 1116 3627 1172 nullam

2024 1212 2202 1256 tamen
2255 1204 2772 1260 cmitaminationem
2809 1203 2997 1261 fetoris
3037 1205 3271 1275 patiens,
3320 1222 3502 1277 usque
3549 1208 3626 1263 ad

2021 1294 2195 1361 ipsum
2231 1294 2489 1347 miserum
2517 1306 2893 1364 peccatorem,
2939 1313 3174 1366 eumque
3201 1297 3271 1357 ab
3310 1299 3444 1369 ipsis
3482 1299 3626 1357 feto.-

2023 1383 2173 1439 ribus
2214 1392 2522 1454 extergcns,
2578 1387 2749 1440 tenuit
2777 1374 3235 1457 per-brachium,
3282 1390 3530 1453 extraxit
3561 1390 3621 1446 in

2021 1476 2261 1545 planum.
2294 1476 2611 1532 Extractum
2645 1494 2771 1533 vero
2804 1480 2873 1535 de
2909 1479 3029 1534 lacn
3059 1481 3287 1536 miseriae
3319 1491 3369 1536 et
3399 1482 3470 1536 de
3502 1482 3629 1541 luto,

2020 1566 2166 1636 facit
2204 1566 2375 1638 (Psal.
2401 1584 2599 1633 xxxix,
2627 1570 2708 1641 5),
2749 1569 2950 1623 cibavit
2985 1586 3122 1640 pauc
3163 1570 3434 1641 sapientis
3468 1573 3623 1625 salus-

2020 1661 2151 1716 taris
2182 1658 2373 1734 (Ereti.
2398 1678 2486 1726 xv,
2513 1662 2591 1733 '5),
2622 1672 2675 1718 et
2696 1673 2818 1732 post
2839 1662 2975 1726 haec,
3000 1662 3114 1731 ipsa
3140 1677 3237 1716 sua
3261 1677 3426 1725 carne
3447 1677 3616 1739 quam

2021 1765 2119 1821 pro
2164 1752 2281 1824 ejus
2312 1752 2684 1825 redemptione
2728 1759 3061 1821 susceperat,
3103 1761 3158 1808 et
3201 1766 3301 1807 suo
3348 1752 3630 1824 sanguine

2019 1845 2112 1914 qui
2140 1859 2239 1914 pro
2263 1844 2580 1900 remissione
2620 1853 2969 1912 peccatorum
2992 1842 3146 1897 fusus
3169 1852 3276 1906 est,
3310 1842 3522 1899 cihavit
3557 1851 3618 1900 et

2020 1936 2254 2005 potavit;
2283 1945 2338 1992 et
2365 1936 2447 1991 sic
2478 1934 2839 1995 refocillatum
2882 1934 2951 1991 ab
2980 1934 3111 2004 ipsis
3148 1934 3459 2000 doloribus,
3490 1935 3614 2005 qui-

2021 2029 2121 2083 bus
2149 2036 2258 2083 tam
2300 2028 2539 2097 graviter
2583 2026 2904 2092 vexabatur,
2948 2025 3237 2097 mitigavit.
3277 2022 3406 2080 Haec
3428 2035 3627 2089 autem

2020 2134 2151 2175 caro
2193 2134 2356 2189 quam
2408 2117 2458 2172 ei
2509 2120 2577 2173 ad
2627 2117 3064 2172 manducandum
3111 2115 3260 2173 dedit
3309 2116 3379 2171 de
3412 2124 3623 2179 natura

2019 2212 2257 2283 ejusdem
2286 2210 2398 2269 limi
2425 2209 2528 2266 fuit
2557 2210 2703 2265 unde
2730 2209 2964 2279 primum
3000 2206 3273 2263 hominem
3297 2206 3625 2277 plasmauit,L

2019 2319 2179 2375 quem
2204 2303 2270 2357 ad
2319 2303 2606 2374 imaginem
2634 2313 2689 2357 et
2717 2299 3127 2356 similitudinem
3168 2314 3321 2355 suam
3363 2299 3613 2363 creavit;

2019 2408 2183 2464 quam
2231 2393 2668 2456 similitudinem,
2708 2407 2872 2461 quam
2904 2390 3022 2461 ipse
3063 2390 3272 2461 primus
3323 2390 3490 2445 homo
3519 2388 3615 2421 ιη’

2019 2501 2117 2557 per
2145 2500 2299 2540 suam
2327 2483 2541 2553 culpam
2570 2482 2917 2551 detiguravit,
2952 2495 3049 2552 per
3079 2480 3264 2536 carnis
3288 2494 3400 2535 sua:
3426 2492 3617 2533 come-

2019 2576 2247 2631 stionem
2298 2575 2412 2640 ⁸³⁸⁷,
2457 2583 2771 2643 rectamque
2815 2573 2975 2630 fidem
3014 2572 3081 2625 ad
3138 2571 3402 2642 integrum
3430 2569 3612 2625 refor-

2019 2668 2219 2735 mavit;
2251 2667 2390 2722 hanc
2437 2684 2566 2722 vero
2602 2681 2844 2730 carnem,
2875 2663 2963 2728 vel,
3006 2661 3165 2733 hujus
3210 2663 3322 2717 limi
3357 2670 3611 2717 naturam

2018 2771 2305 2833 postquam
2348 2758 2600 2820 Christus
2650 2773 2844 2829 passus
2885 2758 3054 2813 estin
3099 2772 3286 2820 cruce,
3321 2762 3625 2826 postquam.

2019 2854 2320 2911 resurrexit
2342 2853 2499 2909 tertia
2532 2852 2641 2918 die,
2679 2851 2746 2906 ad
2770 2850 2936 2908 cmlos
2958 2858 3205 2921 portans,
3231 2847 3296 2902 ad
3326 2847 3619 2902 dexteram

2018 2948 2197 3007 Patris
2230 2946 2537 3010 collocavit,
2561 2945 2719 3021 eique
2739 2942 3166 2997 dominationem
3193 2954 3354 3011 super
3388 2937 3628 3009 angelos

2020 3050 2075 3097 et
2100 3038 2457 3112 archangelos
2481 3037 2723 3093 donavit.
2750 3034 2891 3090 Ecce
2912 3035 3093 3098 limus,
3123 3033 3219 3103 qui
3236 3036 3329 3103 per
3350 3040 3614 3087 naturam

2021 3150 2173 3192 suam
2204 3134 2257 3189 in
2297 3142 2442 3189 terra
2468 3145 2685 3200 seraper
2706 3129 2967 3191 adhaeret,
2991 3143 3022 3181 a
3042 3125 3398 3195 Redemptore
3421 3132 3628 3180 nostro.

2020 3225 2077 3280 in
2116 3223 2255 3280 cmlo
2288 3231 2557 3293 portatus,
2599 3220 2771 3288 ipsum
2814 3215 2906 3255 1”“
2942 3216 3142 3271 cmlum
3180 3223 3235 3269 et
3270 3212 3453 3267 omnia
3491 3227 3618 3283 qua

2018 3315 2077 3371 in
2104 3329 2170 3370 eo
2201 3323 2331 3369 sunt
2354 3313 2454 3368 sub
2482 3310 2721 3367 dotninio
2751 3323 2851 3363 suo
2884 3307 3068 3363 habet.
3098 3306 3180 3367 Ad
3224 3320 3383 3376 quem
3417 3303 3609 3357 lituum

2020 3423 2182 3463 nemo
2218 3406 2390 3462 fidelis
2432 3413 2611 3476 potest
2643 3403 2728 3458 vel
2765 3402 2966 3472 poterit
2996 3401 3313 3465 ascendere,
3348 3398 3451 3452 nisi
3481 3412 3612 3452 eum

2021 3500 2171 3571 prius
2220 3508 2375 3554 curet
2419 3498 2472 3553 in
2522 3506 2665 3553 terra
2709 3495 3006 3550 salubriter
3053 3492 3340 3548 comedere
3386 3492 3617 3561 ejusque

2018 3592 2334 3663 sanguinem
2379 3589 2588 3646 bibere.
2638 3587 2807 3657 Hujus
2854 3586 3040 3642 carnis
3085 3593 3143 3641 et
3186 3584 3472 3656 sanguinis
3510 3599 3616 3655 ego

2020 3682 2415 3753 qualiscunque
2470 3680 2719 3735 minister
2767 3687 2823 3735 et
2878 3676 3165 3739 sacerdos,
3215 3675 3343 3730 dum
3403 3683 3614 3729 tantam

2019 3776 2276 3847 pietatem
2312 3782 2582 3841 tantaeque
2610 3770 2829 3842 pietatis
2859 3768 3200 3825 dulcedinem
3231 3766 3621 3836 Redemptoris

2021 3865 2192 3922 nostri
2241 3880 2369 3937 erga
2421 3872 2726 3920 creaturam
2783 3876 2935 3915 suam
2992 3858 3305 3930 conspicio,
3362 3858 3431 3913 de
3491 3856 3621 3926 ejus

2022 3959 2286 4015 immensa
2325 3957 2566 4011 bonitate
2607 3970 2715 4013 nou
2757 3952 2956 4015 diﬂldo.
3008 3952 3281 4008 Succurre
3316 3964 3476 4021 ergo,
3508 3948 3615 4006 Do-

2023 4047 2168 4103 mine
2193 4045 2317 4105 Iesu
2347 4045 2581 4109 Christe,
2621 4057 2882 4101 succurre
2913 4048 3004 4097 tuo
3044 4039 3348 4106 sacerdoti,
3392 4038 3621 4108 indulge

2020 4137 2139 4206 ejus
2186 4136 2424 4207 peccatis
2472 4144 2636 4206 atque
2684 4134 2930 4198 delictis,
2981 4140 3043 4187 ut
3084 4131 3245 4203 digne
3291 4130 3503 4187 valeam
3532 4131 3618 4189 tui

2021 4230 2267 4301 corporis
2293 4239 2348 4285 ct
2370 4228 2650 4300 sanguinis
2681 4226 2999 4298 mysterium
3028 4224 3339 4288 celebrare,
3368 4232 3426 4278 et
3445 4222 3613 4293 digne

2022 4320 2310 4377 celebrans
2339 4319 2584 4390 corporis
2616 4317 2689 4372 tui
2720 4326 2775 4372 et
2823 4314 3103 4385 sanguinis
3131 4312 3415 4368 veritatem
3442 4311 3621 4381 digne

337 4412 602 4482 angustiis
647 4412 964 4482 magnisque
1011 4414 1288 4470 doloribus
1336 4414 1495 4473 famis
1538 4426 1593 4472 et
1640 4420 1759 4475 sitis
1800 4432 1918 4476 erat
1952 4417 1995 4478 D
2021 4411 2307 4467 comedere
2349 4417 2407 4465 et
2440 4409 2651 4477 bibere,
2678 4416 2734 4463 et
2776 4407 2857 4462 sic
2903 4420 3073 4475 usque
3119 4407 3173 4460 in
3211 4402 3378 4464 finem
3403 4401 3613 4476 jugiter

336 4518 644 4572 oppressus.
673 4504 746 4558 Ex
772 4520 876 4560 una
901 4506 1065 4576 igitur
1089 4515 1241 4577 parte
1264 4507 1655 4571 intolerabilem
1684 4507 1914 4566 fetorem

336 4594 503 4660 cteni,
537 4594 588 4647 in
618 4610 722 4664 quo
744 4605 864 4651 erat
890 4598 1198 4662 immersus,
1223 4599 1456 4668 patiens,
1486 4599 1652 4671 266
1673 4614 1737 4657 ex
1763 4609 1916 4671 parte

334 4684 538 4750 altera,
594 4685 684 4756 qui
733 4686 853 4755 ejus
900 4687 1134 4743 miseria:
1183 4701 1235 4745 et
1285 4692 1453 4748 dolori
1515 4700 1918 4762 compateretur

332 4777 537 4832 mdlmn
570 4777 868 4846 inveniens,
912 4793 1021 4839 tam
1050 4802 1115 4841 ex
1150 4785 1337 4840 fetcnti
1367 4802 1526 4843 emno
1552 4787 1606 4841 in
1636 4802 1743 4858 quo
1767 4787 1914 4857 jace-

2020 4517 2406 4575 peiseverans,
2437 4501 2505 4557 ad
2535 4507 2587 4555 te
2614 4507 2736 4571 post
2773 4506 3005 4553 mortem
3029 4495 3210 4553 carnis
3234 4493 3439 4549 valeam
3484 4507 3615 4564 pere

2021 4602 2226 4666 venire,
2259 4600 2371 4666 ubi,
2399 4614 2505 4655 non
2532 4613 2630 4668 per
2655 4596 2961 4664 intervalla,
2990 4596 3131 4650 sicut
3159 4594 3340 4661 modo,
3370 4593 3465 4649 sed
3489 4591 3619 4649 sine

2022 4690 2421 4747 intermissione
2460 4702 2585 4744 cum
2627 4686 2832 4742 sanctis
2873 4684 3133 4742 omnibus
3177 4692 3232 4738 te
3280 4683 3455 4752 ipsum
3514 4684 3608 4751 qui

2020 4784 2223 4839 veritas
2256 4790 2312 4838 et
2338 4782 2447 4836 vita
2493 4795 2553 4836 cs
2597 4779 2798 4849 possim
2848 4777 3133 4835 comedere
3174 4784 3230 4831 et
3262 4775 3465 4835 bibere
3512 4774 3615 4807 “”

332 4872 424 4927 but
466 4888 628 4943 quam
678 4891 746 4933 ex
798 4876 1175 4949 desperatione
1228 4880 1614 4937 consolationis
1668 4896 1831 4950 quam
1881 4896 1915 4937 a
2014 4879 2206 4935 Amen.

1624 5034 1707 5090 VA
1720 5035 1855 5090 ΗΙΑΞ
1897 5033 2299 5091 LECTIONES.

407 5178 500 5211 ¹²⁸⁸
523 5177 619 5233 Est
636 5176 781 5231 enim
798 5176 938 5232 Deus
950 5176 1069 5245 pius
1080 5193 1206 5230 mss.
1225 5185 1304 5230 est
1325 5176 1467 5231 enim
1490 5174 1611 5246 pius
1686 5178 1776 5209 ““’
1804 5176 2022 5231 Mouens
2042 5192 2144 5230 ora.
2167 5174 2300 5230 Vict.
2318 5186 2540 5246 movens
2572 5170 2707 5246 __“’°
2727 5168 3062 5234 Ostenditur,
3079 5181 3201 5223 cum
3220 5181 3343 5246 utra:
3362 5163 3612 5246 ostendit

327 5263 449 5304 cum
528 5248 621 5281 ‘m
655 5248 730 5303 De
756 5247 858 5301 hoc
891 5261 1104 5315 quoque
1132 5264 1259 5301 mss.
1288 5248 1355 5300 de
1390 5247 1492 5301 hoc
1522 5249 1677 5315 quasi

1792 5248 1883 5279 ¹³⁹¹
1918 5246 2236 5315 Nostrisqne
2282 5242 2691 5315 infirmitatibus
2721 5257 2843 5315 narra
2895 5247 3205 5315 nostraeque
3251 5235 3452 5290 animae
3478 5234 3609 5315 "in;

330 5302 682 5373 firmitatibus
716 5302 721 5303 ί
757 5318 850 5349 ¹⁵⁹³
881 5302 1186 5370 Ιὶιιηιῖερνιιι
1224 5333 1350 5369 mss.
1392 5302 1741 5373 immerserat
1817 5316 1907 5349 “"
1931 5302 2161 5386 Propter
2190 5317 2292 5371 hoc
2344 5314 2679 5386 miserans.
2730 5311 2899 5386 enim.
2927 5302 3153 5379 propter
3191 5307 3296 5386 hoc
3332 5302 3610 5386 ms._Vat-

331 5387 437 5443 luc.
471 5397 669 5457 praeter
697 5389 800 5443 hoc
824 5388 988 5442 miser
1062 5387 1152 5421 ¹³⁹⁸
1178 5387 1336 5443 Venit
1357 5402 1486 5456 ergo
1513 5403 1637 5441 mss.
1663 5389 1830 5443 omiu.
1855 5403 1986 5457 ergo
2042 5377 2153 5420 3'”
2180 5386 2353 5453 Quam
2386 5384 2502 5455 ipse
2529 5383 2691 5438 homo
2706 5380 2858 5450 prius
2880 5377 3012 5457 pits.
3030 5377 3350 5457 ‘quamipge

3392 5376 3609 5446 primus

330 5447 492 5528 homo
567 5459 657 5489 ⁸³³⁷
689 5458 1149 5514 Comessationem
1178 5474 1302 5511 nats.
1333 5447 1723 5514 conis-stionem
1798 5459 1892 5492 ³³³⁸
1918 5447 2171 5524 Portatus
2192 5447 2368 5528 ipsum
2403 5447 2529 5510 iura.
2576 5447 2842 5524 portatur,
2880 5447 3071 5522 ipsum
3129 5448 3227 5483 ¹³”
3249 5447 3441 5503 bibere
3468 5458 3607 5511 ms,

327 5527 546 5593 addunt,
568 5528 742 5591 Amen
