3906 6058
1361 253 1384 263 ιιι
1409 253 1440 262 α-

249 313 352 370 917

709 427 965 485 ORATIO
1006 429 1099 483 XX
1112 427 1192 482 VII
1241 429 1352 480 "'°°.

843 557 909 594 AD
947 557 1237 596 CIIRISTUI.

248 655 379 710 Cum
406 655 651 712 sacerdos
680 671 868 723 corpus
893 653 1086 707 Christi
1113 665 1159 707 et
1185 654 1494 722 sanguinem
1517 652 1571 704 in
1595 651 1833 723 manibus

324 735 486 787 tenet,
527 721 804 794 teneasque
843 723 1066 778 dulciter
1113 721 1417 777 recordetur
1462 738 1590 792 quos
1629 721 1834 775 dolores

281 825 284 828 «
319 799 392 866 ἱη³
411 811 564 849 cruce
591 810 685 864 pro
711 793 856 848 nobis
884 809 1070 863 passus
1095 805 1192 848 est.

323 885 674 952 Dulcissimo,
704 894 760 940 et
799 899 964 956 super
1009 885 1190 940 omnia
1229 885 1584 942 desideranda
1619 885 1834 940 deside-

157 971 162 976 ’
251 976 419 1034 r-ande
449 984 505 1031 et
531 975 856 1030 suavissime
893 975 1021 1031 Jesu
1057 976 1306 1039 Christe,
1347 978 1537 1032 adesto
1564 978 1833 1048 supplica-

251 1070 384 1125 tioni
419 1083 577 1133 mete,
607 1075 660 1123 et
682 1067 892 1122 intende
919 1070 1029 1121 voci
1052 1067 1306 1123 orationis
1327 1084 1456 1122 mete
1477 1065 1650 1139 (I’sal.
1675 1083 1728 1134 v,
1755 1067 1834 1138 3),

249 1169 306 1215 et
359 1175 460 1230 per
511 1169 656 1214 tuam
701 1172 953 1227 magnam
995 1158 1427 1214 misericordiam
1485 1157 1720 1213 emunda
1768 1159 1838 1214 ab

249 1255 395 1308 omni
421 1253 832 1323 inquinamento
851 1253 1054 1320 peccati
1077 1253 1313 1307 animam
1343 1267 1542 1319 meam,
1567 1261 1626 1306 ut
1645 1253 1839 1322 dignus

249 1344 454 1415 possim
487 1343 750 1398 accedere
781 1343 848 1395 ad
881 1343 1164 1398 servitium
1214 1345 1290 1398 tui
1331 1343 1536 1410 altaris,
1570 1343 1838 1414 digneque

251 1445 489 1492 tractare
511 1435 828 1506 mysterium
851 1435 1096 1505 corporis
1118 1441 1172 1488 et
1193 1433 1470 1504 sanguinis
1495 1433 1592 1488 tui.
1617 1433 1835 1498 Fateor,

255 1530 570 1585 dulcissime
619 1529 877 1591 Domine,
927 1545 1113 1585 coram
1173 1529 1564 1597 omnipotentia
1625 1539 1712 1582 tua
1754 1541 1840 1581 tne

253 1619 416 1673 nimis
445 1633 566 1673 esse
600 1617 944 1687 culpabilem,
983 1629 1033 1673 et
1071 1617 1239 1672 multa
1275 1619 1412 1672 mala
1451 1619 1564 1672 fere
1595 1635 1688 1687 per
1726 1620 1838 1673 sin-

252 1707 409 1776 gulas
435 1708 598 1762 horas
628 1705 939 1772 facientem,
973 1715 1028 1762 et
1061 1717 1238 1762 tamen
1271 1707 1340 1762 de
1385 1707 1640 1762 ineffabili
1687 1709 1838 1764 boni-

1716 311 2126 370 ORATIONES.

1860 435 1906 490 Α
1938 439 2186 497 magnam
2215 423 2468 492 pietatem
2497 421 2678 476 omnia
2713 431 2934 490 peccata
2971 430 3056 474 tua
3091 421 3343 486 dimittat,
3376 432 3430 476 et
3459 430 3516 477 ιιι

3405 297 3510 366 sta

1937 517 2052 570 bare
2076 515 2158 570 vel
2181 513 2284 568 alia
2311 511 2541 583 amplius
2573 513 2856 566 admittere
2882 528 2989 566 non
3021 512 3218 567 valeas.
3253 513 3364 568 Hoc
3391 524 3516 570 ante

1936 605 2138 670 omnia,
2168 613 2224 658 et
2261 602 2402 656 sicut
2448 602 2726 656 interitum
2759 608 2905 654 tuum
2956 617 3148 656 moneo
3192 618 3413 666 caveas,
3449 617 3518 658 ne

1938 697 1991 750 in
2020 693 2326 765 huiusmodi
2356 693 2824 750 recordationibus
2846 693 3055 761 aliquos
3081 693 3276 746 diaboli
3300 685 3518 762 laqueos

1939 790 2209 850 incurras,
2251 801 2389 856 quos
2417 785 2573 840 multi
2606 783 2810 839 incauti
2857 785 3054 853 Stepius
3085 785 3390 850 incurrunt;
3426 786 3516 852 qtti

1938 878 2064 932 dum
2091 877 2232 932 mala
2261 893 2358 932 sua
2402 875 2558 946 quasi
2591 891 2689 946 pro
2715 875 2794 931 eis
2837 875 3110 946 plorantes
3153 885 3278 932 ante
3325 880 3520 933 mentis

1937 969 2125 1024 oculos
2159 971 2446 1034 reducunt,
2477 983 2574 1038 per
2603 970 2820 1024 easdem
2857 968 3258 1026 recordationes
3298 971 3352 1024 in
3383 972 3521 1042 ipso-

1939 1075 2058 1115 rum
2098 1061 2193 1092 ί³⁰³
2241 1059 2511 1116 malorum
2557 1059 2955 1116 delectationes
3017 1059 3336 1132 insipienter
3383 1063 3521 1118 rein-

1939 1153 2146 1208 cidunt.

2011 1241 2342 1309 Recordare,
2386 1257 2548 1311 quam
2593 1240 2806 1296 dulcius
2833 1251 3018 1312 potes,
3068 1243 3235 1313 ipsius
3279 1247 3526 1314 corporis

1939 1334 2140 1390 Christi
2173 1336 2316 1403 quod
2346 1345 2494 1390 tenes
2518 1333 2848 1390 ineffabilem
2879 1333 2970 1366 'm
2991 1336 3270 1405 pietatem,
3303 1347 3356 1392 et
3383 1337 3524 1406 plus-

1940 1440 2102 1494 quam
2161 1425 2420 1478 aestimari
2475 1424 2646 1494 possit
2705 1425 3084 1480 admirandam
3153 1428 3520 1492 dulcedinem,

1939 1517 2082 1588 quod
2127 1532 2224 1585 pro
2259 1517 2637 1586 redemptione
2689 1525 2779 1570 tua
2832 1517 3029 1574 multas
3077 1517 3310 1586 injurias
3357 1523 3526 1576 susti-

1941 1605 2079 1668 nuit,
2108 1615 2164 1660 et
2192 1605 2258 1658 ad
2308 1605 2558 1660 ultimum
2599 1605 2921 1660 crucifixum
2968 1607 3058 1661 sit.
3111 1607 3218 1662 Sed
3255 1619 3310 1664 et
3351 1611 3522 1679 ipsam

1941 1697 2248 1766 passionem
2275 1713 2438 1766 quam
2464 1698 2515 1750 in
2545 1711 2708 1752 cruce
2735 1697 2954 1766 pertulit
2984 1699 3344 1770 persingulos
3379 1702 3530 1756 dolo-

249 1807 361 1852 tate
389 1806 480 1852 tua
508 1813 610 1852 non
642 1800 1044 1869 desperantem.
1093 1799 1276 1852 Bonus
1305 1815 1357 1853 es
1391 1809 1468 1864 tu,
1503 1800 1748 1864 Domine,
1791 1813 1836 1854 et

1947 1802 2032 1840 res
2066 1787 2238 1856 cogita
2266 1797 2320 1842 et
2349 1788 2614 1857 recogita.
2644 1787 2856 1842 scilicet
2889 1805 3010 1843 cum
3033 1799 3238 1858 quanto
3265 1791 3450 1848 dolore
3475 1794 3528 1846 in

251 1889 308 1943 in
357 1889 586 1942 bonitafe
621 1901 712 1942 tua
755 1890 883 1944 doce
931 1907 1012 1944 me
1047 1891 1455 1959 justiﬁcationes
1503 1903 1621 1945 tuas
1661 1892 1833 1958 (f’sal.

251 1991 444 2042 cxvttt,
468 1979 580 2048 68),
628 1989 684 2032 ιιι
711 1995 804 2034 eas
835 1979 1203 2048 intelligendo,
1233 1995 1454 2050 easque,
1489 1983 1834 2048 sicut'decet,

251 2067 452 2137 iugiter
496 2069 798 2137 operando,
851 2071 1053 2126 mundo
1096 2071 1258 2126 corde
1305 2073 1612 2143 mundaque
1658 2076 1837 2129 anima

253 2157 452 2223 possim
495 2157 736 2226 recipere
771 2159 1030 2230 mysteria
1063 2168 1174 2213 tua.

326 2245 486 2310 Ecce,
516 2247 696 2302 anima
725 2262 866 2314 mea,
907 2263 1152 2318 praepara
1199 2250 1492 2319 hospitium
1535 2253 1715 2308 cordis
1765 2255 1838 2309 tui

253 2339 320 2391 ad
350 2339 752 2408 suscipiendum
782 2355 979 2410 corpus
1017 2349 1075 2394 et
1105 2343 1425 2412 sanguinem
1455 2341 1728 2399 Creatoris
1763 2346 1838 2399 ttti

251 2429 468 2484 mundis
499 2430 916 2500 cogitationibus
945 2431 1268 2501 mundisque
1295 2432 1574 2502 operibus,
1601 2449 1842 2506 expurga

254 2520 326 2574 ab
349 2521 602 2578 omnibus
631 2522 984 2580 interioribus
1027 2525 1132 2579 tuis
1168 2525 1428 2594 quidquid
1468 2534 1644 2594 potest
1672 2525 1840 2582 offen-

251 2613 382 2667 dere
410 2613 675 2683 hospitem
707 2624 818 2670 tam
849 2615 1132 2672 immensae
1172 2617 1506 2686 majestatis;
1549 2635 1655 2676 non
1695 2621 1839 2676 enim

251 2711 432 2776 potest
455 2706 509 2760 in
538 2707 626 2762 illa
659 2707 838 2762 anima
865 2709 948 2764 vel
987 2709 1040 2764 in
1087 2709 1178 2766 illo
1213 2711 1376 2766 corde
1406 2727 1647 2778 manere,
1677 2729 1839 2783 quam

249 2797 494 2868 possidet
545 2799 727 2868 aliqua
775 2802 1162 2857 contaminatio
1219 2801 1470 2866 malitias,
1515 2812 1572 2858 et
1625 2803 1724 2859 nisi
1765 2806 1840 2860 ibi

257 2903 470 2944 summa
525 2905 631 2960 pax
679 2907 999 2962 summaque
1044 2895 1286 2950 charitas
1331 2895 1516 2962 fuerit,
1563 2897 1840 2966 indignum

247 2979 502 3050 judicans
551 2979 680 3034 illud
729 2981 1018 3051 hospitium
1059 2986 1478 3041 conversatione
1527 3003 1640 3042 sua:
1685 3005 1840 3042 man-

255 3070 448 3136 sionis,
491 3086 592 3126 nec
628 3072 716 3126 ditt
767 3067 948 3128 ferens
997 3083 1206 3131 tantam
1241 3075 1670 3146 inquietudinem
1719 3094 1843 3141 per-

261 3164 604 3231 turbationis,
638 3165 704 3221 ab
727 3165 818 3220 illo
851 3167 1085 3237 hospitio
1114 3169 1224 3225 cito
1253 3169 1502 3226 discedit.
1539 3173 1632 3228 Vae
1658 3182 1840 3229 autem

257 3256 431 3312 menti
481 3256 554 3310 illi
601 3273 764 3326 quam
799 3259 1046 3315 Christus
1089 3273 1312 3332 propter
1356 3277 1485 3318 suas
1532 3264 1846 3334 iniquitates

258 3344 492 3410 deserit,
531 3346 894 3418 deserensque
935 3358 990 3403 et
1037 3350 1305 3406 damnans
1357 3353 1745 3411 tentationibus
1789 3365 1847 3409 et
1890 3373 1894 3376 ·

257 3434 395 3490 dolis
425 3435 632 3490 inimici
663 3437 848 3492 seduci
879 3439 1176 3508 permittit!

329 3523 629 3594 Diligenter
655 3541 806 3596 ergo,
843 3543 874 3582 ο
901 3529 1082 3584 anima
1119 3545 1260 3592 mea,
1292 3531 1522 3600 inspice,
1554 3533 1846 3604 diligenter

254 3629 442 3669 omnes
471 3631 664 3672 sensus
698 3620 941 3688 corporis
981 3620 1062 3674 tui
1115 3621 1180 3675 ad
1214 3623 1452 3692 teipsam
1496 3623 1642 3680 intus
1673 3627 1846 3682 recol-

255 3706 360 3776 lige
393 3707 500 3772 “°‘,
547 3719 602 3764 et
632 3710 892 3780 quidquid
937 3712 1018 3767 eis
1049 3713 1326 3770 sordidum
1367 3715 1461 3776 ,vel
1507 3717 1844 3773 immundum

253 3798 550 3868 inveneris,
601 3801 748 3857 foras
789 3803 1022 3874 projice,
1061 3807 1394 3876 expulsaque
1440 3809 1587 3864 omni
1639 3810 1846 3865 malitia

253 3892 340 3948 vel
367 3893 674 3964 iniquitate,
709 3894 998 3964 diligenter
1040 3907 1162 3966 post
1213 3896 1333 3954 illas
1364 3899 1568 3954 aditum
1609 3901 1846 3968 pectoris

257 3983 334 4037 tui
368 3985 588 4040 reclude
613 3986 728 4052 "°',
769 4002 836 4042 ne
863 3987 932 4042 ad
964 3997 1015 4042 te
1039 3988 1256 4044 valeant
1281 3991 1604 4060 quandoque
1645 3992 1842 4059 redire,

253 4074 338 4128 vel
383 4075 616 4146 amplius
659 4077 916 4134 interiora
951 4086 1042 4132 tua
1081 4079 1388 4150 inquinare.
1423 4067 1687 4136 ‘Peractis
1715 4096 1844 4136 vero

254 4165 510 4220 omnibus
538 4183 657 4236 qua;
689 4167 756 4222 ad
804 4169 976 4238 ipsius
1006 4163 1332 4226 venerabilis
1361 4173 1604 4242 mysterii
1655 4188 1844 4230 conse-

255 4257 562 4313 crationem
623 4263 932 4330 pertinent,
995 4264 1344 4333 expulsisque
1410 4265 1663 4320 omnibus
1724 4281 1844 4335 qua:

253 4345 426 4416 ipsius
451 4351 652 4406 tuentis
680 4368 940 4408 arcanum
969 4355 1175 4408 macula
1187 4369 1242 4409 re
1263 4356 1459 4422 solent,
1483 4373 1515 4413 ο
1541 4367 1618 4420 tu,
1644 4358 1842 4412 misera

258 4437 442 4492 anima
483 4455 624 4508 mea,
669 4457 792 4498 cum
840 4459 1034 4516 magna
1077 4444 1353 4517 diligentia
1401 4447 1616 4504 intuere
1651 4461 1840 4504 omnes
1867 4475 1920 4534 υ

256 4529 615 4602 negligentias
641 4542 776 4600 tuas,
799 4537 982 4590 omnia
1003 4537 1140 4590 mala
1174 4547 1230 4591 et
1255 4548 1478 4606 peccata
1507 4555 1629 4608 qnze
1653 4539 1838 4594 facere

257 4621 490 4678 solebas.
539 4623 608 4678 Et
645 4641 768 4680 cum
807 4627 972 4694 ipsius
1011 4627 1391 4696 Redemptoris
1429 4630 1502 4681 ttti
1545 4643 1739 4699 corpus
1785 4639 1840 4684 et

255 4713 574 4784 sanguinem
605 4715 656 4767 itt
684 4716 932 4770 manibus
958 4725 1129 4778 tenes,
1154 4717 1302 4772 illius
1326 4715 1650 4773 ineffabilem
1672 4717 1837 4772 mise-

259 4803 571 4874 ricordiatn,
605 4823 766 4875 quam
794 4807 1004 4863 dulcius
1041 4818 1218 4876 potes,
1249 4825 1442 4874 exora,
1471 4819 1528 4864 ut
1563 4825 1659 4882 per
1682 4826 1836 4865 suam

1944 1875 2112 1944 ipsius
2156 1877 2333 1930 crucis
2379 1875 2470 1915 ¹⁵⁰⁵
2515 1875 2756 1944 patibulo
2785 1885 2839 1930 et
2887 1879 3051 1947 pedes
3094 1879 3209 1948 ejus
3247 1891 3301 1936 et
3335 1898 3528 1938 manus

1943 1967 2122 2020 infixa:
2161 1975 2309 2032 sunt,
2345 1968 2486 2022 latus
2512 1966 2629 2035 ejus
2659 1981 2757 2036 per
2799 1968 2988 2024 tnilitis
3019 1971 3261 2026 lanceam
3297 1974 3529 2029 transfo-

1943 2068 2140 2124 rattnn,
2170 2059 2237 2112 ab
2273 2059 2405 2129 ipsis
2429 2059 2590 2113 etiam
2619 2075 2719 2130 pro
2745 2059 2940 2130 quibus
2972 2058 3062 2092 ¹⁶⁰⁶
3089 2061 3420 2130 patiebatur,
3451 2063 3526 2120 ibi

1943 2157 2310 2204 antecrucem
2344 2150 2500 2219 quasi
2531 2149 2849 2206 malefactor
2873 2151 2944 2206 sit
2983 2150 3194 2218 illusus,
3235 2153 3451 2222 irrisus,
3474 2165 3531 2211 et

1944 2249 2054 2296 tam
2085 2242 2300 2297 horrida
2335 2241 2622 2312 opprobria
2658 2243 2953 2308 sustinens,
2982 2244 3134 2313 quasi
3157 2243 3342 2314 Agnus
3370 2262 3530 2302 man-

1943 2332 2286 2387 suetissimus
2313 2333 2745 2390 intestimabilem
2773 2335 3093 2404 patientiam
3127 2341 3384 2394 ostendit.
3427 2340 3528 2408 Qui

1945 2438 2066 2476 cum
2106 2421 2270 2478 facile
2311 2431 2524 2494 posset,
2573 2440 2680 2480 non
2723 2441 2781 2482 se
2812 2427 2877 2481 de
2918 2427 3034 2482 suis
3093 2426 3532 2490 interfectoribus

1943 2515 2259 2582 vindicavit,
2297 2518 2391 2573 sed
2419 2518 2636 2574 Patrem
2688 2520 2804 2586 “°',
2852 2529 2912 2574 ut
2958 2521 3061 2576 hoc
3107 2534 3388 2593 peccatum
3429 2524 3532 2582 illis

1944 2607 2264 2676 dimitteret,
2293 2611 2485 2666 oravit.
2519 2610 2654 2666 Cum
2682 2627 2812 2666 vero
2843 2613 2958 2681 ¹¹⁶⁰⁸,
2989 2614 3296 2684 bujusmodi
3345 2635 3532 2674 recor-

1945 2699 2256 2758 dationibus
2300 2703 2454 2772 quasi
2497 2704 2694 2758 satiata
2729 2705 3074 2775 requiescere
3119 2710 3378 2779 coeperis,
3433 2729 3534 2768 nec

1945 2801 2148 2868 tamen
2195 2799 2544 2867 requiescens
2593 2797 2707 2852 brec
2756 2797 2990 2854 dulciter
3043 2809 3098 2856 et
3153 2817 3276 2856 cum
3337 2819 3534 2874 magno

1945 2885 2140 2943 affectu
2171 2889 2446 2943 ruminare
2490 2892 2813 2958 cessaveris,
2837 2893 2905 2946 ad
2955 2892 3132 2962 ipsum
3159 2895 3532 2954 dulcissimum

1946 2971 2246 3028 dulcissimi
2291 2975 2502 3029 Domini
2550 2991 2748 3046 corpus
2791 2977 2934 3046 quod
2979 2978 3032 3031 in
3076 2975 3340 3036 inanibus
3381 2991 3534 3038 tenes

1947 3063 2206 3134 loquere,
2253 3073 2308 3118 et
2355 3067 2509 3135 quasi
2544 3080 2668 3121 eum
2713 3069 2968 3138 praesenti
3009 3067 3266 3138 loquens,
3311 3080 3430 3128 tuas
3459 3075 3536 3128 illi

1870 3135 1914 3194 C
1950 3158 2307 3214 necessitates
2337 3173 2566 3226 expone.
2599 3159 2674 3213 De
2704 3135 2796 3214 illo
2833 3161 2950 3216 lucc
2978 3135 3095 3192 ⁸³⁸⁵-
3114 3135 3350 3218 ﬁdeliter
3375 3165 3548 3222 crede-

1949 3250 2094 3320 quod
2124 3263 2326 3318 corpus
2357 3249 2461 3304 hoc
2487 3249 2760 3306 veraciter
2799 3265 2998 3320 corpus
3029 3251 3158 3307 illud
3197 3253 3272 3308 sit
3299 3257 3442 3324 quod
3467 3257 3536 3314 de

1949 3337 2168 3410 Virgine
2213 3348 2401 3394 natum
2434 3347 2546 3406 est,
2589 3341 2733 3412 quod
2779 3341 3102 3398 cruciﬁxum
3142 3353 3246 3412 est,
3288 3348 3432 3416 quod
3480 3350 3536 3402 in

1949 3428 2198 3498 sepulcro
2236 3429 2470 3500 positum
2497 3439 2603 3496 est,
2635 3431 2780 3502 quod
2807 3431 2966 3488 tertia
2994 3433 3080 3488 die
3111 3449 3140 3488 a
3177 3437 3408 3493 mortuis
3451 3454 3536 3492 re-

1948 3521 2206 3584 surrexit,
2233 3521 2375 3591 qnod
2409 3521 2476 3576 ad
2508 3521 2679 3579 ccelos
2706 3523 2975 3590 ascendit,
3014 3533 3068 3580 et
3107 3527 3252 3594 quod
3285 3529 3440 3584 sedet
3467 3531 3534 3584 ad

1948 3611 2226 3667 dexteram
2267 3611 2464 3666 Patris.
2695 3599 2716 3614 ’ί

2019 3703 2130 3756 Nec
2159 3703 2376 3757 dubites
2398 3703 2448 3756 in
2481 3701 2570 3757 illa
2609 3705 2743 3758 hora
2777 3705 3037 3760 sacrificii
3064 3701 3310 3778 corporis
3331 3719 3386 3766 et
3409 3726 3538 3766 san-

1949 3794 2130 3864 guinis
2167 3793 2240 3846 ttti
2267 3793 2651 3864 Redemptoris
2673 3797 2894 3866 angelos
2923 3799 3114 3853 adesse
3137 3817 3237 3856 suo
3262 3803 3538 3870 Creatori,

1949 3883 2112 3954 267
2142 3883 2334 3952 suique
2367 3881 2640 3966 Creatoris
2663 3886 2814 3940 carni
2847 3896 2902 3942 et
2928 3889 3174 3958 sanguini
3195 3906 3316 3945 cum
3341 3908 3536 3964 magna

1947 3981 2248 4036 reverentia
2284 3977 2554 4034 ineﬂ‘abile
2582 3981 2900 4050 obsequium
2949 3981 3184 4040 deferre.
3219 3984 3356 4052 Quid
3409 4005 3542 4044 vero

1947 4071 2013 4127 de
2039 4071 2289 4126 omnibus
2317 4071 2520 4138 sanctis
2565 4073 2825 4128 aestimari
2877 4075 3081 4132 debet?
3121 4076 3260 4144 Quid
3305 4081 3534 4151 cogitari

1946 4171 2146 4232 potest,
2191 4177 2312 4217 cum
2363 4163 2532 4233 ipsius
2583 4163 2978 4235 redemptionis
3030 4181 3142 4223 sum
3190 4171 3424 4240 pretium
3478 4173 3548 4228 in-

1947 4264 2090 4310 terra
2118 4255 2379 4310 celebrari
2407 4257 2765 4328 conspiciunt,
2797 4257 2864 4314 de
2911 4258 3064 4327 cujus
3085 4269 3292 4318 :eterna
3321 4265 3544 4322 visione-

1947 4343 2210 4408 ltctantes,
2239 4345 2350 4416 jam
2383 4361 2634 4416 magnum
2679 4347 2935 4416 gaudium
2976 4349 3256 4418 possident
3281 4353 3334 4408 in
3359 4357 3542 4410 caelo?

1947 4433 2025 4490 Tu
2079 4452 2228 4504 vero,
2273 4438 2452 4492 anima
2484 4451 2624 4500 mea,
2661 4437 2776 4492 haec
2801 4440 2982 4494 omnia
3031 4441 3261 4498 ﬁdeliter
3285 4447 3550 4514 credens,

1946 4545 2276 4599 carnemque
2331 4531 2406 4583 tui
2449 4529 2726 4584 Creatoris
2778 4529 3010 4586 dulciter.
3057 4535 3419 4605 amplectens,
3479 4541 3546 4596 in.

1947 4623 2079 4693 ipsis
2123 4623 2460 4692 amplexibus
2513 4620 2630 4690 ejus
2677 4621 2768 4654 ‘W’
2819 4623 3038 4692 pictatis
3088 4627 3332 4694 signiﬁca
3387 4640 3550 4689 tuam~

1949 4715 2350 4780 necessitatem,
2381 4723 2436 4767 et
2464 4729 2624 4784 quam
2657 4713 2868 4770 dulcius
2893 4725 3048 4786 potes
3079 4719 3200 4788 ejus
3223 4737 3390 4780 exora
3423 4728 3536 4796 pie-

1949 4815 2139 4870 tatem,
2159 4815 2214 4858 ttt
2233 4821 2328 4874 per.
2349 4821 2501 4860 suam
2521 4805 2844 4862 ineffabilem
2867 4809 3296 4868 misericordiam
3315 4831 3553 4872 omnem.

1557 4994 1786 5050 νιιιιιιΕ
1819 4992 2216 5050 ιΕατευκΕς.

326 5123 420 5194 μω
484 5123 692 5178 Collata
745 5135 819 5179 est
878 5141 996 5178 cum
1055 5126 1182 5180 Mss.
1247 5126 1382 5180 V-t'ct.
1441 5125 1565 5180 KK.
1625 5126 1714 5181 i6.
1771 5127 1925 5182 ϐοή).
1981 5125 2102 5180 160.
2158 5137 2204 5178 et
2253 5123 2477 5178 Val-lue.
2524 5126 2886 5194 l'raeparativa
2940 5143 3068 5183 eum
3127 5129 3394 5184 Sacerdos
3446 5141 3540 5186 est

259 5192 625 5266 celebratttrus
652 5234 666 5257 ,
717 5207 772 5248 et
817 5195 1050 5264 qualiter
1084 5211 1205 5248 eum
1236 5195 1445 5266 Corpus
1475 5197 1677 5252 Christi
1731 5205 1785 5253 et
1837 5197 2174 5266 Sanguinem
2221 5196 2272 5247 itt
2309 5192 2784 5266 ntauibusﬂtcnet,
2831 5207 3134 5266 teneasque”
3172 5197 3406 5254 dulciter
3437 5215 3527 5255 re-

257 5263 522 5337 cordetur
542 5267 682 5337 quod
717 5263 928 5320 dolores
955 5266 1006 5318 in
1041 5267 1205 5319 corde
1233 5267 1282 5320 in
1313 5263 1486 5321 Cruce
1522 5284 1619 5337 pro
1649 5269 1802 5323 nobis
1825 5263 2018 5336 passus
2052 5279 2129 5321 est
2163 5282 2288 5318 mss.
2325 5265 2458 5318 Vict.
2483 5267 2540 5337 ei
2563 5264 2794 5320 Val-(uc.
2818 5267 3006 5322 Oratio
3037 5263 3359 5332 Sacerdotis,
3397 5285 3528 5326 cum

257 5333 470 5420 Corpus
493 5335 693 5389 Christi
720 5348 772 5418 et
801 5337 1131 5420 Sanguinem
1165 5340 1220 5420 in
1247 5337 1498 5420 manibus
1522 5333 1692 5402 tenet,
1739 5333 2037 5420 teneasque
2079 5336 2837 5420 dulcitermre'cordatunquos
2863 5337 3075 5420 dolores
3121 5353 3219 5406 pro
3269 5339 3425 5420 nobis
3455 5342 3532 5420 in

255 5406 432 5458 Cruce
483 5419 692 5477 passus
725 5407 810 5461 sit.
895 5407 983 5440 “0'
1017 5405 1248 5477 Interius
1286 5407 1537 5477 recollige
1591 5425 1718 5462 ηιςε.
1767 5409 1911 5462 intus
1950 5405 2206 5477 recollige
2285 5406 2376 5437 ’m
2410 5406 2652 5461 Peccatis
2682 5407 2982 5462 interclude
3013 5405 3138 5462 mss.
3189 5410 3424 5477 pectoris
3447 5413 3528 5466 tui

259 5475 482 5529 reclude
559 5475 650 5506 ¹⁵⁰³
675 5475 730 5530 In
767 5478 1003 5546 ipsorum
1032 5493 1131 5530 ms.
1175 5475 1310 5552 Vict.
1341 5480 1400 5552 in_
1425 5475 1581 5552 ipsas
1647 5479 1738 5509 νιοδ
1765 5475 2336 5552 Cltristi.__inellabilent
2381 5493 2506 5552 mss.
2539 5477 2773 5552 Christi,
2805 5478 2948 5552 quod
2997 5487 3166 5552 tenes,
3189 5475 3528 5552 'ineﬂ‘abilem

261 5545 355 5578 ’⁵⁸⁵
381 5545 574 5620 Dolore
607 5546 773 5620 ipsius
789 5545 975 5620 erucis
1007 5563 1132 5620 mss.
1167 5547 1352 5602 dolore
1388 5545 1458 5620 in:
1485 5547 1654 5616 ipsius
1679 5549 1860 5620 erucis
1968 5547 2062 5620 “‘3‘
2086 5547 2181 5620 ΑΙ)Δ
2221 5548 2353 5620 ipsis
2395 5545 2492 5616 p'ro
2517 5547 2714 5620 quibus
2763 5546 3046 5620 ms.__(_.'orﬂb.
3070 5549 3160 5620 fab
3207 5549 3336 5620 ipsis
3359 5551 3526 5607 etiam

259 5633 291 5670 a
323 5615 816 5692 qttilms__ms.__Vict.
851 5619 917 5672 ab
952 5618 1172 5692 ipsiset
1215 5634 1313 5688 pro
1351 5615 1545 5686 quibus
1567 5633 1665 5670 ms.
1697 5617 2214 5692 Val-luan‘abhipsis
2244 5615 2418 5692 etiam
2448 5615 2551 5688 pro
2579 5617 2780 5692 quibus
2839 5617 2944 5692 ff"
2968 5617 3084 5692 Sed
3131 5615 3344 5692 Patrem
3393 5638 3520 5692 mss.

259 5691 480 5760 sedpro
519 5687 870 5760 illisrl’atretn
949 5686 1362 5760 A“°"‘f(‘.nnticrgo
1397 5705 1520 5760 mss.
1549 5703 1670 5742 cum
1719 5703 1849 5744 vero
1927 5688 2016 5719 M9
2051 5686 2123 5741 ne
2154 5703 2260 5758 quo
2288 5688 2392 5760 hoc
2421 5686 2542 5760 ius.
2579 5686 2714 5760 Vict.
2740 5686 2807 5745 de
2837 5687 2930 5746 illo
2968 5690 3083 5747 haec
3131 5690 3434 5747 Μίδεω-11.
3468 5700 3538 5748 et.

271 5755 504 5812 Val-lue.
539 5757 602 5812 de
633 5759 727 5814 illo
745 5759 848 5814 hoc
924 5757 1015 5790 "‘°
1041 5759 1098 5814 lu
1127 5755 1604 5830 cjttsai'nplexibus
1633 5761 1748 5832 ejus
1773 5775 1896 5815 mss.
1951 5760 2002 5814 in
2029 5755 2538 5830 ipsis'atnplexibus
2579 5758 2713 5828 ejus‘
