  <div class='ocr_page' id='page_1' title='image "/cluster/home/n/w/nwhite01/storage/ocr_20150623/158/hvd.32044054760160/465.png"; bbox 0 0 3852 6050; ppageno 0'>
   <div class='ocr_carea' id='block_1_1' title="bbox 390 234 494 309">
    <p class='ocr_par' dir='ltr' id='par_1_1' title="bbox 390 234 494 309">
     <span class='ocr_line' id='line_1_1' title="bbox 390 234 494 309; baseline -0.019 -19"><span class='ocrx_word' id='word_1_1' title='bbox 390 234 494 309; x_wconf 72' lang='lat' dir='ltr'><strong>eis</strong></span> 
     </span>
    </p>
   </div>
   <div class='ocr_carea' id='block_1_2' title="bbox 756 236 1954 330">
    <p class='ocr_par' dir='ltr' id='par_1_2' title="bbox 756 236 1902 312">
     <span class='ocr_line' id='line_1_2' title="bbox 756 236 1902 312; baseline 0.014 -18"><span class='ocrx_word' id='word_1_2' title='bbox 756 236 813 294; x_wconf 71' lang='grc' dir='ltr'><strong>Β.</strong></span> <span class='ocrx_word' id='word_1_3' title='bbox 852 238 1150 295; x_wconf 70' lang='grc' dir='ltr'><strong>ΑΝΞΕιΜΙ</strong></span> <span class='ocrx_word' id='word_1_4' title='bbox 1189 242 1538 300; x_wconf 76' lang='lat' dir='ltr'><strong>CANTUAR.</strong></span> <span class='ocrx_word' id='word_1_5' title='bbox 1582 249 1902 312; x_wconf 75' lang='lat' dir='ltr'><strong>ARCHIEP.</strong></span> 
     </span>
    </p>
   </div>
   <div class='ocr_carea' id='block_1_3' title="bbox 2060 236 3332 330">
    <p class='ocr_par' dir='ltr' id='par_1_3' title="bbox 2060 256 3332 330">
     <span class='ocr_line' id='line_1_3' title="bbox 2060 256 3332 330; baseline 0.016 -19"><span class='ocrx_word' id='word_1_6' title='bbox 2060 256 2111 312; x_wconf 86' lang='lat' dir='ltr'><strong>P.</strong></span> <span class='ocrx_word' id='word_1_7' title='bbox 2150 258 2331 316; x_wconf 81' lang='lat' dir='ltr'><strong>PARS</strong></span> <span class='ocrx_word' id='word_1_8' title='bbox 2367 260 2431 315; x_wconf 83' lang='lat' dir='ltr'><strong>ll.</strong></span> <span class='ocrx_word' id='word_1_9' title='bbox 2463 290 2535 301; x_wconf 90' lang='lat'>—</span> <span class='ocrx_word' id='word_1_10' title='bbox 2568 263 2935 321; x_wconf 73' lang='grc' dir='ltr'><strong>ΡΛΠΑΞΜΞΤ.</strong></span> <span class='ocrx_word' id='word_1_11' title='bbox 2977 268 3066 325; x_wconf 84' lang='grc' dir='ltr'><strong>ΕΤ</strong></span> <span class='ocrx_word' id='word_1_12' title='bbox 3093 270 3332 330; x_wconf 82' lang='lat' dir='ltr'><strong>ASCET.</strong></span> 
     </span>
    </p>
   </div>
   <div class='ocr_carea' id='block_1_4' title="bbox 3554 282 3672 349">
    <p class='ocr_par' dir='ltr' id='par_1_4' title="bbox 3554 282 3672 349">
     <span class='ocr_line' id='line_1_4' title="bbox 3554 282 3672 349; baseline 0.017 -12"><span class='ocrx_word' id='word_1_13' title='bbox 3554 282 3672 349; x_wconf 69' lang='lat'><strong>920</strong></span> 
     </span>
    </p>
   </div>
   <div class='ocr_carea' id='block_1_5' title="bbox 392 351 3674 466">
    <p class='ocr_par' dir='ltr' id='par_1_5' title="bbox 392 351 3674 466">
     <span class='ocr_line' id='line_1_5' title="bbox 392 351 3674 466; baseline 0.013 -62"><span class='ocrx_word' id='word_1_14' title='bbox 392 361 538 406; x_wconf 88' lang='lat' dir='ltr'><strong>tuam</strong></span> <span class='ocrx_word' id='word_1_15' title='bbox 567 354 825 412; x_wconf 88' lang='lat' dir='ltr'><strong>emundet</strong></span> <span class='ocrx_word' id='word_1_16' title='bbox 870 351 1188 419; x_wconf 56' lang='lat' dir='ltr'><strong>foeditatem.</strong></span> <span class='ocrx_word' id='word_1_17' title='bbox 1220 356 1408 429; x_wconf 79' lang='lat' dir='ltr'><strong>lugere</strong></span> <span class='ocrx_word' id='word_1_18' title='bbox 1441 370 1606 415; x_wconf 86' lang='lat' dir='ltr'><strong>totam</strong></span> <span class='ocrx_word' id='word_1_19' title='bbox 1640 374 1692 419; x_wconf 88' lang='lat' dir='ltr'><strong>te</strong></span> <span class='ocrx_word' id='word_1_20' title='bbox 1718 365 1887 434; x_wconf 90' lang='lat' dir='ltr'><strong>ipsam</strong></span> <span class='ocrx_word' id='word_1_21' title='bbox 1919 368 1970 422; x_wconf 90' lang='lat' dir='ltr'><strong>in</strong></span> <span class='ocrx_word' id='word_1_22' title='bbox 1999 384 2046 449; x_wconf 68' lang='grc' dir='ltr'>Α</span> <span class='ocrx_word' id='word_1_23' title='bbox 2141 371 2427 430; x_wconf 83' lang='lat' dir='ltr'><strong>Credimus</strong></span> <span class='ocrx_word' id='word_1_24' title='bbox 2448 374 2517 431; x_wconf 90' lang='lat' dir='ltr'><strong>de</strong></span> <span class='ocrx_word' id='word_1_25' title='bbox 2544 385 2617 441; x_wconf 87' lang='lat' dir='ltr'><strong>te,</strong></span> <span class='ocrx_word' id='word_1_26' title='bbox 2650 377 2878 437; x_wconf 84' lang='lat' dir='ltr'><strong>Domine</strong></span> <span class='ocrx_word' id='word_1_27' title='bbox 2905 381 2996 415; x_wconf 80' lang='lat'>“”</span> <span class='ocrx_word' id='word_1_28' title='bbox 3036 382 3163 442; x_wconf 85' lang='lat' dir='ltr'><strong>Jesu</strong></span> <span class='ocrx_word' id='word_1_29' title='bbox 3184 389 3417 460; x_wconf 77' lang='lat' dir='ltr'><strong>Christe,</strong></span> <span class='ocrx_word' id='word_1_30' title='bbox 3449 399 3583 466; x_wconf 82' lang='lat' dir='ltr'><strong>quia</strong></span> <span class='ocrx_word' id='word_1_31' title='bbox 3612 410 3674 455; x_wconf 71' lang='grc' dir='ltr'>ω</span> 
     </span>
     <span class='ocr_line' id='line_1_6' title="bbox 392 444 2122 466; baseline 0.012 -6"><span class='ocrx_word' id='word_1_32' title='bbox 392 444 661 466; x_wconf 26' lang='grc' dir='ltr'><strong>μίμνω---</strong></span> <span class='ocrx_word' id='word_1_33' title='bbox 701 460 847 466; x_wconf 37' lang='grc' dir='ltr'><strong>ωηῃ</strong></span> <span class='ocrx_word' id='word_1_34' title='bbox 1105 456 1146 466; x_wconf 67' lang='grc'><strong>,.</strong></span> <span class='ocrx_word' id='word_1_35' title='bbox 1194 448 1205 459; x_wconf 90' lang='grc'><strong>.</strong></span> <span class='ocrx_word' id='word_1_36' title='bbox 1469 452 1479 464; x_wconf 89' lang='grc'>.</span> <span class='ocrx_word' id='word_1_37' title='bbox 1768 458 1781 466; x_wconf 82' lang='grc'><em>.</em></span> <span class='ocrx_word' id='word_1_38' title='bbox 2078 463 2122 466; x_wconf 50' lang='grc' dir='ltr'><strong>μ-</strong></span> 
     </span>
    </p>
   </div>
   <div class='ocr_carea' id='block_1_6' title="bbox 388 444 1969 525">
    <p class='ocr_par' dir='ltr' id='par_1_6' title="bbox 388 444 1969 525">
     <span class='ocr_line' id='line_1_7' title="bbox 388 444 1969 525; baseline 0.01 -23"><span class='ocrx_word' id='word_1_39' title='bbox 388 444 665 502; x_wconf 77' lang='lat' dir='ltr'><strong>Christum</strong></span> <span class='ocrx_word' id='word_1_40' title='bbox 693 460 851 517; x_wconf 84' lang='lat' dir='ltr'><strong>quem</strong></span> <span class='ocrx_word' id='word_1_41' title='bbox 886 455 1051 509; x_wconf 90' lang='lat' dir='ltr'><strong>lenes,</strong></span> <span class='ocrx_word' id='word_1_42' title='bbox 1096 456 1150 502; x_wconf 89' lang='lat' dir='ltr'><strong>et</strong></span> <span class='ocrx_word' id='word_1_43' title='bbox 1194 448 1367 518; x_wconf 90' lang='lat' dir='ltr'><strong>ipsum</strong></span> <span class='ocrx_word' id='word_1_44' title='bbox 1402 452 1548 522; x_wconf 90' lang='lat' dir='ltr'><strong>prius</strong></span> <span class='ocrx_word' id='word_1_45' title='bbox 1584 454 1671 486; x_wconf 76' lang='lat'><strong>“&quot;</strong></span> <span class='ocrx_word' id='word_1_46' title='bbox 1715 458 1969 525; x_wconf 81' lang='lat' dir='ltr'><strong>adorans,</strong></span> 
     </span>
    </p>
   </div>
   <div class='ocr_carea' id='block_1_7' title="bbox 390 535 1971 618">
    <p class='ocr_par' dir='ltr' id='par_1_7' title="bbox 390 535 1971 618">
     <span class='ocr_line' id='line_1_8' title="bbox 390 535 1971 618; baseline 0.009 -28"><span class='ocrx_word' id='word_1_47' title='bbox 390 543 512 590; x_wconf 87' lang='lat' dir='ltr'><strong>tuas</strong></span> <span class='ocrx_word' id='word_1_48' title='bbox 542 536 734 591; x_wconf 91' lang='lat' dir='ltr'><strong>iterum</strong></span> <span class='ocrx_word' id='word_1_49' title='bbox 759 544 812 590; x_wconf 88' lang='lat' dir='ltr'><strong>et</strong></span> <span class='ocrx_word' id='word_1_50' title='bbox 855 535 1049 590; x_wconf 86' lang='lat' dir='ltr'><strong>iterum</strong></span> <span class='ocrx_word' id='word_1_51' title='bbox 1099 538 1190 569; x_wconf 75' lang='lat'><strong>&quot;&quot;</strong></span> <span class='ocrx_word' id='word_1_52' title='bbox 1234 552 1629 611; x_wconf 62' lang='lat' dir='ltr'><strong>repraesentans</strong></span> <span class='ocrx_word' id='word_1_53' title='bbox 1669 547 1852 618; x_wconf 84' lang='lat' dir='ltr'><strong>ingere</strong></span> <span class='ocrx_word' id='word_1_54' title='bbox 1877 564 1971 604; x_wconf 87' lang='lat' dir='ltr'><strong>ne-</strong></span> 
     </span>
    </p>
   </div>
   <div class='ocr_carea' id='block_1_8' title="bbox 388 629 684 683">
    <p class='ocr_par' dir='ltr' id='par_1_8' title="bbox 388 629 684 683">
     <span class='ocr_line' id='line_1_9' title="bbox 388 629 684 683; baseline -0.007 0"><span class='ocrx_word' id='word_1_55' title='bbox 388 629 684 683; x_wconf 79' lang='lat' dir='ltr'><strong>cessitates.</strong></span> 
     </span>
    </p>
   </div>
   <div class='ocr_carea' id='block_1_9' title="bbox 846 721 1503 790">
    <p class='ocr_par' dir='ltr' id='par_1_9' title="bbox 846 721 1503 790">
     <span class='ocr_line' id='line_1_10' title="bbox 846 721 1503 790; baseline 0.012 -18"><span class='ocrx_word' id='word_1_56' title='bbox 846 721 1104 790; x_wconf 73' lang='lat' dir='ltr'><strong>QllATlO</strong></span> <span class='ocrx_word' id='word_1_57' title='bbox 1132 722 1347 779; x_wconf 79' lang='lat' dir='ltr'><strong>xxvm</strong></span> <span class='ocrx_word' id='word_1_58' title='bbox 1391 725 1503 780; x_wconf 66' lang='grc' dir='ltr'>ιω.</span> 
     </span>
    </p>
   </div>
   <div class='ocr_carea' id='block_1_10' title="bbox 984 834 1373 875">
    <p class='ocr_par' dir='ltr' id='par_1_10' title="bbox 984 834 1373 875">
     <span class='ocr_line' id='line_1_11' title="bbox 984 834 1373 875; baseline 0.005 -4"><span class='ocrx_word' id='word_1_59' title='bbox 984 835 1051 871; x_wconf 78' lang='grc' dir='ltr'><strong>ΑΙ)</strong></span> <span class='ocrx_word' id='word_1_60' title='bbox 1082 834 1373 875; x_wconf 69' lang='grc' dir='ltr'>οιιιιιετωι.</span> 
     </span>
    </p>
   </div>
   <div class='ocr_carea' id='block_1_11' title="bbox 387 901 1970 987">
    <p class='ocr_par' dir='ltr' id='par_1_11' title="bbox 387 901 1970 987">
     <span class='ocr_line' id='line_1_12' title="bbox 387 901 1970 987; baseline 0.01 -32"><span class='ocrx_word' id='word_1_61' title='bbox 387 901 654 971; x_wconf 43' lang='lat' dir='ltr'><strong>[iacienda</strong></span> <span class='ocrx_word' id='word_1_62' title='bbox 697 922 728 959; x_wconf 89' lang='lat' dir='ltr'><strong>a</strong></span> <span class='ocrx_word' id='word_1_63' title='bbox 769 908 1040 962; x_wconf 79' lang='lat' dir='ltr'><strong>sacerdote</strong></span> <span class='ocrx_word' id='word_1_64' title='bbox 1072 920 1208 987; x_wconf 41' lang='lat' dir='ltr'><strong>iure</strong></span> <span class='ocrx_word' id='word_1_65' title='bbox 1248 912 1688 987; x_wconf 73' lang='lat' dir='ltr'><strong>consecrationem</strong></span> <span class='ocrx_word' id='word_1_66' title='bbox 1736 917 1970 987; x_wconf 71' lang='lat' dir='ltr'><strong>corporis</strong></span> 
     </span>
    </p>
   </div>
   <div class='ocr_carea' id='block_1_12' title="bbox 1064 976 1283 1034">
    <p class='ocr_par' dir='ltr' id='par_1_12' title="bbox 1064 976 1283 1034">
     <span class='ocr_line' id='line_1_13' title="bbox 1064 976 1283 1034; baseline 0.005 -1"><span class='ocrx_word' id='word_1_67' title='bbox 1064 976 1283 1034; x_wconf 76' lang='lat' dir='ltr'><strong>Christi.</strong></span> 
     </span>
    </p>
   </div>
   <div class='ocr_carea' id='block_1_13' title="bbox 455 1063 1969 1145">
    <p class='ocr_par' dir='ltr' id='par_1_13' title="bbox 455 1063 1969 1145">
     <span class='ocr_line' id='line_1_14' title="bbox 455 1063 1969 1145; baseline 0.007 -26"><span class='ocrx_word' id='word_1_68' title='bbox 455 1063 828 1120; x_wconf 84' lang='lat' dir='ltr'><strong>Odulcissime</strong></span> <span class='ocrx_word' id='word_1_69' title='bbox 866 1065 1090 1122; x_wconf 79' lang='lat' dir='ltr'><strong>Domine</strong></span> <span class='ocrx_word' id='word_1_70' title='bbox 1124 1066 1249 1123; x_wconf 79' lang='lat' dir='ltr'><strong>Jesu</strong></span> <span class='ocrx_word' id='word_1_71' title='bbox 1303 1070 1542 1139; x_wconf 80' lang='lat' dir='ltr'><strong>Christe,</strong></span> <span class='ocrx_word' id='word_1_72' title='bbox 1565 1072 1656 1143; x_wconf 87' lang='lat' dir='ltr'><strong>qui</strong></span> <span class='ocrx_word' id='word_1_73' title='bbox 1709 1088 1809 1145; x_wconf 88' lang='lat' dir='ltr'><strong>pro</strong></span> <span class='ocrx_word' id='word_1_74' title='bbox 1850 1091 1969 1132; x_wconf 87' lang='lat' dir='ltr'><strong>mea</strong></span> 
     </span>
    </p>
   </div>
   <div class='ocr_carea' id='block_1_14' title="bbox 384 1158 1970 1231">
    <p class='ocr_par' dir='ltr' id='par_1_14' title="bbox 384 1158 1970 1231">
     <span class='ocr_line' id='line_1_15' title="bbox 384 1158 1970 1231; baseline 0.008 -21"><span class='ocrx_word' id='word_1_75' title='bbox 384 1175 441 1212; x_wconf 88' lang='lat' dir='ltr'><strong>re</strong></span> <span class='ocrx_word' id='word_1_76' title='bbox 463 1158 752 1227; x_wconf 76' lang='lat' dir='ltr'><strong>&#39;emptinne</strong></span> <span class='ocrx_word' id='word_1_77' title='bbox 785 1160 1077 1219; x_wconf 81' lang='lat' dir='ltr'><strong>crucifixus</strong></span> <span class='ocrx_word' id='word_1_78' title='bbox 1114 1176 1174 1217; x_wconf 86' lang='lat' dir='ltr'><strong>es</strong></span> <span class='ocrx_word' id='word_1_79' title='bbox 1208 1171 1264 1218; x_wconf 91' lang='lat' dir='ltr'><strong>et</strong></span> <span class='ocrx_word' id='word_1_80' title='bbox 1296 1172 1564 1231; x_wconf 86' lang='lat' dir='ltr'><strong>mortuus,</strong></span> <span class='ocrx_word' id='word_1_81' title='bbox 1626 1176 1748 1222; x_wconf 82' lang='lat' dir='ltr'><strong>ante</strong></span> <span class='ocrx_word' id='word_1_82' title='bbox 1792 1177 1841 1222; x_wconf 86' lang='lat' dir='ltr'><strong>te</strong></span> <span class='ocrx_word' id='word_1_83' title='bbox 1887 1177 1970 1226; x_wconf 83' lang='lat' dir='ltr'><strong>est</strong></span> 
     </span>
    </p>
   </div>
   <div class='ocr_carea' id='block_1_15' title="bbox 380 1248 1969 1321">
    <p class='ocr_par' dir='ltr' id='par_1_15' title="bbox 380 1248 1969 1321">
     <span class='ocr_line' id='line_1_16' title="bbox 380 1248 1969 1321; baseline 0.008 -20"><span class='ocrx_word' id='word_1_84' title='bbox 380 1263 531 1302; x_wconf 79' lang='lat' dir='ltr'><strong>omne</strong></span> <span class='ocrx_word' id='word_1_85' title='bbox 546 1248 859 1302; x_wconf 69' lang='lat' dir='ltr'><strong>desiderium</strong></span> <span class='ocrx_word' id='word_1_86' title='bbox 888 1266 1083 1313; x_wconf 85' lang='lat' dir='ltr'><strong>meum,</strong></span> <span class='ocrx_word' id='word_1_87' title='bbox 1107 1260 1153 1304; x_wconf 87' lang='lat' dir='ltr'><strong>et</strong></span> <span class='ocrx_word' id='word_1_88' title='bbox 1185 1254 1405 1321; x_wconf 75' lang='lat' dir='ltr'><strong>gemitus</strong></span> <span class='ocrx_word' id='word_1_89' title='bbox 1450 1270 1596 1309; x_wconf 83' lang='lat' dir='ltr'><strong>meus</strong></span> <span class='ocrx_word' id='word_1_90' title='bbox 1620 1273 1649 1309; x_wconf 88' lang='lat' dir='ltr'><strong>a</strong></span> <span class='ocrx_word' id='word_1_91' title='bbox 1688 1266 1736 1311; x_wconf 77' lang='lat' dir='ltr'><strong>te</strong></span> <span class='ocrx_word' id='word_1_92' title='bbox 1763 1273 1866 1311; x_wconf 83' lang='lat' dir='ltr'><strong>non</strong></span> <span class='ocrx_word' id='word_1_93' title='bbox 1895 1269 1969 1313; x_wconf 83' lang='lat' dir='ltr'><strong>est</strong></span> 
     </span>
    </p>
   </div>
   <div class='ocr_carea' id='block_1_16' title="bbox 378 1337 1970 1419">
    <p class='ocr_par' dir='ltr' id='par_1_16' title="bbox 378 1337 1970 1419">
     <span class='ocr_line' id='line_1_17' title="bbox 378 1337 1970 1419; baseline 0.008 -27"><span class='ocrx_word' id='word_1_94' title='bbox 378 1340 713 1394; x_wconf 70' lang='lat' dir='ltr'><strong>absconditus</strong></span> <span class='ocrx_word' id='word_1_95' title='bbox 741 1337 913 1410; x_wconf 79' lang='lat' dir='ltr'><strong>(l’sal.</strong></span> <span class='ocrx_word' id='word_1_96' title='bbox 951 1358 1163 1409; x_wconf 73' lang='lat' dir='ltr'><strong>xxxv&quot;,</strong></span> <span class='ocrx_word' id='word_1_97' title='bbox 1198 1343 1310 1415; x_wconf 81' lang='grc'><strong>10).</strong></span> <span class='ocrx_word' id='word_1_98' title='bbox 1378 1345 1518 1401; x_wconf 83' lang='lat' dir='ltr'><strong>Ecce</strong></span> <span class='ocrx_word' id='word_1_99' title='bbox 1581 1347 1970 1419; x_wconf 86' lang='lat' dir='ltr'><strong>benignissime</strong></span> 
     </span>
    </p>
   </div>
   <div class='ocr_carea' id='block_1_17' title="bbox 382 1430 1968 1504">
    <p class='ocr_par' dir='ltr' id='par_1_17' title="bbox 382 1430 1968 1504">
     <span class='ocr_line' id='line_1_18' title="bbox 382 1430 1968 1504; baseline 0.008 -20"><span class='ocrx_word' id='word_1_100' title='bbox 382 1430 543 1497; x_wconf 80' lang='lat' dir='ltr'><strong>Dens,</strong></span> <span class='ocrx_word' id='word_1_101' title='bbox 579 1445 762 1485; x_wconf 88' lang='lat' dir='ltr'><strong>coram</strong></span> <span class='ocrx_word' id='word_1_102' title='bbox 788 1439 840 1488; x_wconf 89' lang='lat' dir='ltr'><strong>te</strong></span> <span class='ocrx_word' id='word_1_103' title='bbox 868 1440 951 1486; x_wconf 84' lang='lat' dir='ltr'><strong>est</strong></span> <span class='ocrx_word' id='word_1_104' title='bbox 978 1433 1192 1488; x_wconf 84' lang='lat' dir='ltr'><strong>miseria</strong></span> <span class='ocrx_word' id='word_1_105' title='bbox 1221 1450 1360 1504; x_wconf 88' lang='lat' dir='ltr'><strong>mea,</strong></span> <span class='ocrx_word' id='word_1_106' title='bbox 1393 1445 1447 1490; x_wconf 92' lang='lat' dir='ltr'><strong>et</strong></span> <span class='ocrx_word' id='word_1_107' title='bbox 1472 1438 1521 1491; x_wconf 90' lang='lat' dir='ltr'><strong>in</strong></span> <span class='ocrx_word' id='word_1_108' title='bbox 1555 1440 1810 1495; x_wconf 86' lang='lat' dir='ltr'><strong>manibus</strong></span> <span class='ocrx_word' id='word_1_109' title='bbox 1836 1442 1968 1497; x_wconf 84' lang='lat' dir='ltr'><strong>meis</strong></span> 
     </span>
    </p>
   </div>
   <div class='ocr_carea' id='block_1_18' title="bbox 378 1519 1970 1596">
    <p class='ocr_par' dir='ltr' id='par_1_18' title="bbox 378 1519 1970 1596">
     <span class='ocr_line' id='line_1_19' title="bbox 378 1519 1970 1596; baseline 0.009 -23"><span class='ocrx_word' id='word_1_110' title='bbox 378 1530 464 1573; x_wconf 72' lang='lat' dir='ltr'><strong>est</strong></span> <span class='ocrx_word' id='word_1_111' title='bbox 522 1519 896 1577; x_wconf 74' lang='lat' dir='ltr'><strong>misericordia</strong></span> <span class='ocrx_word' id='word_1_112' title='bbox 943 1532 1057 1590; x_wconf 87' lang='lat' dir='ltr'><strong>tua,</strong></span> <span class='ocrx_word' id='word_1_113' title='bbox 1114 1525 1335 1580; x_wconf 83' lang='lat' dir='ltr'><strong>miseria</strong></span> <span class='ocrx_word' id='word_1_114' title='bbox 1393 1529 1714 1596; x_wconf 80' lang='lat' dir='ltr'><strong>peccatricis</strong></span> <span class='ocrx_word' id='word_1_115' title='bbox 1775 1532 1970 1595; x_wconf 69' lang='lat' dir='ltr'><strong>animae</strong></span> 
     </span>
    </p>
   </div>
   <div class='ocr_carea' id='block_1_19' title="bbox 382 1610 1969 1684">
    <p class='ocr_par' dir='ltr' id='par_1_19' title="bbox 382 1610 1969 1684">
     <span class='ocr_line' id='line_1_20' title="bbox 382 1610 1969 1684; baseline 0.009 -21"><span class='ocrx_word' id='word_1_116' title='bbox 382 1624 533 1673; x_wconf 57' lang='lat' dir='ltr'><strong>mean,</strong></span> <span class='ocrx_word' id='word_1_117' title='bbox 580 1610 947 1679; x_wconf 80' lang='lat' dir='ltr'><strong>misericordia</strong></span> <span class='ocrx_word' id='word_1_118' title='bbox 992 1614 1376 1684; x_wconf 80' lang='lat' dir='ltr'><strong>redemptionis</strong></span> <span class='ocrx_word' id='word_1_119' title='bbox 1430 1618 1669 1675; x_wconf 63' lang='lat' dir='ltr'><strong>tute‘m.</strong></span> <span class='ocrx_word' id='word_1_120' title='bbox 1720 1619 1969 1678; x_wconf 78' lang='lat' dir='ltr'><strong>Miserere</strong></span> 
     </span>
    </p>
   </div>
   <div class='ocr_carea' id='block_1_20' title="bbox 377 1701 2039 1788">
    <p class='ocr_par' dir='ltr' id='par_1_20' title="bbox 377 1701 2039 1788">
     <span class='ocr_line' id='line_1_21' title="bbox 377 1701 2039 1788; baseline 0.007 -35"><span class='ocrx_word' id='word_1_121' title='bbox 377 1715 506 1770; x_wconf 68' lang='lat' dir='ltr'><strong>ergo</strong></span> <span class='ocrx_word' id='word_1_122' title='bbox 538 1704 660 1775; x_wconf 73' lang='lat' dir='ltr'><strong>mei,</strong></span> <span class='ocrx_word' id='word_1_123' title='bbox 717 1701 875 1769; x_wconf 84' lang='lat' dir='ltr'><strong>Deus,</strong></span> <span class='ocrx_word' id='word_1_124' title='bbox 939 1704 1223 1771; x_wconf 75' lang='lat' dir='ltr'><strong>secundum</strong></span> <span class='ocrx_word' id='word_1_125' title='bbox 1262 1722 1506 1776; x_wconf 78' lang='lat' dir='ltr'><strong>magnam</strong></span> <span class='ocrx_word' id='word_1_126' title='bbox 1553 1709 1964 1782; x_wconf 62' lang='lat' dir='ltr'><strong>misericordiam</strong></span> <span class='ocrx_word' id='word_1_127' title='bbox 1997 1729 2039 1788; x_wconf 79' lang='grc' dir='ltr'><strong>Β</strong></span> 
     </span>
    </p>
   </div>
   <div class='ocr_carea' id='block_1_21' title="bbox 377 1792 1961 1866">
    <p class='ocr_par' dir='ltr' id='par_1_21' title="bbox 377 1792 1961 1866">
     <span class='ocr_line' id='line_1_22' title="bbox 377 1792 1961 1866; baseline 0.011 -27"><span class='ocrx_word' id='word_1_128' title='bbox 377 1797 540 1851; x_wconf 78' lang='lat' dir='ltr'><strong>tuam,</strong></span> <span class='ocrx_word' id='word_1_129' title='bbox 565 1800 619 1844; x_wconf 84' lang='lat' dir='ltr'><strong>et</strong></span> <span class='ocrx_word' id='word_1_130' title='bbox 632 1794 916 1846; x_wconf 69' lang='lat' dir='ltr'><strong>secundum</strong></span> <span class='ocrx_word' id='word_1_131' title='bbox 940 1792 1055 1846; x_wconf 70' lang='lat' dir='ltr'><strong>mut</strong></span> <span class='ocrx_word' id='word_1_132' title='bbox 1072 1794 1321 1849; x_wconf 78' lang='lat' dir='ltr'><strong>itudinem</strong></span> <span class='ocrx_word' id='word_1_133' title='bbox 1338 1799 1731 1854; x_wconf 81' lang='lat' dir='ltr'><strong>miserationum</strong></span> <span class='ocrx_word' id='word_1_134' title='bbox 1749 1812 1961 1866; x_wconf 81' lang='lat' dir='ltr'><strong>tuarum</strong></span> 
     </span>
    </p>
   </div>
   <div class='ocr_carea' id='block_1_22' title="bbox 376 1881 1959 1959">
    <p class='ocr_par' dir='ltr' id='par_1_22' title="bbox 376 1881 1959 1959">
     <span class='ocr_line' id='line_1_23' title="bbox 376 1881 1959 1959; baseline 0.011 -28"><span class='ocrx_word' id='word_1_135' title='bbox 376 1881 489 1937; x_wconf 75' lang='lat' dir='ltr'><strong>dele</strong></span> <span class='ocrx_word' id='word_1_136' title='bbox 513 1882 832 1951; x_wconf 75' lang='lat' dir='ltr'><strong>iniquitatem</strong></span> <span class='ocrx_word' id='word_1_137' title='bbox 871 1901 1037 1938; x_wconf 83' lang='lat' dir='ltr'><strong>meam</strong></span> <span class='ocrx_word' id='word_1_138' title='bbox 1061 1882 1232 1947; x_wconf 76' lang='lat' dir='ltr'><strong>(l’sal.</strong></span> <span class='ocrx_word' id='word_1_139' title='bbox 1263 1904 1313 1952; x_wconf 76' lang='grc' dir='ltr'>ι,</span> <span class='ocrx_word' id='word_1_140' title='bbox 1343 1888 1477 1959; x_wconf 77' lang='grc'><strong>1-5),</strong></span> <span class='ocrx_word' id='word_1_141' title='bbox 1511 1898 1564 1945; x_wconf 81' lang='lat' dir='ltr'><strong>et</strong></span> <span class='ocrx_word' id='word_1_142' title='bbox 1595 1891 1664 1944; x_wconf 76' lang='lat' dir='ltr'><strong>alt</strong></span> <span class='ocrx_word' id='word_1_143' title='bbox 1693 1893 1793 1948; x_wconf 86' lang='lat' dir='ltr'><strong>hac</strong></span> <span class='ocrx_word' id='word_1_144' title='bbox 1827 1895 1959 1949; x_wconf 84' lang='lat' dir='ltr'><strong>hora</strong></span> 
     </span>
    </p>
   </div>
   <div class='ocr_carea' id='block_1_23' title="bbox 375 1975 1961 2055">
    <p class='ocr_par' dir='ltr' id='par_1_23' title="bbox 375 1975 1961 2055">
     <span class='ocr_line' id='line_1_24' title="bbox 375 1975 1961 2055; baseline 0.01 -31"><span class='ocrx_word' id='word_1_145' title='bbox 375 1989 546 2042; x_wconf 88' lang='lat' dir='ltr'><strong>usque</strong></span> <span class='ocrx_word' id='word_1_146' title='bbox 601 1975 652 2028; x_wconf 91' lang='lat' dir='ltr'><strong>in</strong></span> <span class='ocrx_word' id='word_1_147' title='bbox 690 1975 850 2032; x_wconf 79' lang='lat' dir='ltr'><strong>finem</strong></span> <span class='ocrx_word' id='word_1_148' title='bbox 886 1977 1098 2033; x_wconf 81' lang='lat' dir='ltr'><strong>custodi</strong></span> <span class='ocrx_word' id='word_1_149' title='bbox 1152 1979 1314 2034; x_wconf 86' lang='lat' dir='ltr'><strong>vitam</strong></span> <span class='ocrx_word' id='word_1_150' title='bbox 1372 1997 1564 2036; x_wconf 89' lang='lat' dir='ltr'><strong>meam.</strong></span> <span class='ocrx_word' id='word_1_151' title='bbox 1617 1984 1854 2039; x_wconf 80' lang='lat' dir='ltr'><strong>Defende</strong></span> <span class='ocrx_word' id='word_1_152' title='bbox 1892 1986 1961 2055; x_wconf 81' lang='lat' dir='ltr'><strong>ab</strong></span> 
     </span>
    </p>
   </div>
   <div class='ocr_carea' id='block_1_24' title="bbox 374 2066 1961 2148">
    <p class='ocr_par' dir='ltr' id='par_1_24' title="bbox 374 2066 1961 2148">
     <span class='ocr_line' id='line_1_25' title="bbox 374 2066 1961 2148; baseline 0.008 -27"><span class='ocrx_word' id='word_1_153' title='bbox 374 2066 521 2121; x_wconf 80' lang='lat' dir='ltr'><strong>omni</strong></span> <span class='ocrx_word' id='word_1_154' title='bbox 552 2066 837 2137; x_wconf 80' lang='lat' dir='ltr'><strong>iniquitate</strong></span> <span class='ocrx_word' id='word_1_155' title='bbox 862 2071 1097 2124; x_wconf 78' lang='lat' dir='ltr'><strong>animum</strong></span> <span class='ocrx_word' id='word_1_156' title='bbox 1131 2087 1329 2137; x_wconf 87' lang='lat' dir='ltr'><strong>meam,</strong></span> <span class='ocrx_word' id='word_1_157' title='bbox 1367 2084 1420 2128; x_wconf 92' lang='grc' dir='ltr'><strong>ιιι</strong></span> <span class='ocrx_word' id='word_1_158' title='bbox 1441 2074 1552 2143; x_wconf 89' lang='lat' dir='ltr'><strong>jam</strong></span> <span class='ocrx_word' id='word_1_159' title='bbox 1581 2077 1811 2144; x_wconf 80' lang='lat' dir='ltr'><strong>amplius</strong></span> <span class='ocrx_word' id='word_1_160' title='bbox 1835 2094 1961 2148; x_wconf 75' lang='lat' dir='ltr'><strong>age-</strong></span> 
     </span>
    </p>
   </div>
   <div class='ocr_carea' id='block_1_25' title="bbox 375 2159 1956 2235">
    <p class='ocr_par' dir='ltr' id='par_1_25' title="bbox 375 2159 1956 2235">
     <span class='ocr_line' id='line_1_26' title="bbox 375 2159 1956 2235; baseline 0.009 -25"><span class='ocrx_word' id='word_1_161' title='bbox 375 2173 433 2211; x_wconf 90' lang='lat' dir='ltr'><strong>re</strong></span> <span class='ocrx_word' id='word_1_162' title='bbox 463 2175 568 2212; x_wconf 90' lang='lat' dir='ltr'><strong>non</strong></span> <span class='ocrx_word' id='word_1_163' title='bbox 592 2159 799 2218; x_wconf 83' lang='lat' dir='ltr'><strong>valeam</strong></span> <span class='ocrx_word' id='word_1_164' title='bbox 834 2163 973 2217; x_wconf 88' lang='lat' dir='ltr'><strong>unde</strong></span> <span class='ocrx_word' id='word_1_165' title='bbox 995 2163 1180 2219; x_wconf 84' lang='lat' dir='ltr'><strong>oeulos</strong></span> <span class='ocrx_word' id='word_1_166' title='bbox 1215 2173 1315 2220; x_wconf 64' lang='lat' dir='ltr'><strong>tunc</strong></span> <span class='ocrx_word' id='word_1_167' title='bbox 1345 2166 1643 2235; x_wconf 87' lang='lat' dir='ltr'><strong>majestatis</strong></span> <span class='ocrx_word' id='word_1_168' title='bbox 1666 2169 1956 2225; x_wconf 77' lang='lat' dir='ltr'><strong>offendam.</strong></span> 
     </span>
    </p>
   </div>
   <div class='ocr_carea' id='block_1_26' title="bbox 375 2248 1962 2330">
    <p class='ocr_par' dir='ltr' id='par_1_26' title="bbox 375 2248 1962 2330">
     <span class='ocr_line' id='line_1_27' title="bbox 375 2248 1962 2330; baseline 0.01 -30"><span class='ocrx_word' id='word_1_169' title='bbox 375 2248 448 2300; x_wconf 83' lang='lat' dir='ltr'><strong>Da</strong></span> <span class='ocrx_word' id='word_1_170' title='bbox 480 2248 632 2313; x_wconf 84' lang='lat' dir='ltr'><strong>mihi,</strong></span> <span class='ocrx_word' id='word_1_171' title='bbox 652 2250 1037 2322; x_wconf 85' lang='lat' dir='ltr'><strong>benignissime</strong></span> <span class='ocrx_word' id='word_1_172' title='bbox 1084 2255 1223 2310; x_wconf 83' lang='lat' dir='ltr'><strong>Deus</strong></span> <span class='ocrx_word' id='word_1_173' title='bbox 1249 2298 1262 2323; x_wconf 92' lang='lat'><strong>,</strong></span> <span class='ocrx_word' id='word_1_174' title='bbox 1296 2265 1365 2321; x_wconf 89' lang='lat' dir='ltr'><strong>te,</strong></span> <span class='ocrx_word' id='word_1_175' title='bbox 1406 2260 1547 2313; x_wconf 89' lang='lat' dir='ltr'><strong>sicut</strong></span> <span class='ocrx_word' id='word_1_176' title='bbox 1572 2258 1731 2330; x_wconf 66' lang='lat' dir='ltr'><strong>Iubes</strong></span> <span class='ocrx_word' id='word_1_177' title='bbox 1780 2272 1836 2316; x_wconf 88' lang='lat' dir='ltr'><strong>et</strong></span> <span class='ocrx_word' id='word_1_178' title='bbox 1877 2276 1962 2316; x_wconf 89' lang='lat' dir='ltr'><strong>re-</strong></span> 
     </span>
    </p>
   </div>
   <div class='ocr_carea' id='block_1_27' title="bbox 372 2345 1956 2421">
    <p class='ocr_par' dir='ltr' id='par_1_27' title="bbox 372 2345 1956 2421">
     <span class='ocr_line' id='line_1_28' title="bbox 372 2345 1956 2421; baseline 0.01 -28"><span class='ocrx_word' id='word_1_179' title='bbox 372 2347 519 2393; x_wconf 80' lang='lat' dir='ltr'><strong>ctum</strong></span> <span class='ocrx_word' id='word_1_180' title='bbox 544 2349 648 2406; x_wconf 83' lang='lat' dir='ltr'><strong>est,</strong></span> <span class='ocrx_word' id='word_1_181' title='bbox 678 2358 838 2413; x_wconf 86' lang='lat' dir='ltr'><strong>super</strong></span> <span class='ocrx_word' id='word_1_182' title='bbox 880 2345 1059 2416; x_wconf 84' lang='lat' dir='ltr'><strong>omnia</strong></span> <span class='ocrx_word' id='word_1_183' title='bbox 1109 2346 1333 2419; x_wconf 78' lang='lat' dir='ltr'><strong>diligere</strong></span> <span class='ocrx_word' id='word_1_184' title='bbox 1364 2366 1377 2411; x_wconf 84' lang='lat'><strong>;</strong></span> <span class='ocrx_word' id='word_1_185' title='bbox 1431 2350 1622 2405; x_wconf 85' lang='lat' dir='ltr'><strong>deinde</strong></span> <span class='ocrx_word' id='word_1_186' title='bbox 1651 2352 1956 2421; x_wconf 76' lang='lat' dir='ltr'><strong>proximum</strong></span> 
     </span>
    </p>
   </div>
   <div class='ocr_carea' id='block_1_28' title="bbox 373 2430 1957 2517">
    <p class='ocr_par' dir='ltr' id='par_1_28' title="bbox 373 2430 1957 2517">
     <span class='ocr_line' id='line_1_29' title="bbox 373 2430 1957 2517; baseline 0.01 -34"><span class='ocrx_word' id='word_1_187' title='bbox 373 2444 478 2485; x_wconf 79' lang='lat' dir='ltr'><strong>non</strong></span> <span class='ocrx_word' id='word_1_188' title='bbox 520 2430 697 2487; x_wconf 89' lang='lat' dir='ltr'><strong>minus</strong></span> <span class='ocrx_word' id='word_1_189' title='bbox 718 2446 880 2503; x_wconf 80' lang='lat' dir='ltr'><strong>quam</strong></span> <span class='ocrx_word' id='word_1_190' title='bbox 939 2435 1225 2506; x_wconf 83' lang='lat' dir='ltr'><strong>meipsum,</strong></span> <span class='ocrx_word' id='word_1_191' title='bbox 1257 2441 1397 2494; x_wconf 84' lang='lat' dir='ltr'><strong>sicut</strong></span> <span class='ocrx_word' id='word_1_192' title='bbox 1439 2442 1634 2497; x_wconf 89' lang='lat' dir='ltr'><strong>iterum</strong></span> <span class='ocrx_word' id='word_1_193' title='bbox 1689 2444 1957 2517; x_wconf 59' lang='lat' dir='ltr'><strong>principis,</strong></span> 
     </span>
    </p>
   </div>
   <div class='ocr_carea' id='block_1_29' title="bbox 370 2525 1957 2603">
    <p class='ocr_par' dir='ltr' id='par_1_29' title="bbox 370 2525 1957 2603">
     <span class='ocr_line' id='line_1_30' title="bbox 370 2525 1957 2603; baseline 0.011 -29"><span class='ocrx_word' id='word_1_194' title='bbox 370 2537 572 2579; x_wconf 85' lang='lat' dir='ltr'><strong>amare.</strong></span> <span class='ocrx_word' id='word_1_195' title='bbox 611 2525 702 2579; x_wconf 87' lang='lat' dir='ltr'><strong>Est</strong></span> <span class='ocrx_word' id='word_1_196' title='bbox 747 2526 891 2581; x_wconf 89' lang='lat' dir='ltr'><strong>enim</strong></span> <span class='ocrx_word' id='word_1_197' title='bbox 932 2528 1025 2561; x_wconf 80' lang='grc'><strong>¹“⁵</strong></span> <span class='ocrx_word' id='word_1_198' title='bbox 1055 2530 1158 2585; x_wconf 89' lang='lat' dir='ltr'><strong>hoc</strong></span> <span class='ocrx_word' id='word_1_199' title='bbox 1207 2531 1572 2603; x_wconf 86' lang='lat' dir='ltr'><strong>justissimum</strong></span> <span class='ocrx_word' id='word_1_200' title='bbox 1626 2544 1682 2588; x_wconf 88' lang='lat' dir='ltr'><strong>et</strong></span> <span class='ocrx_word' id='word_1_201' title='bbox 1738 2535 1957 2591; x_wconf 85' lang='lat' dir='ltr'><strong>omnino</strong></span> 
     </span>
    </p>
   </div>
   <div class='ocr_carea' id='block_1_30' title="bbox 371 2618 1954 2705">
    <p class='ocr_par' dir='ltr' id='par_1_30' title="bbox 371 2618 1954 2705">
     <span class='ocr_line' id='line_1_31' title="bbox 371 2618 1954 2705; baseline 0.013 -36"><span class='ocrx_word' id='word_1_202' title='bbox 371 2618 692 2674; x_wconf 83' lang='lat' dir='ltr'><strong>rationabile</strong></span> <span class='ocrx_word' id='word_1_203' title='bbox 719 2630 776 2675; x_wconf 88' lang='lat' dir='ltr'><strong>ut</strong></span> <span class='ocrx_word' id='word_1_204' title='bbox 806 2630 856 2677; x_wconf 90' lang='lat' dir='ltr'><strong>te</strong></span> <span class='ocrx_word' id='word_1_205' title='bbox 879 2637 1041 2695; x_wconf 84' lang='lat' dir='ltr'><strong>super</strong></span> <span class='ocrx_word' id='word_1_206' title='bbox 1067 2626 1248 2681; x_wconf 88' lang='lat' dir='ltr'><strong>omnia</strong></span> <span class='ocrx_word' id='word_1_207' title='bbox 1282 2668 1298 2694; x_wconf 91' lang='lat'><strong>,</strong></span> <span class='ocrx_word' id='word_1_208' title='bbox 1352 2636 1409 2684; x_wconf 90' lang='lat' dir='ltr'><strong>et</strong></span> <span class='ocrx_word' id='word_1_209' title='bbox 1456 2630 1620 2686; x_wconf 89' lang='lat' dir='ltr'><strong>etiam</strong></span> <span class='ocrx_word' id='word_1_210' title='bbox 1672 2632 1954 2705; x_wconf 85' lang='lat' dir='ltr'><strong>plusquam</strong></span> 
     </span>
    </p>
   </div>
   <div class='ocr_carea' id='block_1_31' title="bbox 370 2710 1957 2794">
    <p class='ocr_par' dir='ltr' id='par_1_31' title="bbox 370 2710 1957 2794">
     <span class='ocr_line' id='line_1_32' title="bbox 370 2710 1957 2794; baseline 0.014 -33"><span class='ocrx_word' id='word_1_211' title='bbox 370 2724 470 2765; x_wconf 84' lang='lat' dir='ltr'><strong>nos</strong></span> <span class='ocrx_word' id='word_1_212' title='bbox 498 2710 791 2768; x_wconf 68' lang='lat' dir='ltr'><strong>delieamus</strong></span> <span class='ocrx_word' id='word_1_213' title='bbox 826 2715 1070 2785; x_wconf 79' lang='lat' dir='ltr'><strong>diligere,</strong></span> <span class='ocrx_word' id='word_1_214' title='bbox 1119 2719 1245 2789; x_wconf 84' lang='lat' dir='ltr'><strong>quia</strong></span> <span class='ocrx_word' id='word_1_215' title='bbox 1291 2728 1343 2775; x_wconf 92' lang='lat' dir='ltr'><strong>tu</strong></span> <span class='ocrx_word' id='word_1_216' title='bbox 1375 2737 1475 2776; x_wconf 93' lang='lat' dir='ltr'><strong>nos</strong></span> <span class='ocrx_word' id='word_1_217' title='bbox 1502 2731 1791 2794; x_wconf 82' lang='lat' dir='ltr'><strong>antequam</strong></span> <span class='ocrx_word' id='word_1_218' title='bbox 1816 2742 1957 2783; x_wconf 83' lang='lat' dir='ltr'><strong>esse-</strong></span> 
     </span>
    </p>
   </div>
   <div class='ocr_carea' id='block_1_32' title="bbox 367 2802 1954 2878">
    <p class='ocr_par' dir='ltr' id='par_1_32' title="bbox 367 2802 1954 2878">
     <span class='ocr_line' id='line_1_33' title="bbox 367 2802 1954 2878; baseline 0.014 -24"><span class='ocrx_word' id='word_1_219' title='bbox 367 2815 492 2875; x_wconf 69' lang='lat' dir='ltr'><strong>mus</strong></span> <span class='ocrx_word' id='word_1_220' title='bbox 520 2802 779 2871; x_wconf 80' lang='lat' dir='ltr'><strong>dilexisti,</strong></span> <span class='ocrx_word' id='word_1_221' title='bbox 817 2807 1047 2878; x_wconf 77' lang='lat' dir='ltr'><strong>diligens</strong></span> <span class='ocrx_word' id='word_1_222' title='bbox 1072 2813 1293 2877; x_wconf 88' lang='lat' dir='ltr'><strong>creasti,</strong></span> <span class='ocrx_word' id='word_1_223' title='bbox 1345 2822 1561 2871; x_wconf 79' lang='lat' dir='ltr'><strong>creatos</strong></span> <span class='ocrx_word' id='word_1_224' title='bbox 1596 2819 1663 2873; x_wconf 87' lang='lat' dir='ltr'><strong>ad</strong></span> <span class='ocrx_word' id='word_1_225' title='bbox 1708 2819 1954 2876; x_wconf 71' lang='lat' dir='ltr'><strong>uetitiam</strong></span> 
     </span>
    </p>
   </div>
   <div class='ocr_carea' id='block_1_33' title="bbox 370 2896 1954 2973">
    <p class='ocr_par' dir='ltr' id='par_1_33' title="bbox 370 2896 1954 2973">
     <span class='ocr_line' id='line_1_34' title="bbox 370 2896 1954 2973; baseline 0.013 -25"><span class='ocrx_word' id='word_1_226' title='bbox 370 2896 699 2953; x_wconf 77' lang='lat' dir='ltr'><strong>sanctissimi</strong></span> <span class='ocrx_word' id='word_1_227' title='bbox 726 2900 961 2956; x_wconf 81' lang='lat' dir='ltr'><strong>nominis</strong></span> <span class='ocrx_word' id='word_1_228' title='bbox 995 2904 1068 2956; x_wconf 92' lang='lat' dir='ltr'><strong>lui</strong></span> <span class='ocrx_word' id='word_1_229' title='bbox 1123 2904 1391 2962; x_wconf 75' lang='lat' dir='ltr'><strong>adducere</strong></span> <span class='ocrx_word' id='word_1_230' title='bbox 1445 2910 1805 2973; x_wconf 84' lang='lat' dir='ltr'><strong>curasti;nos</strong></span> <span class='ocrx_word' id='word_1_231' title='bbox 1829 2927 1954 2967; x_wconf 73' lang='lat' dir='ltr'><strong>vero</strong></span> 
     </span>
    </p>
   </div>
   <div class='ocr_carea' id='block_1_34' title="bbox 369 2988 1951 3076">
    <p class='ocr_par' dir='ltr' id='par_1_34' title="bbox 369 2988 1951 3076">
     <span class='ocr_line' id='line_1_35' title="bbox 369 2988 1951 3076; baseline 0.013 -38"><span class='ocrx_word' id='word_1_232' title='bbox 369 3000 544 3055; x_wconf 70' lang='lat' dir='ltr'><strong>tneque</strong></span> <span class='ocrx_word' id='word_1_233' title='bbox 568 2988 669 3044; x_wconf 89' lang='lat' dir='ltr'><strong>hoc</strong></span> <span class='ocrx_word' id='word_1_234' title='bbox 701 2988 900 3071; x_wconf 77' lang='lat' dir='ltr'><strong>ipsum,</strong></span> <span class='ocrx_word' id='word_1_235' title='bbox 927 2993 1069 3076; x_wconf 79' lang='lat' dir='ltr'><strong>quod</strong></span> <span class='ocrx_word' id='word_1_236' title='bbox 1098 3001 1150 3050; x_wconf 90' lang='lat' dir='ltr'><strong>te</strong></span> <span class='ocrx_word' id='word_1_237' title='bbox 1171 2995 1255 3050; x_wconf 85' lang='lat' dir='ltr'><strong>vel</strong></span> <span class='ocrx_word' id='word_1_238' title='bbox 1279 2996 1478 3068; x_wconf 87' lang='lat' dir='ltr'><strong>aliquid</strong></span> <span class='ocrx_word' id='word_1_239' title='bbox 1505 3000 1629 3056; x_wconf 87' lang='lat' dir='ltr'><strong>boui</strong></span> <span class='ocrx_word' id='word_1_240' title='bbox 1657 3002 1951 3076; x_wconf 84' lang='lat' dir='ltr'><strong>dilig&#39;mns,</strong></span> 
     </span>
    </p>
   </div>
   <div class='ocr_carea' id='block_1_35' title="bbox 2075 463 3670 557">
    <p class='ocr_par' dir='ltr' id='par_1_35' title="bbox 2075 463 3670 557">
     <span class='ocr_line' id='line_1_36' title="bbox 2075 463 3670 557; baseline 0.019 -40"><span class='ocrx_word' id='word_1_241' title='bbox 2075 463 2211 519; x_wconf 83' lang='lat' dir='ltr'><strong>idem</strong></span> <span class='ocrx_word' id='word_1_242' title='bbox 2236 465 2370 534; x_wconf 87' lang='lat' dir='ltr'><strong>ipse,</strong></span> <span class='ocrx_word' id='word_1_243' title='bbox 2402 467 2493 537; x_wconf 90' lang='lat' dir='ltr'><strong>qui</strong></span> <span class='ocrx_word' id='word_1_244' title='bbox 2517 484 2576 523; x_wconf 90' lang='lat' dir='ltr'><strong>cs</strong></span> <span class='ocrx_word' id='word_1_245' title='bbox 2596 468 2767 536; x_wconf 70' lang='lat' dir='ltr'><strong>Filius</strong></span> <span class='ocrx_word' id='word_1_246' title='bbox 2796 471 2929 543; x_wconf 81' lang='lat' dir='ltr'><strong>Dei,</strong></span> <span class='ocrx_word' id='word_1_247' title='bbox 2977 491 3037 531; x_wconf 88' lang='lat' dir='ltr'><strong>es</strong></span> <span class='ocrx_word' id='word_1_248' title='bbox 3090 479 3260 543; x_wconf 73' lang='lat' dir='ltr'><strong>Filius</strong></span> <span class='ocrx_word' id='word_1_249' title='bbox 3308 463 3551 557; x_wconf 79' lang='lat' dir='ltr'><strong>Virginis</strong></span> <span class='ocrx_word' id='word_1_250' title='bbox 3611 503 3670 548; x_wconf 83' lang='grc' dir='ltr'><strong>ιιι</strong></span> 
     </span>
    </p>
   </div>
   <div class='ocr_carea' id='block_1_36' title="bbox 2073 557 3669 641">
    <p class='ocr_par' dir='ltr' id='par_1_36' title="bbox 2073 557 3669 641">
     <span class='ocr_line' id='line_1_37' title="bbox 2073 557 3669 641; baseline 0.018 -31"><span class='ocrx_word' id='word_1_251' title='bbox 2073 557 2213 613; x_wconf 89' lang='lat' dir='ltr'><strong>idem</strong></span> <span class='ocrx_word' id='word_1_252' title='bbox 2237 558 2368 628; x_wconf 89' lang='lat' dir='ltr'><strong>ipse,</strong></span> <span class='ocrx_word' id='word_1_253' title='bbox 2401 560 2490 630; x_wconf 89' lang='lat' dir='ltr'><strong>qui</strong></span> <span class='ocrx_word' id='word_1_254' title='bbox 2515 561 2573 617; x_wconf 89' lang='lat' dir='ltr'><strong>in</strong></span> <span class='ocrx_word' id='word_1_255' title='bbox 2601 563 2867 637; x_wconf 81' lang='lat' dir='ltr'><strong>principio</strong></span> <span class='ocrx_word' id='word_1_256' title='bbox 2890 583 3013 625; x_wconf 89' lang='lat' dir='ltr'><strong>eras</strong></span> <span class='ocrx_word' id='word_1_257' title='bbox 3036 571 3293 641; x_wconf 88' lang='lat' dir='ltr'><strong>Verbum,</strong></span> <span class='ocrx_word' id='word_1_258' title='bbox 3333 586 3388 634; x_wconf 89' lang='lat' dir='ltr'><strong>et</strong></span> <span class='ocrx_word' id='word_1_259' title='bbox 3418 579 3669 639; x_wconf 84' lang='lat' dir='ltr'><strong>Verbum</strong></span> 
     </span>
    </p>
   </div>
   <div class='ocr_carea' id='block_1_37' title="bbox 2072 649 3669 743">
    <p class='ocr_par' dir='ltr' id='par_1_37' title="bbox 2072 649 3669 743">
     <span class='ocr_line' id='line_1_38' title="bbox 2072 649 3669 743; baseline 0.017 -41"><span class='ocrx_word' id='word_1_260' title='bbox 2072 661 2195 702; x_wconf 89' lang='lat' dir='ltr'><strong>eras</strong></span> <span class='ocrx_word' id='word_1_261' title='bbox 2233 649 2370 718; x_wconf 89' lang='lat' dir='ltr'><strong>apud</strong></span> <span class='ocrx_word' id='word_1_262' title='bbox 2402 651 2593 718; x_wconf 85' lang='lat' dir='ltr'><strong>Deum,</strong></span> <span class='ocrx_word' id='word_1_263' title='bbox 2617 661 2675 709; x_wconf 89' lang='lat' dir='ltr'><strong>et</strong></span> <span class='ocrx_word' id='word_1_264' title='bbox 2699 655 2840 713; x_wconf 88' lang='lat' dir='ltr'><strong>Deus</strong></span> <span class='ocrx_word' id='word_1_265' title='bbox 2860 673 2983 714; x_wconf 89' lang='lat' dir='ltr'><strong>eras</strong></span> <span class='ocrx_word' id='word_1_266' title='bbox 3011 661 3270 729; x_wconf 76' lang='lat' dir='ltr'><strong>Verbum,</strong></span> <span class='ocrx_word' id='word_1_267' title='bbox 3308 675 3364 725; x_wconf 91' lang='lat' dir='ltr'><strong>et</strong></span> <span class='ocrx_word' id='word_1_268' title='bbox 3391 685 3493 739; x_wconf 91' lang='lat' dir='ltr'><strong>per</strong></span> <span class='ocrx_word' id='word_1_269' title='bbox 3516 676 3669 743; x_wconf 86' lang='lat' dir='ltr'><strong>quod</strong></span> 
     </span>
    </p>
   </div>
   <div class='ocr_carea' id='block_1_38' title="bbox 2072 738 3667 847">
    <p class='ocr_par' dir='ltr' id='par_1_38' title="bbox 2072 738 3667 847">
     <span class='ocr_line' id='line_1_39' title="bbox 2072 738 3667 847; baseline 0.018 -56"><span class='ocrx_word' id='word_1_270' title='bbox 2072 739 2255 794; x_wconf 87' lang='lat' dir='ltr'><strong>omnia</strong></span> <span class='ocrx_word' id='word_1_271' title='bbox 2283 738 2425 795; x_wconf 82' lang='lat' dir='ltr'><strong>facta</strong></span> <span class='ocrx_word' id='word_1_272' title='bbox 2473 753 2599 798; x_wconf 86' lang='lat' dir='ltr'><strong>sunt</strong></span> <span class='ocrx_word' id='word_1_273' title='bbox 2644 744 2828 813; x_wconf 81' lang='lat' dir='ltr'><strong>(Joun.</strong></span> <span class='ocrx_word' id='word_1_274' title='bbox 2866 766 2903 817; x_wconf 86' lang='grc' dir='ltr'>ι,</span> <span class='ocrx_word' id='word_1_275' title='bbox 2940 751 3087 820; x_wconf 79' lang='grc'><strong>1-5);</strong></span> <span class='ocrx_word' id='word_1_276' title='bbox 3117 769 3147 809; x_wconf 90' lang='lat' dir='ltr'><strong>a</strong></span> <span class='ocrx_word' id='word_1_277' title='bbox 3174 754 3341 814; x_wconf 88' lang='lat' dir='ltr'><strong>Patre</strong></span> <span class='ocrx_word' id='word_1_278' title='bbox 3376 738 3667 847; x_wconf 40' lang='lat' dir='ltr'><strong>ante—om-</strong></span> 
     </span>
    </p>
   </div>
   <div class='ocr_carea' id='block_1_39' title="bbox 2072 829 3669 923">
    <p class='ocr_par' dir='ltr' id='par_1_39' title="bbox 2072 829 3669 923">
     <span class='ocr_line' id='line_1_40' title="bbox 2072 829 3669 923; baseline 0.017 -41"><span class='ocrx_word' id='word_1_279' title='bbox 2072 829 2161 895; x_wconf 76' lang='lat' dir='ltr'><strong>nia</strong></span> <span class='ocrx_word' id='word_1_280' title='bbox 2188 830 2383 889; x_wconf 62' lang='lat' dir='ltr'><strong>saecula</strong></span> <span class='ocrx_word' id='word_1_281' title='bbox 2416 832 2636 902; x_wconf 85' lang='lat' dir='ltr'><strong>genitus</strong></span> <span class='ocrx_word' id='word_1_282' title='bbox 2676 835 2789 902; x_wconf 66' lang='lat'><strong>“&#39;3,</strong></span> <span class='ocrx_word' id='word_1_283' title='bbox 2849 840 2903 894; x_wconf 90' lang='lat' dir='ltr'><strong>in</strong></span> <span class='ocrx_word' id='word_1_284' title='bbox 2951 849 3193 913; x_wconf 83' lang='lat' dir='ltr'><strong>tempore</strong></span> <span class='ocrx_word' id='word_1_285' title='bbox 3242 862 3392 905; x_wconf 85' lang='lat' dir='ltr'><strong>esex</strong></span> <span class='ocrx_word' id='word_1_286' title='bbox 3438 829 3669 923; x_wconf 58' lang='lat' dir='ltr'><strong>Vi&#39;rgine</strong></span> 
     </span>
    </p>
   </div>
   <div class='ocr_carea' id='block_1_40' title="bbox 2072 926 3663 1014">
    <p class='ocr_par' dir='ltr' id='par_1_40' title="bbox 2072 926 3663 1014">
     <span class='ocr_line' id='line_1_41' title="bbox 2072 926 3663 1014; baseline 0.017 -40"><span class='ocrx_word' id='word_1_287' title='bbox 2072 932 2233 978; x_wconf 86' lang='lat' dir='ltr'><strong>natus</strong></span> <span class='ocrx_word' id='word_1_288' title='bbox 2254 926 2502 993; x_wconf 82' lang='lat' dir='ltr'><strong>quamvis</strong></span> <span class='ocrx_word' id='word_1_289' title='bbox 2540 926 2707 983; x_wconf 88' lang='lat' dir='ltr'><strong>altera</strong></span> <span class='ocrx_word' id='word_1_290' title='bbox 2748 941 2942 988; x_wconf 89' lang='lat' dir='ltr'><strong>natura</strong></span> <span class='ocrx_word' id='word_1_291' title='bbox 2999 934 3077 992; x_wconf 92' lang='lat' dir='ltr'><strong>sis</strong></span> <span class='ocrx_word' id='word_1_292' title='bbox 3139 937 3231 972; x_wconf 72' lang='grc'><strong>³⁸³⁸</strong></span> <span class='ocrx_word' id='word_1_293' title='bbox 3284 956 3447 1009; x_wconf 86' lang='lat' dir='ltr'><strong>quam</strong></span> <span class='ocrx_word' id='word_1_294' title='bbox 3472 942 3663 1014; x_wconf 70' lang='lat' dir='ltr'><strong>Pater,</strong></span> 
     </span>
    </p>
   </div>
   <div class='ocr_carea' id='block_1_41' title="bbox 2070 1024 3662 1101">
    <p class='ocr_par' dir='ltr' id='par_1_41' title="bbox 2070 1024 3662 1101">
     <span class='ocr_line' id='line_1_42' title="bbox 2070 1024 3662 1101; baseline 0.015 -30"><span class='ocrx_word' id='word_1_295' title='bbox 2070 1027 2356 1089; x_wconf 87' lang='lat' dir='ltr'><strong>postquam</strong></span> <span class='ocrx_word' id='word_1_296' title='bbox 2404 1024 2580 1080; x_wconf 85' lang='lat' dir='ltr'><strong>factus</strong></span> <span class='ocrx_word' id='word_1_297' title='bbox 2608 1040 2667 1080; x_wconf 87' lang='lat' dir='ltr'><strong>es</strong></span> <span class='ocrx_word' id='word_1_298' title='bbox 2694 1025 2867 1084; x_wconf 83' lang='lat' dir='ltr'><strong>Filius</strong></span> <span class='ocrx_word' id='word_1_299' title='bbox 2891 1029 3133 1101; x_wconf 74' lang='lat' dir='ltr'><strong>Virginis</strong></span> <span class='ocrx_word' id='word_1_300' title='bbox 3179 1043 3235 1088; x_wconf 91' lang='lat' dir='ltr'><strong>et</strong></span> <span class='ocrx_word' id='word_1_301' title='bbox 3285 1034 3549 1093; x_wconf 81' lang='lat' dir='ltr'><strong>habitasti</strong></span> <span class='ocrx_word' id='word_1_302' title='bbox 3608 1041 3662 1095; x_wconf 79' lang='lat' dir='ltr'><strong>ia</strong></span> 
     </span>
    </p>
   </div>
   <div class='ocr_carea' id='block_1_42' title="bbox 2074 1111 3663 1196">
    <p class='ocr_par' dir='ltr' id='par_1_42' title="bbox 2074 1111 3663 1196">
     <span class='ocr_line' id='line_1_43' title="bbox 2074 1111 3663 1196; baseline 0.013 -32"><span class='ocrx_word' id='word_1_303' title='bbox 2074 1111 2257 1181; x_wconf 68' lang='lat' dir='ltr'><strong>nobis;</strong></span> <span class='ocrx_word' id='word_1_304' title='bbox 2279 1112 2449 1170; x_wconf 85' lang='lat' dir='ltr'><strong>altera</strong></span> <span class='ocrx_word' id='word_1_305' title='bbox 2475 1124 2669 1180; x_wconf 81' lang='lat' dir='ltr'><strong>natura</strong></span> <span class='ocrx_word' id='word_1_306' title='bbox 2694 1118 2956 1186; x_wconf 78' lang='lat' dir='ltr'><strong>existens,</strong></span> <span class='ocrx_word' id='word_1_307' title='bbox 2993 1123 3288 1179; x_wconf 87' lang='lat' dir='ltr'><strong>secundum</strong></span> <span class='ocrx_word' id='word_1_308' title='bbox 3322 1127 3466 1196; x_wconf 76' lang='lat' dir='ltr'><strong>quod</strong></span> <span class='ocrx_word' id='word_1_309' title='bbox 3492 1127 3663 1185; x_wconf 76' lang='lat' dir='ltr'><strong>Filius</strong></span> 
     </span>
    </p>
   </div>
   <div class='ocr_carea' id='block_1_43' title="bbox 2072 1200 3660 1285">
    <p class='ocr_par' dir='ltr' id='par_1_43' title="bbox 2072 1200 3660 1285">
     <span class='ocr_line' id='line_1_44' title="bbox 2072 1200 3660 1285; baseline 0.013 -30"><span class='ocrx_word' id='word_1_310' title='bbox 2072 1200 2165 1256; x_wconf 88' lang='lat' dir='ltr'><strong>Dei</strong></span> <span class='ocrx_word' id='word_1_311' title='bbox 2186 1216 2246 1258; x_wconf 85' lang='lat' dir='ltr'><strong>es</strong></span> <span class='ocrx_word' id='word_1_312' title='bbox 2269 1206 2519 1279; x_wconf 79' lang='lat' dir='ltr'><strong>quamvis</strong></span> <span class='ocrx_word' id='word_1_313' title='bbox 2549 1208 2602 1263; x_wconf 91' lang='lat' dir='ltr'><strong>in</strong></span> <span class='ocrx_word' id='word_1_314' title='bbox 2634 1209 2849 1267; x_wconf 80' lang='lat' dir='ltr'><strong>duabus.</strong></span> <span class='ocrx_word' id='word_1_315' title='bbox 2873 1213 3083 1271; x_wconf 78' lang='lat' dir='ltr'><strong>naturis</strong></span> <span class='ocrx_word' id='word_1_316' title='bbox 3102 1221 3192 1268; x_wconf 89' lang='lat' dir='ltr'><strong>tua</strong></span> <span class='ocrx_word' id='word_1_317' title='bbox 3222 1230 3475 1285; x_wconf 83' lang='lat' dir='ltr'><strong>persona,</strong></span> <span class='ocrx_word' id='word_1_318' title='bbox 3518 1217 3660 1277; x_wconf 82' lang='lat' dir='ltr'><strong>Deus</strong></span> 
     </span>
    </p>
   </div>
   <div class='ocr_carea' id='block_1_44' title="bbox 2071 1292 3654 1370">
    <p class='ocr_par' dir='ltr' id='par_1_44' title="bbox 2071 1292 3654 1370">
     <span class='ocr_line' id='line_1_45' title="bbox 2071 1292 3654 1370; baseline 0.011 -26"><span class='ocrx_word' id='word_1_319' title='bbox 2071 1300 2125 1345; x_wconf 89' lang='lat' dir='ltr'><strong>et</strong></span> <span class='ocrx_word' id='word_1_320' title='bbox 2150 1292 2332 1357; x_wconf 89' lang='lat' dir='ltr'><strong>homo,</strong></span> <span class='ocrx_word' id='word_1_321' title='bbox 2351 1294 2542 1350; x_wconf 78' lang='lat' dir='ltr'><strong>existis</strong></span> <span class='ocrx_word' id='word_1_322' title='bbox 2566 1298 2791 1367; x_wconf 76' lang='lat' dir='ltr'><strong>:equalis</strong></span> <span class='ocrx_word' id='word_1_323' title='bbox 2804 1299 2949 1354; x_wconf 89' lang='lat' dir='ltr'><strong>Patri</strong></span> <span class='ocrx_word' id='word_1_324' title='bbox 2967 1303 3263 1357; x_wconf 86' lang='lat' dir='ltr'><strong>secundum</strong></span> <span class='ocrx_word' id='word_1_325' title='bbox 3290 1303 3654 1370; x_wconf 79' lang='lat' dir='ltr'><strong>divinitatem,</strong></span> 
     </span>
    </p>
   </div>
   <div class='ocr_carea' id='block_1_45' title="bbox 2070 1381 3655 1460">
    <p class='ocr_par' dir='ltr' id='par_1_45' title="bbox 2070 1381 3655 1460">
     <span class='ocr_line' id='line_1_46' title="bbox 2070 1381 3655 1460; baseline 0.01 -25"><span class='ocrx_word' id='word_1_326' title='bbox 2070 1381 2244 1437; x_wconf 87' lang='lat' dir='ltr'><strong>minor</strong></span> <span class='ocrx_word' id='word_1_327' title='bbox 2273 1381 2433 1438; x_wconf 84' lang='lat' dir='ltr'><strong>Patre</strong></span> <span class='ocrx_word' id='word_1_328' title='bbox 2463 1387 2760 1441; x_wconf 87' lang='lat' dir='ltr'><strong>secundum</strong></span> <span class='ocrx_word' id='word_1_329' title='bbox 2810 1388 3222 1446; x_wconf 84' lang='lat' dir='ltr'><strong>humanitatem.</strong></span> <span class='ocrx_word' id='word_1_330' title='bbox 3266 1392 3401 1460; x_wconf 85' lang='lat' dir='ltr'><strong>Quia</strong></span> <span class='ocrx_word' id='word_1_331' title='bbox 3444 1410 3581 1451; x_wconf 84' lang='lat' dir='ltr'><strong>vero</strong></span> <span class='ocrx_word' id='word_1_332' title='bbox 3603 1407 3655 1452; x_wconf 90' lang='lat' dir='ltr'><strong>tu</strong></span> 
     </span>
    </p>
   </div>
   <div class='ocr_carea' id='block_1_46' title="bbox 2072 1472 3656 1558">
    <p class='ocr_par' dir='ltr' id='par_1_46' title="bbox 2072 1472 3656 1558">
     <span class='ocr_line' id='line_1_47' title="bbox 2072 1472 3656 1558; baseline 0.012 -33"><span class='ocrx_word' id='word_1_333' title='bbox 2072 1472 2212 1527; x_wconf 88' lang='lat' dir='ltr'><strong>idem</strong></span> <span class='ocrx_word' id='word_1_334' title='bbox 2240 1475 2353 1543; x_wconf 89' lang='lat' dir='ltr'><strong>ipse</strong></span> <span class='ocrx_word' id='word_1_335' title='bbox 2376 1474 2517 1534; x_wconf 88' lang='lat' dir='ltr'><strong>Dens</strong></span> <span class='ocrx_word' id='word_1_336' title='bbox 2543 1478 3001 1552; x_wconf 86' lang='lat' dir='ltr'><strong>quihomo,etqui</strong></span> <span class='ocrx_word' id='word_1_337' title='bbox 3028 1483 3189 1539; x_wconf 90' lang='lat' dir='ltr'><strong>homo</strong></span> <span class='ocrx_word' id='word_1_338' title='bbox 3217 1484 3379 1552; x_wconf 85' lang='lat' dir='ltr'><strong>Deus;</strong></span> <span class='ocrx_word' id='word_1_339' title='bbox 3405 1497 3656 1558; x_wconf 85' lang='lat' dir='ltr'><strong>propter-</strong></span> 
     </span>
    </p>
   </div>
   <div class='ocr_carea' id='block_1_47' title="bbox 2071 1566 3655 1644">
    <p class='ocr_par' dir='ltr' id='par_1_47' title="bbox 2071 1566 3655 1644">
     <span class='ocr_line' id='line_1_48' title="bbox 2071 1566 3655 1644; baseline 0.011 -26"><span class='ocrx_word' id='word_1_340' title='bbox 2071 1580 2133 1619; x_wconf 88' lang='lat' dir='ltr'><strong>ea</strong></span> <span class='ocrx_word' id='word_1_341' title='bbox 2189 1566 2531 1622; x_wconf 84' lang='lat' dir='ltr'><strong>sanctissima</strong></span> <span class='ocrx_word' id='word_1_342' title='bbox 2570 1568 2734 1639; x_wconf 84' lang='lat' dir='ltr'><strong>Virgo</strong></span> <span class='ocrx_word' id='word_1_343' title='bbox 2762 1584 2882 1640; x_wconf 74' lang='lat' dir='ltr'><strong>quae</strong></span> <span class='ocrx_word' id='word_1_344' title='bbox 2918 1582 2967 1627; x_wconf 91' lang='lat' dir='ltr'><strong>te</strong></span> <span class='ocrx_word' id='word_1_345' title='bbox 3003 1575 3265 1644; x_wconf 86' lang='lat' dir='ltr'><strong>portavit,</strong></span> <span class='ocrx_word' id='word_1_346' title='bbox 3297 1576 3368 1631; x_wconf 84' lang='lat' dir='ltr'><strong>ab</strong></span> <span class='ocrx_word' id='word_1_347' title='bbox 3398 1578 3655 1636; x_wconf 85' lang='lat' dir='ltr'><strong>omnibus</strong></span> 
     </span>
    </p>
   </div>
   <div class='ocr_carea' id='block_1_48' title="bbox 2073 1657 3655 1736">
    <p class='ocr_par' dir='ltr' id='par_1_48' title="bbox 2073 1657 3655 1736">
     <span class='ocr_line' id='line_1_49' title="bbox 2073 1657 3655 1736; baseline 0.011 -26"><span class='ocrx_word' id='word_1_348' title='bbox 2073 1657 2318 1714; x_wconf 80' lang='lat' dir='ltr'><strong>fidelibus</strong></span> <span class='ocrx_word' id='word_1_349' title='bbox 2371 1662 2613 1731; x_wconf 66' lang='grc' dir='ltr'><strong>Θεᾳτὸκος</strong></span> <span class='ocrx_word' id='word_1_350' title='bbox 2660 1664 2990 1731; x_wconf 65' lang='lat' dir='ltr'><strong>praedicatur</strong></span> <span class='ocrx_word' id='word_1_351' title='bbox 3032 1674 3088 1723; x_wconf 89' lang='lat' dir='ltr'><strong>et</strong></span> <span class='ocrx_word' id='word_1_352' title='bbox 3132 1669 3391 1736; x_wconf 90' lang='lat' dir='ltr'><strong>creditur,</strong></span> <span class='ocrx_word' id='word_1_353' title='bbox 3415 1670 3519 1726; x_wconf 90' lang='lat' dir='ltr'><strong>hoc</strong></span> <span class='ocrx_word' id='word_1_354' title='bbox 3572 1681 3655 1726; x_wconf 87' lang='lat' dir='ltr'><strong>est</strong></span> 
     </span>
    </p>
   </div>
   <div class='ocr_carea' id='block_1_49' title="bbox 2070 1747 3656 1829">
    <p class='ocr_par' dir='ltr' id='par_1_49' title="bbox 2070 1747 3656 1829">
     <span class='ocr_line' id='line_1_50' title="bbox 2070 1747 3656 1829; baseline 0.011 -29"><span class='ocrx_word' id='word_1_355' title='bbox 2070 1747 2236 1811; x_wconf 74' lang='lat' dir='ltr'><strong>Mater</strong></span> <span class='ocrx_word' id='word_1_356' title='bbox 2264 1750 2376 1804; x_wconf 83' lang='lat' dir='ltr'><strong>Dei.</strong></span> <span class='ocrx_word' id='word_1_357' title='bbox 2411 1751 2476 1813; x_wconf 82' lang='lat' dir='ltr'><strong>Et</strong></span> <span class='ocrx_word' id='word_1_358' title='bbox 2500 1752 2626 1821; x_wconf 84' lang='lat' dir='ltr'><strong>quia</strong></span> <span class='ocrx_word' id='word_1_359' title='bbox 2653 1761 2713 1817; x_wconf 82' lang='lat' dir='ltr'><strong>tu</strong></span> <span class='ocrx_word' id='word_1_360' title='bbox 2734 1769 2838 1811; x_wconf 91' lang='lat' dir='ltr'><strong>non</strong></span> <span class='ocrx_word' id='word_1_361' title='bbox 2870 1756 3009 1812; x_wconf 89' lang='lat' dir='ltr'><strong>alter</strong></span> <span class='ocrx_word' id='word_1_362' title='bbox 3033 1756 3203 1814; x_wconf 76' lang='lat' dir='ltr'><strong>Filius</strong></span> <span class='ocrx_word' id='word_1_363' title='bbox 3252 1760 3371 1829; x_wconf 90' lang='lat' dir='ltr'><strong>Dei,</strong></span> <span class='ocrx_word' id='word_1_364' title='bbox 3398 1762 3542 1817; x_wconf 86' lang='lat' dir='ltr'><strong>alter</strong></span> <span class='ocrx_word' id='word_1_365' title='bbox 3569 1763 3656 1819; x_wconf 80' lang='lat' dir='ltr'><strong>Fi-</strong></span> 
     </span>
    </p>
   </div>
   <div class='ocr_carea' id='block_1_50' title="bbox 2069 1843 3653 1924">
    <p class='ocr_par' dir='ltr' id='par_1_50' title="bbox 2069 1843 3653 1924">
     <span class='ocr_line' id='line_1_51' title="bbox 2069 1843 3653 1924; baseline 0.011 -28"><span class='ocrx_word' id='word_1_366' title='bbox 2069 1843 2173 1898; x_wconf 89' lang='lat' dir='ltr'><strong>lius</strong></span> <span class='ocrx_word' id='word_1_367' title='bbox 2202 1844 2463 1913; x_wconf 83' lang='lat' dir='ltr'><strong>hominis,</strong></span> <span class='ocrx_word' id='word_1_368' title='bbox 2487 1844 2581 1901; x_wconf 88' lang='lat' dir='ltr'><strong>sed</strong></span> <span class='ocrx_word' id='word_1_369' title='bbox 2615 1855 2670 1903; x_wconf 90' lang='lat' dir='ltr'><strong>tu</strong></span> <span class='ocrx_word' id='word_1_370' title='bbox 2700 1848 2841 1904; x_wconf 86' lang='lat' dir='ltr'><strong>idem</strong></span> <span class='ocrx_word' id='word_1_371' title='bbox 2869 1851 2982 1920; x_wconf 85' lang='lat' dir='ltr'><strong>ipse</strong></span> <span class='ocrx_word' id='word_1_372' title='bbox 3011 1850 3182 1907; x_wconf 80' lang='lat' dir='ltr'><strong>Filius</strong></span> <span class='ocrx_word' id='word_1_373' title='bbox 3207 1852 3326 1920; x_wconf 82' lang='lat' dir='ltr'><strong>Dei,</strong></span> <span class='ocrx_word' id='word_1_374' title='bbox 3349 1854 3441 1924; x_wconf 84' lang='lat' dir='ltr'><strong>qui</strong></span> <span class='ocrx_word' id='word_1_375' title='bbox 3484 1854 3653 1915; x_wconf 83' lang='lat' dir='ltr'><strong>Filius</strong></span> 
     </span>
    </p>
   </div>
   <div class='ocr_carea' id='block_1_51' title="bbox 2066 1933 3652 2011">
    <p class='ocr_par' dir='ltr' id='par_1_51' title="bbox 2066 1933 3652 2011">
     <span class='ocr_line' id='line_1_52' title="bbox 2066 1933 3652 2011; baseline 0.007 -23"><span class='ocrx_word' id='word_1_376' title='bbox 2066 1933 2302 1989; x_wconf 83' lang='lat' dir='ltr'><strong>hominis</strong></span> <span class='ocrx_word' id='word_1_377' title='bbox 2321 1935 2628 2004; x_wconf 88' lang='lat' dir='ltr'><strong>passionem</strong></span> <span class='ocrx_word' id='word_1_378' title='bbox 2676 1947 2731 1993; x_wconf 92' lang='lat' dir='ltr'><strong>et</strong></span> <span class='ocrx_word' id='word_1_379' title='bbox 2792 1949 3021 1994; x_wconf 88' lang='lat' dir='ltr'><strong>mortem</strong></span> <span class='ocrx_word' id='word_1_380' title='bbox 3067 1956 3165 2011; x_wconf 89' lang='lat' dir='ltr'><strong>pro</strong></span> <span class='ocrx_word' id='word_1_381' title='bbox 3207 1942 3381 1997; x_wconf 88' lang='lat' dir='ltr'><strong>salute</strong></span> <span class='ocrx_word' id='word_1_382' title='bbox 3429 1943 3652 1999; x_wconf 79' lang='lat' dir='ltr'><strong>humani</strong></span> 
     </span>
    </p>
   </div>
   <div class='ocr_carea' id='block_1_52' title="bbox 2066 2026 3651 2097">
    <p class='ocr_par' dir='ltr' id='par_1_52' title="bbox 2066 2026 3651 2097">
     <span class='ocr_line' id='line_1_53' title="bbox 2066 2026 3651 2097; baseline 0.006 -19"><span class='ocrx_word' id='word_1_383' title='bbox 2066 2026 2598 2097; x_wconf 83' lang='lat' dir='ltr'><strong>generlssuscepisti,</strong></span> <span class='ocrx_word' id='word_1_384' title='bbox 2628 2044 2735 2083; x_wconf 86' lang='lat' dir='ltr'><strong>non</strong></span> <span class='ocrx_word' id='word_1_385' title='bbox 2770 2030 2820 2082; x_wconf 91' lang='lat' dir='ltr'><strong>in</strong></span> <span class='ocrx_word' id='word_1_386' title='bbox 2866 2040 3059 2085; x_wconf 89' lang='lat' dir='ltr'><strong>natura</strong></span> <span class='ocrx_word' id='word_1_387' title='bbox 3092 2031 3329 2097; x_wconf 83' lang='lat' dir='ltr'><strong>deitatis,</strong></span> <span class='ocrx_word' id='word_1_388' title='bbox 3352 2033 3445 2088; x_wconf 80' lang='lat' dir='ltr'><strong>sed</strong></span> <span class='ocrx_word' id='word_1_389' title='bbox 3478 2034 3533 2086; x_wconf 89' lang='lat' dir='ltr'><strong>in</strong></span> <span class='ocrx_word' id='word_1_390' title='bbox 3559 2050 3651 2087; x_wconf 83' lang='lat' dir='ltr'><strong>na-</strong></span> 
     </span>
    </p>
   </div>
   <div class='ocr_carea' id='block_1_53' title="bbox 2065 2116 3649 2193">
    <p class='ocr_par' dir='ltr' id='par_1_53' title="bbox 2065 2116 3649 2193">
     <span class='ocr_line' id='line_1_54' title="bbox 2065 2116 3649 2193; baseline 0.008 -24"><span class='ocrx_word' id='word_1_391' title='bbox 2065 2124 2183 2170; x_wconf 84' lang='lat' dir='ltr'><strong>tura</strong></span> <span class='ocrx_word' id='word_1_392' title='bbox 2223 2116 2615 2186; x_wconf 86' lang='lat' dir='ltr'><strong>humanitatis;</strong></span> <span class='ocrx_word' id='word_1_393' title='bbox 2650 2126 2702 2173; x_wconf 93' lang='lat' dir='ltr'><strong>tu</strong></span> <span class='ocrx_word' id='word_1_394' title='bbox 2755 2120 2895 2176; x_wconf 91' lang='lat' dir='ltr'><strong>idem</strong></span> <span class='ocrx_word' id='word_1_395' title='bbox 2947 2121 3083 2191; x_wconf 90' lang='lat' dir='ltr'><strong>ipse,</strong></span> <span class='ocrx_word' id='word_1_396' title='bbox 3110 2136 3217 2176; x_wconf 90' lang='lat' dir='ltr'><strong>non</strong></span> <span class='ocrx_word' id='word_1_397' title='bbox 3240 2121 3377 2178; x_wconf 89' lang='lat' dir='ltr'><strong>alter</strong></span> <span class='ocrx_word' id='word_1_398' title='bbox 3423 2133 3649 2193; x_wconf 70' lang='lat' dir='ltr'><strong>propter</strong></span> 
     </span>
    </p>
   </div>
   <div class='ocr_carea' id='block_1_54' title="bbox 2063 2208 3649 2281">
    <p class='ocr_par' dir='ltr' id='par_1_54' title="bbox 2063 2208 3649 2281">
     <span class='ocr_line' id='line_1_55' title="bbox 2063 2208 3649 2281; baseline 0.006 -18"><span class='ocrx_word' id='word_1_399' title='bbox 2063 2208 2376 2266; x_wconf 84' lang='lat' dir='ltr'><strong>distantiam</strong></span> <span class='ocrx_word' id='word_1_400' title='bbox 2400 2221 2626 2281; x_wconf 59' lang='lat' dir='ltr'><strong>naturae,</strong></span> <span class='ocrx_word' id='word_1_401' title='bbox 2674 2213 2816 2269; x_wconf 86' lang='lat' dir='ltr'><strong>sicut</strong></span> <span class='ocrx_word' id='word_1_402' title='bbox 2862 2230 2962 2271; x_wconf 89' lang='lat' dir='ltr'><strong>nec</strong></span> <span class='ocrx_word' id='word_1_403' title='bbox 3010 2231 3116 2278; x_wconf 83' lang='lat' dir='ltr'><strong>una</strong></span> <span class='ocrx_word' id='word_1_404' title='bbox 3166 2225 3358 2275; x_wconf 71' lang='lat' dir='ltr'><strong>natura</strong></span> <span class='ocrx_word' id='word_1_405' title='bbox 3408 2217 3649 2281; x_wconf 75' lang='lat' dir='ltr'><strong>existens</strong></span> 
     </span>
    </p>
   </div>
   <div class='ocr_carea' id='block_1_55' title="bbox 2062 2307 2877 2377">
    <p class='ocr_par' dir='ltr' id='par_1_55' title="bbox 2062 2307 2877 2377">
     <span class='ocr_line' id='line_1_56' title="bbox 2062 2307 2877 2377; baseline 0.011 -20"><span class='ocrx_word' id='word_1_406' title='bbox 2062 2314 2284 2375; x_wconf 87' lang='lat' dir='ltr'><strong>propter</strong></span> <span class='ocrx_word' id='word_1_407' title='bbox 2321 2307 2583 2369; x_wconf 85' lang='lat' dir='ltr'><strong>unitatem</strong></span> <span class='ocrx_word' id='word_1_408' title='bbox 2615 2322 2877 2377; x_wconf 75' lang='lat' dir='ltr'><strong>personae.</strong></span> 
     </span>
    </p>
   </div>
   <div class='ocr_carea' id='block_1_56' title="bbox 2133 2412 3650 2493">
    <p class='ocr_par' dir='ltr' id='par_1_56' title="bbox 2133 2412 3650 2493">
     <span class='ocr_line' id='line_1_57' title="bbox 2133 2412 3650 2493; baseline 0.008 -26"><span class='ocrx_word' id='word_1_409' title='bbox 2133 2412 2227 2469; x_wconf 84' lang='lat' dir='ltr'><strong>Est</strong></span> <span class='ocrx_word' id='word_1_410' title='bbox 2251 2416 2453 2481; x_wconf 89' lang='lat' dir='ltr'><strong>adhuc,</strong></span> <span class='ocrx_word' id='word_1_411' title='bbox 2493 2417 2806 2475; x_wconf 86' lang='lat' dir='ltr'><strong>dulcissime</strong></span> <span class='ocrx_word' id='word_1_412' title='bbox 2828 2418 3055 2477; x_wconf 85' lang='lat' dir='ltr'><strong>Domine</strong></span> <span class='ocrx_word' id='word_1_413' title='bbox 3082 2419 3211 2477; x_wconf 68' lang='lat' dir='ltr'><strong>Iesu</strong></span> <span class='ocrx_word' id='word_1_414' title='bbox 3234 2420 3475 2488; x_wconf 86' lang='lat' dir='ltr'><strong>Christe,</strong></span> <span class='ocrx_word' id='word_1_415' title='bbox 3501 2425 3650 2493; x_wconf 85' lang='lat' dir='ltr'><strong>quod</strong></span> 
     </span>
    </p>
   </div>
   <div class='ocr_carea' id='block_1_57' title="bbox 2061 2506 3641 2584">
    <p class='ocr_par' dir='ltr' id='par_1_57' title="bbox 2061 2506 3641 2584">
     <span class='ocr_line' id='line_1_58' title="bbox 2061 2506 3641 2584; baseline 0.005 -24"><span class='ocrx_word' id='word_1_416' title='bbox 2061 2506 2128 2560; x_wconf 91' lang='lat' dir='ltr'><strong>de</strong></span> <span class='ocrx_word' id='word_1_417' title='bbox 2149 2506 2404 2564; x_wconf 77' lang='lat' dir='ltr'><strong>ineﬂ‘abili</strong></span> <span class='ocrx_word' id='word_1_418' title='bbox 2428 2510 2699 2570; x_wconf 84' lang='lat' dir='ltr'><strong>charitate</strong></span> <span class='ocrx_word' id='word_1_419' title='bbox 2747 2526 2849 2580; x_wconf 90' lang='lat' dir='ltr'><strong>qua</strong></span> <span class='ocrx_word' id='word_1_420' title='bbox 2891 2528 2989 2568; x_wconf 88' lang='lat' dir='ltr'><strong>nos</strong></span> <span class='ocrx_word' id='word_1_421' title='bbox 3018 2512 3217 2584; x_wconf 79' lang='lat' dir='ltr'><strong>diligis,</strong></span> <span class='ocrx_word' id='word_1_422' title='bbox 3250 2514 3490 2582; x_wconf 82' lang='lat' dir='ltr'><strong>cogitare</strong></span> <span class='ocrx_word' id='word_1_423' title='bbox 3514 2530 3641 2584; x_wconf 88' lang='lat' dir='ltr'><strong>pos-</strong></span> 
     </span>
    </p>
   </div>
   <div class='ocr_carea' id='block_1_58' title="bbox 2059 2606 3640 2680">
    <p class='ocr_par' dir='ltr' id='par_1_58' title="bbox 2059 2606 3640 2680">
     <span class='ocr_line' id='line_1_59' title="bbox 2059 2606 3640 2680; baseline 0.003 -22"><span class='ocrx_word' id='word_1_424' title='bbox 2059 2618 2246 2660; x_wconf 89' lang='lat' dir='ltr'><strong>sumus</strong></span> <span class='ocrx_word' id='word_1_425' title='bbox 2269 2613 2325 2661; x_wconf 90' lang='lat' dir='ltr'><strong>et</strong></span> <span class='ocrx_word' id='word_1_426' title='bbox 2343 2606 2601 2663; x_wconf 84' lang='lat' dir='ltr'><strong>debemus</strong></span> <span class='ocrx_word' id='word_1_427' title='bbox 2623 2611 2763 2678; x_wconf 91' lang='lat' dir='ltr'><strong>quod</strong></span> <span class='ocrx_word' id='word_1_428' title='bbox 2789 2609 2944 2663; x_wconf 89' lang='lat' dir='ltr'><strong>nobis</strong></span> <span class='ocrx_word' id='word_1_429' title='bbox 2995 2608 3213 2663; x_wconf 87' lang='lat' dir='ltr'><strong>miseris</strong></span> <span class='ocrx_word' id='word_1_430' title='bbox 3242 2609 3640 2680; x_wconf 81' lang='lat' dir='ltr'><strong>peccatoribus,</strong></span> 
     </span>
    </p>
   </div>
   <div class='ocr_carea' id='block_1_59' title="bbox 2061 2694 3645 2773">
    <p class='ocr_par' dir='ltr' id='par_1_59' title="bbox 2061 2694 3645 2773">
     <span class='ocr_line' id='line_1_60' title="bbox 2061 2694 3645 2773; baseline 0.004 -24"><span class='ocrx_word' id='word_1_431' title='bbox 2061 2694 2398 2753; x_wconf 64' lang='lat' dir='ltr'><strong>adind’cium</strong></span> <span class='ocrx_word' id='word_1_432' title='bbox 2440 2709 2542 2754; x_wconf 83' lang='lat' dir='ltr'><strong>tuae</strong></span> <span class='ocrx_word' id='word_1_433' title='bbox 2564 2715 2771 2772; x_wconf 68' lang='lat' dir='ltr'><strong>magna:</strong></span> <span class='ocrx_word' id='word_1_434' title='bbox 2822 2700 3145 2765; x_wconf 89' lang='lat' dir='ltr'><strong>dilectionis,</strong></span> <span class='ocrx_word' id='word_1_435' title='bbox 3169 2700 3221 2754; x_wconf 93' lang='lat' dir='ltr'><strong>in</strong></span> <span class='ocrx_word' id='word_1_436' title='bbox 3268 2701 3367 2756; x_wconf 88' lang='lat' dir='ltr'><strong>hoc</strong></span> <span class='ocrx_word' id='word_1_437' title='bbox 3386 2701 3645 2773; x_wconf 80' lang='lat' dir='ltr'><strong>mysterio</strong></span> 
     </span>
    </p>
   </div>
   <div class='ocr_carea' id='block_1_60' title="bbox 2061 2788 3642 2863">
    <p class='ocr_par' dir='ltr' id='par_1_60' title="bbox 2061 2788 3642 2863">
     <span class='ocr_line' id='line_1_61' title="bbox 2061 2788 3642 2863; baseline 0.004 -22"><span class='ocrx_word' id='word_1_438' title='bbox 2061 2788 2137 2842; x_wconf 90' lang='lat' dir='ltr'><strong>tui</strong></span> <span class='ocrx_word' id='word_1_439' title='bbox 2168 2789 2411 2859; x_wconf 86' lang='lat' dir='ltr'><strong>corporis</strong></span> <span class='ocrx_word' id='word_1_440' title='bbox 2432 2801 2486 2846; x_wconf 91' lang='lat' dir='ltr'><strong>et</strong></span> <span class='ocrx_word' id='word_1_441' title='bbox 2505 2793 2785 2863; x_wconf 70' lang='lat' dir='ltr'><strong>sanguinis</strong></span> <span class='ocrx_word' id='word_1_442' title='bbox 2815 2792 3076 2848; x_wconf 87' lang='lat' dir='ltr'><strong>ostendis.</strong></span> <span class='ocrx_word' id='word_1_443' title='bbox 3100 2792 3233 2848; x_wconf 85' lang='lat' dir='ltr'><strong>Cum</strong></span> <span class='ocrx_word' id='word_1_444' title='bbox 3261 2793 3455 2863; x_wconf 82' lang='lat' dir='ltr'><strong>aliquis</strong></span> <span class='ocrx_word' id='word_1_445' title='bbox 3478 2792 3642 2847; x_wconf 88' lang='lat' dir='ltr'><strong>homo</strong></span> 
     </span>
    </p>
   </div>
   <div class='ocr_carea' id='block_1_61' title="bbox 2058 2876 3641 2955">
    <p class='ocr_par' dir='ltr' id='par_1_61' title="bbox 2058 2876 3641 2955">
     <span class='ocr_line' id='line_1_62' title="bbox 2058 2876 3641 2955; baseline 0.004 -24"><span class='ocrx_word' id='word_1_446' title='bbox 2058 2876 2285 2933; x_wconf 86' lang='lat' dir='ltr'><strong>alterum</strong></span> <span class='ocrx_word' id='word_1_447' title='bbox 2315 2879 2611 2949; x_wconf 85' lang='lat' dir='ltr'><strong>hominem,</strong></span> <span class='ocrx_word' id='word_1_448' title='bbox 2650 2883 2807 2938; x_wconf 88' lang='lat' dir='ltr'><strong>sicuti</strong></span> <span class='ocrx_word' id='word_1_449' title='bbox 2838 2883 2956 2953; x_wconf 89' lang='lat' dir='ltr'><strong>plus</strong></span> <span class='ocrx_word' id='word_1_450' title='bbox 2976 2891 3174 2953; x_wconf 87' lang='lat' dir='ltr'><strong>potest,</strong></span> <span class='ocrx_word' id='word_1_451' title='bbox 3208 2883 3409 2955; x_wconf 80' lang='lat' dir='ltr'><strong>diligit;</strong></span> <span class='ocrx_word' id='word_1_452' title='bbox 3442 2898 3641 2954; x_wconf 67' lang='lat' dir='ltr'><strong>praeter</strong></span> 
     </span>
    </p>
   </div>
   <div class='ocr_carea' id='block_1_62' title="bbox 2058 2967 3645 3044">
    <p class='ocr_par' dir='ltr' id='par_1_62' title="bbox 2058 2967 3645 3044">
     <span class='ocr_line' id='line_1_63' title="bbox 2058 2967 3645 3044; baseline 0.004 -22"><span class='ocrx_word' id='word_1_453' title='bbox 2058 2967 2184 3031; x_wconf 88' lang='lat' dir='ltr'><strong>alia,</strong></span> <span class='ocrx_word' id='word_1_454' title='bbox 2224 2969 2274 3022; x_wconf 92' lang='lat' dir='ltr'><strong>vi</strong></span> <span class='ocrx_word' id='word_1_455' title='bbox 2301 2968 2603 3027; x_wconf 88' lang='lat' dir='ltr'><strong>dilectionis</strong></span> <span class='ocrx_word' id='word_1_456' title='bbox 2631 2971 2855 3028; x_wconf 82' lang='lat' dir='ltr'><strong>forsitan</strong></span> <span class='ocrx_word' id='word_1_457' title='bbox 2885 2980 3062 3044; x_wconf 88' lang='lat' dir='ltr'><strong>potest</strong></span> <span class='ocrx_word' id='word_1_458' title='bbox 3088 2989 3190 3044; x_wconf 87' lang='lat' dir='ltr'><strong>pro</strong></span> <span class='ocrx_word' id='word_1_459' title='bbox 3215 2988 3279 3028; x_wconf 93' lang='lat' dir='ltr'><strong>eo</strong></span> <span class='ocrx_word' id='word_1_460' title='bbox 3305 2975 3461 3039; x_wconf 91' lang='lat' dir='ltr'><strong>mori,</strong></span> <span class='ocrx_word' id='word_1_461' title='bbox 3488 2974 3536 3028; x_wconf 85' lang='lat' dir='ltr'><strong>si</strong></span> <span class='ocrx_word' id='word_1_462' title='bbox 3571 2976 3645 3029; x_wconf 74' lang='lat' dir='ltr'><strong>ita</strong></span> 
     </span>
    </p>
   </div>
   <div class='ocr_carea' id='block_1_63' title="bbox 369 3057 3643 3157">
    <p class='ocr_par' dir='ltr' id='par_1_63' title="bbox 369 3057 3643 3157">
     <span class='ocr_line' id='line_1_64' title="bbox 369 3057 3643 3157; baseline 0.011 -26"><span class='ocrx_word' id='word_1_463' title='bbox 369 3092 399 3131; x_wconf 90' lang='lat' dir='ltr'><strong>a</strong></span> <span class='ocrx_word' id='word_1_464' title='bbox 433 3077 587 3133; x_wconf 82' lang='lat' dir='ltr'><strong>nobis</strong></span> <span class='ocrx_word' id='word_1_465' title='bbox 638 3057 766 3150; x_wconf 75' lang='lat' dir='ltr'><strong>ipsis</strong></span> <span class='ocrx_word' id='word_1_466' title='bbox 814 3057 916 3137; x_wconf 88' lang='lat' dir='ltr'><strong>nisi</strong></span> <span class='ocrx_word' id='word_1_467' title='bbox 943 3057 990 3136; x_wconf 57' lang='grc' dir='ltr'><strong>ἰι</strong></span> <span class='ocrx_word' id='word_1_468' title='bbox 1026 3093 1078 3139; x_wconf 89' lang='lat' dir='ltr'><strong>te</strong></span> <span class='ocrx_word' id='word_1_469' title='bbox 1122 3057 1403 3157; x_wconf 68' lang='lat' dir='ltr'><strong>habemus.</strong></span> <span class='ocrx_word' id='word_1_470' title='bbox 1467 3057 1784 3145; x_wconf 53' lang='lat' dir='ltr'><strong>Proximun:</strong></span> <span class='ocrx_word' id='word_1_471' title='bbox 1814 3057 1952 3149; x_wconf 71' lang='lat' dir='ltr'><strong>vero</strong></span> <span class='ocrx_word' id='word_1_472' title='bbox 1981 3077 2025 3139; x_wconf 70' lang='grc' dir='ltr'>Ο</span> <span class='ocrx_word' id='word_1_473' title='bbox 2055 3057 2274 3114; x_wconf 53' lang='lat' dir='ltr'><strong>(medio</strong></span> <span class='ocrx_word' id='word_1_474' title='bbox 2292 3060 2485 3157; x_wconf 50' lang='grc' dir='ltr'><strong>θξξδίιδ</strong></span> <span class='ocrx_word' id='word_1_475' title='bbox 2518 3062 2661 3157; x_wconf 38' lang='lat' dir='ltr'><strong>qugd</strong></span> <span class='ocrx_word' id='word_1_476' title='bbox 2689 3072 2864 3157; x_wconf 59' lang='lat' dir='ltr'><strong>“&#39;&quot;le&quot;</strong></span> <span class='ocrx_word' id='word_1_477' title='bbox 2898 3078 3044 3157; x_wconf 25' lang='lat' dir='ltr'><strong>cram</strong></span> <span class='ocrx_word' id='word_1_478' title='bbox 3069 3064 3264 3119; x_wconf 47' lang='lat' dir='ltr'><strong>nam“</strong></span> <span class='ocrx_word' id='word_1_479' title='bbox 3295 3073 3350 3119; x_wconf 58' lang='lat' dir='ltr'><strong>ul</strong></span> <span class='ocrx_word' id='word_1_480' title='bbox 3389 3064 3517 3134; x_wconf 69' lang='lat' dir='ltr'><strong>quis</strong></span> <span class='ocrx_word' id='word_1_481' title='bbox 3542 3066 3643 3120; x_wconf 53' lang='lat' dir='ltr'><strong>hoc</strong></span> 
     </span>
    </p>
   </div>
   <div class='ocr_carea' id='block_1_64' title="bbox 365 3173 1951 3255">
    <p class='ocr_par' dir='ltr' id='par_1_64' title="bbox 365 3173 1951 3255">
     <span class='ocr_line' id='line_1_65' title="bbox 365 3173 1951 3255; baseline 0.011 -31"><span class='ocrx_word' id='word_1_482' title='bbox 365 3177 616 3224; x_wconf 88' lang='lat' dir='ltr'><strong>nostrum</strong></span> <span class='ocrx_word' id='word_1_483' title='bbox 643 3180 698 3226; x_wconf 91' lang='lat' dir='ltr'><strong>et</strong></span> <span class='ocrx_word' id='word_1_484' title='bbox 726 3179 779 3226; x_wconf 83' lang='lat' dir='ltr'><strong>tu</strong></span> <span class='ocrx_word' id='word_1_485' title='bbox 805 3173 979 3237; x_wconf 80' lang='lat' dir='ltr'><strong>nobis,</strong></span> <span class='ocrx_word' id='word_1_486' title='bbox 1008 3175 1150 3231; x_wconf 72' lang='lat' dir='ltr'><strong>situt</strong></span> <span class='ocrx_word' id='word_1_487' title='bbox 1199 3193 1301 3254; x_wconf 67' lang='lat' dir='ltr'><strong>nos</strong></span> <span class='ocrx_word' id='word_1_488' title='bbox 1351 3179 1517 3253; x_wconf 61' lang='lat' dir='ltr'><strong>ipsos,</strong></span> <span class='ocrx_word' id='word_1_489' title='bbox 1553 3193 1700 3249; x_wconf 71' lang='lat' dir='ltr'><strong>tecte</strong></span> <span class='ocrx_word' id='word_1_490' title='bbox 1729 3184 1951 3255; x_wconf 79' lang='lat' dir='ltr'><strong>diligere</strong></span> 
     </span>
    </p>
   </div>
   <div class='ocr_carea' id='block_1_65' title="bbox 366 3260 1952 3344">
    <p class='ocr_par' dir='ltr' id='par_1_65' title="bbox 366 3260 1952 3344">
     <span class='ocr_line' id='line_1_66' title="bbox 366 3260 1952 3344; baseline 0.008 -31"><span class='ocrx_word' id='word_1_491' title='bbox 366 3260 636 3331; x_wconf 75' lang='lat' dir='ltr'><strong>praecipis,</strong></span> <span class='ocrx_word' id='word_1_492' title='bbox 661 3269 836 3318; x_wconf 85' lang='lat' dir='ltr'><strong>etnon</strong></span> <span class='ocrx_word' id='word_1_493' title='bbox 873 3273 1020 3333; x_wconf 87' lang='lat' dir='ltr'><strong>recte</strong></span> <span class='ocrx_word' id='word_1_494' title='bbox 1049 3266 1321 3339; x_wconf 81' lang='lat' dir='ltr'><strong>diligimus</strong></span> <span class='ocrx_word' id='word_1_495' title='bbox 1342 3284 1488 3336; x_wconf 88' lang='lat' dir='ltr'><strong>eum,</strong></span> <span class='ocrx_word' id='word_1_496' title='bbox 1518 3272 1657 3327; x_wconf 81' lang='lat' dir='ltr'><strong>sicut</strong></span> <span class='ocrx_word' id='word_1_497' title='bbox 1705 3275 1952 3344; x_wconf 69' lang='lat' dir='ltr'><strong>pra&#39;cipis</strong></span> 
     </span>
    </p>
   </div>
   <div class='ocr_carea' id='block_1_66' title="bbox 365 3340 1951 3442">
    <p class='ocr_par' dir='ltr' id='par_1_66' title="bbox 365 3340 1951 3442">
     <span class='ocr_line' id='line_1_67' title="bbox 365 3340 1951 3442; baseline 0.011 -40"><span class='ocrx_word' id='word_1_498' title='bbox 365 3340 491 3420; x_wconf 84' lang='lat' dir='ltr'><strong>quia</strong></span> <span class='ocrx_word' id='word_1_499' title='bbox 534 3353 728 3422; x_wconf 69' lang='lat' dir='ltr'><strong>aequali</strong></span> <span class='ocrx_word' id='word_1_500' title='bbox 776 3355 1066 3413; x_wconf 87' lang='lat' dir='ltr'><strong>dilectione</strong></span> <span class='ocrx_word' id='word_1_501' title='bbox 1095 3373 1194 3414; x_wconf 91' lang='lat' dir='ltr'><strong>nos</strong></span> <span class='ocrx_word' id='word_1_502' title='bbox 1242 3375 1433 3416; x_wconf 89' lang='lat' dir='ltr'><strong>omnes</strong></span> <span class='ocrx_word' id='word_1_503' title='bbox 1487 3364 1704 3428; x_wconf 82' lang='lat' dir='ltr'><strong>creasti,</strong></span> <span class='ocrx_word' id='word_1_504' title='bbox 1756 3366 1951 3442; x_wconf 72' lang='lat' dir='ltr'><strong>mquali</strong></span> 
     </span>
    </p>
   </div>
   <div class='ocr_carea' id='block_1_67' title="bbox 366 3440 1948 3526">
    <p class='ocr_par' dir='ltr' id='par_1_67' title="bbox 366 3440 1948 3526">
     <span class='ocr_line' id='line_1_68' title="bbox 366 3440 1948 3526; baseline 0.015 -35"><span class='ocrx_word' id='word_1_505' title='bbox 366 3440 653 3497; x_wconf 82' lang='lat' dir='ltr'><strong>dilectione</strong></span> <span class='ocrx_word' id='word_1_506' title='bbox 677 3458 777 3512; x_wconf 89' lang='lat' dir='ltr'><strong>pro</strong></span> <span class='ocrx_word' id='word_1_507' title='bbox 804 3447 1054 3504; x_wconf 88' lang='lat' dir='ltr'><strong>omnibus</strong></span> <span class='ocrx_word' id='word_1_508' title='bbox 1082 3451 1387 3523; x_wconf 82' lang='lat' dir='ltr'><strong>passionem</strong></span> <span class='ocrx_word' id='word_1_509' title='bbox 1434 3455 1741 3525; x_wconf 68' lang='lat' dir='ltr'><strong>suscepisti,</strong></span> <span class='ocrx_word' id='word_1_510' title='bbox 1765 3440 1948 3526; x_wconf 52' lang='lat' dir='ltr'><strong>aequa?</strong></span> 
     </span>
    </p>
   </div>
   <div class='ocr_carea' id='block_1_68' title="bbox 365 3527 1948 3612">
    <p class='ocr_par' dir='ltr' id='par_1_68' title="bbox 365 3527 1948 3612">
     <span class='ocr_line' id='line_1_69' title="bbox 365 3527 1948 3612; baseline 0.014 -31"><span class='ocrx_word' id='word_1_511' title='bbox 365 3527 491 3583; x_wconf 86' lang='lat' dir='ltr'><strong>liter</strong></span> <span class='ocrx_word' id='word_1_512' title='bbox 509 3531 761 3588; x_wconf 85' lang='lat' dir='ltr'><strong>omnibus</strong></span> <span class='ocrx_word' id='word_1_513' title='bbox 782 3534 948 3591; x_wconf 78' lang='lat' dir='ltr'><strong>vitam</strong></span> <span class='ocrx_word' id='word_1_514' title='bbox 995 3545 1256 3594; x_wconf 68' lang='lat' dir='ltr'><strong>aeternam</strong></span> <span class='ocrx_word' id='word_1_515' title='bbox 1294 3544 1636 3612; x_wconf 64' lang='lat' dir='ltr'><strong>praeparasti.</strong></span> <span class='ocrx_word' id='word_1_516' title='bbox 1668 3545 1742 3601; x_wconf 85' lang='lat' dir='ltr'><strong>Da</strong></span> <span class='ocrx_word' id='word_1_517' title='bbox 1773 3549 1948 3603; x_wconf 89' lang='lat' dir='ltr'><strong>omni-</strong></span> 
     </span>
    </p>
   </div>
   <div class='ocr_carea' id='block_1_69' title="bbox 364 3626 1945 3711">
    <p class='ocr_par' dir='ltr' id='par_1_69' title="bbox 364 3626 1945 3711">
     <span class='ocr_line' id='line_1_70' title="bbox 364 3626 1945 3711; baseline 0.014 -33"><span class='ocrx_word' id='word_1_518' title='bbox 364 3626 485 3693; x_wconf 77' lang='lat' dir='ltr'><strong>bus,</strong></span> <span class='ocrx_word' id='word_1_519' title='bbox 512 3628 931 3693; x_wconf 84' lang='lat' dir='ltr'><strong>clementissime</strong></span> <span class='ocrx_word' id='word_1_520' title='bbox 974 3633 1151 3700; x_wconf 82' lang='lat' dir='ltr'><strong>Pater,</strong></span> <span class='ocrx_word' id='word_1_521' title='bbox 1181 3638 1271 3706; x_wconf 91' lang='lat' dir='ltr'><strong>qui</strong></span> <span class='ocrx_word' id='word_1_522' title='bbox 1296 3638 1455 3694; x_wconf 84' lang='lat' dir='ltr'><strong>fidem</strong></span> <span class='ocrx_word' id='word_1_523' title='bbox 1486 3648 1688 3696; x_wconf 87' lang='lat' dir='ltr'><strong>rectam</strong></span> <span class='ocrx_word' id='word_1_524' title='bbox 1723 3643 1945 3711; x_wconf 74' lang='lat' dir='ltr'><strong>habent,</strong></span> 
     </span>
    </p>
   </div>
   <div class='ocr_carea' id='block_1_70' title="bbox 366 3724 1949 3799">
    <p class='ocr_par' dir='ltr' id='par_1_70' title="bbox 366 3724 1949 3799">
     <span class='ocr_line' id='line_1_71' title="bbox 366 3724 1949 3799; baseline 0.014 -30"><span class='ocrx_word' id='word_1_525' title='bbox 366 3727 512 3773; x_wconf 70' lang='lat' dir='ltr'><strong>recte</strong></span> <span class='ocrx_word' id='word_1_526' title='bbox 535 3728 590 3773; x_wconf 90' lang='lat' dir='ltr'><strong>et</strong></span> <span class='ocrx_word' id='word_1_527' title='bbox 619 3731 805 3778; x_wconf 88' lang='lat' dir='ltr'><strong>sancte</strong></span> <span class='ocrx_word' id='word_1_528' title='bbox 834 3724 1037 3790; x_wconf 85' lang='lat' dir='ltr'><strong>vivere,</strong></span> <span class='ocrx_word' id='word_1_529' title='bbox 1089 3742 1187 3784; x_wconf 89' lang='lat' dir='ltr'><strong>nec</strong></span> <span class='ocrx_word' id='word_1_530' title='bbox 1219 3729 1271 3782; x_wconf 93' lang='lat' dir='ltr'><strong>in</strong></span> <span class='ocrx_word' id='word_1_531' title='bbox 1304 3728 1411 3784; x_wconf 89' lang='lat' dir='ltr'><strong>ulla</strong></span> <span class='ocrx_word' id='word_1_532' title='bbox 1438 3729 1528 3761; x_wconf 63' lang='lat'><strong>“&#39;6</strong></span> <span class='ocrx_word' id='word_1_533' title='bbox 1554 3732 1776 3788; x_wconf 89' lang='lat' dir='ltr'><strong>omnino</strong></span> <span class='ocrx_word' id='word_1_534' title='bbox 1798 3749 1858 3790; x_wconf 90' lang='lat' dir='ltr'><strong>re</strong></span> <span class='ocrx_word' id='word_1_535' title='bbox 1878 3736 1949 3799; x_wconf 84' lang='lat' dir='ltr'><strong>ab</strong></span> 
     </span>
    </p>
   </div>
   <div class='ocr_carea' id='block_1_71' title="bbox 361 3809 1949 3897">
    <p class='ocr_par' dir='ltr' id='par_1_71' title="bbox 361 3809 1949 3897">
     <span class='ocr_line' id='line_1_72' title="bbox 361 3809 1949 3897; baseline 0.011 -34"><span class='ocrx_word' id='word_1_536' title='bbox 361 3809 447 3863; x_wconf 76' lang='lat' dir='ltr'><strong>his</strong></span> <span class='ocrx_word' id='word_1_537' title='bbox 472 3824 590 3878; x_wconf 74' lang='lat' dir='ltr'><strong>qua:</strong></span> <span class='ocrx_word' id='word_1_538' title='bbox 622 3813 868 3883; x_wconf 56' lang='lat' dir='ltr'><strong>praecipis</strong></span> <span class='ocrx_word' id='word_1_539' title='bbox 896 3815 1145 3883; x_wconf 82' lang='lat' dir='ltr'><strong>deviare;</strong></span> <span class='ocrx_word' id='word_1_540' title='bbox 1200 3818 1284 3875; x_wconf 89' lang='lat' dir='ltr'><strong>his</strong></span> <span class='ocrx_word' id='word_1_541' title='bbox 1314 3836 1443 3876; x_wconf 89' lang='lat' dir='ltr'><strong>vero</strong></span> <span class='ocrx_word' id='word_1_542' title='bbox 1491 3825 1583 3891; x_wconf 89' lang='lat' dir='ltr'><strong>qui</strong></span> <span class='ocrx_word' id='word_1_543' title='bbox 1625 3824 1859 3883; x_wconf 90' lang='lat' dir='ltr'><strong>nondum</strong></span> <span class='ocrx_word' id='word_1_544' title='bbox 1891 3826 1949 3897; x_wconf 72' lang='lat' dir='ltr'><strong>in</strong></span> 
     </span>
    </p>
   </div>
   <div class='ocr_carea' id='block_1_72' title="bbox 363 3898 1943 3981">
    <p class='ocr_par' dir='ltr' id='par_1_72' title="bbox 363 3898 1943 3981">
     <span class='ocr_line' id='line_1_73' title="bbox 363 3898 1943 3981; baseline 0.015 -32"><span class='ocrx_word' id='word_1_545' title='bbox 363 3910 413 3954; x_wconf 90' lang='lat' dir='ltr'><strong>te</strong></span> <span class='ocrx_word' id='word_1_546' title='bbox 442 3898 685 3967; x_wconf 84' lang='lat' dir='ltr'><strong>credunt,</strong></span> <span class='ocrx_word' id='word_1_547' title='bbox 720 3911 1009 3975; x_wconf 83' lang='lat' dir='ltr'><strong>antequam</strong></span> <span class='ocrx_word' id='word_1_548' title='bbox 1034 3908 1100 3965; x_wconf 91' lang='lat' dir='ltr'><strong>de</strong></span> <span class='ocrx_word' id='word_1_549' title='bbox 1129 3908 1233 3965; x_wconf 87' lang='lat' dir='ltr'><strong>hac</strong></span> <span class='ocrx_word' id='word_1_550' title='bbox 1283 3910 1397 3969; x_wconf 83' lang='lat' dir='ltr'><strong>vita</strong></span> <span class='ocrx_word' id='word_1_551' title='bbox 1436 3923 1650 3979; x_wconf 72' lang='lat' dir='ltr'><strong>ert-eant,</strong></span> <span class='ocrx_word' id='word_1_552' title='bbox 1681 3916 1747 3970; x_wconf 89' lang='lat' dir='ltr'><strong>da</strong></span> <span class='ocrx_word' id='word_1_553' title='bbox 1786 3916 1943 3981; x_wconf 77' lang='lat' dir='ltr'><strong>fidem</strong></span> 
     </span>
    </p>
   </div>
   <div class='ocr_carea' id='block_1_73' title="bbox 355 3990 1949 4073">
    <p class='ocr_par' dir='ltr' id='par_1_73' title="bbox 355 3990 1949 4073">
     <span class='ocr_line' id='line_1_74' title="bbox 355 3990 1949 4073; baseline 0.012 -30"><span class='ocrx_word' id='word_1_554' title='bbox 355 3998 414 4043; x_wconf 84' lang='lat' dir='ltr'><strong>et</strong></span> <span class='ocrx_word' id='word_1_555' title='bbox 435 3990 777 4048; x_wconf 83' lang='lat' dir='ltr'><strong>dilectionem</strong></span> <span class='ocrx_word' id='word_1_556' title='bbox 823 3997 1154 4053; x_wconf 88' lang='lat' dir='ltr'><strong>sanctissimi</strong></span> <span class='ocrx_word' id='word_1_557' title='bbox 1196 4000 1429 4056; x_wconf 85' lang='lat' dir='ltr'><strong>nominis</strong></span> <span class='ocrx_word' id='word_1_558' title='bbox 1463 4003 1536 4057; x_wconf 91' lang='lat' dir='ltr'><strong>tui</strong></span> <span class='ocrx_word' id='word_1_559' title='bbox 1564 4004 1861 4073; x_wconf 64' lang='lat' dir='ltr'><strong>suscipere,</strong></span> <span class='ocrx_word' id='word_1_560' title='bbox 1892 4013 1949 4062; x_wconf 88' lang='lat' dir='ltr'><strong>ct</strong></span> 
     </span>
    </p>
   </div>
   <div class='ocr_carea' id='block_1_74' title="bbox 357 4084 1947 4153">
    <p class='ocr_par' dir='ltr' id='par_1_74' title="bbox 357 4084 1947 4153">
     <span class='ocr_line' id='line_1_75' title="bbox 357 4084 1947 4153; baseline 0.011 -21"><span class='ocrx_word' id='word_1_561' title='bbox 357 4091 666 4151; x_wconf 86' lang='lat' dir='ltr'><strong>susceptam</strong></span> <span class='ocrx_word' id='word_1_562' title='bbox 688 4099 856 4153; x_wconf 83' lang='lat' dir='ltr'><strong>usque</strong></span> <span class='ocrx_word' id='word_1_563' title='bbox 886 4086 936 4140; x_wconf 92' lang='lat' dir='ltr'><strong>in</strong></span> <span class='ocrx_word' id='word_1_564' title='bbox 986 4084 1145 4142; x_wconf 81' lang='lat' dir='ltr'><strong>finem</strong></span> <span class='ocrx_word' id='word_1_565' title='bbox 1197 4098 1401 4145; x_wconf 83' lang='lat' dir='ltr'><strong>rectam</strong></span> <span class='ocrx_word' id='word_1_566' title='bbox 1434 4099 1489 4146; x_wconf 90' lang='lat' dir='ltr'><strong>et</strong></span> <span class='ocrx_word' id='word_1_567' title='bbox 1512 4093 1818 4150; x_wconf 86' lang='lat' dir='ltr'><strong>inviolatam</strong></span> <span class='ocrx_word' id='word_1_568' title='bbox 1851 4111 1947 4150; x_wconf 90' lang='lat' dir='ltr'><strong>cu-</strong></span> 
     </span>
    </p>
   </div>
   <div class='ocr_carea' id='block_1_75' title="bbox 357 4171 1951 4256">
    <p class='ocr_par' dir='ltr' id='par_1_75' title="bbox 357 4171 1951 4256">
     <span class='ocr_line' id='line_1_76' title="bbox 357 4171 1951 4256; baseline 0.011 -32"><span class='ocrx_word' id='word_1_569' title='bbox 357 4171 580 4226; x_wconf 83' lang='lat' dir='ltr'><strong>s&#39;odire.</strong></span> <span class='ocrx_word' id='word_1_570' title='bbox 625 4175 982 4249; x_wconf 85' lang='lat' dir='ltr'><strong>Sitomnibus</strong></span> <span class='ocrx_word' id='word_1_571' title='bbox 1010 4181 1146 4235; x_wconf 89' lang='lat' dir='ltr'><strong>vivis</strong></span> <span class='ocrx_word' id='word_1_572' title='bbox 1201 4191 1254 4236; x_wconf 90' lang='lat' dir='ltr'><strong>et</strong></span> <span class='ocrx_word' id='word_1_573' title='bbox 1293 4182 1562 4248; x_wconf 79' lang='lat' dir='ltr'><strong>defunctis</strong></span> <span class='ocrx_word' id='word_1_574' title='bbox 1616 4185 1951 4256; x_wconf 21' lang='lat' dir='ltr'><strong>sacrificium,</strong></span> 
     </span>
    </p>
   </div>
   <div class='ocr_carea' id='block_1_76' title="bbox 356 4264 1944 4349">
    <p class='ocr_par' dir='ltr' id='par_1_76' title="bbox 356 4264 1944 4349">
     <span class='ocr_line' id='line_1_77' title="bbox 356 4264 1944 4349; baseline 0.013 -34"><span class='ocrx_word' id='word_1_575' title='bbox 356 4264 431 4317; x_wconf 78' lang='lat' dir='ltr'><strong>tzi</strong></span> <span class='ocrx_word' id='word_1_576' title='bbox 455 4268 696 4335; x_wconf 83' lang='lat' dir='ltr'><strong>corporis</strong></span> <span class='ocrx_word' id='word_1_577' title='bbox 717 4278 770 4323; x_wconf 91' lang='lat' dir='ltr'><strong>et</strong></span> <span class='ocrx_word' id='word_1_578' title='bbox 792 4273 1069 4342; x_wconf 75' lang='lat' dir='ltr'><strong>sanguinis</strong></span> <span class='ocrx_word' id='word_1_579' title='bbox 1120 4274 1367 4329; x_wconf 90' lang='lat' dir='ltr'><strong>remissio</strong></span> <span class='ocrx_word' id='word_1_580' title='bbox 1395 4278 1634 4335; x_wconf 89' lang='lat' dir='ltr'><strong>omnium</strong></span> <span class='ocrx_word' id='word_1_581' title='bbox 1690 4290 1944 4349; x_wconf 79' lang='lat' dir='ltr'><strong>peccato-</strong></span> 
     </span>
    </p>
   </div>
   <div class='ocr_carea' id='block_1_77' title="bbox 356 4356 1938 4445">
    <p class='ocr_par' dir='ltr' id='par_1_77' title="bbox 356 4356 1938 4445">
     <span class='ocr_line' id='line_1_78' title="bbox 356 4356 1938 4445; baseline 0.013 -39"><span class='ocrx_word' id='word_1_582' title='bbox 356 4367 475 4408; x_wconf 83' lang='lat' dir='ltr'><strong>tum</strong></span> <span class='ocrx_word' id='word_1_583' title='bbox 506 4372 519 4408; x_wconf 90' lang='lat'><strong>:</strong></span> <span class='ocrx_word' id='word_1_584' title='bbox 547 4356 681 4412; x_wconf 86' lang='lat' dir='ltr'><strong>vivis</strong></span> <span class='ocrx_word' id='word_1_585' title='bbox 697 4361 935 4429; x_wconf 88' lang='lat' dir='ltr'><strong>quidem,</strong></span> <span class='ocrx_word' id='word_1_586' title='bbox 967 4363 1057 4433; x_wconf 86' lang='lat' dir='ltr'><strong>qui</strong></span> <span class='ocrx_word' id='word_1_587' title='bbox 1093 4372 1237 4428; x_wconf 82' lang='lat' dir='ltr'><strong>recte</strong></span> <span class='ocrx_word' id='word_1_588' title='bbox 1273 4365 1478 4433; x_wconf 89' lang='lat' dir='ltr'><strong>vivunt,</strong></span> <span class='ocrx_word' id='word_1_589' title='bbox 1510 4376 1590 4445; x_wconf 73' lang='lat' dir='ltr'><strong>et,</strong></span> <span class='ocrx_word' id='word_1_590' title='bbox 1631 4368 1675 4422; x_wconf 89' lang='lat' dir='ltr'><strong>si</strong></span> <span class='ocrx_word' id='word_1_591' title='bbox 1702 4369 1938 4439; x_wconf 72' lang='lat' dir='ltr'><strong>nondum</strong></span> 
     </span>
    </p>
   </div>
   <div class='ocr_carea' id='block_1_78' title="bbox 352 4440 1938 4530">
    <p class='ocr_par' dir='ltr' id='par_1_78' title="bbox 352 4440 1938 4530">
     <span class='ocr_line' id='line_1_79' title="bbox 352 4440 1938 4530; baseline 0.011 -38"><span class='ocrx_word' id='word_1_592' title='bbox 352 4449 500 4494; x_wconf 38' lang='lat' dir='ltr'><strong>recte</strong></span> <span class='ocrx_word' id='word_1_593' title='bbox 523 4442 727 4509; x_wconf 82' lang='lat' dir='ltr'><strong>vivunt,</strong></span> <span class='ocrx_word' id='word_1_594' title='bbox 753 4455 900 4500; x_wconf 75' lang='lat' dir='ltr'><strong>recte</strong></span> <span class='ocrx_word' id='word_1_595' title='bbox 922 4440 1250 4520; x_wconf 82' lang='lat' dir='ltr'><strong>quandoque</strong></span> <span class='ocrx_word' id='word_1_596' title='bbox 1280 4449 1460 4505; x_wconf 86' lang='lat' dir='ltr'><strong>vivere</strong></span> <span class='ocrx_word' id='word_1_597' title='bbox 1497 4440 1712 4530; x_wconf 73' lang='lat' dir='ltr'><strong>volunt;</strong></span> <span class='ocrx_word' id='word_1_598' title='bbox 1748 4454 1938 4520; x_wconf 88' lang='lat' dir='ltr'><strong>defun-</strong></span> 
     </span>
    </p>
   </div>
   <div class='ocr_carea' id='block_1_79' title="bbox 350 4532 1933 4614">
    <p class='ocr_par' dir='ltr' id='par_1_79' title="bbox 350 4532 1933 4614">
     <span class='ocr_line' id='line_1_80' title="bbox 350 4532 1933 4614; baseline 0.01 -30"><span class='ocrx_word' id='word_1_599' title='bbox 350 4545 383 4585; x_wconf 91' lang='lat' dir='ltr'><strong>o</strong></span> <span class='ocrx_word' id='word_1_600' title='bbox 412 4532 457 4585; x_wconf 87' lang='lat' dir='ltr'><strong>is</strong></span> <span class='ocrx_word' id='word_1_601' title='bbox 479 4542 680 4600; x_wconf 90' lang='lat' dir='ltr'><strong>autem,</strong></span> <span class='ocrx_word' id='word_1_602' title='bbox 740 4537 832 4606; x_wconf 90' lang='lat' dir='ltr'><strong>qui</strong></span> <span class='ocrx_word' id='word_1_603' title='bbox 876 4554 973 4608; x_wconf 84' lang='lat' dir='ltr'><strong>per</strong></span> <span class='ocrx_word' id='word_1_604' title='bbox 1022 4540 1123 4595; x_wconf 87' lang='lat' dir='ltr'><strong>hoc</strong></span> <span class='ocrx_word' id='word_1_605' title='bbox 1175 4540 1501 4614; x_wconf 78' lang='lat' dir='ltr'><strong>sacrificium</strong></span> <span class='ocrx_word' id='word_1_606' title='bbox 1548 4559 1606 4599; x_wconf 92' lang='lat' dir='ltr'><strong>se</strong></span> <span class='ocrx_word' id='word_1_607' title='bbox 1632 4553 1854 4613; x_wconf 83' lang='lat' dir='ltr'><strong>sperant</strong></span> <span class='ocrx_word' id='word_1_608' title='bbox 1879 4546 1933 4600; x_wconf 92' lang='lat' dir='ltr'><strong>in</strong></span> 
     </span>
    </p>
   </div>
   <div class='ocr_carea' id='block_1_80' title="bbox 357 4622 1934 4703">
    <p class='ocr_par' dir='ltr' id='par_1_80' title="bbox 357 4622 1934 4703">
     <span class='ocr_line' id='line_1_81' title="bbox 357 4622 1934 4703; baseline 0.01 -30"><span class='ocrx_word' id='word_1_609' title='bbox 357 4622 730 4680; x_wconf 83' lang='lat' dir='ltr'><strong>misericordia</strong></span> <span class='ocrx_word' id='word_1_610' title='bbox 765 4636 849 4679; x_wconf 89' lang='lat' dir='ltr'><strong>tua</strong></span> <span class='ocrx_word' id='word_1_611' title='bbox 872 4630 1121 4698; x_wconf 83' lang='lat' dir='ltr'><strong>accipere</strong></span> <span class='ocrx_word' id='word_1_612' title='bbox 1170 4630 1542 4703; x_wconf 88' lang='lat' dir='ltr'><strong>remissionem</strong></span> <span class='ocrx_word' id='word_1_613' title='bbox 1572 4650 1793 4693; x_wconf 84' lang='lat' dir='ltr'><strong>suarum</strong></span> <span class='ocrx_word' id='word_1_614' title='bbox 1831 4635 1934 4689; x_wconf 90' lang='lat' dir='ltr'><strong>ini-</strong></span> 
     </span>
    </p>
   </div>
   <div class='ocr_carea' id='block_1_81' title="bbox 352 4713 1931 4807">
    <p class='ocr_par' dir='ltr' id='par_1_81' title="bbox 352 4713 1931 4807">
     <span class='ocr_line' id='line_1_82' title="bbox 352 4713 1931 4807; baseline 0.009 -43"><span class='ocrx_word' id='word_1_615' title='bbox 352 4713 645 4782; x_wconf 80' lang='lat' dir='ltr'><strong>quitatem,</strong></span> <span class='ocrx_word' id='word_1_616' title='bbox 672 4723 868 4786; x_wconf 86' lang='lat' dir='ltr'><strong>etpost</strong></span> <span class='ocrx_word' id='word_1_617' title='bbox 899 4720 1013 4775; x_wconf 62' lang='lat' dir='ltr'><strong>haec</strong></span> <span class='ocrx_word' id='word_1_618' title='bbox 1034 4723 1319 4795; x_wconf 77' lang='lat' dir='ltr'><strong>pervenire</strong></span> <span class='ocrx_word' id='word_1_619' title='bbox 1355 4723 1420 4780; x_wconf 89' lang='lat' dir='ltr'><strong>ad</strong></span> <span class='ocrx_word' id='word_1_620' title='bbox 1463 4725 1687 4807; x_wconf 80' lang='lat' dir='ltr'><strong>gloriam</strong></span> <span class='ocrx_word' id='word_1_621' title='bbox 1729 4727 1931 4807; x_wconf 82' lang='lat' dir='ltr'><strong>sempi-</strong></span> 
     </span>
    </p>
   </div>
   <div class='ocr_carea' id='block_1_82' title="bbox 345 4803 1479 4880">
    <p class='ocr_par' dir='ltr' id='par_1_82' title="bbox 345 4803 1479 4880">
     <span class='ocr_line' id='line_1_83' title="bbox 345 4803 1479 4880; baseline 0.013 -21"><span class='ocrx_word' id='word_1_622' title='bbox 345 4812 559 4861; x_wconf 83' lang='lat' dir='ltr'><strong>ternam</strong></span> <span class='ocrx_word' id='word_1_623' title='bbox 594 4820 933 4880; x_wconf 76' lang='lat' dir='ltr'><strong>regnumque</strong></span> <span class='ocrx_word' id='word_1_624' title='bbox 957 4813 1238 4871; x_wconf 61' lang='lat' dir='ltr'><strong>caelorum.</strong></span> <span class='ocrx_word' id='word_1_625' title='bbox 1472 4803 1479 4811; x_wconf 67' lang='grc'><strong>’</strong></span> 
     </span>
    </p>
   </div>
   <div class='ocr_carea' id='block_1_83' title="bbox 2054 3152 3639 3228">
    <p class='ocr_par' dir='ltr' id='par_1_83' title="bbox 2054 3152 3639 3228">
     <span class='ocr_line' id='line_1_84' title="bbox 2054 3152 3639 3228; baseline 0.005 -23"><span class='ocrx_word' id='word_1_626' title='bbox 2054 3164 2153 3219; x_wconf 87' lang='lat' dir='ltr'><strong>pro</strong></span> <span class='ocrx_word' id='word_1_627' title='bbox 2179 3166 2279 3208; x_wconf 88' lang='lat' dir='ltr'><strong>suo</strong></span> <span class='ocrx_word' id='word_1_628' title='bbox 2300 3152 2499 3209; x_wconf 81' lang='lat' dir='ltr'><strong>dilecto</strong></span> <span class='ocrx_word' id='word_1_629' title='bbox 2526 3154 2653 3210; x_wconf 92' lang='lat' dir='ltr'><strong>velit</strong></span> <span class='ocrx_word' id='word_1_630' title='bbox 2696 3156 2827 3224; x_wconf 84' lang='lat' dir='ltr'><strong>pati.</strong></span> <span class='ocrx_word' id='word_1_631' title='bbox 2877 3155 3031 3223; x_wconf 85' lang='lat' dir='ltr'><strong>Quod</strong></span> <span class='ocrx_word' id='word_1_632' title='bbox 3071 3157 3117 3211; x_wconf 91' lang='lat' dir='ltr'><strong>si</strong></span> <span class='ocrx_word' id='word_1_633' title='bbox 3154 3172 3388 3228; x_wconf 88' lang='lat' dir='ltr'><strong>unquam</strong></span> <span class='ocrx_word' id='word_1_634' title='bbox 3431 3158 3639 3213; x_wconf 72' lang='lat' dir='ltr'><strong>amicus</strong></span> 
     </span>
    </p>
   </div>
   <div class='ocr_carea' id='block_1_84' title="bbox 2049 3248 3643 3325">
    <p class='ocr_par' dir='ltr' id='par_1_84' title="bbox 2049 3248 3643 3325">
     <span class='ocr_line' id='line_1_85' title="bbox 2049 3248 3643 3325; baseline 0.006 -24"><span class='ocrx_word' id='word_1_635' title='bbox 2049 3259 2149 3314; x_wconf 85' lang='lat' dir='ltr'><strong>pro</strong></span> <span class='ocrx_word' id='word_1_636' title='bbox 2176 3248 2351 3304; x_wconf 90' lang='lat' dir='ltr'><strong>amico</strong></span> <span class='ocrx_word' id='word_1_637' title='bbox 2373 3248 2505 3306; x_wconf 80' lang='lat' dir='ltr'><strong>facit</strong></span> <span class='ocrx_word' id='word_1_638' title='bbox 2531 3251 2584 3305; x_wconf 91' lang='lat' dir='ltr'><strong>in</strong></span> <span class='ocrx_word' id='word_1_639' title='bbox 2614 3266 2858 3321; x_wconf 71' lang='lat' dir='ltr'><strong>magnam</strong></span> <span class='ocrx_word' id='word_1_640' title='bbox 2882 3253 3292 3308; x_wconf 82' lang='lat' dir='ltr'><strong>admirationem</strong></span> <span class='ocrx_word' id='word_1_641' title='bbox 3357 3269 3643 3325; x_wconf 44' lang='lat' dir='ltr'><strong>magnum!</strong></span> 
     </span>
    </p>
   </div>
   <div class='ocr_carea' id='block_1_85' title="bbox 2049 3344 3634 3412">
    <p class='ocr_par' dir='ltr' id='par_1_85' title="bbox 2049 3344 3634 3412">
     <span class='ocr_line' id='line_1_86' title="bbox 2049 3344 3634 3412; baseline 0.005 -20"><span class='ocrx_word' id='word_1_642' title='bbox 2049 3352 2154 3406; x_wconf 86' lang='lat' dir='ltr'><strong>que</strong></span> <span class='ocrx_word' id='word_1_643' title='bbox 2182 3347 2455 3408; x_wconf 88' lang='lat' dir='ltr'><strong>stuporem</strong></span> <span class='ocrx_word' id='word_1_644' title='bbox 2478 3356 2668 3398; x_wconf 83' lang='lat' dir='ltr'><strong>omnes</strong></span> <span class='ocrx_word' id='word_1_645' title='bbox 2694 3344 2786 3412; x_wconf 88' lang='lat' dir='ltr'><strong>qui</strong></span> <span class='ocrx_word' id='word_1_646' title='bbox 2820 3344 2921 3399; x_wconf 87' lang='lat' dir='ltr'><strong>hoc</strong></span> <span class='ocrx_word' id='word_1_647' title='bbox 2958 3346 3204 3410; x_wconf 82' lang='lat' dir='ltr'><strong>audiunt,</strong></span> <span class='ocrx_word' id='word_1_648' title='bbox 3228 3348 3498 3401; x_wconf 89' lang='lat' dir='ltr'><strong>convertit</strong></span> <span class='ocrx_word' id='word_1_649' title='bbox 3519 3347 3634 3400; x_wconf 72' lang='grc'><strong><em>³⁸⁸⁸.</em></strong></span> 
     </span>
    </p>
   </div>
   <div class='ocr_carea' id='block_1_86' title="bbox 2051 3426 3643 3509">
    <p class='ocr_par' dir='ltr' id='par_1_86' title="bbox 2051 3426 3643 3509">
     <span class='ocr_line' id='line_1_87' title="bbox 2051 3426 3643 3509; baseline 0.008 -27"><span class='ocrx_word' id='word_1_650' title='bbox 2051 3426 2129 3483; x_wconf 84' lang='lat' dir='ltr'><strong>Tu</strong></span> <span class='ocrx_word' id='word_1_651' title='bbox 2159 3445 2313 3498; x_wconf 90' lang='lat' dir='ltr'><strong>vero,</strong></span> <span class='ocrx_word' id='word_1_652' title='bbox 2355 3432 2665 3490; x_wconf 90' lang='lat' dir='ltr'><strong>dulcissime</strong></span> <span class='ocrx_word' id='word_1_653' title='bbox 2696 3435 2925 3493; x_wconf 88' lang='lat' dir='ltr'><strong>Domine</strong></span> <span class='ocrx_word' id='word_1_654' title='bbox 2975 3437 3124 3503; x_wconf 79' lang='lat' dir='ltr'><strong>Jesn,</strong></span> <span class='ocrx_word' id='word_1_655' title='bbox 3160 3453 3263 3493; x_wconf 91' lang='lat' dir='ltr'><strong>non</strong></span> <span class='ocrx_word' id='word_1_656' title='bbox 3314 3438 3487 3493; x_wconf 88' lang='lat' dir='ltr'><strong>solum</strong></span> <span class='ocrx_word' id='word_1_657' title='bbox 3539 3454 3643 3509; x_wconf 81' lang='lat' dir='ltr'><strong>pro</strong></span> 
     </span>
    </p>
   </div>
   <div class='ocr_carea' id='block_1_87' title="bbox 2048 3521 3644 3599">
    <p class='ocr_par' dir='ltr' id='par_1_87' title="bbox 2048 3521 3644 3599">
     <span class='ocr_line' id='line_1_88' title="bbox 2048 3521 3644 3599; baseline 0.004 -24"><span class='ocrx_word' id='word_1_658' title='bbox 2048 3521 2261 3590; x_wconf 88' lang='lat' dir='ltr'><strong>amicis,</strong></span> <span class='ocrx_word' id='word_1_659' title='bbox 2317 3524 2412 3580; x_wconf 90' lang='lat' dir='ltr'><strong>sed</strong></span> <span class='ocrx_word' id='word_1_660' title='bbox 2441 3532 2496 3579; x_wconf 92' lang='lat' dir='ltr'><strong>et</strong></span> <span class='ocrx_word' id='word_1_661' title='bbox 2523 3540 2620 3596; x_wconf 86' lang='lat' dir='ltr'><strong>pro</strong></span> <span class='ocrx_word' id='word_1_662' title='bbox 2665 3526 2897 3583; x_wconf 89' lang='lat' dir='ltr'><strong>inimicis</strong></span> <span class='ocrx_word' id='word_1_663' title='bbox 2958 3530 3095 3584; x_wconf 91' lang='lat' dir='ltr'><strong>mori</strong></span> <span class='ocrx_word' id='word_1_664' title='bbox 3161 3528 3377 3584; x_wconf 82' lang='lat' dir='ltr'><strong>voluisti</strong></span> <span class='ocrx_word' id='word_1_665' title='bbox 3425 3538 3481 3584; x_wconf 91' lang='lat' dir='ltr'><strong>et</strong></span> <span class='ocrx_word' id='word_1_666' title='bbox 3529 3545 3644 3599; x_wconf 70' lang='lat' dir='ltr'><strong>non</strong></span> 
     </span>
    </p>
   </div>
   <div class='ocr_carea' id='block_1_88' title="bbox 2049 3614 3636 3691">
    <p class='ocr_par' dir='ltr' id='par_1_88' title="bbox 2049 3614 3636 3691">
     <span class='ocr_line' id='line_1_89' title="bbox 2049 3614 3636 3691; baseline 0.004 -22"><span class='ocrx_word' id='word_1_667' title='bbox 2049 3614 2222 3669; x_wconf 89' lang='lat' dir='ltr'><strong>solum</strong></span> <span class='ocrx_word' id='word_1_668' title='bbox 2251 3616 2377 3691; x_wconf 80' lang='lat' dir='ltr'><strong>hoc,</strong></span> <span class='ocrx_word' id='word_1_669' title='bbox 2400 3617 2492 3671; x_wconf 87' lang='lat' dir='ltr'><strong>sed</strong></span> <span class='ocrx_word' id='word_1_670' title='bbox 2519 3625 2575 3672; x_wconf 89' lang='lat' dir='ltr'><strong>et</strong></span> <span class='ocrx_word' id='word_1_671' title='bbox 2598 3618 2738 3672; x_wconf 90' lang='lat' dir='ltr'><strong>istud</strong></span> <span class='ocrx_word' id='word_1_672' title='bbox 2762 3619 2904 3688; x_wconf 90' lang='lat' dir='ltr'><strong>quod</strong></span> <span class='ocrx_word' id='word_1_673' title='bbox 2930 3618 3108 3675; x_wconf 88' lang='lat' dir='ltr'><strong>nnHus</strong></span> <span class='ocrx_word' id='word_1_674' title='bbox 3132 3618 3310 3676; x_wconf 85' lang='lat' dir='ltr'><strong>facere</strong></span> <span class='ocrx_word' id='word_1_675' title='bbox 3337 3632 3435 3689; x_wconf 87' lang='lat' dir='ltr'><strong>pro</strong></span> <span class='ocrx_word' id='word_1_676' title='bbox 3460 3620 3636 3675; x_wconf 88' lang='lat' dir='ltr'><strong>amico</strong></span> 
     </span>
    </p>
   </div>
   <div class='ocr_carea' id='block_1_89' title="bbox 2050 3701 3642 3785">
    <p class='ocr_par' dir='ltr' id='par_1_89' title="bbox 2050 3701 3642 3785">
     <span class='ocr_line' id='line_1_90' title="bbox 2050 3701 3642 3785; baseline 0.005 -27"><span class='ocrx_word' id='word_1_677' title='bbox 2050 3707 2163 3762; x_wconf 89' lang='lat' dir='ltr'><strong>vult</strong></span> <span class='ocrx_word' id='word_1_678' title='bbox 2209 3707 2415 3775; x_wconf 82' lang='lat' dir='ltr'><strong>fecisti,</strong></span> <span class='ocrx_word' id='word_1_679' title='bbox 2455 3716 2510 3762; x_wconf 90' lang='lat' dir='ltr'><strong>et</strong></span> <span class='ocrx_word' id='word_1_680' title='bbox 2536 3709 2711 3765; x_wconf 86' lang='lat' dir='ltr'><strong>adhuc</strong></span> <span class='ocrx_word' id='word_1_681' title='bbox 2738 3710 2893 3778; x_wconf 90' lang='lat' dir='ltr'><strong>facis,</strong></span> <span class='ocrx_word' id='word_1_682' title='bbox 2922 3712 3172 3767; x_wconf 82' lang='lat' dir='ltr'><strong>videlicet</strong></span> <span class='ocrx_word' id='word_1_683' title='bbox 3223 3728 3345 3768; x_wconf 88' lang='lat' dir='ltr'><strong>cum</strong></span> <span class='ocrx_word' id='word_1_684' title='bbox 3379 3701 3642 3785; x_wconf 61' lang='lat' dir='ltr'><strong>teipsum,</strong></span> 
     </span>
    </p>
   </div>
   <div class='ocr_carea' id='block_1_90' title="bbox 2047 3799 3636 3871">
    <p class='ocr_par' dir='ltr' id='par_1_90' title="bbox 2047 3799 3636 3871">
     <span class='ocr_line' id='line_1_91' title="bbox 2047 3799 3636 3871; baseline 0.004 -19"><span class='ocrx_word' id='word_1_685' title='bbox 2047 3799 2139 3867; x_wconf 90' lang='lat' dir='ltr'><strong>qui</strong></span> <span class='ocrx_word' id='word_1_686' title='bbox 2174 3814 2270 3869; x_wconf 87' lang='lat' dir='ltr'><strong>pro</strong></span> <span class='ocrx_word' id='word_1_687' title='bbox 2290 3801 2444 3857; x_wconf 85' lang='lat' dir='ltr'><strong>nobis</strong></span> <span class='ocrx_word' id='word_1_688' title='bbox 2467 3808 2690 3858; x_wconf 77' lang='lat' dir='ltr'><strong>mortem</strong></span> <span class='ocrx_word' id='word_1_689' title='bbox 2723 3802 3050 3870; x_wconf 89' lang='lat' dir='ltr'><strong>sustinuisti,</strong></span> <span class='ocrx_word' id='word_1_690' title='bbox 3076 3803 3171 3859; x_wconf 89' lang='lat' dir='ltr'><strong>das</strong></span> <span class='ocrx_word' id='word_1_691' title='bbox 3200 3803 3267 3858; x_wconf 86' lang='lat' dir='ltr'><strong>ad</strong></span> <span class='ocrx_word' id='word_1_692' title='bbox 3302 3803 3636 3871; x_wconf 83' lang='lat' dir='ltr'><strong>manducan-</strong></span> 
     </span>
    </p>
   </div>
   <div class='ocr_carea' id='block_1_91' title="bbox 2048 3890 3637 3966">
    <p class='ocr_par' dir='ltr' id='par_1_91' title="bbox 2048 3890 3637 3966">
     <span class='ocr_line' id='line_1_92' title="bbox 2048 3890 3637 3966; baseline 0.002 -21"><span class='ocrx_word' id='word_1_693' title='bbox 2048 3890 2173 3945; x_wconf 91' lang='lat' dir='ltr'><strong>dum</strong></span> <span class='ocrx_word' id='word_1_694' title='bbox 2205 3899 2261 3948; x_wconf 88' lang='lat' dir='ltr'><strong>et</strong></span> <span class='ocrx_word' id='word_1_695' title='bbox 2285 3891 2574 3947; x_wconf 92' lang='lat' dir='ltr'><strong>bibendum</strong></span> <span class='ocrx_word' id='word_1_696' title='bbox 2628 3894 2682 3947; x_wconf 92' lang='lat' dir='ltr'><strong>in</strong></span> <span class='ocrx_word' id='word_1_697' title='bbox 2727 3893 2830 3949; x_wconf 91' lang='lat' dir='ltr'><strong>hoc</strong></span> <span class='ocrx_word' id='word_1_698' title='bbox 2885 3895 3144 3966; x_wconf 88' lang='lat' dir='ltr'><strong>mysterio</strong></span> <span class='ocrx_word' id='word_1_699' title='bbox 3190 3894 3267 3949; x_wconf 87' lang='lat' dir='ltr'><strong>tui</strong></span> <span class='ocrx_word' id='word_1_700' title='bbox 3312 3895 3557 3965; x_wconf 81' lang='lat' dir='ltr'><strong>corporis</strong></span> <span class='ocrx_word' id='word_1_701' title='bbox 3580 3903 3637 3949; x_wconf 86' lang='lat' dir='ltr'><strong>et</strong></span> 
     </span>
    </p>
   </div>
   <div class='ocr_carea' id='block_1_92' title="bbox 2048 3978 3639 4057">
    <p class='ocr_par' dir='ltr' id='par_1_92' title="bbox 2048 3978 3639 4057">
     <span class='ocr_line' id='line_1_93' title="bbox 2048 3978 3639 4057; baseline 0.003 -20"><span class='ocrx_word' id='word_1_702' title='bbox 2048 3978 2342 4050; x_wconf 84' lang='lat' dir='ltr'><strong>sanguinis,</strong></span> <span class='ocrx_word' id='word_1_703' title='bbox 2372 3982 2759 4039; x_wconf 80' lang='lat' dir='ltr'><strong>manducamus</strong></span> <span class='ocrx_word' id='word_1_704' title='bbox 2777 4000 2973 4056; x_wconf 86' lang='lat' dir='ltr'><strong>corpus</strong></span> <span class='ocrx_word' id='word_1_705' title='bbox 2996 3995 3143 4040; x_wconf 90' lang='lat' dir='ltr'><strong>tuum</strong></span> <span class='ocrx_word' id='word_1_706' title='bbox 3176 3994 3229 4040; x_wconf 89' lang='lat' dir='ltr'><strong>et</strong></span> <span class='ocrx_word' id='word_1_707' title='bbox 3253 3985 3490 4042; x_wconf 88' lang='lat' dir='ltr'><strong>bibimus</strong></span> <span class='ocrx_word' id='word_1_708' title='bbox 3509 4001 3639 4057; x_wconf 82' lang='lat' dir='ltr'><strong>san-.</strong></span> 
     </span>
    </p>
   </div>
   <div class='ocr_carea' id='block_1_93' title="bbox 2047 4073 3631 4159">
    <p class='ocr_par' dir='ltr' id='par_1_93' title="bbox 2047 4073 3631 4159">
     <span class='ocr_line' id='line_1_94' title="bbox 2047 4073 3631 4159; baseline 0.004 -32"><span class='ocrx_word' id='word_1_709' title='bbox 2047 4073 2262 4143; x_wconf 87' lang='lat' dir='ltr'><strong>guinem</strong></span> <span class='ocrx_word' id='word_1_710' title='bbox 2291 4081 2462 4141; x_wconf 88' lang='lat' dir='ltr'><strong>tuum,</strong></span> <span class='ocrx_word' id='word_1_711' title='bbox 2495 4075 2702 4159; x_wconf 74' lang='lat' dir='ltr'><strong>scilicet</strong></span> <span class='ocrx_word' id='word_1_712' title='bbox 2735 4088 2933 4133; x_wconf 74' lang='lat' dir='ltr'><strong>nostra:</strong></span> <span class='ocrx_word' id='word_1_713' title='bbox 2963 4079 3352 4150; x_wconf 89' lang='lat' dir='ltr'><strong>redemptionis</strong></span> <span class='ocrx_word' id='word_1_714' title='bbox 3374 4080 3631 4151; x_wconf 80' lang='lat' dir='ltr'><strong>pretium.</strong></span> 
     </span>
    </p>
   </div>
   <div class='ocr_carea' id='block_1_94' title="bbox 2048 4166 3635 4238">
    <p class='ocr_par' dir='ltr' id='par_1_94' title="bbox 2048 4166 3635 4238">
     <span class='ocr_line' id='line_1_95' title="bbox 2048 4166 3635 4238; baseline 0.006 -19"><span class='ocrx_word' id='word_1_715' title='bbox 2048 4166 2123 4220; x_wconf 86' lang='lat' dir='ltr'><strong>Da</strong></span> <span class='ocrx_word' id='word_1_716' title='bbox 2147 4166 2277 4221; x_wconf 83' lang='lat' dir='ltr'><strong>mihi</strong></span> <span class='ocrx_word' id='word_1_717' title='bbox 2308 4182 2457 4238; x_wconf 90' lang='lat' dir='ltr'><strong>ergo,</strong></span> <span class='ocrx_word' id='word_1_718' title='bbox 2496 4168 2721 4224; x_wconf 90' lang='lat' dir='ltr'><strong>Domine</strong></span> <span class='ocrx_word' id='word_1_719' title='bbox 2777 4168 2923 4235; x_wconf 85' lang='lat' dir='ltr'><strong>.lesn,</strong></span> <span class='ocrx_word' id='word_1_720' title='bbox 2958 4171 3038 4226; x_wconf 90' lang='lat' dir='ltr'><strong>sic</strong></span> <span class='ocrx_word' id='word_1_721' title='bbox 3090 4172 3292 4236; x_wconf 87' lang='lat' dir='ltr'><strong>vivere,</strong></span> <span class='ocrx_word' id='word_1_722' title='bbox 3347 4171 3430 4228; x_wconf 82' lang='lat' dir='ltr'><strong>sic</strong></span> <span class='ocrx_word' id='word_1_723' title='bbox 3483 4181 3635 4229; x_wconf 85' lang='lat' dir='ltr'><strong>caste</strong></span> 
     </span>
    </p>
   </div>
   <div class='ocr_carea' id='block_1_95' title="bbox 2049 4256 3634 4329">
    <p class='ocr_par' dir='ltr' id='par_1_95' title="bbox 2049 4256 3634 4329">
     <span class='ocr_line' id='line_1_96' title="bbox 2049 4256 3634 4329; baseline 0.003 -16"><span class='ocrx_word' id='word_1_724' title='bbox 2049 4256 2136 4290; x_wconf 71' lang='grc'>¹⁸¹¹</span> <span class='ocrx_word' id='word_1_725' title='bbox 2164 4266 2221 4313; x_wconf 91' lang='lat' dir='ltr'><strong>et</strong></span> <span class='ocrx_word' id='word_1_726' title='bbox 2250 4269 2437 4315; x_wconf 85' lang='lat' dir='ltr'><strong>sancte</strong></span> <span class='ocrx_word' id='word_1_727' title='bbox 2459 4260 2712 4329; x_wconf 87' lang='lat' dir='ltr'><strong>deinceps</strong></span> <span class='ocrx_word' id='word_1_728' title='bbox 2737 4262 2813 4315; x_wconf 88' lang='lat' dir='ltr'><strong>tui</strong></span> <span class='ocrx_word' id='word_1_729' title='bbox 2836 4263 3023 4316; x_wconf 83' lang='lat' dir='ltr'><strong>altaris</strong></span> <span class='ocrx_word' id='word_1_730' title='bbox 3051 4264 3333 4316; x_wconf 86' lang='lat' dir='ltr'><strong>servitium</strong></span> <span class='ocrx_word' id='word_1_731' title='bbox 3369 4262 3553 4318; x_wconf 83' lang='lat' dir='ltr'><strong>facere</strong></span> <span class='ocrx_word' id='word_1_732' title='bbox 3572 4273 3634 4317; x_wconf 92' lang='lat' dir='ltr'><strong>ut</strong></span> 
     </span>
    </p>
   </div>
   <div class='ocr_carea' id='block_1_96' title="bbox 2044 4351 3635 4418">
    <p class='ocr_par' dir='ltr' id='par_1_96' title="bbox 2044 4351 3635 4418">
     <span class='ocr_line' id='line_1_97' title="bbox 2044 4351 3635 4418; baseline 0.001 -12"><span class='ocrx_word' id='word_1_733' title='bbox 2044 4352 2122 4406; x_wconf 84' lang='lat' dir='ltr'><strong>sic</strong></span> <span class='ocrx_word' id='word_1_734' title='bbox 2159 4351 2409 4418; x_wconf 88' lang='lat' dir='ltr'><strong>vivendo,</strong></span> <span class='ocrx_word' id='word_1_735' title='bbox 2456 4352 2536 4407; x_wconf 90' lang='lat' dir='ltr'><strong>sic</strong></span> <span class='ocrx_word' id='word_1_736' title='bbox 2568 4351 2839 4416; x_wconf 84' lang='lat' dir='ltr'><strong>faciendo,</strong></span> <span class='ocrx_word' id='word_1_737' title='bbox 2887 4351 2967 4406; x_wconf 83' lang='lat' dir='ltr'><strong>sic</strong></span> <span class='ocrx_word' id='word_1_738' title='bbox 2987 4369 3206 4407; x_wconf 82' lang='lat' dir='ltr'><strong>carnem</strong></span> <span class='ocrx_word' id='word_1_739' title='bbox 3250 4352 3635 4409; x_wconf 86' lang='lat' dir='ltr'><strong>manducando</strong></span> 
     </span>
    </p>
   </div>
   <div class='ocr_carea' id='block_1_97' title="bbox 2041 4445 3632 4518">
    <p class='ocr_par' dir='ltr' id='par_1_97' title="bbox 2041 4445 3632 4518">
     <span class='ocr_line' id='line_1_98' title="bbox 2041 4445 3632 4518; baseline 0.001 -19"><span class='ocrx_word' id='word_1_740' title='bbox 2041 4453 2096 4499; x_wconf 88' lang='lat' dir='ltr'><strong>et</strong></span> <span class='ocrx_word' id='word_1_741' title='bbox 2121 4447 2435 4518; x_wconf 89' lang='lat' dir='ltr'><strong>sanguinem</strong></span> <span class='ocrx_word' id='word_1_742' title='bbox 2490 4445 2741 4513; x_wconf 85' lang='lat' dir='ltr'><strong>bibendo,</strong></span> <span class='ocrx_word' id='word_1_743' title='bbox 2778 4452 2900 4515; x_wconf 90' lang='lat' dir='ltr'><strong>post</strong></span> <span class='ocrx_word' id='word_1_744' title='bbox 2948 4454 3174 4500; x_wconf 85' lang='lat' dir='ltr'><strong>mortem</strong></span> <span class='ocrx_word' id='word_1_745' title='bbox 3205 4446 3388 4500; x_wconf 81' lang='lat' dir='ltr'><strong>carnis</strong></span> <span class='ocrx_word' id='word_1_746' title='bbox 3409 4446 3481 4500; x_wconf 87' lang='lat' dir='ltr'><strong>ab</strong></span> <span class='ocrx_word' id='word_1_747' title='bbox 3509 4460 3632 4515; x_wconf 80' lang='lat' dir='ltr'><strong>om-</strong></span> 
     </span>
    </p>
   </div>
   <div class='ocr_carea' id='block_1_98' title="bbox 2041 4536 3635 4608">
    <p class='ocr_par' dir='ltr' id='par_1_98' title="bbox 2041 4536 3635 4608">
     <span class='ocr_line' id='line_1_99' title="bbox 2041 4536 3635 4608; baseline 0 -17"><span class='ocrx_word' id='word_1_748' title='bbox 2041 4538 2200 4593; x_wconf 82' lang='lat' dir='ltr'><strong>nibus</strong></span> <span class='ocrx_word' id='word_1_749' title='bbox 2226 4537 2462 4608; x_wconf 82' lang='lat' dir='ltr'><strong>peccatis</strong></span> <span class='ocrx_word' id='word_1_750' title='bbox 2491 4536 2769 4592; x_wconf 82' lang='lat' dir='ltr'><strong>absolutus</strong></span> <span class='ocrx_word' id='word_1_751' title='bbox 2825 4536 2892 4589; x_wconf 87' lang='lat' dir='ltr'><strong>ad</strong></span> <span class='ocrx_word' id='word_1_752' title='bbox 2922 4545 2972 4591; x_wconf 85' lang='lat' dir='ltr'><strong>te</strong></span> <span class='ocrx_word' id='word_1_753' title='bbox 3007 4536 3321 4594; x_wconf 85' lang='lat' dir='ltr'><strong>Creatorem</strong></span> <span class='ocrx_word' id='word_1_754' title='bbox 3368 4550 3552 4590; x_wconf 86' lang='lat' dir='ltr'><strong>meum</strong></span> <span class='ocrx_word' id='word_1_755' title='bbox 3574 4545 3635 4591; x_wconf 76' lang='lat' dir='ltr'><strong>et</strong></span> 
     </span>
    </p>
   </div>
   <div class='ocr_carea' id='block_1_99' title="bbox 2040 4629 3634 4698">
    <p class='ocr_par' dir='ltr' id='par_1_99' title="bbox 2040 4629 3634 4698">
     <span class='ocr_line' id='line_1_100' title="bbox 2040 4629 3634 4698; baseline 0.001 -16"><span class='ocrx_word' id='word_1_756' title='bbox 2040 4629 2456 4698; x_wconf 79' lang='lat' dir='ltr'><strong>Redemptorem</strong></span> <span class='ocrx_word' id='word_1_757' title='bbox 2504 4637 2653 4682; x_wconf 84' lang='lat' dir='ltr'><strong>recto</strong></span> <span class='ocrx_word' id='word_1_758' title='bbox 2704 4629 2900 4683; x_wconf 86' lang='lat' dir='ltr'><strong>itinere</strong></span> <span class='ocrx_word' id='word_1_759' title='bbox 2948 4630 3159 4684; x_wconf 89' lang='lat' dir='ltr'><strong>valeam</strong></span> <span class='ocrx_word' id='word_1_760' title='bbox 3202 4630 3516 4698; x_wconf 88' lang='lat' dir='ltr'><strong>pervenire,</strong></span> <span class='ocrx_word' id='word_1_761' title='bbox 3536 4629 3634 4684; x_wconf 83' lang='lat' dir='ltr'><strong>ubi</strong></span> 
     </span>
    </p>
   </div>
   <div class='ocr_carea' id='block_1_100' title="bbox 2040 4717 3631 4789">
    <p class='ocr_par' dir='ltr' id='par_1_100' title="bbox 2040 4717 3631 4789">
     <span class='ocr_line' id='line_1_101' title="bbox 2040 4717 3631 4789; baseline 0.002 -16"><span class='ocrx_word' id='word_1_762' title='bbox 2040 4730 2094 4775; x_wconf 86' lang='lat' dir='ltr'><strong>te</strong></span> <span class='ocrx_word' id='word_1_763' title='bbox 2123 4736 2245 4774; x_wconf 87' lang='lat' dir='ltr'><strong>cum</strong></span> <span class='ocrx_word' id='word_1_764' title='bbox 2268 4720 2521 4774; x_wconf 88' lang='lat' dir='ltr'><strong>omnilms</strong></span> <span class='ocrx_word' id='word_1_765' title='bbox 2548 4719 2751 4774; x_wconf 79' lang='lat' dir='ltr'><strong>sanctis</strong></span> <span class='ocrx_word' id='word_1_766' title='bbox 2788 4720 2839 4771; x_wconf 90' lang='lat' dir='ltr'><strong>in</strong></span> <span class='ocrx_word' id='word_1_767' title='bbox 2867 4726 3068 4772; x_wconf 77' lang='lat' dir='ltr'><strong>:elerna</strong></span> <span class='ocrx_word' id='word_1_768' title='bbox 3094 4718 3351 4774; x_wconf 83' lang='lat' dir='ltr'><strong>felicitate</strong></span> <span class='ocrx_word' id='word_1_769' title='bbox 3377 4718 3499 4789; x_wconf 77' lang='lat' dir='ltr'><strong>sine</strong></span> <span class='ocrx_word' id='word_1_770' title='bbox 3522 4717 3631 4776; x_wconf 72' lang='lat' dir='ltr'><strong>line</strong></span> 
     </span>
    </p>
   </div>
   <div class='ocr_carea' id='block_1_101' title="bbox 2036 4810 2926 4881">
    <p class='ocr_par' dir='ltr' id='par_1_101' title="bbox 2036 4810 2926 4881">
     <span class='ocr_line' id='line_1_102' title="bbox 2036 4810 2926 4881; baseline -0.008 -12"><span class='ocrx_word' id='word_1_771' title='bbox 2036 4812 2238 4881; x_wconf 82' lang='lat' dir='ltr'><strong>possim</strong></span> <span class='ocrx_word' id='word_1_772' title='bbox 2266 4810 2484 4865; x_wconf 80' lang='lat' dir='ltr'><strong>laudare</strong></span> <span class='ocrx_word' id='word_1_773' title='bbox 2505 4820 2561 4864; x_wconf 81' lang='lat' dir='ltr'><strong>et</strong></span> <span class='ocrx_word' id='word_1_774' title='bbox 2587 4811 2926 4874; x_wconf 81' lang='lat' dir='ltr'><strong>benedicere.</strong></span> 
     </span>
    </p>
   </div>
   <div class='ocr_carea' id='block_1_102' title="bbox 1600 4986 2270 5055">
    <p class='ocr_par' dir='ltr' id='par_1_102' title="bbox 1600 4986 2270 5055">
     <span class='ocr_line' id='line_1_103' title="bbox 1600 4986 2270 5055; baseline -0.003 -12"><span class='ocrx_word' id='word_1_775' title='bbox 1600 4988 1831 5055; x_wconf 70' lang='grc' dir='ltr'>γΑιιιιΕ</span> <span class='ocrx_word' id='word_1_776' title='bbox 1869 4986 2270 5044; x_wconf 77' lang='lat' dir='ltr'><strong>LECTIONES.</strong></span> 
     </span>
    </p>
   </div>
   <div class='ocr_carea' id='block_1_103' title="bbox 415 5136 1630 5212">
    <p class='ocr_par' dir='ltr' id='par_1_103' title="bbox 415 5136 1630 5212">
     <span class='ocr_line' id='line_1_104' title="bbox 415 5136 1630 5212; baseline 0.007 -22"><span class='ocrx_word' id='word_1_777' title='bbox 415 5137 507 5171; x_wconf 71' lang='grc'>¹⁸¹¹</span> <span class='ocrx_word' id='word_1_778' title='bbox 536 5136 711 5209; x_wconf 88' lang='lat' dir='ltr'><strong>Ipsum</strong></span> <span class='ocrx_word' id='word_1_779' title='bbox 761 5140 1059 5212; x_wconf 78' lang='lat' dir='ltr'><strong>prius__ms.</strong></span> <span class='ocrx_word' id='word_1_780' title='bbox 1099 5141 1236 5212; x_wconf 72' lang='lat' dir='ltr'><strong>Vict.</strong></span> <span class='ocrx_word' id='word_1_781' title='bbox 1278 5142 1454 5212; x_wconf 85' lang='lat' dir='ltr'><strong>ipsum</strong></span> <span class='ocrx_word' id='word_1_782' title='bbox 1508 5153 1630 5212; x_wconf 88' lang='lat' dir='ltr'><strong>post</strong></span> 
     </span>
    </p>
   </div>
   <div class='ocr_carea' id='block_1_104' title="bbox 1744 5143 3623 5206">
    <p class='ocr_par' dir='ltr' id='par_1_104' title="bbox 1744 5143 3623 5206">
     <span class='ocr_line' id='line_1_105' title="bbox 1744 5143 3623 5206; baseline -0.001 -8"><span class='ocrx_word' id='word_1_783' title='bbox 1744 5143 1833 5174; x_wconf 63' lang='grc' dir='ltr'>’δι’</span> <span class='ocrx_word' id='word_1_784' title='bbox 1873 5143 2072 5206; x_wconf 85' lang='lat' dir='ltr'><strong>lterum</strong></span> <span class='ocrx_word' id='word_1_785' title='bbox 2102 5152 2223 5199; x_wconf 88' lang='lat' dir='ltr'><strong>tuas</strong></span> <span class='ocrx_word' id='word_1_786' title='bbox 2273 5154 2328 5198; x_wconf 88' lang='lat' dir='ltr'><strong>et</strong></span> <span class='ocrx_word' id='word_1_787' title='bbox 2366 5146 2560 5200; x_wconf 90' lang='lat' dir='ltr'><strong>iterum</strong></span> <span class='ocrx_word' id='word_1_788' title='bbox 2599 5162 2697 5199; x_wconf 88' lang='lat' dir='ltr'><strong>ms.</strong></span> <span class='ocrx_word' id='word_1_789' title='bbox 2738 5145 2894 5200; x_wconf 79' lang='lat' dir='ltr'><strong>Corb.</strong></span> <span class='ocrx_word' id='word_1_790' title='bbox 2938 5154 3058 5201; x_wconf 87' lang='lat' dir='ltr'><strong>tuas</strong></span> <span class='ocrx_word' id='word_1_791' title='bbox 3089 5145 3286 5201; x_wconf 86' lang='lat' dir='ltr'><strong>iterum</strong></span> <span class='ocrx_word' id='word_1_792' title='bbox 3364 5144 3461 5175; x_wconf 67' lang='lat' dir='ltr'><strong>m‘</strong></span> <span class='ocrx_word' id='word_1_793' title='bbox 3497 5143 3623 5199; x_wconf 75' lang='lat' dir='ltr'><strong>Cot-</strong></span> 
     </span>
    </p>
   </div>
   <div class='ocr_carea' id='block_1_105' title="bbox 343 5207 3623 5286">
    <p class='ocr_par' dir='ltr' id='par_1_105' title="bbox 343 5207 3623 5286">
     <span class='ocr_line' id='line_1_106' title="bbox 343 5207 3623 5286; baseline 0.002 -25"><span class='ocrx_word' id='word_1_794' title='bbox 343 5210 453 5261; x_wconf 75' lang='lat' dir='ltr'><strong>lnta</strong></span> <span class='ocrx_word' id='word_1_795' title='bbox 490 5207 569 5261; x_wconf 76' lang='lat' dir='ltr'><strong>est</strong></span> <span class='ocrx_word' id='word_1_796' title='bbox 605 5226 722 5286; x_wconf 74' lang='lat' dir='ltr'><strong>cum</strong></span> <span class='ocrx_word' id='word_1_797' title='bbox 750 5207 878 5286; x_wconf 58' lang='lat' dir='ltr'><strong>diss.</strong></span> <span class='ocrx_word' id='word_1_798' title='bbox 934 5207 1062 5286; x_wconf 78' lang='lat' dir='ltr'><strong>Vict.</strong></span> <span class='ocrx_word' id='word_1_799' title='bbox 1094 5209 1216 5266; x_wconf 82' lang='lat' dir='ltr'><strong>KK.</strong></span> <span class='ocrx_word' id='word_1_800' title='bbox 1381 5207 1536 5268; x_wconf 72' lang='grc' dir='ltr'><strong>ϐοτὸῖ</strong></span> <span class='ocrx_word' id='word_1_801' title='bbox 1574 5214 1697 5286; x_wconf 69' lang='lat' dir='ltr'><strong>ltiti.</strong></span> <span class='ocrx_word' id='word_1_802' title='bbox 1730 5225 1777 5286; x_wconf 73' lang='lat' dir='ltr'><strong>et</strong></span> <span class='ocrx_word' id='word_1_803' title='bbox 1817 5213 2049 5286; x_wconf 67' lang='lat' dir='ltr'><strong>Val-(uc.</strong></span> <span class='ocrx_word' id='word_1_804' title='bbox 2079 5213 2146 5286; x_wconf 81' lang='lat' dir='ltr'><strong>In</strong></span> <span class='ocrx_word' id='word_1_805' title='bbox 2186 5231 2285 5269; x_wconf 88' lang='lat' dir='ltr'><strong>ms.</strong></span> <span class='ocrx_word' id='word_1_806' title='bbox 2325 5213 2554 5286; x_wconf 53' lang='lat' dir='ltr'><strong>Val-lu}.</strong></span> <span class='ocrx_word' id='word_1_807' title='bbox 2589 5231 2692 5286; x_wconf 80' lang='lat' dir='ltr'><strong>non</strong></span> <span class='ocrx_word' id='word_1_808' title='bbox 2714 5215 3022 5286; x_wconf 64' lang='lat' dir='ltr'><strong>dieiditnra</strong></span> <span class='ocrx_word' id='word_1_809' title='bbox 3045 5215 3390 5286; x_wconf 55' lang='lat' dir='ltr'><strong>prandente,</strong></span> <span class='ocrx_word' id='word_1_810' title='bbox 3420 5224 3472 5277; x_wconf 79' lang='lat' dir='ltr'><strong>et</strong></span> <span class='ocrx_word' id='word_1_811' title='bbox 3504 5207 3623 5278; x_wconf 74' lang='lat' dir='ltr'><strong>ideo</strong></span> 
     </span>
    </p>
   </div>
   <div class='ocr_carea' id='block_1_106' title="bbox 344 5280 1489 5337">
    <p class='ocr_par' dir='ltr' id='par_1_106' title="bbox 344 5280 1489 5337">
     <span class='ocr_line' id='line_1_107' title="bbox 344 5280 1489 5337; baseline 0.005 -6"><span class='ocrx_word' id='word_1_812' title='bbox 344 5288 483 5333; x_wconf 79' lang='lat' dir='ltr'><strong>caret</strong></span> <span class='ocrx_word' id='word_1_813' title='bbox 516 5280 689 5332; x_wconf 83' lang='lat' dir='ltr'><strong>titulo.</strong></span> <span class='ocrx_word' id='word_1_814' title='bbox 720 5280 902 5333; x_wconf 82' lang='lat' dir='ltr'><strong>titulus</strong></span> <span class='ocrx_word' id='word_1_815' title='bbox 944 5281 996 5334; x_wconf 87' lang='lat' dir='ltr'><strong>in</strong></span> <span class='ocrx_word' id='word_1_816' title='bbox 1043 5298 1147 5336; x_wconf 87' lang='lat' dir='ltr'><strong>mss</strong></span> <span class='ocrx_word' id='word_1_817' title='bbox 1190 5282 1364 5337; x_wconf 84' lang='lat' dir='ltr'><strong>nullus</strong></span> <span class='ocrx_word' id='word_1_818' title='bbox 1394 5292 1489 5337; x_wconf 86' lang='lat' dir='ltr'><strong>est.</strong></span> 
     </span>
    </p>
   </div>
   <div class='ocr_carea' id='block_1_107' title="bbox 344 5347 1278 5421">
    <p class='ocr_par' dir='ltr' id='par_1_107' title="bbox 344 5347 1278 5421">
     <span class='ocr_line' id='line_1_108' title="bbox 344 5347 1278 5421; baseline 0.009 -22"><span class='ocrx_word' id='word_1_819' title='bbox 344 5365 452 5421; x_wconf 46' lang='lat' dir='ltr'><strong>ins.</strong></span> <span class='ocrx_word' id='word_1_820' title='bbox 501 5347 635 5401; x_wconf 83' lang='lat' dir='ltr'><strong>Vict.</strong></span> <span class='ocrx_word' id='word_1_821' title='bbox 684 5350 1078 5421; x_wconf 59' lang='lat' dir='ltr'><strong>redemptionis</strong></span> <span class='ocrx_word' id='word_1_822' title='bbox 1144 5368 1278 5407; x_wconf 58' lang='lat' dir='ltr'><strong>mea:</strong></span> 
     </span>
    </p>
   </div>
   <div class='ocr_carea' id='block_1_108' title="bbox 344 5417 1095 5476">
    <p class='ocr_par' dir='ltr' id='par_1_108' title="bbox 344 5417 1095 5476">
     <span class='ocr_line' id='line_1_109' title="bbox 344 5417 1095 5476; baseline 0.011 -8"><span class='ocrx_word' id='word_1_823' title='bbox 344 5417 485 5469; x_wconf 81' lang='lat' dir='ltr'><strong>nulla</strong></span> <span class='ocrx_word' id='word_1_824' title='bbox 537 5433 634 5471; x_wconf 76' lang='lat' dir='ltr'><strong>ms.</strong></span> <span class='ocrx_word' id='word_1_825' title='bbox 684 5417 814 5474; x_wconf 82' lang='lat' dir='ltr'><strong>Vict.</strong></span> <span class='ocrx_word' id='word_1_826' title='bbox 861 5417 959 5475; x_wconf 81' lang='lat' dir='ltr'><strong>tice</strong></span> <span class='ocrx_word' id='word_1_827' title='bbox 991 5423 1095 5476; x_wconf 89' lang='lat' dir='ltr'><strong>ulla</strong></span> 
     </span>
    </p>
   </div>
   <div class='ocr_carea' id='block_1_109' title="bbox 345 5490 1384 5564">
    <p class='ocr_par' dir='ltr' id='par_1_109' title="bbox 345 5490 1384 5564">
     <span class='ocr_line' id='line_1_110' title="bbox 345 5490 1384 5564; baseline 0.014 -31"><span class='ocrx_word' id='word_1_828' title='bbox 345 5502 440 5537; x_wconf 82' lang='lat' dir='ltr'><strong>ms.</strong></span> <span class='ocrx_word' id='word_1_829' title='bbox 509 5496 631 5564; x_wconf 76' lang='lat' dir='ltr'><strong>ante</strong></span> <span class='ocrx_word' id='word_1_830' title='bbox 672 5490 854 5543; x_wconf 87' lang='lat' dir='ltr'><strong>omnia</strong></span> <span class='ocrx_word' id='word_1_831' title='bbox 904 5492 1097 5564; x_wconf 54' lang='lat' dir='ltr'><strong>sarcula</strong></span> <span class='ocrx_word' id='word_1_832' title='bbox 1169 5495 1384 5564; x_wconf 90' lang='lat' dir='ltr'><strong>genitus</strong></span> 
     </span>
    </p>
   </div>
   <div class='ocr_carea' id='block_1_110' title="bbox 345 5557 1403 5673">
    <p class='ocr_par' dir='ltr' id='par_1_110' title="bbox 345 5557 1403 5673">
     <span class='ocr_line' id='line_1_111' title="bbox 345 5557 1403 5673; baseline 0.019 -71"><span class='ocrx_word' id='word_1_833' title='bbox 345 5557 675 5673; x_wconf 54' lang='lat' dir='ltr'><strong>contvertitur</strong></span> <span class='ocrx_word' id='word_1_834' title='bbox 716 5575 837 5615; x_wconf 87' lang='lat' dir='ltr'><strong>mss.</strong></span> <span class='ocrx_word' id='word_1_835' title='bbox 878 5563 1099 5631; x_wconf 78' lang='lat' dir='ltr'><strong>audivit,</strong></span> <span class='ocrx_word' id='word_1_836' title='bbox 1136 5557 1403 5634; x_wconf 65' lang='lat' dir='ltr'><strong>convertit</strong></span> 
     </span>
     <span class='ocr_line' id='line_1_112' title="bbox 345 5635 495 5673; baseline 0 0"><span class='ocrx_word' id='word_1_837' title='bbox 345 5637 439 5673; x_wconf 80' lang='lat' dir='ltr'><strong>(&#39;as</strong></span> <span class='ocrx_word' id='word_1_838' title='bbox 466 5635 495 5673; x_wconf 88' lang='lat' dir='ltr'><strong>e</strong></span> 
     </span>
    </p>
   </div>
   <div class='ocr_carea' id='block_1_111' title="bbox 344 5635 495 5675">
    <p class='ocr_par' dir='ltr' id='par_1_111' title="bbox 344 5635 495 5675">
     <span class='ocr_line' id='line_1_113' title="bbox 344 5635 495 5675; baseline 0 -2"><span class='ocrx_word' id='word_1_839' title='bbox 344 5635 495 5675; x_wconf 73' lang='lat' dir='ltr'><strong>casm</strong></span> 
     </span>
    </p>
   </div>
   <div class='ocr_carea' id='block_1_112' title="bbox 1344 5351 3528 5457">
    <p class='ocr_par' dir='ltr' id='par_1_112' title="bbox 1344 5351 3528 5457">
     <span class='ocr_line' id='line_1_114' title="bbox 1390 5351 3528 5457; baseline 0 -49"><span class='ocrx_word' id='word_1_840' title='bbox 1390 5353 1485 5384; x_wconf 68' lang='grc'>¹⁸¹⁵</span> <span class='ocrx_word' id='word_1_841' title='bbox 1515 5352 1611 5410; x_wconf 83' lang='lat' dir='ltr'><strong>Est</strong></span> <span class='ocrx_word' id='word_1_842' title='bbox 1640 5355 1785 5457; x_wconf 59' lang='lat' dir='ltr'><strong>cqim</strong></span> <span class='ocrx_word' id='word_1_843' title='bbox 1822 5351 1951 5408; x_wconf 49' lang='grc' dir='ltr'><strong>ηις(</strong></span> <span class='ocrx_word' id='word_1_844' title='bbox 1985 5351 2115 5408; x_wconf 84' lang='lat' dir='ltr'><strong>Vict.</strong></span> <span class='ocrx_word' id='word_1_845' title='bbox 2149 5363 2233 5457; x_wconf 60' lang='lat' dir='ltr'><strong>est</strong></span> <span class='ocrx_word' id='word_1_846' title='bbox 2281 5364 2461 5457; x_wconf 64' lang='lat' dir='ltr'><strong>autem</strong></span> <span class='ocrx_word' id='word_1_847' title='bbox 2485 5432 2498 5457; x_wconf 47' lang='lat'>&#39;</span> <span class='ocrx_word' id='word_1_848' title='bbox 2572 5351 2667 5457; x_wconf 43' lang='lat'><strong>&quot;2“</strong></span> <span class='ocrx_word' id='word_1_849' title='bbox 2701 5351 2812 5438; x_wconf 52' lang='lat' dir='ltr'><strong>Nec</strong></span> <span class='ocrx_word' id='word_1_850' title='bbox 2858 5355 3109 5457; x_wconf 52' lang='lat' dir='ltr'><strong>inwt&#39;tuAllaI</strong></span> <span class='ocrx_word' id='word_1_851' title='bbox 3164 5351 3284 5410; x_wconf 65' lang='grc' dir='ltr'><strong>ιιιε.⁷</strong></span> <span class='ocrx_word' id='word_1_852' title='bbox 3310 5354 3476 5434; x_wconf 72' lang='lat' dir='ltr'><strong>.Corb.</strong></span> <span class='ocrx_word' id='word_1_853' title='bbox 3514 5371 3528 5436; x_wconf 60' lang='grc' dir='ltr'><strong>ι</strong></span> 
     </span>
     <span class='ocr_line' id='line_1_115' title="bbox 1344 5424 3527 5457; baseline 0 0"><span class='ocrx_word' id='word_1_854' title='bbox 1344 5424 1604 5457; x_wconf 65' lang='lat' dir='ltr'><strong>‘nndiunnc</strong></span> <span class='ocrx_word' id='word_1_855' title='bbox 1712 5426 1916 5457; x_wconf 70' lang='lat' dir='ltr'><strong>\nminn</strong></span> <span class='ocrx_word' id='word_1_856' title='bbox 1937 5441 2041 5457; x_wconf 64' lang='lat' dir='ltr'><strong>anno</strong></span> <span class='ocrx_word' id='word_1_857' title='bbox 2095 5438 2189 5457; x_wconf 69' lang='lat' dir='ltr'><strong>nem</strong></span> <span class='ocrx_word' id='word_1_858' title='bbox 2232 5425 2367 5457; x_wconf 70' lang='grc' dir='ltr'><strong>ἕηυιο</strong></span> <span class='ocrx_word' id='word_1_859' title='bbox 2394 5443 2408 5457; x_wconf 82' lang='grc' dir='ltr'><strong>ι</strong></span> <span class='ocrx_word' id='word_1_860' title='bbox 2428 5441 2459 5457; x_wconf 76' lang='grc' dir='ltr'>η</span> <span class='ocrx_word' id='word_1_861' title='bbox 2507 5440 2537 5457; x_wconf 68' lang='grc' dir='ltr'><strong>Δ</strong></span> <span class='ocrx_word' id='word_1_862' title='bbox 2635 5441 2815 5457; x_wconf 72' lang='grc' dir='ltr'>ιιηηηη</span> <span class='ocrx_word' id='word_1_863' title='bbox 3024 5456 3027 5457; x_wconf 67' lang='lat'>,</span> <span class='ocrx_word' id='word_1_864' title='bbox 3057 5443 3088 5457; x_wconf 73' lang='grc' dir='ltr'><strong>ιι</strong></span> <span class='ocrx_word' id='word_1_865' title='bbox 3118 5443 3147 5457; x_wconf 76' lang='grc' dir='ltr'>η</span> <span class='ocrx_word' id='word_1_866' title='bbox 3193 5440 3371 5457; x_wconf 71' lang='grc' dir='ltr'>ηιαηηιιι</span> <span class='ocrx_word' id='word_1_867' title='bbox 3402 5440 3527 5457; x_wconf 70' lang='lat' dir='ltr'><strong>non:</strong></span> 
     </span>
    </p>
   </div>
   <div class='ocr_carea' id='block_1_113' title="bbox 1203 5422 3623 5563">
    <p class='ocr_par' dir='ltr' id='par_1_113' title="bbox 1203 5422 3623 5563">
     <span class='ocr_line' id='line_1_116' title="bbox 1203 5422 3621 5505; baseline 0.001 -28"><span class='ocrx_word' id='word_1_868' title='bbox 1203 5422 1294 5455; x_wconf 73' lang='lat'><strong>“’7</strong></span> <span class='ocrx_word' id='word_1_869' title='bbox 1320 5424 1639 5490; x_wconf 89' lang='lat' dir='ltr'><strong>Credimus,</strong></span> <span class='ocrx_word' id='word_1_870' title='bbox 1690 5425 1916 5479; x_wconf 84' lang='lat' dir='ltr'><strong>Domine</strong></span> <span class='ocrx_word' id='word_1_871' title='bbox 1937 5441 2062 5478; x_wconf 85' lang='lat' dir='ltr'><strong>mss.</strong></span> <span class='ocrx_word' id='word_1_872' title='bbox 2095 5425 2371 5481; x_wconf 85' lang='lat' dir='ltr'><strong>credimus</strong></span> <span class='ocrx_word' id='word_1_873' title='bbox 2394 5426 2459 5479; x_wconf 91' lang='lat' dir='ltr'><strong>de</strong></span> <span class='ocrx_word' id='word_1_874' title='bbox 2485 5432 2558 5491; x_wconf 91' lang='lat' dir='ltr'><strong>te,</strong></span> <span class='ocrx_word' id='word_1_875' title='bbox 2589 5424 2816 5487; x_wconf 86' lang='lat' dir='ltr'><strong>Domine</strong></span> <span class='ocrx_word' id='word_1_876' title='bbox 2890 5426 2981 5457; x_wconf 65' lang='lat' dir='ltr'><strong>“&quot;l</strong></span> <span class='ocrx_word' id='word_1_877' title='bbox 3008 5426 3147 5481; x_wconf 83' lang='lat' dir='ltr'><strong>Ante</strong></span> <span class='ocrx_word' id='word_1_878' title='bbox 3193 5425 3373 5481; x_wconf 85' lang='lat' dir='ltr'><strong>omnia</strong></span> <span class='ocrx_word' id='word_1_879' title='bbox 3401 5424 3621 5505; x_wconf 69' lang='lat' dir='ltr'><strong>genitus</strong></span> 
     </span>
     <span class='ocr_line' id='line_1_117' title="bbox 1204 5494 3623 5563; baseline 0 -16"><span class='ocrx_word' id='word_1_880' title='bbox 1204 5495 1384 5548; x_wconf 90' lang='lat' dir='ltr'><strong>enitus</strong></span> <span class='ocrx_word' id='word_1_881' title='bbox 1474 5494 1594 5532; x_wconf 75' lang='grc'><strong>-¹“⁹</strong></span> <span class='ocrx_word' id='word_1_882' title='bbox 1634 5494 1813 5551; x_wconf 77' lang='lat' dir='ltr'><strong>Altera</strong></span> <span class='ocrx_word' id='word_1_883' title='bbox 1864 5510 2091 5563; x_wconf 90' lang='lat' dir='ltr'><strong>persona</strong></span> <span class='ocrx_word' id='word_1_884' title='bbox 2147 5497 2224 5550; x_wconf 87' lang='lat' dir='ltr'><strong>sis</strong></span> <span class='ocrx_word' id='word_1_885' title='bbox 2278 5511 2377 5550; x_wconf 90' lang='lat' dir='ltr'><strong>ms.</strong></span> <span class='ocrx_word' id='word_1_886' title='bbox 2444 5494 2578 5549; x_wconf 84' lang='lat' dir='ltr'><strong>Vict.</strong></span> <span class='ocrx_word' id='word_1_887' title='bbox 2639 5496 2809 5551; x_wconf 88' lang='lat' dir='ltr'><strong>altera</strong></span> <span class='ocrx_word' id='word_1_888' title='bbox 2853 5506 3046 5551; x_wconf 89' lang='lat' dir='ltr'><strong>natura</strong></span> <span class='ocrx_word' id='word_1_889' title='bbox 3095 5496 3172 5552; x_wconf 89' lang='lat' dir='ltr'><strong>sis</strong></span> <span class='ocrx_word' id='word_1_890' title='bbox 3246 5495 3338 5527; x_wconf 74' lang='lat'><strong>“&#39;°</strong></span> <span class='ocrx_word' id='word_1_891' title='bbox 3368 5496 3623 5559; x_wconf 82' lang='lat' dir='ltr'><strong>Audml,</strong></span> 
     </span>
    </p>
   </div>
   <div class='ocr_carea' id='block_1_114' title="bbox 1510 5564 3627 5653">
    <p class='ocr_par' dir='ltr' id='par_1_114' title="bbox 1510 5564 3627 5653">
     <span class='ocr_line' id='line_1_118' title="bbox 1510 5564 3627 5653; baseline 0.001 -36"><span class='ocrx_word' id='word_1_892' title='bbox 1510 5564 1597 5596; x_wconf 73' lang='grc' dir='ltr'>¹¹ο²¹</span> <span class='ocrx_word' id='word_1_893' title='bbox 1624 5564 1851 5635; x_wconf 73' lang='lat' dir='ltr'><strong>Datninc</strong></span> <span class='ocrx_word' id='word_1_894' title='bbox 1896 5564 2048 5642; x_wconf 73' lang='lat' dir='ltr'><strong>Jesu,</strong></span> <span class='ocrx_word' id='word_1_895' title='bbox 2075 5566 2153 5634; x_wconf 83' lang='lat' dir='ltr'><strong>sic</strong></span> <span class='ocrx_word' id='word_1_896' title='bbox 2180 5574 2329 5637; x_wconf 72' lang='lat' dir='ltr'><strong>caste</strong></span> <span class='ocrx_word' id='word_1_897' title='bbox 2350 5583 2478 5623; x_wconf 86' lang='lat' dir='ltr'><strong>mss.</strong></span> <span class='ocrx_word' id='word_1_898' title='bbox 2507 5565 2735 5647; x_wconf 75' lang='lat' dir='ltr'><strong>Domine</strong></span> <span class='ocrx_word' id='word_1_899' title='bbox 2759 5565 2910 5653; x_wconf 82' lang='lat' dir='ltr'><strong>.lesu,</strong></span> <span class='ocrx_word' id='word_1_900' title='bbox 2936 5567 3129 5631; x_wconf 72' lang='lat' dir='ltr'><strong>aniodo</strong></span> <span class='ocrx_word' id='word_1_901' title='bbox 3164 5566 3243 5629; x_wconf 78' lang='lat' dir='ltr'><strong>sic</strong></span> <span class='ocrx_word' id='word_1_902' title='bbox 3299 5565 3490 5623; x_wconf 83' lang='lat' dir='ltr'><strong>vivere</strong></span> <span class='ocrx_word' id='word_1_903' title='bbox 3536 5565 3627 5635; x_wconf 74' lang='lat' dir='ltr'><strong>sie</strong></span> 
     </span>
    </p>
   </div>
   <div class='ocr_carea' id='block_1_115' title="bbox 1602 5274 3625 5353">
    <p class='ocr_par' dir='ltr' id='par_1_115' title="bbox 1602 5274 3625 5353">
     <span class='ocr_line' id='line_1_119' title="bbox 1602 5274 3625 5353; baseline 0 -16"><span class='ocrx_word' id='word_1_904' title='bbox 1602 5284 1696 5327; x_wconf 51' lang='lat'><strong>“‘5</strong></span> <span class='ocrx_word' id='word_1_905' title='bbox 1728 5274 2139 5353; x_wconf 77' lang='lat' dir='ltr'><strong>Redemptionis</strong></span> <span class='ocrx_word' id='word_1_906' title='bbox 2178 5292 2283 5340; x_wconf 70' lang='lat' dir='ltr'><strong>tua:</strong></span> <span class='ocrx_word' id='word_1_907' title='bbox 2309 5301 2434 5339; x_wconf 88' lang='lat' dir='ltr'><strong>mss.</strong></span> <span class='ocrx_word' id='word_1_908' title='bbox 2475 5274 2635 5353; x_wconf 72' lang='lat' dir='ltr'><strong>Corb.</strong></span> <span class='ocrx_word' id='word_1_909' title='bbox 2670 5274 2733 5353; x_wconf 43' lang='lat' dir='ltr'><strong>et:</strong></span> <span class='ocrx_word' id='word_1_910' title='bbox 2784 5274 3013 5340; x_wconf 71' lang='lat' dir='ltr'><strong>Vat-lue.</strong></span> <span class='ocrx_word' id='word_1_911' title='bbox 3045 5274 3479 5353; x_wconf 65' lang='lat' dir='ltr'><strong>&#39;lledemptiouis</strong></span> <span class='ocrx_word' id='word_1_912' title='bbox 3517 5274 3625 5345; x_wconf 68' lang='lat' dir='ltr'><strong>tute</strong></span> 
     </span>
    </p>
   </div>
   <div class='ocr_carea' id='block_1_116' title="bbox 2572 5346 3623 5415">
    <p class='ocr_par' dir='ltr' id='par_1_116' title="bbox 2572 5346 3623 5415">
     <span class='ocr_line' id='line_1_120' title="bbox 2572 5346 3623 5415; baseline 0.008 -13"><span class='ocrx_word' id='word_1_913' title='bbox 2572 5346 2667 5385; x_wconf 66' lang='grc' dir='ltr'>ίιίθ</span> <span class='ocrx_word' id='word_1_914' title='bbox 2701 5348 2812 5415; x_wconf 85' lang='lat' dir='ltr'><strong>Nec</strong></span> <span class='ocrx_word' id='word_1_915' title='bbox 2858 5357 2909 5410; x_wconf 93' lang='lat' dir='ltr'><strong>in</strong></span> <span class='ocrx_word' id='word_1_916' title='bbox 2962 5355 3106 5409; x_wconf 87' lang='lat' dir='ltr'><strong>nulla</strong></span> <span class='ocrx_word' id='word_1_917' title='bbox 3164 5346 3476 5414; x_wconf 49' lang='lat' dir='ltr'><strong>msfﬂotb.</strong></span> <span class='ocrx_word' id='word_1_918' title='bbox 3522 5368 3623 5409; x_wconf 86' lang='lat' dir='ltr'><strong>nec</strong></span> 
     </span>
    </p>
   </div>
  </div>
