3852 6050
293 280 403 334 9'23

651 277 710 335 S‘.
740 276 1043 335 ANSELMI
1084 272 1434 333 CANTUAR.
1465 274 1785 331 ARCIIIEP.
1826 280 1896 336 Ui

2019 279 2197 337 PARS
2230 284 2396 371 ll..--
2422 280 2790 340 PAR'ACNET.’
2833 279 2920 338 ET
2949 280 3191 340 ASCEI'.

3454 280 3611 341 925'

296 394 540 451 monium
587 409 695 450 non
749 408 1034 464 agnoscas,
1072 391 1306 449 ofﬁcium
1356 393 1549 448 saltem
1597 394 1877 465 dispensa-
1909 399 1956 456 Α
1988 386 2090 450 tute
2119 396 2542 466 benedictionis,
2590 407 2647 453 et
2687 372 3048 453 sanctificatio
3102 406 3210 453 tua:
3247 396 3627 457 divinitatis.

294 487 462 543 tionis
485 486 705 545 creditae
739 499 844 541 non
873 498 1113 549 recuses,
1164 498 1268 540 nec
1315 498 1412 554 per
1474 500 1563 539 me
1606 486 1887 556 indignum

301 591 489 634 eorum
523 576 715 633 salutis
747 584 937 646 pereat
964 574 1199 647 pretium
1223 616 1238 643 ,
1284 590 1383 645 pro
1428 575 1627 646 quibus
1671 576 1886 631 victima

300 668 483 726 factus
539 666 800 721 salutaris
859 665 953 699 ¹⁶⁸³
995 665 1254 738 dignatus
1298 680 1358 721 es
1398 679 1521 722 esse
1565 666 1885 737 redemptio.

297 757 525 813 Profero
541 771 673 826 ergo
704 755 819 822 ωδ,
862 755 1089 811 Domine
1138 755 1205 826 (si
1255 755 1492 826 digneris
1516 757 1782 826 propitius
1807 758 1891 813 in-

300 850 484 920 tueri),
521 850 895 906 tribulationes
951 850 1213 921 plebium,
1262 850 1504 922 pericula
1544 850 1889 921 populorum,

299 941 639 1011 captivorum
666 942 928 1011 gemitus,
966 942 1214 997 miserias
1263 944 1653 1014 orplianorum,
1704 955 1893 999 neces-

299 1034 489 1089 sitates
536 1033 967 1104 peregrinorum,
1031 1034 1266 1104 inopiam
1318 1036 1594 1103 debilium,
1643 1038 1894 1107 despera-

300 1126 478 1181 tiones
501 1125 896 1196 languentium,
938 1126 1193 1184 defectus.
1229 1141 1440 1194 senum,
1489 1128 1892 1199 suspiriajuve-

300 1234 449 1281 num,
484 1229 609 1275 vota
641 1219 937 1288 virginum,
966 1217 1205 1274 lamenta
1227 1220 1533 1275 viduarum.

374 1308 453 1364 Tu
476 1310 621 1365 enim
649 1309 911 1363 misereris
947 1311 1201 1375 omnium,
1226 1309 1474 1377 Domine,
1509 1322 1557 1366 et
1583 1313 1715 1369 nihil
1737 1314 1906 1383 odisti.

301 1412 481 1453 eorum
511 1416 629 1469 qua:
658 1398 827 1468 fecisti
866 1397 1017 1469 (Sep.
1052 1416 1128 1465 xi,
1174 1400 1407 1472 24,25).
1440 1403 1740 1460 Memorare
1776 1420 1897 1476 quae

304 1487 378 1543 sit
404 1496 587 1543 nostra
615 1490 940 1554 substantia,
970 1489 1096 1559 quia
1123 1499 1175 1542 tu
1207 1488 1366 1544 Pater
1389 1501 1574 1550 noster
1592 1507 1671 1558 es,
1689 1494 1814 1564 quia
1840 1503 1895 1548 tu

306 1579 450 1633 Deus
501 1588 688 1633 noster
719 1594 809 1644 es;
866 1596 937 1635 ne
973 1579 1228 1637 irascaris
1266 1580 1419 1644 satis,
1450 1595 1626 1654 neque
1649 1583 1895 1643 multitu-

305 1670 490 1729 dinem
517 1671 789 1726 viscerum
845 1682 1061 1727 tuorum
1118 1688 1279 1742 super
1307 1688 1405 1728 nos
1434 1676 1735 1730 contineas.
1778 1675 1892 1732 Non

1989 486 2505 554 Descendatetiam,
2564 487 2810 551 Domine,
2863 487 2951 541 illa
2993 488 3166 543 sancti
3209 485 3446 558 Spiritus
3502 487 3604 546 tui

1990 577 2277 633 invisibilis
2322 579 2995 651 incomprehensibilisque
3065 579 3365 649 maiestas,
3432 583 3606 639 sicut

1990 670 2262 739 quondam
2316 671 2368 726 in
2417 682 2631 742 patrum
2689 672 2897 728 hostias
2936 671 3318 741 descendebat,
3372 676 3468 746 qui
3533 683 3605 731 et

1992 762 2302 818 oblationes
2326 773 2540 819 nostras
2571 779 2770 834 corpus
2814 772 2867 819 et
2899 764 3214 835 sanguinem
3261 774 3411 821 tuum
3463 767 3605 823 eili-

1991 853 2119 919 eiat,
2152 861 2206 908 et
2234 868 2319 910 me
2339 854 2616 924 indignum
2647 855 2984 910 sacerdotem
3002 856 3196 912 doceat
3223 864 3434 911 tantum
3466 866 3602 911 tra-

1993 950 2145 998 ctare
2174 943 2486 1015 mysterium
2514 958 2636 999 cum
2669 943 2848 999 cordis
2874 945 3112 1015 puritate
3137 953 3192 999 et
3212 944 3601 1018 lacrymarum

1994 1034 2299 1098 devotione,
2324 1049 2445 1089 cum
2476 1036 2777 1090 reverentia
2805 1045 2857 1091 et
2898 1046 3158 1100 tremore,
3189 1036 3264 1090 ita
3285 1044 3345 1091 ut
3369 1036 3603 1105 placide

1994 1132 2050 1178 et
2095 1123 2326 1196 benigne
2388 1126 2653 1196 suscipias
2710 1126 3039 1182 sacriﬁcium
3091 1126 3161 1183 de
3188 1127 3281 1162 ““
3328 1130 3601 1185 manibus

1996 1215 2132 1270 meis
2175 1217 2241 1269 ad
2272 1215 2501 1272 salutem
2536 1217 2779 1272 omnium
2836 1227 2945 1272 tam
2988 1216 3236 1273 vivorum
3281 1234 3447 1290 quam
3492 1221 3593 1275 de-

1996 1306 2325 1364 functorum.

2067 1397 2218 1469 Rogo
2269 1408 2323 1455 te
2345 1400 2458 1466 “7°,
2508 1400 2758 1465 Domine,
2801 1415 2897 1470 per
2946 1400 3122 1468 ipsum
3174 1408 3613 1456 sacrosanctum.

1999 1489 2313 1563 mysterium
2342 1490 2584 1561 corporis
2611 1499 2666 1546 et
2714 1489 2992 1560 sanguinis
3046 1488 3147 1555 tui,
3184 1504 3293 1559 quo
3344 1490 3597 1560 quotidie

1998 1580 2053 1636 iu
2084 1580 2324 1636 Ecclesia
2369 1590 2456 1636 tua
2502 1581 2780 1651 pascimur
2819 1590 2875 1636 et
2905 1587 3176 1651 potamur,
3240 1580 3597 1638 abluimuret

1999 1673 2420 1739 sanctitieamur,
2461 1683 2624 1745 atque
2647 1673 2806 1729 unius
2844 1685 3176 1742 summaeque
3205 1671 3295 1704 ¹⁶⁷¹
3322 1672 3591 1728 divinita-

302 1759 449 1813 enim
481 1760 534 1814 in
562 1761 1042 1832 justiﬁcat'onibus
1064 1763 1267 1819 nostris
1290 1767 1682 1834 prosternimus
1703 1781 1893 1836 preces
1926 1743 1974 1798 Β
1997 1766 2066 1820 tis
2086 1765 2376 1836 participes
2397 1743 2683 1831 eﬂicimur',
2717 1764 2782 1833 da
2809 1764 2939 1818 mihi
2956 1764 3183 1818 virtutes
3201 1749 3320 1818 tuas
3346 1773 3593 1829 sanctas,

308 1850 404 1884 ¹⁵⁸¹
424 1861 550 1909 ante
583 1853 774 1908 faciem
835 1861 1001 1919 tuam,
1035 1854 1130 1910 sed
1187 1855 1242 1913 in
1298 1856 1737 1913 miserationibus
1787 1860 1893 1914 tuis

279 1942 515 1999 .inultis.
567 1944 741 2001 Aufer
763 1960 791 1999 a
824 1946 1007 2011 nobis,
1041 1946 1286 2012 Domine,
1322 1948 1631 2019 iniquitates
1656 1961 1890 2020 nostras,

309 2043 366 2088 et
397 2035 571 2105 ignem
597 2037 769 2091 sancti
798 2037 1033 2107 Spiritus
1058 2038 1112 2093 in
1141 2040 1296 2095 nobis
1322 2040 1619 2098 clementer
1634 2045 1889 2100 arcende.

308 2124 475 2178 Aufer
507 2140 604 2180 cor
627 2125 895 2194 lapideum
922 2129 988 2183 de
1011 2144 1176 2184 carne
1195 2139 1400 2196 nostra,
1427 2140 1483 2186 et
1509 2132 1576 2188 da
1617 2134 1774 2189 nobis
1802 2150 1896 2190 cor

306 2231 566 2273 carneum
608 2216 828 2284 (Ezec/i.
857 2236 936 2286 ιι,
978 2220 1245 2293 19),,ᾳιιυι
1288 2231 1341 2279 te
1367 2223 1576 2292 timeat,
1631 2236 1681 2282 te
1728 2236 1903 2296 amet,

309 2318 362 2362 te
391 2307 580 2377 diligat
604 2306 719 2375 Μ’,
750 2321 802 2367 te
833 2312 1132 2370 delectetur
1154 2314 1269 2382 "'7,
1305 2326 1355 2371 te
1384 2328 1671 2389 sequatur,
1702 2330 1752 2376 te
1774 2336 1897 2391 per-

309 2395 541 2452 fruatur.
583 2397 851 2470 Oramus,
907 2404 1154 2474 Domine,
1186 2405 1528 2463 clcmentiam
1554 2419 1699 2465 tuam
1728 2423 1786 2466 ut
1812 2427 1899 2468 se-

313 2503 447 2545 reno
484 2491 632 2546 vultu
658 2492 919 2550 familiam
948 2505 1116 2562 tuam,
1155 2500 1299 2555 sacri
1347 2503 1422 2557 tui
1459 2502 1695 2558 nominis
1725 2503 1898 2560 ofﬁcia

307 2582 731 2651 praestolantem,
757 2588 1000 2656 aspicere
1028 2589 1287 2660 digneris,
1310 2604 1367 2648 et
1404 2592 1498 2626 ’⁸⁸⁸
1522 2604 1579 2649 ιιι
1605 2595 1804 2652 nullius
1831 2598 1903 2652 sit

316 2673 537 2729 irritum
582 2688 792 2744 votum,
821 2678 1019 2736 nullius
1060 2697 1227 2738 vacua
1286 2684 1599 2754 postulatio,
1659 2696 1713 2742 tu
1744 2687 1901 2745 nobis

310 2780 505 2835 preces
527 2783 757 2841 suggere
778 2787 915 2842 quas
952 2774 1068 2844 ipse
1096 2775 1285 2835 audire
1314 2777 1581 2849 propitius
1624 2788 1681 2837 et
1737 2797 1898 2838 exau-

289 2858 427 2930 dire
451 2859 738 2919 delecteris
763 2863 878 2922 ⁸⁸³³.

381 2948 661 3022 Rogamus
690 2955 852 3011 etiam
880 2964 953 3024 te,
1006 2957 1169 3015 Pater
1197 2969 1387 3018 sancte
1420 2962 1533 3029 ⁸³⁸⁸³,
1562 2974 1617 3020 et
1658 2979 1759 3036 pro
1782 2966 1903 3021 ani-

1994 1856 2191 1927 quibus
2226 1856 2467 1926 repletus
2521 1855 2660 1911 bona
2716 1855 3047 1911 conscientia
3092 1855 3159 1908 ad
3216 1854 3388 1910 altare
3434 1864 3595 1912 tuum

1995 1951 2271 2017 accedam,
2296 1948 2370 2003 ita
2401 1958 2460 2003 ut
2495 1947 2612 2002 haec
2648 1945 2887 2003 cmlestia
2912 1954 3253 2000 sacramenta
3286 1944 3596 2001 efﬁciantur

1996 2042 2129 2097 mihi
2153 2041 2300 2097 salus
2316 2044 2377 2097 ‘et
2398 2040 2529 2095 vita.
2560 2040 2639 2096 Tu
2661 2040 2804 2096 enim
2853 2042 3033 2096 dixisti
3078 2055 3174 2095 ore
3201 2049 3291 2094 tuo
3320 2051 3512 2095 sancto
3535 2050 3603 2096 et

1996 2134 2282 2190 benedicta
2312 2150 2326 2188 :
2357 2129 2526 2188 Panis
2547 2148 2699 2203 quem
2735 2148 2828 2202 ego
2872 2132 3030 2198 dabo,
3074 2147 3198 2185 caro
3220 2147 3335 2184 nica
3376 2140 3453 2184 est
3496 2145 3593 2201 pro

1997 2226 2180 2280 mundi
2208 2226 2313 2279 vita
2338 2224 2451 2279 “".
2495 2223 2559 2281 Si
2584 2225 2700 2296 quis
2746 2222 3139 2277 manducauerit
3201 2237 3267 2276 ea:
3309 2220 3407 2274 Iioc
3431 2238 3591 2290 pane,

1998 2318 2125 2372 viret
2154 2317 2208 2370 in
2233 2327 2483 2373 wternum
2529 2315 2709 2388 (Joan.
2746 2330 2818 2380 vi,
2872 2314 2985 2385 δὲ).
3042 2312 3205 2367 Panis
3255 2312 3589 2373 dulcissime.

2000 2421 2131 2461 sana
2161 2407 2398 2477 palatum
2458 2405 2638 2461 cordis
2694 2406 2820 2466 mei,
2861 2413 2916 2457 ut
2983 2403 3213 2457 sentiam
3261 2401 3603 2457 suavitatem

2000 2499 2204 2554 amoris
2240 2500 2338 2554 tui.
2382 2497 2531 2554 Sana
2583 2498 2713 2553 illud
2756 2496 2850 2529 ¹⁵⁷³
2892 2496 2960 2551 ab
2990 2495 3138 2551 omni
3199 2493 3481 2565 languore,
3534 2504 3595 2550 ut

2001 2589 2205 2644 nullam
2256 2598 2457 2660 praeter
2519 2598 2569 2644 te
2617 2588 2815 2645 sentiat
2845 2586 2937 2619 “7‘
2983 2583 3344 2648 dulcedinem,
3382 2585 3588 2639 nullum

2000 2689 2199 2749 praeter
2231 2689 2283 2735 te
2303 2688 2519 2749 qutrrat'
2541 2694 2806 2742 amorem,
2848 2676 3050 2731 nullam
3107 2687 3303 2749 praeter
3341 2687 3394 2733 te
3440 2682 3591 2731 amet

2002 2769 2478 2839 pulchritudinem.
2551 2766 2716 2824 Panis
2768 2767 2863 2800 ’δ”
2931 2768 3335 2834 candidissime,
3383 2767 3593 2823 habens

2004 2876 2154 2916 autne
2174 2859 2599 2915 delectameutum
2627 2868 2675 2913 et
2707 2873 2907 2912 omnem
2922 2857 3453 2928 suavitatissaporem
3489 2856 3589 2889 “7'

2006 2951 2156 3023 (Sep.
2188 2967 2299 3019 xvr,
2331 2951 2448 3024 20),
2476 2940 2572 3021 qui
2602 2965 2702 3006 nos
2732 2961 2948 3020 semper
2995 2948 3198 3018 reficis,
3228 2959 3284 3005 et
3317 2964 3598 3021 nunquam

240 3034 245 3037 ’
313 3045 509 3101 mabus
544 3046 638 3079 ““
669 3047 909 3105 ﬁdelium
939 3050 1319 3109 defunctorum
1370 3063 1432 3110 ut
1472 3055 1548 3112 sis
1592 3034 1699 3113 illis
1733 3060 1896 3123 salus,

2006 3045 2059 3100 in
2092 3053 2144 3101 te
2169 3044 2378 3112 deﬁcis,
2411 3044 2659 3101 comedat
2690 3053 2742 3098 te
2763 3057 2859 3098 cor
2879 3057 3083 3108 meum,
3115 3053 3172 3099 et
3207 3042 3483 3100 dulcedine
3511 3057 3615 3098 san

318 3137 549 3204 sanitas,
577 3139 833 3210 gaudium
868 3151 924 3199 et
948 3142 1313 3216 refrigerium,
1364 3145 1471 3202 hoc
1498 3162 1749 3219 magnum
1780 3150 1898 3220 pie-

310 3227 441 3286 tatis
466 3241 891 3288 sacramentum.
931 3233 1078 3291 Deus
1125 3235 1419 3304 meus'm,
1469 3236 1541 3293 sit
1580 3238 1685 3296 illis
1742 3241 1901 3296 hodie

311 3331 565 3388 magnum
589 3328 641 3374 et
664 3321 879 3391 plenum
930 3324 1238 3380 convivium
1273 3326 1341 3381 de
1379 3334 1430 3382 te
1455 3341 1595 3396 pane
1635 3330 1784 3396 vivo,
1807 3331 1901 3401 qui

314 3408 382 3464 de
411 3410 550 3466 ccelo
573 3412 897 3471 descendisti
929 3426 985 3473 et
1009 3416 1106 3472 das
1154 3418 1319 3473 vitam
1369 3421 1570 3475 mundo
1612 3420 1793 3490 (Joan.
1822 3437 1899 3491 vr,

312 3499 427 3571 55),
453 3502 520 3556 de
546 3512 637 3558 tua
658 3519 825 3561 carne
847 3515 1033 3563 sancta
1063 3516 1118 3563 et
1155 3508 1460 3571 benedicta,
1483 3510 1620 3581 Agni
1652 3512 1903 3569 videlicet

315 3592 655 3650 immaculati
706 3597 796 3667 qui
848 3598 987 3653 tollit
1036 3598 1139 3634 ““-
1165 3614 1386 3677 peccata
1426 3606 1610 3660 mundi
1639 3604 1823 3674 (Joan.
1860 3622 1897 3676 t,

316 3681 437 3751 29),
463 3697 582 3752 quae
610 3684 676 3741 de
699 3696 888 3743 sancto
921 3697 976 3743 et
997 3688 1234 3760 glorioso
1255 3693 1427 3751 beata)
1450 3695 1677 3766 virginis
1719 3694 1902 3752 Mariae

317 3785 472 3842 utero
493 3785 577 3833 est
605 3790 904 3852 assumpta,
934 3792 990 3837 et
1037 3783 1104 3840 de
1148 3783 1354 3846 Spiritu
1390 3796 1580 3844 sancto
1606 3798 1894 3858 concepta,

313 3865 381 3922 de
404 3865 518 3934 illo,
539 3868 782 3940 inquam,
814 3873 1034 3944 pietatis
1065 3874 1158 3908 ““
1183 3874 1353 3944 fonte,
1382 3893 1479 3949 per
1514 3878 1758 3935 lanceam
1801 3880 1901 3934 mi-

314 3954 425 4012 litis
448 3971 513 4013 ex
537 3968 629 4015 tuo
652 3964 1023 4020 sacratissimo
1048 3965 1217 4023 latere
1237 3968 1328 4000 ¹⁵⁶³
1358 3969 1595 4024 manavit
1617 3969 1728 4037 Μ’,
1752 3980 1810 4024 ιιι
1832 3950 1898 4025 ett

316 4047 444 4105 inde
473 4049 656 4107 refecti
686 4050 739 4109 et
764 4057 968 4123 satiati,
1024 4059 1329 4130 refrigerati
1377 4068 1436 4115 et
1486 4061 1750 4117 consolati
1784 4062 1897 4129 ἰδ’,

317 4142 588 4200 exsultent
636 4145 691 4200 in
738 4146 896 4205 laude
943 4160 995 4203 et
1025 4150 1194 4221 gloria
1242 4160 1349 4207 tua.
1394 4149 1526 4208 Peto
1556 4153 1898 4210 clementiam

318 4242 490 4299 tuam,
522 4235 689 4304 Deus,
719 4250 780 4295 ut
806 4240 1103 4299 descendat
1145 4257 1310 4314 super
1340 4242 1470 4299 illud
1502 4243 1779 4315 plenitudo
1807 4243 1901 4278 W'

2003 3137 2150 3211 poris
2179 3137 2254 3192 tui
2280 3136 2591 3208 repleantur
2618 3136 2827 3190 viscera
2854 3133 3049 3188 animae
3100 3150 3250 3191 meai.
3303 3134 3602 3190 Mauducat

2006 3241 2057 3287 te
2078 3231 2304 3303 angelus
2326 3246 2420 3287 ore
2449 3231 2629 3303 pleno,
2658 3232 2947 3288 manducet
2992 3241 3043 3287 te
3087 3229 3407 3303 peregrinus
3429 3228 3600 3284 homo

2003 3337 2102 3393 pro
2128 3320 2344 3377 modulo
2382 3336 2503 3387 suo,
2533 3338 2599 3377 ne
2642 3320 2877 3377 deiicere
2915 3321 3163 3392 possitin
3213 3320 3300 3374 via
3357 3318 3452 3374 tali
3512 3332 3600 3372 re-

2006 3420 2224 3467 creatus
2276 3411 2495 3468 viatico.
2553 3411 2715 3468 Panis
2771 3410 2999 3480 sancte,
3047 3413 3203 3484 panis
3249 3411 3393 3477 vive,
3442 3411 3601 3480 panis

2003 3501 2229 3573 pulcher
2253 3502 2368 3568 “",
2397 3502 2553 3573 panis
2579 3501 2778 3557 munde
2805 3503 2897 3573 qui
2926 3500 3254 3559 descendisti
3278 3501 3346 3557 de
3370 3500 3515 3556 creto
3545 3510 3615 3555 et

2007 3592 2104 3650 das
2128 3592 2299 3649 vitam
2355 3592 2576 3658 mundo,
2632 3595 2756 3654 veni
2803 3595 2990 3651 in‘cor
3041 3609 3245 3660 meum,
3306 3601 3364 3648 et
3397 3593 3603 3648 munda

2008 3702 2094 3742 me
2124 3689 2191 3743 ab
2241 3688 2384 3742 omni
2412 3687 2806 3759 inquinamento
2840 3689 3014 3745 carnis
3036 3699 3084 3744 et
3122 3688 3337 3759 spiritus
3362 3685 3450 3752 (II
3473 3683 3600 3742 Cor.

2006 3796 2103 3843 vu,
2136 3777 2207 3851 l),
2241 3780 2381 3834 intra
2412 3779 2465 3834 in
2500 3779 2740 3836 animam
2773 3796 2972 3846 meam,
3005 3789 3060 3836 et
3085 3778 3370 3835 sanctifica
3402 3790 3489 3832 me
3522 3776 3603 3831 in-

2008 3871 2178 3927 terius
2216 3870 2307 3903 ¹⁵⁷⁸
2336 3878 2390 3925 et
2414 3870 2674 3927 exterius.
2734 3871 2866 3927 Esto
2918 3880 3162 3927 tutamen
3219 3878 3275 3927 et
3343 3869 3621 3926 continua.

2004 3962 2151 4018 Salus
2175 3963 2369 4020 anima:
2392 3979 2525 4020 mea:
2549 3974 2606 4019 ct
2628 3963 2871 4034 corporis
2919 3963 3049 4018 mei.
3088 3962 3308 4033 Repelle
3337 3976 3368 4015 a
3396 3976 3485 4016 me
3514 3964 3602 4016 in-

2008 4054 2271 4111 sidiantes
2313 4055 2443 4110 mihi
2489 4056 2703 4120 hostes;
2738 4055 2995 4110 recedant
3019 4054 3208 4124 procul
3234 4071 3264 4110 a
3296 4056 3596 4124 praesentia

2010 4148 2380 4217 potentiae‘m
2412 4156 2514 4204 tua:
2559 4159 2617 4205 ut
2671 4148 2804 4204 foris
2859 4159 2915 4205 et
2964 4150 3114 4203 intus
3165 4162 3259 4219 per
3284 4147 3605 4203 temunitus

2016 4239 2106 4274 ⁸⁸⁸⁸
2142 4249 2292 4297 recto
2339 4240 2556 4298 tramite
2590 4242 2658 4297 ad
2700 4249 2847 4300 tuum
2877 4255 3100 4315 regnum
3129 4239 3471 4310 perveniam,
3509 4238 3602 4292 ubi

1631 4356 1867 4416 VARUE
1907 4354 2306 4412 LECTIONES.

391 4469 481 4501 “”
547 4470 776 4527 Victima
842 4474 1095 4530 salutaris
1165 4491 1290 4531 mss.
1375 4474 1596 4530 victima
1650 4474 1825 4530 factus
1882 4474 2137 4531 salutaris
2271 4472 2368 4505 N‘
2426 4471 2703 4526 Proferam
2767 4472 2929 4524 etiam
3003 4487 3136 4525 mss.
3199 4468 3419 4530 profero
3454 4482 3605 4590 ergo

394 4539 416 4571 ⁸
443 4540 639 4590 Preces
661 4555 877 4590 nostras
909 4562 1034 4590 mn.
1065 4561 1253 4590 nmen:
1277 4557 1400 4590 2mm
1475 4545 1570 4585 0“
1599 4545 1674 4590 Tn
1699 4547 1907 4590 timeat-
1938 4556 1990 4590 In
2021 4545 2228 4590 diligat-
2256 4560 2383 4590 mss.
2414 4552 2463 4590 te
2489 4542 2695 4590 timeat.
2728 4551 2779 4590 le
2810 4542 2980 4590 timet-
3017 4550 3069 4590 te
3117 4539 3307 4590 diligat
3408 4537 3501 4569 ⁸⁸⁸⁷
3562 4536 3605 4590 Ἰ

323 4538 416 4619 δι”
442 4540 639 4619 Preces
661 4555 877 4600 nostras
909 4562 1034 4600 mss.
1065 4557 1400 4619 precesaule
1467 4545 1570 4619 3‘"
1599 4545 1674 4600 Te
1699 4547 1910 4619 timeat,
1938 4556 1990 4601 te
2009 4545 2231 4619 diligat,
2256 4560 2383 4598 mss.
2414 4542 2696 4619 te_t_i_m_r:at,
2728 4551 2786 4619 te_
2810 4542 2980 4619 timet,
3017 4550 3090 4619 te_
3117 4539 3307 4607 diligat
3408 4536 3609 4619 ’δ”-ρει

322 4610 643 4685 lionoriiicct
690 4629 823 4685 mss.
863 4621 1032 4668 omitt.
1066 4607 1081 4617 ’
1134 4616 1227 4649 ¹⁸⁸⁸
1256 4618 1544 4683 Digneris,
1569 4625 1623 4671 et
1654 4633 1780 4669 mss.
1814 4607 2053 4685 digneris
2083 4607 2254 4678 vultu,
2292 4624 2357 4685 et
2449 4613 2561 4685 ‘39
2583 4612 2853 4685 Exaudire
2883 4611 3124 4685 digneris
3169 4626 3294 4685 mss.
3342 4607 3611 4685 exaudire

322 4679 613 4758 delecteris
686 4683 779 4715 “°°
805 4684 1031 4739 Domine
1056 4685 1221 4758 Pater
1246 4678 1432 4742 sancte
1473 4678 1601 4758 mss.
1634 4688 1814 4758 omitt.
1834 4678 2087 4758 Domine
2160 4684 2394 4758 fmfm
2428 4682 2714 4758 spiritibus
2742 4699 2867 4758 mss.
2899 4678 2995 4758 pro
3025 4680 3313 4758 animabus
3370 4678 3479 4758 1f“
3506 4678 3612 4758 Do-

320 4751 467 4804 mine
494 4750 636 4830 Deus
674 4756 1173 4830 nicusmsﬁomitt.
1204 4756 1449 4830 Domine
1504 4757 1601 4830 “‘f
1619 4755 1718 4824 Qui
1754 4757 1895 4812 tollis
1928 4774 2052 4830 itus.
2084 4754 2176 4830 q_u_i
2207 4754 2351 4830 tollit
2425 4748 2624 4830 mir-‘0'
2650 4753 2718 4830 ἀεὶ
2752 4748 3084 4830 illq‘pielgis
3119 4767 3243 4830 ξηει-
3275 4748 3602 4830 dcillosin.

321 4834 506 4887 quam,
542 4821 762 4889 pietatis
837 4824 928 4857 "5‘
955 4824 1030 4879 Ex
1063 4836 1154 4881 tuo
1178 4829 1550 4885 sacratissimo
1575 4817 1743 4881 iniere
1778 4827 2075 4881 mss.Corb.
2103 4817 2349 4887 ’ναι-[ηε.
2398 4833 2446 4878 et
2497 4822 2650 4877 Flor.
2678 4817 2937 4877 Crucitixi
2990 4822 3201 4876 Domini
3236 4819 3410 4873 nostri
3438 4817 3611 4872 latere

321 4890 414 4927 Μ’
439 4890 727 4948 Emanavit
779 4911 903 4948 mss.
947 4894 1177 4951 feliciter
1229 4900 1505 4953 emanavit
1615 4897 1708 4935 ‘W
1742 4895 1807 4953 Et
1851 4897 2047 4954 exinde
2103 4895 2313 4954 refecti.
2356 4894 2560 4954 satiati,
2612 4893 2920 4954 refrigerati
2961 4902 3014 4946 et
3055 4889 3319 4946 consolati
3369 4903 3499 4943 mss.
3550 4895 3614 4941 ut

489 4908 727 4948 inanavu
779 4911 903 4948 mss.
947 4908 1177 4951 leltctter
1229 4908 1505 4953 emanavit
1615 4908 1706 4935 ηπ
1742 4908 1807 4953 Et
1851 4908 2047 4954 exinde
2103 4908 2313 4955 retecti.
2356 4908 2560 4955 satiati,
2612 4908 2920 4955 retrigeratt
2961 4908 3014 4946 et
3055 4908 3319 4946 consuluit
3369 4908 3499 4943 mss.

323 4906 414 4927 νυ·
439 4906 727 4948 tsinanavu.
779 4911 903 4948 mss.
947 4906 1177 4951 feliciter
1229 4906 1505 4953 emanavit
1615 4906 1708 4935 “'7
1742 4906 1807 4953 Et
1851 4906 2047 4954 exinde
2103 4906 2313 4958 reiecti,
2356 4906 2560 4955 satiati,
2612 4906 2920 4962 retrigeratt
2961 4906 3014 4946 et
3055 4906 3319 4946 consulari
3369 4906 3499 4943 mss.
3550 4906 3606 4941 ιιι

320 4961 519 5042 exinde
541 4964 1085 5042 sanati,refrigerati.
1118 4967 1301 5042 refecti
1326 4978 1377 5023 et
1401 4967 1688 5042 consolati,
1721 4983 1821 5042 ms.
1845 4966 2099 5042 _Vaioluc_._
2119 4965 2425 5042 utexiuile.
2455 4963 2741 5042 Crater-amt
2773 4964 2827 5016 in
2852 4963 2997 5042 fidit.
3080 4958 3171 4995 'W‘
3201 4960 3375 5042 super
3405 4972 3606 5038 panem

447 5031 1176 5115 sacrificandumplenitudo
1206 5056 1332 5115 mss.
1365 5053 1531 5108 super
1555 5038 1685 5093 illud
1716 5038 1991 5115 pleniludo
2062 5035 2163 5115 ξδξθ
2193 5035 2474 5115 S_uspicias
2500 5033 2830 5115 sacrificium
2862 5032 2928 5115 (le
2959 5049 3083 5115 mss.
3115 5031 3609 5115 Asuspiciasnsacri-

319 5101 505 5160 ﬁcium
533 5104 707 5179 laudis
736 5109 803 5179 tle
877 5098 970 5140 ﬂ"
985 5108 1138 5179 Rogo
1172 5110 1337 5164 etiam
1372 5098 1541 5163 te'etc.
1572 5125 1671 5179 ms.
1696 5098 1866 5179 Cori).
1888 5108 2165 5177 pra'mittit
2206 5098 2343 5160 hunc
2390 5105 2623 5179 titulum.
2649 5104 2839 5159 Oratio
2870 5102 3182 5179 Sacerdotis
3224 5098 3353 5155 ante
3396 5098 3610 5179 Corpus

321 5183 376 5247 et
403 5176 721 5247 sanguinem
757 5172 1129 5235 Domini’ms's.
1159 5180 1330 5232 omitt.
1370 5179 1535 5233 etiam
1615 5178 1707 5213 ’δτι
1747 5172 1919 5247 Unius
1972 5192 2197 5247 summa:
2227 5193 2355 5230 mss.
2388 5175 2548 5229 unius
2605 5189 2939 5247 suiumazque
3012 5172 3105 5247 “’_'
3128 5172 3256 5243 Ego.
3292 5184 3415 5224 sum
3449 5172 3612 5239 panis

320 5243 589 5323 Vivusqui
644 5249 712 5303 de
755 5247 897 5323 eteio
943 5249 1199 5304 descendi
1247 5265 1373 5323 mss.
1422 5250 1703 5323 amittam,
1734 5246 2067 5323 MsLCarth.
2109 5246 2176 5302 Et
2198 5247 2289 5323 qui
2341 5248 2755 5323 manducatme
2787 5255 2842 5300 et
2888 5244 3175 5323 ipse_vivet
3221 5249 3445 5323 propter
3462 5252 3629 5323 “me;

321 5316 451 5390 quia
481 5307 598 5387 ipse
627 5331 811 5390 manet
839 5321 891 5374 in
924 5334 1011 5375 me
1036 5328 1091 5374 et
1123 5334 1223 5390 ego
1252 5319 1305 5390 in
1332 5334 1416 5390 eo.
1450 5310 1522 5375 Et
1558 5307 1751 5374 iterum
1780 5335 1794 5372 :
1829 5318 1941 5388 Ego
1977 5334 2101 5390 sum
2151 5307 2309 5390 pa'nis
2353 5317 2508 5370 vivus
2556 5315 2647 5390 qui
2713 5314 2780 5390 de
2795 5307 2961 5390 Δςιςιιίο
2999 5307 3251 5390 descendi
3324 5307 3423 5342 1‘"
3462 5307 3633 5390 Sana

325 5384 452 5438 illud
478 5382 576 5441 ms.
610 5387 794 5444 Curtii.
827 5405 957 5445 sana
986 5404 1076 5445 me
1121 5382 1218 5444 nis.
1263 5388 1498 5444 Val-lue.
1550 5405 1683 5444 sana
1715 5404 1837 5445 eum
1875 5382 2008 5426 "W"
2039 5388 2116 5444 Te
2153 5382 2398 5443 'sentiam
2446 5382 2764 5440 mss.‘Corb.
2795 5382 2930 5438 Vict.
2958 5393 3006 5438 et
3043 5382 3276 5437 ναι-ιυε.
3305 5391 3359 5435 te
3407 5382 3610 5433 sentiat

330 5452 426 5493 “'"
465 5455 814 5515 Dnlcediuem
860 5460 1022 5530 panis
1059 5476 1188 5515 mss.
1234 5457 1417 5514 Cartli.
1460 5469 1527 5514 et‘
1552 5459 1705 5513 Flor.
1757 5459 2143 5525 dulcedinem;
2183 5457 2385 5513 nullum

330 5535 527 5645 prmier
556 5537 608 5582 te
630 5545 808 5585 amem
845 5530 1328 5599 pulchritudinem,
1366 5530 1529 5585 Panis
1604 5530 1697 5563 “7°
1720 5530 1946 5586 Omnem
2003 5542 2253 5600 saporem
2298 5544 2396 5583 ms.

356 5597 495 5645 'ams
527 5597 669 5645 vive-
691 5601 849 5645 nanis
873 5602 1071 5645 nmmln
1097 5617 1224 5645 mn-
1264 5600 1420 5645 nanis
1441 5602 1575 5645 viva.
1628 5600 1782 5645 nanis
1810 5599 2051 5645 mileher-
2090 5600 2244 5645 nanis
2293 5614 2396 5645 mlll

356 5597 495 5649 'anis
527 5597 669 5662 vive,
691 5597 857 5671 panis
873 5602 1072 5656 munde
1097 5617 1225 5656 mss.
1264 5600 1420 5671 panis
1441 5602 1579 5667 vive,
1628 5600 1782 5670 panis
1810 5597 2244 5671 pulcher,'panis
2293 5598 2495 5653 munde

2472 5466 2631 5512 mater
2661 5464 2716 5510 te
2755 5470 2994 5524 quaeram
3046 5462 3367 5517 amatorem,
3398 5446 3608 5524 inuitaui

2479 5529 2570 5582 ict.
2622 5516 2838 5600 omnem
2870 5525 3444 5600 suavitatissaporem
3513 5516 3633 5600 ξεττι·

2605 5595 2696 5629 ³⁸⁷⁸
2732 5595 2876 5649 Sana
2928 5606 2987 5651 et
3016 5594 3212 5648 munda
3250 5592 3336 5648 me
3370 5592 3607 5645 interius

332 5681 460 5717 mss.
484 5658 846 5740 ctsanc'titica
875 5685 961 5725 me
991 5671 1221 5731 interius
1265 5658 1279 5671 ’
1300 5672 1390 5707 “'9
1411 5658 1703 5727 Prmscuiia
1730 5658 1987 5739 pot'entia:
2015 5658 2117 5726 ms'.
2160 5668 2288 5724 Vict.
2321 5667 2605 5740 praesentia
2646 5665 2949 5735 maiestatis
2978 5675 3031 5722 et
3054 5665 3311 5736 potentia
3385 5660 3480 5695 ⁸⁸⁸⁸
3505 5658 3609 5717 Pot

338 5742 391 5788 te
423 5734 659 5792 munitus
685 5754 810 5792 mss.
838 5741 1076 5795 munitus
1104 5757 1202 5812 per
1243 5753 1294 5798 te
