3906 6058
237 274 364 338 91:3

235 480 394 549 facie
421 479 490 532 ad
517 478 705 548 faciem
752 486 804 532 te
849 477 1158 532 vidcbimus-
1180 477 1230 548 (1
1276 476 1400 532 Cor.
1433 495 1562 547 xm,
1589 481 1702 552 12),
1725 498 1844 536 cum

235 571 544 634 tradideris
566 569 660 601 ¹³⁸¹
685 584 899 638 regnum
955 567 1066 622 Deo
1113 578 1159 623 et
1202 566 1354 624 Patri
1381 569 1429 628 (1
1455 567 1579 625 Cor.
1611 588 1702 640 xv,
1729 573 1846 644 24),

238 676 302 720 ct
331 667 439 720 erit
459 663 598 718 Deus
625 664 802 718 omnia
831 663 886 716 in
909 663 1146 718 omnibus
1179 663 1354 730 (ibid.,
1375 663 1487 734 98).
1519 663 1672 720 Tunc
1698 667 1846 720 enim

240 747 342 814 me
377 759 440 814 de
464 767 514 814 te
569 757 796 812 satiabis
823 757 1076 812 satietate
1133 755 1386 820 miriﬁca,
1421 756 1494 810 ita
1518 765 1706 816 utnec
1725 773 1850 814 esu-

241 849 417 916 riam,
449 865 548 905 nec
577 849 759 904 sitiam
791 849 844 902 in
873 858 1134 902 aeternum
1165 847 1275 902 Μ’.

721 938 884 1010 2θ9
922 937 1177 993 ORATIO
1215 937 1384 993 xxx.

474 1047 573 1086 PRO
611 1045 916 1086 SACERDOTE
955 1047 1040 1094 QUI
1083 1047 1255 1086 IIABET
1291 1046 1619 1086 CELEIIRARE.

327 1122 562 1194 Impellit
605 1141 711 1188 me,
745 1124 970 1178 Domine
1007 1124 1171 1188 Deus,
1211 1124 1552 1180 ministrandi
1590 1125 1848 1194 oﬂicium,

249 1215 467 1272 hostias
501 1215 766 1270 salutares
800 1214 1000 1270 otferre
1033 1231 1131 1286 pro
1166 1215 1349 1285 populi
1387 1216 1588 1272 delicto
1628 1234 1641 1270 :
1682 1225 1852 1273 terret

251 1309 590 1374 conscientia
629 1306 853 1362 indebiti
886 1309 1172 1366 sacerdotii
1203 1324 1300 1380 pro
1338 1317 1492 1365 reatu
1523 1310 1762 1380 proprio,
1793 1309 1852 1366 Si

250 1415 286 1453 a
329 1415 420 1454 me
459 1398 700 1452 omnium
745 1399 1088 1454 sacerdotum
1135 1399 1496 1470 peripsemate
1523 1401 1852 1456 sacrificium

250 1490 540 1557 offeratur,
581 1490 799 1560 polluta:
838 1492 1182 1546 conscientia:
1221 1493 1428 1548 crimen
1471 1501 1728 1564 augetur;
1771 1503 1848 1548 ta.

205 1565 216 1576 ’
253 1596 386 1636 men
418 1580 689 1651 majestati
729 1577 996 1638 universa:
1031 1582 1210 1638 carnis
1235 1581 1434 1650 judicia
1473 1599 1578 1638 non
1606 1583 1852 1649 offertur,

253 1673 602 1744 negligentia:
633 1681 818 1728 reatus
845 1673 1158 1730 ascribitur.
1193 1675 1338 1730 Inter
1365 1675 1482 1730 haac
1517 1683 1644 1740 tuae,
1680 1676 1856 1730 enmi-

1653 274 2068 336 ORATIONES.

237 403 365 443 non
397 386 452 443 in
482 384 775 457 mysteriis,
805 384 946 440 sicut
987 384 1041 439 in
1089 385 1190 440 hoc
1219 393 1459 456 tempore
1517 382 1714 460 a'gitur,
1743 392 1838 446 sed
1869 395 1918 452 A

2489 394 2746 452 ORATIO
2785 395 2996 452 XXXII.

2452 501 2518 538 an
2558 501 2684 540 IDEI
2723 479 3036 541 I-‘ACIENDUH.

2021 575 2362 630 Conscientia
2389 577 2692 647 culpabilis,
2717 579 2824 632 vita
2849 579 3092 648 trepidus
3115 587 3166 632 et
3193 578 3406 646 anxius,
3429 577 3539 636 cri-

1951 669 2154 722 minum
2203 667 2424 723 funibus
2463 669 2788 738 captivatus.
2823 680 2874 724 te
2919 670 3136 724 unicum
3187 671 3452 742 refugium
3481 681 3540 727 et

1951 759 2224 828 singulare
2239 759 2533 814 remedium
2561 761 2884 814 miserorum
2909 762 3194 830 deprecor.
3212 759 3456 825 Domine,
3479 771 3540 816 ut

1955 851 2056 904 mei
2095 850 2295 918 indigni
2336 851 2632 908 sacerdotis
2669 852 2752 906 tui
2797 851 3128 911 miserearis.
3175 853 3412 923 mihique
3455 853 3540 905 iu-

1953 942 2174 1012 dulgeas
2213 944 2356 1012 quod
2399 943 2530 999 illud
2567 953 2969 998 sacramentum
3015 945 3274 1008 salutare,
3335 943 3542 1010 angelis

1951 1045 2004 1090 et
2043 1036 2404 1108 archangelis,
2445 1046 2501 1092 et
2539 1036 2794 1091 omnibus
2837 1036 3260 1091 sublimitatihus
3306 1045 3542 1090 tremen-

1954 1125 2079 1180 dum
2109 1135 2166 1182 et
2202 1127 2556 1193 adorandmn,
2590 1127 2872 1182 sceleratis
2915 1126 3075 1181 labiis
3099 1136 3440 1186 consecrare,
3477 1138 3541 1178 ac

1953 1223 2256 1294 profanatis
2293 1220 2544 1275 manibus
2590 1234 2858 1289 praesumo
2896 1227 3190 1274 attrectare
3225 1236 3238 1271 :
3279 1216 3374 1272 sed
3409 1216 3540 1272 dum

1955 1314 2156 1369 accedo
2181 1327 2278 1380 per
2303 1325 2407 1378 me,
2439 1313 2634 1376 fateor,
2669 1309 3200 1378 Domine,praasumo
3233 1309 3298 1362 de
3327 1317 3401 1372 te,
3425 1321 3544 1362 mc-

1956 1419 2074 1458 mor
2105 1403 2370 1457 malorum
2419 1417 2686 1468 meorum,
2733 1411 2788 1457 et
2838 1410 3052 1456 tuorum
3097 1416 3216 1470 quae
3266 1417 3295 1454 a
3345 1399 3544 1454 saeculo

1953 1503 2082 1549 sunt
2111 1495 2400 1549 bonorum.
2430 1491 2642 1558 Adhuc,
2673 1491 2918 1555 Domine,
2946 1499 2997 1545 te
3029 1505 3221 1560 rogare
3252 1503 3540 1558 praesumo,

1957 1595 2150 1640 utnon
2194 1583 2266 1638 sit
2305 1582 2434 1637 mihi
2479 1591 2888 1642 sacrosanctum
2925 1581 3252 1636 sacriﬁcium
3291 1589 3438 1635 tuum
3476 1579 3545 1634 ad

1953 1675 2236 1745 judicium,
2268 1689 2442 1744 neque
2469 1673 2534 1727 ad
2565 1672 3070 1728 condemnationem
3099 1714 3114 1738 ,
3145 1675 3240 1727 sed
3273 1671 3448 1742 potius
3479 1670 3548 1730 ad

255 1771 456 1838 potens
483 1763 645 1828 Deus,
674 1761 938 1818 libramen
981 1763 1196 1832 pietatis
1230 1763 1490 1833 imploro;
1520 1765 1674 1832 cujus
1707 1765 1849 1818 diem
1883 1773 1928 1832 Β
1958 1765 2328 1822 liberationem
2369 1771 2714 1832 peccatorum
2757 1772 2813 1818 et
2855 1762 3224 1833 angustiarum
3273 1775 3540 1826 mearum,

257 1841 506 1922 ultionis,
545 1865 834 1910 accusante
877 1855 1231 1920 conscientia,
1275 1856 1624 1924 pertimesco,
1663 1871 1732 1911 ne
1771 1858 1854 1910 ins

257 1947 482 2018 dignum
523 1947 894 2003 misericordia
935 1957 1024 2004 tua
1068 1946 1303 2017 iudices,
1343 1963 1506 2017 quem
1541 1964 1576 2003 a
1613 1957 1856 2018 tempore

259 2038 602 2106 poenitentia:
637 2055 742 2094 non
779 2039 1038 2096 excludis.
1086 2041 1390 2110 Suspende,
1423 2041 1670 2108 Domine,
1703 2057 1858 2098 secu-

265 2131 394 2197 rim,
437 2133 608 2186 donec
637 2131 814 2187 cultor
845 2134 1015 2190 vineae
1047 2133 1283 2202 Spiritus
1319 2143 1542 2188 sanctus
1571 2133 1858 2190 admoveat

263 2223 555 2292 cephinum
585 2223 843 2278 stercoris
873 2224 940 2278 ad
979 2223 1214 2279 radicem
1244 2225 1594 2285 infructuosa:
1621 2228 1855 2285 arboris.

263 2313 438 2370 Parce
469 2315 624 2380 mihi,
655 2316 902 2382 Domine,
927 2333 1088 2387 parce
1116 2319 1562 2382 clementissime.
1587 2316 1676 2390 qui
1705 2322 1858 2376 Davi-

266 2407 390 2462 dem
414 2417 536 2476 post
563 2406 770 2478 lapsura
793 2408 1090 2468 clementer
1113 2411 1180 2472 ad
1206 2412 1424 2466 veniam
1449 2413 1746 2478 revocasti;
1769 2414 1858 2482 qui

265 2499 414 2566 Petri
445 2501 756 2558 misericors
791 2517 975 2557 amare
1014 2501 1193 2558 ﬂentis
1229 2503 1500 2576 lacrymas
1537 2506 1857 2575 respexisti;

267 2593 361 2662 qui
393 2591 657 2648 latronem
692 2593 825 2648 tanti
856 2592 1114 2650 facinoris
1147 2611 1296 2650 reum
1326 2596 1504 2650 divina
1534 2596 1708 2667 gratia
1741 2597 1862 2650 illa.

271 2685 486 2748 strasti,
525 2685 608 2762 cui
659 2701 784 2741 mox
829 2686 1064 2740 obtinuit
1104 2686 1376 2742 confessio
1421 2690 1728 2758 perspicere
1764 2689 1858 2744 Dei

270 2774 488 2842 Filium,
515 2776 646 2832 fides
674 2777 978 2847 praemium,
1009 2793 1168 2848 poena
1199 2779 1434 2846 veniam,
1467 2780 1698 2836 lamenta
1731 2797 1862 2852 gant-

273 2869 420 2926 dium
447 2869 863 2938 sempiternum;
895 2871 1020 2928 dum
1049 2871 1330 2928 confessor
1362 2873 1414 2928 in
1444 2887 1624 2938 cruce,
1651 2889 1862 2945 posses-

275 2978 367 3018 sor
389 2962 624 3031 paradisi
671 2963 880 3026 exstitit
923 2973 1044 3033 post
1089 2980 1328 3020 crucem.
1385 2964 1492 3020 Sed
1529 2965 1654 3036 quia
1697 2967 1862 3021 verba

277 3055 429 3110 venia
461 3055 676 3126 pietatis
709 3063 810 3108 tua:
853 3055 1118 3128 indigent,
1151 3071 1271 3126 qme
1317 3057 1520 3128 indigni
1566 3059 1866 3118 sacerdotis,

277 3161 440 3214 Opera
475 3164 578 3202 non
617 3150 1019 3214 commendant,
1059 3149 1250 3206 saltem
1291 3151 1582 3204 astantium
1614 3159 1734 3205 vota
1770 3167 1862 3206 su-

279 3238 458 3308 scipe;
503 3249 559 3293 ut
600 3249 656 3294 et
695 3241 824 3296 mihi
861 3243 972 3296 suis
1005 3243 1145 3310 apud
1191 3249 1244 3298 te
1274 3243 1524 3312 precibus
1555 3243 1788 3310 veniam,
1816 3253 1872 3298 et

283 3345 474 3384 eorum
519 3331 728 3387 meritis
773 3335 1038 3390 sacrificia
1077 3345 1384 3389 nostrorum
1417 3336 1700 3392 vulnerum
1731 3336 1870 3390 salu-

281 3423 454 3478 briter
489 3423 644 3480 nobis
671 3425 956 3482 conferant
987 3428 1328 3482 medicinam.
1357 3428 1424 3482 Et
1448 3429 1598 3498 quia,
1621 3431 1870 3497 omnipo-

283 3523 400 3578 tens
439 3514 599 3583 Deus,
635 3533 730 3587 pro
770 3517 926 3574 nobis
961 3517 1210 3572 omnibus
1247 3517 1421 3573 factus
1456 3535 1516 3573 es
1555 3519 1732 3574 hostia
1772 3535 1872 3590 pro

285 3607 538 3676 peccatis,
569 3608 716 3662 adsis
745 3608 902 3662 nobis
937 3609 1236 3664 satisfactio
1273 3612 1325 3666 in
1355 3611 1626 3667 sacrificio
1651 3627 1750 3682 pro
1780 3613 1876 3668 do-

287 3695 446 3762 lictis,
479 3696 571 3768 qui
599 3696 736 3752 vivis
761 3705 815 3752 et
839 3713 1052 3766 regnas,
1081 3709 1185 3754 etc.

846 3787 1100 3843 ORATIO
1141 3788 1304 3842 XXXI

635 3895 735 3945 ιιβο
773 3894 1080 3936 ειοεκσυοτε
1117 3895 1428 3937 CELEBRATU
1437 3897 1522 3936 R0.

359 3965 700 4024 Conscientia
747 3969 962 4039 quidem
1013 3969 1274 4040 trepidus,
1325 3972 1666 4041 omnipotens
1713 3971 1874 4038 Deus,

293 4061 356 4114 ad
385 4061 556 4116 altare
597 4071 746 4116 tuum
777 4063 1000 4127 accedo,
1029 4063 1120 4118 sed
1149 4064 1216 4117 ad
1249 4064 1494 4118 fiduciam
1537 4065 1604 4119 de
1635 4075 1738 4118 tua:
1763 4064 1870 4135 pie-

295 4149 418 4215 tatis
459 4150 830 4206 misericordia
877 4152 1132 4206 retiueor.
1181 4153 1246 4216 Et
1286 4152 1412 4208 licet
1454 4154 1520 4208 ad
1551 4153 1876 4212 celebranda

297 4240 386 4294 tibi
423 4241 692 4296 sacrificia
735 4257 950 4311 semper
992 4241 1235 4296 inveniar
1276 4243 1560 4312 indignus;
1611 4254 1788 4299 tamen
1831 4244 1874 4299 si

295 4332 504 4395 recedo,
536 4347 726 4386 vereor
755 4333 820 4386 de
844 4333 1204 4386 inobedicntia
1235 4335 1608 4388 condemnari.
1645 4334 1748 4388 Pro
1772 4349 1879 4404 qua

295 4440 353 4480 re
399 4426 619 4496 dignare
665 4439 770 4491 me,
818 4423 1056 4495 piissime
1101 4424 1278 4484 Pater,
1329 4435 1550 4495 paterna
1589 4425 1786 4495 pietate
1815 4442 1878 4481 ac

295 4517 504 4588 placato
539 4517 683 4572 vultu
725 4518 1014 4586 reSpicei-e,
1057 4525 1114 4572 et
1155 4517 1334 4571 cordis
1382 4516 1482 4572 mei
1531 4517 1748 4582 interim
1783 4533 1878 4574 ora

297 4626 544 4694 purgare.
576 4611 644 4666 Et
669 4611 712 4666 si
741 4625 840 4682 ego
871 4611 1106 4680 pondere
1147 4619 1494 4679 peccatorum
1542 4625 1784 4664 meorum
1813 4625 1878 4666 ac

299 4710 445 4758 reatu
473 4701 848 4772 constringor;
891 4715 1130 4754 mearum
1161 4709 1340 4754 tamen
1377 4714 1596 4768 precum
1631 4699 1878 4766 obtentu,

302 4794 392 4850 tibi
424 4793 552 4860 sint,
585 4808 766 4863 quaeso
797 4792 1040 4858 Domine,
1078 4791 1132 4846 in
1169 4791 1421 4856 omnibus
1451 4792 1648 4861 placita
1681 4801 1884 4863 myste-

303 4883 377 4952 ria
406 4883 794 4940 consecranda.
824 4881 927 4938 Per
950 4881 1234 4938 Dominum
1265 4892 1532 4948 nostrum,
1561 4890 1684 4936 etc.-

1957 1868 2011 1912 et
2047 1858 2113 1910 ad
2155 1869 2444 1924 perennem
2477 1855 2672 1908 anima:
2703 1869 2834 1908 mea:
2871 1853 3248 1907 salvationem.
3289 1851 3545 1922 ldipsum,

1958 1947 2184 2002 Domine
2223 1947 2384 2008 Deus,
2415 1944 2722 2014 supplicans
2761 1951 2966 2012 repeto,
3009 1958 3112 1997 non
3151 1943 3313 2005 elata,
3349 1952 3406 1995 ut
3434 1943 3548 2012 ipse

1958 2039 2248 2110 conspicis,
2279 2037 2722 2109 prmsumptione,
2761 2037 2852 2090 sed
2893 2051 3056 2104 prona
3089 2045 3142 2088 et
3183 2035 3371 2104 pavida
3413 2050 3550 2104 prte—

1957 2133 2302 2202 snmptione,
2357 2129 2482 2199 quia
2533 2127 2698 2182 miser
2747 2139 2800 2183 et
2853 2125 3162 2180 immundus
3211 2126 3390 2178 carnis
3447 2133 3551 2176 tua:

1959 2229 2160 2276 sancla:
2199 2227 2255 2274 et
2292 2217 2516 2288 pretiosi
2556 2216 2835 2287 sanguinis
2870 2216 2944 2269 tui
3005 2225 3406 2268 sacramentmn
3451 2213 3549 2266 im-

1963 2313 2174 2366 mundis
2209 2310 2458 2368 manibus
2498 2323 2822 2363 consecrare
2863 2307 3057 2360 audeo.
3107 2305 3342 2374 Supplex
3381 2317 3552 2358 exoro

1965 2415 2015 2459 rt
2055 2404 2300 2467 obsecro,
2341 2403 2597 2467 Domine,
2643 2400 3004 2456 ministerium
3041 2408 3190 2452 tuum
3233 2397 3462 2466 respice,
3497 2403 3554 2450 et

1969 2500 2164 2554 misero
2190 2497 2320 2556 mihi
2358 2495 2606 2550 ministro
2635 2494 2914 2556 miSnrere,
2949 2492 3374 2546 sacriﬁcatoretn
3405 2488 3554 2558 puri-

1963 2592 2085 2657 ﬁca,
2121 2600 2176 2646 et
2201 2589 2531 2646 sacrificium
2563 2587 2862 2642 sanetiﬁca.
2891 2585 3034 2640 Deus
3059 2584 3239 2646 Pater,
3273 2583 3397 2637 audi
3429 2597 3548 2649 me;

1963 2682 2220 2756 quidquid
2260 2690 2345 2740 est
2395 2681 2446 2736 in
2495 2694 2582 2734 me
2618 2689 2808 2734 contra
2851 2691 2955 2741 me,
3001 2675 3296 2730 clementer
3339 2674 3490 2729 aufer
3521 2691 3549 2728 a

1965 2788 2079 2838 nte;
2109 2779 2230 2842 apta
2265 2785 2350 2826 me
2383 2779 2474 2824 tuo
2501 2779 2690 2824 sancto
2721 2767 2966 2830 servitio,
3005 2781 3068 2820 ac
3095 2765 3400 2820 ministrum
3433 2765 3554 2818 ido-.

1963 2878 2124 2918 neum
2151 2861 2245 2916 tibi
2285 2876 2370 2916 me
2397 2861 2624 2930 perfice,
2677 2869 2732 2912 et
2763 2873 2943 2912 annue
2975 2867 3032 2910 ut
3057 2871 3178 2925 quae
3223 2856 3318 2910 tibi
3355 2857 3556 2924 placita

1967 2963 2114 3021 sunt,
2160 2955 2300 3010 inter
2331 2953 2446 3016 haec
2489 2961 2676 3008 sancta
2707 2949 2964 3022 mysteria
2996 2947 3285 3017 postulem,
3329 2957 3384 3000 et
3407 2961 3556 3016 quae-

1968 3063 2182 3118 cunque
2224 3046 2437 3118 postulo
2470 3055 2584 3109 tua,
2619 3045 2866 3106 Domine,
2907 3041 3316 3112 benignissima,
3347 3055 3553 3109 quteso,

1970 3138 2340 3198 misericordia
2389 3136 2703 3208 pereipiam.
2755 3133 2874 3188 Tibi
2919 3133 3114 3197 honor,
3161 3129 3255 3184 tibi
3299 3129 3466 3200 gloria
3500 3129 3558 3186 in

1973 3231 2165 3288 saecula
2193 3229 2532 3288 saeculorum.
2567 3227 2761 3282 Amen.

2503 3316 2758 3376 ORATIO
2796 3315 3032 3370 XXXIII.

2467 3428 2534 3465 AD
2575 3425 2700 3464 IDEII
2741 3423 3061 3464 FACIENDUII.

2046 3508 2104 3564 Si
2141 3515 2367 3569 tantum,
2407 3503 2650 3568 Domine,
2689 3509 2900 3556 reatum
2943 3507 3140 3552 nostra:
3180 3494 3564 3566 delinquentiaa

1973 3599 2296 3670 cogitamus,
2318 3595 2632 3664 deputatum
2655 3588 3051 3646 observationis
3073 3585 3430 3641 ministerium
3453 3599 3562 3645 non

1975 3691 2260 3761 implemus
2290 3705 2302 3740 :
2334 3700 2498 3758 grave
2527 3693 2610 3740 est
2634 3683 2802 3744 enim,
2839 3682 2980 3752 quod
3028 3681 3094 3734 ad
3142 3693 3382 3733 mensam
3416 3687 3566 3730 tuam

1977 3781 2178 3840 mundo
2201 3778 2365 3834 corde
2387 3786 2441 3832 et
2469 3775 2851 3830 innocentibus
2876 3772 3122 3826 manibus
3149 3785 3254 3824 non
3283 3769 3560 3831 venimus;

1976 3871 2070 3928 sed
2121 3867 2339 3940 gravius
2374 3874 2480 3930 est,
2529 3865 2574 3922 si
2613 3862 2741 3920 dum
2789 3869 3010 3932 peccata
3057 3857 3564 3922 metuimus,cti.-un

1977 3961 2306 4020 sacrificium
2345 3973 2449 4012 non
2498 3955 2807 4012 reddamus.
2853 3952 3038 4010 Liceat
3064 3950 3228 4020 igitur
3251 3964 3346 4019 pro
3381 3947 3566 4002 inobe-

1978 4053 2182 4110 dientia
2210 4049 2484 4111 assistere,
2525 4061 2622 4116 pro
2659 4041 2988 4112 indulgentia
3025 4049 3230 4125 petere,
3263 4054 3362 4108 pro
3389 4037 3570 4092 otiicia

1982 4145 2313 4206 ministrare,
2353 4155 2452 4210 pro
2495 4137 2733 4196 remedio
2773 4135 3072 4200 immolare,
3115 4147 3212 4201 pro
3249 4129 3444 4200 populo
3471 4128 3570 4184 ob-

1979 4253 2221 4300 secrare.
2253 4237 2448 4304 Quaeso
2489 4247 2620 4308 ergo
2647 4227 2894 4288 conferta
2939 4228 2990 4282 in
3034 4241 3120 4282 me
3149 4225 3290 4296 quod
3317 4223 3572 4294 trepidat,

1983 4347 2112 4386 cura
2141 4329 2282 4400 quod
2315 4329 2500 4390 taedet,
2541 4322 2828 4378 reconcilia
2863 4319 3008 4390 quod
3040 4315 3333 4382 discordat,
3365 4329 3572 4374 evacua

1981 4423 2126 4495 quod
2149 4418 2466 4488 corrumpit,
2497 4415 2720 4470 lnttnilia
2742 4412 2882 4481 quod
2907 4410 3170 4480 superbit.
3196 4407 3279 4464 Sit
3305 4407 3390 4477 pia
3411 4405 3574 4476 justi-

1953 4503 1960 4534 ’
1989 4517 2060 4572 tia
2087 4515 2324 4572 clemens
2345 4509 2646 4573 correctio;
2692 4519 2964 4580 nunquam
3003 4503 3292 4558 absorbent
3323 4510 3573 4571 peccatoe

1987 4625 2132 4672 rem,
2181 4608 2289 4662 imo
2331 4601 2644 4662 reconciliet
2687 4599 3061 4669 ptenitentem.
3113 4596 3190 4650 Da
3240 4595 3294 4649 in
3340 4593 3570 4648 salutem

1989 4697 2344 4766 disciplinam,
2369 4707 2474 4748 non
2503 4692 2554 4746 in
2583 4699 2814 4744 mortem
2844 4686 3166 4741 sententiam
3191 4703 3203 4739 :
3227 4684 3422 4742 exaudi
3449 4697 3574 4753 pecs

1989 4789 2186 4848 caloris
2215 4801 2450 4856 precem,
2479 4783 2568 4854 qui
2602 4783 2786 4836 visitas
2819 4781 2872 4833 in
2897 4779 3084 4834 dolore
3111 4787 3436 4849 gementem.
3469 4773 3574 4832 Por-

1897 4914 1904 4922 ο
1988 4883 2260 4938 Christum
2293 4877 2578 4936 Dominum
2609 4881 2874 4928 nostrum.
2905 4873 3098 4926 Amen.

1593 5013 1829 5073 VARIJE
1869 5011 2280 5076 LECTIONES.

377 5143 462 5176 "'3‘
489 5141 734 5213 Regnum
771 5137 1086 5208 perveniam
1109 5179 1124 5199 ,
1178 5136 1264 5192 ubi
1296 5151 1404 5213 non
1445 5133 1496 5213 in
1540 5113 1839 5213 mysteriis,
1865 5129 2004 5185 sicut
2032 5113 2230 5210 indtfic
2261 5135 2500 5213 telmppre
2536 5113 3576 5213 agi'tt'tr,.setl.faeiehadmfacieplht‘eﬂ:

305 5181 1141 5268 debin.i.§3lii'ﬁ"r£ﬁi.iéii?
1181 5181 2228 5271 in}."Eiiriiiuil'“uagandipaternam;
2266 5197 2354 5251 ubi
2373 5181 2848 5271 lfacieadnfaciem
2879 5198 2932 5245 te
2961 5189 3196 5271 videam,
3230 5181 3450 5271 interitu
3465 5181 3576 5271 hoc

307 5257 602 5353 Ξᾷἕέἱιῖίὶιῖιζ
612 5257 717 5336 iiii:
731 5257 901 5335 ’ὸὲὲίέ
915 5257 1382 5353 frequentandum
1414 5257 1804 5352 commendasti
1843 5257 2125 5353 Ecclesiae;
2161 5257 2270 5341 quo
2325 5267 2513 5353 venies
2549 5265 2794 5353 tinem
2821 5257 3336 5353 saecul‘iﬂuod

917 5321 1578 5422 iiii.‘i.'é'_'iii'iii§¥i[ﬁgulo
1605 5344 1812 5422 quoin
1841 5344 1945 5422 hoc
1983 5321 2234 5422 temperie
2257 5337 2642 5422 consociantur
2680 5323 3336 5422 γιιιξλξηεξξξρξαυίιξξξξξξξίξξι

476 5391 890 5477 ie"
917 5391 1194 5492 navit:-
1207 5391 1867 5492 Ιίῖίξίιῖιῗ-ἶιῖ-ιῖθιδξεξιιὶἶιηὲ
1895 5391 2031 5492 ipsa:
2047 5481 2059 5492 '
2070 5391 2273 5492 saluus
2288 5417 2638 5492 teterutemcu
2648 5421 2698 5492 ιιι
2711 5391 3575 5492 7.201%

309 5474 554 5558 Iiatri,vu_t
577 5493 629 5545 in
662 5474 748 5544 illa
781 5489 1060 5560 perspicua
1079 5474 1546 5560 contemplatione
1571 5486 1656 5560 tui_
1677 5474 2132 5560 incommutabilis
2164 5478 2410 5560 veritatis
2449 5475 2624 5560 nullis.
2655 5474 3204 5560 ntysteriis‘egeallttlf
3229 5474 3408 5560 ,ξιξ-[ξς
3430 5474 3578 5560 (ξλεμ

577 5534 1970 5624 '13:?'i'n'iétéi-iidﬁi'o'iiait}alios:béban};
1995 5534 2060 5606 et
2088 5534 2288 5622 Spiritu
2335 5557 2528 5624 sancto
2579 5534 2730 5624 vivis'
2755 5551 2812 5598 et
2830 5534 3064 5624 ,ξεειι-ξςιΔ
3097 5534 3411 5624 peremnia

311 5600 655 5698 ἓεῗλῖηριι.
1687 5600 1952 5680 {dum};
1995 5600 2558 5691 ic'iei-EiixiTanéiin
2601 5615 2788 5672 eodem
2830 5600 2946 5668 Deo
2971 5600 3132 5670 Patre
3153 5617 3252 5663 etc.
3273 5621 3392 5660 .m.
3444 5600 3576 5658 ναι-η

313 5697 542 5770 ιῑιεζιιθς
590 5703 768 5764 sitiam
815 5701 870 5756 in
923 5709 1204 5756 aeternum.
1233 5699 1406 5761 Amen
