  <div class='ocr_page' id='page_1' title='image "/cluster/home/n/w/nwhite01/storage/ocr_20150623/158/hvd.32044054760160/469.png"; bbox 0 0 3906 6058; ppageno 0'>
   <div class='ocr_carea' id='block_1_1' title="bbox 335 245 448 305">
    <p class='ocr_par' dir='ltr' id='par_1_1' title="bbox 335 245 448 305">
     <span class='ocr_line' id='line_1_1' title="bbox 335 245 448 305; baseline -0.035 -1"><span class='ocrx_word' id='word_1_1' title='bbox 335 245 448 305; x_wconf 73' lang='lat'><strong>927</strong></span> 
     </span>
    </p>
   </div>
   <div class='ocr_carea' id='block_1_2' title="bbox 697 363 1563 432">
    <p class='ocr_par' dir='ltr' id='par_1_2' title="bbox 697 363 1563 432">
     <span class='ocr_line' id='line_1_2' title="bbox 697 363 1563 432; baseline 0.005 -15"><span class='ocrx_word' id='word_1_2' title='bbox 697 363 860 432; x_wconf 79' lang='lat' dir='ltr'><strong>27o</strong></span> <span class='ocrx_word' id='word_1_3' title='bbox 898 363 1153 419; x_wconf 68' lang='lat' dir='ltr'><strong>omne</strong></span> <span class='ocrx_word' id='word_1_4' title='bbox 1191 364 1407 420; x_wconf 72' lang='lat' dir='ltr'><strong>xxxrv</strong></span> <span class='ocrx_word' id='word_1_5' title='bbox 1450 364 1563 421; x_wconf 64' lang='grc' dir='ltr'><strong>λιιι.</strong></span> 
     </span>
    </p>
   </div>
   <div class='ocr_carea' id='block_1_3' title="bbox 922 471 1318 511">
    <p class='ocr_par' dir='ltr' id='par_1_3' title="bbox 922 471 1318 511">
     <span class='ocr_line' id='line_1_3' title="bbox 922 471 1318 511; baseline 0.01 -4"><span class='ocrx_word' id='word_1_6' title='bbox 922 471 991 508; x_wconf 70' lang='grc' dir='ltr'><strong>ΔΙ)</strong></span> <span class='ocrx_word' id='word_1_7' title='bbox 1028 471 1318 511; x_wconf 71' lang='grc' dir='ltr'><strong>(ιυιιιδτυη.</strong></span> 
     </span>
    </p>
   </div>
   <div class='ocr_carea' id='block_1_4' title="bbox 401 544 1842 618">
    <p class='ocr_par' dir='ltr' id='par_1_4' title="bbox 401 544 1842 618">
     <span class='ocr_line' id='line_1_4' title="bbox 401 544 1842 618; baseline -0.001 -18"><span class='ocrx_word' id='word_1_8' title='bbox 401 545 545 604; x_wconf 73' lang='lat' dir='ltr'><strong>Ante</strong></span> <span class='ocrx_word' id='word_1_9' title='bbox 564 544 939 614; x_wconf 75' lang='lat' dir='ltr'><strong>perceptionem</strong></span> <span class='ocrx_word' id='word_1_10' title='bbox 968 549 1200 615; x_wconf 81' lang='lat' dir='ltr'><strong>corporis</strong></span> <span class='ocrx_word' id='word_1_11' title='bbox 1249 557 1299 601; x_wconf 85' lang='lat' dir='ltr'><strong>et</strong></span> <span class='ocrx_word' id='word_1_12' title='bbox 1327 548 1600 618; x_wconf 72' lang='lat' dir='ltr'><strong>sanguinis</strong></span> <span class='ocrx_word' id='word_1_13' title='bbox 1627 546 1842 603; x_wconf 67' lang='lat' dir='ltr'><strong>Christi.</strong></span> 
     </span>
    </p>
   </div>
   <div class='ocr_carea' id='block_1_5' title="bbox 401 633 1917 707">
    <p class='ocr_par' dir='ltr' id='par_1_5' title="bbox 401 633 1917 707">
     <span class='ocr_line' id='line_1_5' title="bbox 401 633 1917 707; baseline -0.001 -17"><span class='ocrx_word' id='word_1_14' title='bbox 401 634 630 690; x_wconf 81' lang='lat' dir='ltr'><strong>Domine</strong></span> <span class='ocrx_word' id='word_1_15' title='bbox 656 633 780 689; x_wconf 82' lang='lat' dir='ltr'><strong>Jesu</strong></span> <span class='ocrx_word' id='word_1_16' title='bbox 818 633 1056 702; x_wconf 81' lang='lat' dir='ltr'><strong>Christe,</strong></span> <span class='ocrx_word' id='word_1_17' title='bbox 1086 637 1199 706; x_wconf 88' lang='lat' dir='ltr'><strong>qui,</strong></span> <span class='ocrx_word' id='word_1_18' title='bbox 1233 636 1395 693; x_wconf 88' lang='lat' dir='ltr'><strong>Patre</strong></span> <span class='ocrx_word' id='word_1_19' title='bbox 1419 637 1764 707; x_wconf 87' lang='lat' dir='ltr'><strong>disponente,</strong></span> <span class='ocrx_word' id='word_1_20' title='bbox 1795 633 1917 704; x_wconf 81' lang='lat' dir='ltr'><strong>Spi-</strong></span> 
     </span>
    </p>
   </div>
   <div class='ocr_carea' id='block_1_6' title="bbox 329 728 1916 799">
    <p class='ocr_par' dir='ltr' id='par_1_6' title="bbox 329 728 1916 799">
     <span class='ocr_line' id='line_1_6' title="bbox 329 728 1916 799; baseline -0.001 -17"><span class='ocrx_word' id='word_1_21' title='bbox 329 728 435 782; x_wconf 74' lang='lat' dir='ltr'><strong>nitu</strong></span> <span class='ocrx_word' id='word_1_22' title='bbox 467 734 655 781; x_wconf 88' lang='lat' dir='ltr'><strong>sancto</strong></span> <span class='ocrx_word' id='word_1_23' title='bbox 681 736 1027 797; x_wconf 90' lang='lat' dir='ltr'><strong>cooperante,</strong></span> <span class='ocrx_word' id='word_1_24' title='bbox 1055 743 1151 798; x_wconf 88' lang='lat' dir='ltr'><strong>per</strong></span> <span class='ocrx_word' id='word_1_25' title='bbox 1182 740 1410 784; x_wconf 90' lang='lat' dir='ltr'><strong>mortem</strong></span> <span class='ocrx_word' id='word_1_26' title='bbox 1442 737 1587 783; x_wconf 89' lang='lat' dir='ltr'><strong>tuam</strong></span> <span class='ocrx_word' id='word_1_27' title='bbox 1619 738 1916 799; x_wconf 85' lang='lat' dir='ltr'><strong>spentanea</strong></span> 
     </span>
    </p>
   </div>
   <div class='ocr_carea' id='block_1_7' title="bbox 327 820 1914 892">
    <p class='ocr_par' dir='ltr' id='par_1_7' title="bbox 327 820 1914 892">
     <span class='ocr_line' id='line_1_7' title="bbox 327 820 1914 892; baseline 0.001 -19"><span class='ocrx_word' id='word_1_28' title='bbox 327 821 607 874; x_wconf 79' lang='lat' dir='ltr'><strong>voluntate</strong></span> <span class='ocrx_word' id='word_1_29' title='bbox 634 820 1059 874; x_wconf 82' lang='lat' dir='ltr'><strong>misericorditer</strong></span> <span class='ocrx_word' id='word_1_30' title='bbox 1088 837 1116 874; x_wconf 93' lang='lat' dir='ltr'><strong>a</strong></span> <span class='ocrx_word' id='word_1_31' title='bbox 1154 829 1379 892; x_wconf 87' lang='lat' dir='ltr'><strong>peccato</strong></span> <span class='ocrx_word' id='word_1_32' title='bbox 1409 829 1467 875; x_wconf 88' lang='lat' dir='ltr'><strong>et</strong></span> <span class='ocrx_word' id='word_1_33' title='bbox 1494 831 1670 876; x_wconf 82' lang='lat' dir='ltr'><strong>morte</strong></span> <span class='ocrx_word' id='word_1_34' title='bbox 1711 830 1914 875; x_wconf 82' lang='lat' dir='ltr'><strong>aeterna</strong></span> 
     </span>
    </p>
   </div>
   <div class='ocr_carea' id='block_1_8' title="bbox 328 910 1913 982">
    <p class='ocr_par' dir='ltr' id='par_1_8' title="bbox 328 910 1913 982">
     <span class='ocr_line' id='line_1_8' title="bbox 328 910 1913 982; baseline 0 -18"><span class='ocrx_word' id='word_1_35' title='bbox 328 911 586 964; x_wconf 75' lang='lat' dir='ltr'><strong>muluium</strong></span> <span class='ocrx_word' id='word_1_36' title='bbox 610 910 908 975; x_wconf 83' lang='lat' dir='ltr'><strong>redemisti,</strong></span> <span class='ocrx_word' id='word_1_37' title='bbox 924 911 1112 976; x_wconf 82' lang='lat' dir='ltr'><strong>adoro,</strong></span> <span class='ocrx_word' id='word_1_38' title='bbox 1126 921 1183 966; x_wconf 92' lang='lat' dir='ltr'><strong>et</strong></span> <span class='ocrx_word' id='word_1_39' title='bbox 1204 926 1436 967; x_wconf 84' lang='lat' dir='ltr'><strong>veneror</strong></span> <span class='ocrx_word' id='word_1_40' title='bbox 1454 927 1649 982; x_wconf 85' lang='lat' dir='ltr'><strong>coquo</strong></span> <span class='ocrx_word' id='word_1_41' title='bbox 1668 926 1913 981; x_wconf 88' lang='lat' dir='ltr'><strong>possum,</strong></span> 
     </span>
    </p>
   </div>
   <div class='ocr_carea' id='block_1_9' title="bbox 327 999 1916 1073">
    <p class='ocr_par' dir='ltr' id='par_1_9' title="bbox 327 999 1916 1073">
     <span class='ocr_line' id='line_1_9' title="bbox 327 999 1916 1073; baseline 0.003 -20"><span class='ocrx_word' id='word_1_42' title='bbox 327 1000 576 1069; x_wconf 85' lang='lat' dir='ltr'><strong>quamvis</strong></span> <span class='ocrx_word' id='word_1_43' title='bbox 607 1000 785 1068; x_wconf 87' lang='lat' dir='ltr'><strong>tepide</strong></span> <span class='ocrx_word' id='word_1_44' title='bbox 822 999 1015 1055; x_wconf 79' lang='lat' dir='ltr'><strong>aﬁ‘ectu</strong></span> <span class='ocrx_word' id='word_1_45' title='bbox 1056 1011 1113 1055; x_wconf 88' lang='lat' dir='ltr'><strong>et</strong></span> <span class='ocrx_word' id='word_1_46' title='bbox 1145 1002 1335 1057; x_wconf 87' lang='lat' dir='ltr'><strong>humili</strong></span> <span class='ocrx_word' id='word_1_47' title='bbox 1374 1003 1682 1068; x_wconf 81' lang='lat' dir='ltr'><strong>devotione,</strong></span> <span class='ocrx_word' id='word_1_48' title='bbox 1712 1002 1916 1073; x_wconf 79' lang='lat' dir='ltr'><strong>gratias</strong></span> 
     </span>
    </p>
   </div>
   <div class='ocr_carea' id='block_1_10' title="bbox 326 1092 1917 1164">
    <p class='ocr_par' dir='ltr' id='par_1_10' title="bbox 326 1092 1917 1164">
     <span class='ocr_line' id='line_1_10' title="bbox 326 1092 1917 1164; baseline 0.003 -20"><span class='ocrx_word' id='word_1_49' title='bbox 326 1106 493 1160; x_wconf 81' lang='lat' dir='ltr'><strong>agens</strong></span> <span class='ocrx_word' id='word_1_50' title='bbox 527 1100 677 1147; x_wconf 90' lang='lat' dir='ltr'><strong>tanto</strong></span> <span class='ocrx_word' id='word_1_51' title='bbox 710 1092 995 1156; x_wconf 89' lang='lat' dir='ltr'><strong>beneﬁcio,</strong></span> <span class='ocrx_word' id='word_1_52' title='bbox 1028 1093 1135 1147; x_wconf 86' lang='lat' dir='ltr'><strong>hoc</strong></span> <span class='ocrx_word' id='word_1_53' title='bbox 1159 1102 1407 1149; x_wconf 83' lang='lat' dir='ltr'><strong>sanctum</strong></span> <span class='ocrx_word' id='word_1_54' title='bbox 1441 1108 1661 1164; x_wconf 84' lang='lat' dir='ltr'><strong>corpus,</strong></span> <span class='ocrx_word' id='word_1_55' title='bbox 1688 1103 1742 1150; x_wconf 84' lang='lat' dir='ltr'><strong>et</strong></span> <span class='ocrx_word' id='word_1_56' title='bbox 1770 1095 1917 1149; x_wconf 85' lang='lat' dir='ltr'><strong>hunc</strong></span> 
     </span>
    </p>
   </div>
   <div class='ocr_carea' id='block_1_11' title="bbox 326 1183 1915 1253">
    <p class='ocr_par' dir='ltr' id='par_1_11' title="bbox 326 1183 1915 1253">
     <span class='ocr_line' id='line_1_11' title="bbox 326 1183 1915 1253; baseline 0.001 -14"><span class='ocrx_word' id='word_1_57' title='bbox 326 1183 644 1253; x_wconf 83' lang='lat' dir='ltr'><strong>sanguinem</strong></span> <span class='ocrx_word' id='word_1_58' title='bbox 687 1191 836 1239; x_wconf 88' lang='lat' dir='ltr'><strong>tuum</strong></span> <span class='ocrx_word' id='word_1_59' title='bbox 872 1183 983 1251; x_wconf 61' lang='lat' dir='ltr'><strong>i‘“,</strong></span> <span class='ocrx_word' id='word_1_60' title='bbox 1017 1198 1138 1252; x_wconf 84' lang='lat' dir='ltr'><strong>quae</strong></span> <span class='ocrx_word' id='word_1_61' title='bbox 1170 1187 1239 1239; x_wconf 90' lang='lat' dir='ltr'><strong>ad</strong></span> <span class='ocrx_word' id='word_1_62' title='bbox 1271 1185 1707 1242; x_wconf 81' lang='lat' dir='ltr'><strong>emendationem</strong></span> <span class='ocrx_word' id='word_1_63' title='bbox 1736 1193 1788 1240; x_wconf 90' lang='lat' dir='ltr'><strong>et</strong></span> <span class='ocrx_word' id='word_1_64' title='bbox 1819 1184 1915 1240; x_wconf 90' lang='lat' dir='ltr'><strong>de-</strong></span> 
     </span>
    </p>
   </div>
   <div class='ocr_carea' id='block_1_12' title="bbox 327 1275 1909 1346">
    <p class='ocr_par' dir='ltr' id='par_1_12' title="bbox 327 1275 1909 1346">
     <span class='ocr_line' id='line_1_12' title="bbox 327 1275 1909 1346; baseline 0.001 -17"><span class='ocrx_word' id='word_1_65' title='bbox 327 1276 629 1332; x_wconf 80' lang='lat' dir='ltr'><strong>fensionem</strong></span> <span class='ocrx_word' id='word_1_66' title='bbox 671 1291 701 1330; x_wconf 93' lang='lat' dir='ltr'><strong>a</strong></span> <span class='ocrx_word' id='word_1_67' title='bbox 749 1276 1010 1345; x_wconf 76' lang='lat' dir='ltr'><strong>peccatis,</strong></span> <span class='ocrx_word' id='word_1_68' title='bbox 1052 1276 1297 1346; x_wconf 90' lang='lat' dir='ltr'><strong>accipere</strong></span> <span class='ocrx_word' id='word_1_69' title='bbox 1321 1277 1589 1332; x_wconf 89' lang='lat' dir='ltr'><strong>desidero.</strong></span> <span class='ocrx_word' id='word_1_70' title='bbox 1618 1275 1909 1342; x_wconf 88' lang='lat' dir='ltr'><strong>Conﬁteor,</strong></span> 
     </span>
    </p>
   </div>
   <div class='ocr_carea' id='block_1_13' title="bbox 328 1366 1917 1439">
    <p class='ocr_par' dir='ltr' id='par_1_13' title="bbox 328 1366 1917 1439">
     <span class='ocr_line' id='line_1_13' title="bbox 328 1366 1917 1439; baseline 0 -17"><span class='ocrx_word' id='word_1_71' title='bbox 328 1368 574 1434; x_wconf 81' lang='lat' dir='ltr'><strong>Domine,</strong></span> <span class='ocrx_word' id='word_1_72' title='bbox 601 1369 725 1439; x_wconf 83' lang='lat' dir='ltr'><strong>quia</strong></span> <span class='ocrx_word' id='word_1_73' title='bbox 763 1369 926 1422; x_wconf 87' lang='lat' dir='ltr'><strong>nimis</strong></span> <span class='ocrx_word' id='word_1_74' title='bbox 950 1384 1064 1420; x_wconf 82' lang='lat' dir='ltr'><strong>sunt</strong></span> <span class='ocrx_word' id='word_1_75' title='bbox 1096 1378 1338 1436; x_wconf 76' lang='lat' dir='ltr'><strong>peccator</strong></span> <span class='ocrx_word' id='word_1_76' title='bbox 1372 1367 1524 1439; x_wconf 86' lang='lat' dir='ltr'><strong>(Luc.</strong></span> <span class='ocrx_word' id='word_1_77' title='bbox 1552 1383 1606 1431; x_wconf 91' lang='lat' dir='ltr'><strong>v,</strong></span> <span class='ocrx_word' id='word_1_78' title='bbox 1638 1366 1716 1437; x_wconf 88' lang='grc'><strong>8),</strong></span> <span class='ocrx_word' id='word_1_79' title='bbox 1746 1377 1799 1422; x_wconf 87' lang='lat' dir='ltr'><strong>et</strong></span> <span class='ocrx_word' id='word_1_80' title='bbox 1831 1367 1917 1422; x_wconf 86' lang='lat' dir='ltr'><strong>in-</strong></span> 
     </span>
    </p>
   </div>
   <div class='ocr_carea' id='block_1_14' title="bbox 326 1458 1914 1528">
    <p class='ocr_par' dir='ltr' id='par_1_14' title="bbox 326 1458 1914 1528">
     <span class='ocr_line' id='line_1_14' title="bbox 326 1458 1914 1528; baseline 0.001 -16"><span class='ocrx_word' id='word_1_81' title='bbox 326 1459 519 1528; x_wconf 81' lang='lat' dir='ltr'><strong>dignus</strong></span> <span class='ocrx_word' id='word_1_82' title='bbox 552 1461 620 1513; x_wconf 90' lang='lat' dir='ltr'><strong>ad</strong></span> <span class='ocrx_word' id='word_1_83' title='bbox 647 1474 836 1514; x_wconf 90' lang='lat' dir='ltr'><strong>eorum</strong></span> <span class='ocrx_word' id='word_1_84' title='bbox 868 1467 1071 1515; x_wconf 86' lang='lat' dir='ltr'><strong>tactum</strong></span> <span class='ocrx_word' id='word_1_85' title='bbox 1093 1459 1373 1515; x_wconf 83' lang='lat' dir='ltr'><strong>accedere.</strong></span> <span class='ocrx_word' id='word_1_86' title='bbox 1405 1458 1509 1515; x_wconf 87' lang='lat' dir='ltr'><strong>Sed</strong></span> <span class='ocrx_word' id='word_1_87' title='bbox 1536 1459 1821 1515; x_wconf 81' lang='lat' dir='ltr'><strong>conﬁdens</strong></span> <span class='ocrx_word' id='word_1_88' title='bbox 1845 1458 1914 1514; x_wconf 89' lang='lat' dir='ltr'><strong>de</strong></span> 
     </span>
    </p>
   </div>
   <div class='ocr_carea' id='block_1_15' title="bbox 326 1546 1907 1620">
    <p class='ocr_par' dir='ltr' id='par_1_15' title="bbox 326 1546 1907 1620">
     <span class='ocr_line' id='line_1_15' title="bbox 326 1546 1907 1620; baseline 0 -18"><span class='ocrx_word' id='word_1_89' title='bbox 326 1546 416 1605; x_wconf 79' lang='lat' dir='ltr'><strong>illa</strong></span> <span class='ocrx_word' id='word_1_90' title='bbox 447 1548 751 1614; x_wconf 87' lang='lat' dir='ltr'><strong>clementia,</strong></span> <span class='ocrx_word' id='word_1_91' title='bbox 777 1563 882 1618; x_wconf 88' lang='lat' dir='ltr'><strong>qua</strong></span> <span class='ocrx_word' id='word_1_92' title='bbox 908 1564 1006 1619; x_wconf 89' lang='lat' dir='ltr'><strong>pro</strong></span> <span class='ocrx_word' id='word_1_93' title='bbox 1035 1547 1428 1620; x_wconf 81' lang='lat' dir='ltr'><strong>peccatoribus,</strong></span> <span class='ocrx_word' id='word_1_94' title='bbox 1461 1547 1668 1618; x_wconf 87' lang='lat' dir='ltr'><strong>utjnsti</strong></span> <span class='ocrx_word' id='word_1_95' title='bbox 1698 1549 1907 1613; x_wconf 88' lang='lat' dir='ltr'><strong>ﬁerent,</strong></span> 
     </span>
    </p>
   </div>
   <div class='ocr_carea' id='block_1_16' title="bbox 325 1639 1911 1711">
    <p class='ocr_par' dir='ltr' id='par_1_16' title="bbox 325 1639 1911 1711">
     <span class='ocr_line' id='line_1_16' title="bbox 325 1639 1911 1711; baseline 0.001 -17"><span class='ocrx_word' id='word_1_96' title='bbox 325 1639 561 1694; x_wconf 84' lang='lat' dir='ltr'><strong>animam</strong></span> <span class='ocrx_word' id='word_1_97' title='bbox 607 1650 753 1694; x_wconf 91' lang='lat' dir='ltr'><strong>tuam</strong></span> <span class='ocrx_word' id='word_1_98' title='bbox 800 1655 1026 1709; x_wconf 89' lang='lat' dir='ltr'><strong>ponens,</strong></span> <span class='ocrx_word' id='word_1_99' title='bbox 1073 1655 1194 1695; x_wconf 91' lang='lat' dir='ltr'><strong>eam</strong></span> <span class='ocrx_word' id='word_1_100' title='bbox 1240 1640 1460 1707; x_wconf 86' lang='lat' dir='ltr'><strong>dedisti,</strong></span> <span class='ocrx_word' id='word_1_101' title='bbox 1505 1649 1561 1695; x_wconf 91' lang='lat' dir='ltr'><strong>et</strong></span> <span class='ocrx_word' id='word_1_102' title='bbox 1607 1642 1693 1711; x_wconf 92' lang='lat' dir='ltr'><strong>pia</strong></span> <span class='ocrx_word' id='word_1_103' title='bbox 1737 1640 1911 1696; x_wconf 88' lang='lat' dir='ltr'><strong>hostia</strong></span> 
     </span>
    </p>
   </div>
   <div class='ocr_carea' id='block_1_17' title="bbox 653 234 3237 311">
    <p class='ocr_par' dir='ltr' id='par_1_17' title="bbox 653 234 3237 311">
     <span class='ocr_line' id='line_1_17' title="bbox 653 234 3237 311; baseline 0 -8"><span class='ocrx_word' id='word_1_104' title='bbox 653 245 711 303; x_wconf 86' lang='lat' dir='ltr'><strong>S.</strong></span> <span class='ocrx_word' id='word_1_105' title='bbox 755 245 1056 305; x_wconf 73' lang='lat' dir='ltr'><strong>ANSELMI</strong></span> <span class='ocrx_word' id='word_1_106' title='bbox 1095 246 1447 305; x_wconf 77' lang='lat' dir='ltr'><strong>CANTUAR.</strong></span> <span class='ocrx_word' id='word_1_107' title='bbox 1481 249 1801 307; x_wconf 80' lang='lat' dir='ltr'><strong>ARCHIEP.</strong></span> <span class='ocrx_word' id='word_1_108' title='bbox 1840 247 1991 306; x_wconf 84' lang='lat' dir='ltr'><strong>OPP.</strong></span> <span class='ocrx_word' id='word_1_109' title='bbox 2042 245 2219 302; x_wconf 77' lang='lat' dir='ltr'><strong>PARS</strong></span> <span class='ocrx_word' id='word_1_110' title='bbox 2249 244 2311 301; x_wconf 85' lang='lat' dir='ltr'><strong>ll.</strong></span> <span class='ocrx_word' id='word_1_111' title='bbox 2351 276 2423 285; x_wconf 88' lang='lat'><strong>—</strong></span> <span class='ocrx_word' id='word_1_112' title='bbox 2461 243 2835 311; x_wconf 64' lang='lat' dir='ltr'><strong>PARzENET.</strong></span> <span class='ocrx_word' id='word_1_113' title='bbox 2871 243 2964 302; x_wconf 82' lang='lat' dir='ltr'><strong>ET</strong></span> <span class='ocrx_word' id='word_1_114' title='bbox 2991 234 3237 304; x_wconf 70' lang='lat' dir='ltr'><strong>ASCET.</strong></span> 
     </span>
    </p>
   </div>
   <div class='ocr_carea' id='block_1_18' title="bbox 3495 245 3620 305">
    <p class='ocr_par' dir='ltr' id='par_1_18' title="bbox 3495 245 3620 305">
     <span class='ocr_line' id='line_1_18' title="bbox 3495 245 3620 305; baseline 0 0"><span class='ocrx_word' id='word_1_115' title='bbox 3495 245 3620 305; x_wconf 63' lang='lat'><strong>92$</strong></span> 
     </span>
    </p>
   </div>
   <div class='ocr_carea' id='block_1_19' title="bbox 1947 340 3611 433">
    <p class='ocr_par' dir='ltr' id='par_1_19' title="bbox 1947 340 3611 433">
     <span class='ocr_line' id='line_1_19' title="bbox 1947 340 3611 433; baseline 0.001 -13"><span class='ocrx_word' id='word_1_116' title='bbox 1947 375 1995 430; x_wconf 77' lang='grc' dir='ltr'><strong>Α</strong></span> <span class='ocrx_word' id='word_1_117' title='bbox 2023 379 2150 420; x_wconf 90' lang='lat' dir='ltr'><strong>num</strong></span> <span class='ocrx_word' id='word_1_118' title='bbox 2183 364 2235 418; x_wconf 92' lang='lat' dir='ltr'><strong>in</strong></span> <span class='ocrx_word' id='word_1_119' title='bbox 2270 340 2474 417; x_wconf 85' lang='lat' dir='ltr'><strong>unitate</strong></span> <span class='ocrx_word' id='word_1_120' title='bbox 2504 361 2845 418; x_wconf 89' lang='lat' dir='ltr'><strong>conﬁtemur.</strong></span> <span class='ocrx_word' id='word_1_121' title='bbox 2879 362 2955 418; x_wconf 89' lang='lat' dir='ltr'><strong>Te</strong></span> <span class='ocrx_word' id='word_1_122' title='bbox 2986 363 3157 417; x_wconf 87' lang='lat' dir='ltr'><strong>solum</strong></span> <span class='ocrx_word' id='word_1_123' title='bbox 3206 364 3373 419; x_wconf 89' lang='lat' dir='ltr'><strong>Deum</strong></span> <span class='ocrx_word' id='word_1_124' title='bbox 3412 365 3611 433; x_wconf 79' lang='lat' dir='ltr'><strong>adero.</strong></span> 
     </span>
    </p>
   </div>
   <div class='ocr_carea' id='block_1_20' title="bbox 2017 453 3615 527">
    <p class='ocr_par' dir='ltr' id='par_1_20' title="bbox 2017 453 3615 527">
     <span class='ocr_line' id='line_1_20' title="bbox 2017 453 3615 527; baseline 0.001 -14"><span class='ocrx_word' id='word_1_125' title='bbox 2017 466 2070 513; x_wconf 90' lang='lat' dir='ltr'><strong>te</strong></span> <span class='ocrx_word' id='word_1_126' title='bbox 2110 456 2291 519; x_wconf 87' lang='lat' dir='ltr'><strong>laudo,</strong></span> <span class='ocrx_word' id='word_1_127' title='bbox 2337 463 2388 509; x_wconf 88' lang='lat' dir='ltr'><strong>te</strong></span> <span class='ocrx_word' id='word_1_128' title='bbox 2434 453 2714 519; x_wconf 79' lang='lat' dir='ltr'><strong>benedice,</strong></span> <span class='ocrx_word' id='word_1_129' title='bbox 2757 462 2914 525; x_wconf 86' lang='lat' dir='ltr'><strong>teque</strong></span> <span class='ocrx_word' id='word_1_130' title='bbox 2958 454 3222 525; x_wconf 85' lang='lat' dir='ltr'><strong>gloriﬁco,</strong></span> <span class='ocrx_word' id='word_1_131' title='bbox 3265 455 3359 513; x_wconf 88' lang='lat' dir='ltr'><strong>tibi</strong></span> <span class='ocrx_word' id='word_1_132' title='bbox 3403 459 3615 527; x_wconf 89' lang='lat' dir='ltr'><strong>gratias</strong></span> 
     </span>
    </p>
   </div>
   <div class='ocr_carea' id='block_1_21' title="bbox 1955 535 3615 617">
    <p class='ocr_par' dir='ltr' id='par_1_21' title="bbox 1955 535 3615 617">
     <span class='ocr_line' id='line_1_21' title="bbox 1955 535 3615 617; baseline 0.002 -16"><span class='ocrx_word' id='word_1_133' title='bbox 1955 547 1960 551; x_wconf 86' lang='grc'><em>’</em></span> <span class='ocrx_word' id='word_1_134' title='bbox 2014 560 2135 617; x_wconf 83' lang='lat' dir='ltr'><strong>ago,</strong></span> <span class='ocrx_word' id='word_1_135' title='bbox 2170 546 2263 602; x_wconf 90' lang='lat' dir='ltr'><strong>tibi</strong></span> <span class='ocrx_word' id='word_1_136' title='bbox 2309 561 2395 601; x_wconf 90' lang='lat' dir='ltr'><strong>me</strong></span> <span class='ocrx_word' id='word_1_137' title='bbox 2430 556 2542 601; x_wconf 89' lang='lat' dir='ltr'><strong>tota</strong></span> <span class='ocrx_word' id='word_1_138' title='bbox 2587 546 2873 602; x_wconf 79' lang='lat' dir='ltr'><strong>devotione</strong></span> <span class='ocrx_word' id='word_1_139' title='bbox 2899 546 3210 612; x_wconf 88' lang='lat' dir='ltr'><strong>committo;</strong></span> <span class='ocrx_word' id='word_1_140' title='bbox 3258 535 3466 603; x_wconf 72' lang='lat' dir='ltr'><strong>intende</strong></span> <span class='ocrx_word' id='word_1_141' title='bbox 3492 551 3615 605; x_wconf 73' lang='lat' dir='ltr'><strong>soci</strong></span> 
     </span>
    </p>
   </div>
   <div class='ocr_carea' id='block_1_22' title="bbox 2015 634 3617 708">
    <p class='ocr_par' dir='ltr' id='par_1_22' title="bbox 2015 634 3617 708">
     <span class='ocr_line' id='line_1_22' title="bbox 2015 634 3617 708; baseline 0.001 -16"><span class='ocrx_word' id='word_1_142' title='bbox 2015 638 2271 692; x_wconf 71' lang='lat' dir='ltr'><strong>orationis</strong></span> <span class='ocrx_word' id='word_1_143' title='bbox 2302 653 2429 691; x_wconf 78' lang='lat' dir='ltr'><strong>mete</strong></span> <span class='ocrx_word' id='word_1_144' title='bbox 2458 634 2631 708; x_wconf 81' lang='lat' dir='ltr'><strong>(Psal.</strong></span> <span class='ocrx_word' id='word_1_145' title='bbox 2663 652 2725 701; x_wconf 90' lang='lat' dir='ltr'><strong>v,</strong></span> <span class='ocrx_word' id='word_1_146' title='bbox 2754 636 2832 706; x_wconf 73' lang='grc' dir='ltr'><strong>ὅ),</strong></span> <span class='ocrx_word' id='word_1_147' title='bbox 2860 635 3020 691; x_wconf 83' lang='lat' dir='ltr'><strong>Pater</strong></span> <span class='ocrx_word' id='word_1_148' title='bbox 3047 636 3115 692; x_wconf 89' lang='lat' dir='ltr'><strong>de</strong></span> <span class='ocrx_word' id='word_1_149' title='bbox 3142 636 3294 694; x_wconf 66' lang='lat' dir='ltr'><strong>caelis</strong></span> <span class='ocrx_word' id='word_1_150' title='bbox 3316 639 3477 703; x_wconf 83' lang='lat' dir='ltr'><strong>Deus,</strong></span> <span class='ocrx_word' id='word_1_151' title='bbox 3509 655 3617 697; x_wconf 65' lang='lat' dir='ltr'><strong>rex</strong></span> 
     </span>
    </p>
   </div>
   <div class='ocr_carea' id='block_1_23' title="bbox 2016 726 3607 797">
    <p class='ocr_par' dir='ltr' id='par_1_23' title="bbox 2016 726 3607 797">
     <span class='ocr_line' id='line_1_23' title="bbox 2016 726 3607 797; baseline 0.003 -15"><span class='ocrx_word' id='word_1_152' title='bbox 2016 742 2169 783; x_wconf 90' lang='lat' dir='ltr'><strong>meus</strong></span> <span class='ocrx_word' id='word_1_153' title='bbox 2220 735 2277 782; x_wconf 91' lang='lat' dir='ltr'><strong>et</strong></span> <span class='ocrx_word' id='word_1_154' title='bbox 2317 727 2457 783; x_wconf 84' lang='lat' dir='ltr'><strong>Deus</strong></span> <span class='ocrx_word' id='word_1_155' title='bbox 2484 743 2655 783; x_wconf 88' lang='lat' dir='ltr'><strong>meus.</strong></span> <span class='ocrx_word' id='word_1_156' title='bbox 2682 727 2805 794; x_wconf 86' lang='lat' dir='ltr'><strong>Fili,</strong></span> <span class='ocrx_word' id='word_1_157' title='bbox 2831 726 3163 797; x_wconf 80' lang='lat' dir='ltr'><strong>Redemptor</strong></span> <span class='ocrx_word' id='word_1_158' title='bbox 3195 730 3402 794; x_wconf 87' lang='lat' dir='ltr'><strong>mundi,</strong></span> <span class='ocrx_word' id='word_1_159' title='bbox 3438 728 3607 797; x_wconf 90' lang='lat' dir='ltr'><strong>Deus,</strong></span> 
     </span>
    </p>
   </div>
   <div class='ocr_carea' id='block_1_24' title="bbox 2014 818 3608 890">
    <p class='ocr_par' dir='ltr' id='par_1_24' title="bbox 2014 818 3608 890">
     <span class='ocr_line' id='line_1_24' title="bbox 2014 818 3608 890; baseline 0.003 -16"><span class='ocrx_word' id='word_1_160' title='bbox 2014 818 2275 875; x_wconf 88' lang='lat' dir='ltr'><strong>miserere</strong></span> <span class='ocrx_word' id='word_1_161' title='bbox 2309 819 2437 881; x_wconf 85' lang='lat' dir='ltr'><strong>mei,</strong></span> <span class='ocrx_word' id='word_1_162' title='bbox 2468 835 2530 873; x_wconf 86' lang='lat' dir='ltr'><strong>ne</strong></span> <span class='ocrx_word' id='word_1_163' title='bbox 2568 818 2758 888; x_wconf 82' lang='lat' dir='ltr'><strong>perdas</strong></span> <span class='ocrx_word' id='word_1_164' title='bbox 2794 835 2875 872; x_wconf 84' lang='lat' dir='ltr'><strong>me</strong></span> <span class='ocrx_word' id='word_1_165' title='bbox 2905 834 3028 874; x_wconf 86' lang='lat' dir='ltr'><strong>cunt</strong></span> <span class='ocrx_word' id='word_1_166' title='bbox 3057 819 3436 890; x_wconf 82' lang='lat' dir='ltr'><strong>iniquitatibus</strong></span> <span class='ocrx_word' id='word_1_167' title='bbox 3469 823 3608 878; x_wconf 84' lang='lat' dir='ltr'><strong>meis</strong></span> 
     </span>
    </p>
   </div>
   <div class='ocr_carea' id='block_1_25' title="bbox 2015 908 3605 981">
    <p class='ocr_par' dir='ltr' id='par_1_25' title="bbox 2015 908 3605 981">
     <span class='ocr_line' id='line_1_25' title="bbox 2015 908 3605 981; baseline 0.006 -19"><span class='ocrx_word' id='word_1_168' title='bbox 2015 908 2188 981; x_wconf 83' lang='lat' dir='ltr'><strong>(Psal.</strong></span> <span class='ocrx_word' id='word_1_169' title='bbox 2219 926 2347 975; x_wconf 80' lang='lat' dir='ltr'><strong>xxv,</strong></span> <span class='ocrx_word' id='word_1_170' title='bbox 2378 910 2457 980; x_wconf 89' lang='lat'><strong>9),</strong></span> <span class='ocrx_word' id='word_1_171' title='bbox 2494 924 2669 980; x_wconf 89' lang='lat' dir='ltr'><strong>neque</strong></span> <span class='ocrx_word' id='word_1_172' title='bbox 2698 910 2751 965; x_wconf 92' lang='lat' dir='ltr'><strong>in</strong></span> <span class='ocrx_word' id='word_1_173' title='bbox 2798 910 2960 967; x_wconf 84' lang='lat' dir='ltr'><strong>ﬁnem</strong></span> <span class='ocrx_word' id='word_1_174' title='bbox 2990 912 3160 969; x_wconf 88' lang='lat' dir='ltr'><strong>iratus</strong></span> <span class='ocrx_word' id='word_1_175' title='bbox 3188 928 3433 971; x_wconf 84' lang='lat' dir='ltr'><strong>reserves</strong></span> <span class='ocrx_word' id='word_1_176' title='bbox 3464 917 3605 972; x_wconf 89' lang='lat' dir='ltr'><strong>mala</strong></span> 
     </span>
    </p>
   </div>
   <div class='ocr_carea' id='block_1_26' title="bbox 2016 1000 3605 1077">
    <p class='ocr_par' dir='ltr' id='par_1_26' title="bbox 2016 1000 3605 1077">
     <span class='ocr_line' id='line_1_26' title="bbox 2016 1000 3605 1077; baseline 0.004 -23"><span class='ocrx_word' id='word_1_177' title='bbox 2016 1015 2158 1056; x_wconf 89' lang='lat' dir='ltr'><strong>mea.</strong></span> <span class='ocrx_word' id='word_1_178' title='bbox 2205 1000 2439 1059; x_wconf 89' lang='lat' dir='ltr'><strong>Sanctus</strong></span> <span class='ocrx_word' id='word_1_179' title='bbox 2470 1000 2730 1069; x_wconf 90' lang='lat' dir='ltr'><strong>Spiritus,</strong></span> <span class='ocrx_word' id='word_1_180' title='bbox 2773 1000 3005 1073; x_wconf 89' lang='lat' dir='ltr'><strong>benigne</strong></span> <span class='ocrx_word' id='word_1_181' title='bbox 3045 1003 3209 1075; x_wconf 87' lang='lat' dir='ltr'><strong>Deus,</strong></span> <span class='ocrx_word' id='word_1_182' title='bbox 3243 1005 3440 1077; x_wconf 80' lang='lat' dir='ltr'><strong>inspira</strong></span> <span class='ocrx_word' id='word_1_183' title='bbox 3471 1007 3605 1061; x_wconf 87' lang='lat' dir='ltr'><strong>mihi</strong></span> 
     </span>
    </p>
   </div>
   <div class='ocr_carea' id='block_1_27' title="bbox 2014 1088 3608 1162">
    <p class='ocr_par' dir='ltr' id='par_1_27' title="bbox 2014 1088 3608 1162">
     <span class='ocr_line' id='line_1_27' title="bbox 2014 1088 3608 1162; baseline 0.005 -19"><span class='ocrx_word' id='word_1_184' title='bbox 2014 1088 2338 1159; x_wconf 87' lang='lat' dir='ltr'><strong>spiraculum</strong></span> <span class='ocrx_word' id='word_1_185' title='bbox 2369 1089 2557 1159; x_wconf 74' lang='lat' dir='ltr'><strong>gratia:</strong></span> <span class='ocrx_word' id='word_1_186' title='bbox 2594 1097 2723 1154; x_wconf 70' lang='lat' dir='ltr'><strong>tum,</strong></span> <span class='ocrx_word' id='word_1_187' title='bbox 2749 1098 2805 1144; x_wconf 93' lang='lat' dir='ltr'><strong>et</strong></span> <span class='ocrx_word' id='word_1_188' title='bbox 2833 1090 3004 1162; x_wconf 81' lang='lat' dir='ltr'><strong>dirige</strong></span> <span class='ocrx_word' id='word_1_189' title='bbox 3034 1107 3123 1148; x_wconf 90' lang='lat' dir='ltr'><strong>me</strong></span> <span class='ocrx_word' id='word_1_190' title='bbox 3161 1094 3214 1147; x_wconf 89' lang='lat' dir='ltr'><strong>in</strong></span> <span class='ocrx_word' id='word_1_191' title='bbox 3243 1096 3384 1149; x_wconf 88' lang='lat' dir='ltr'><strong>viam</strong></span> <span class='ocrx_word' id='word_1_192' title='bbox 3416 1096 3608 1151; x_wconf 89' lang='lat' dir='ltr'><strong>salutis</strong></span> 
     </span>
    </p>
   </div>
   <div class='ocr_carea' id='block_1_28' title="bbox 2012 1178 3605 1255">
    <p class='ocr_par' dir='ltr' id='par_1_28' title="bbox 2012 1178 3605 1255">
     <span class='ocr_line' id='line_1_28' title="bbox 2012 1178 3605 1255; baseline 0.006 -21"><span class='ocrx_word' id='word_1_193' title='bbox 2012 1187 2229 1235; x_wconf 67' lang='lat' dir='ltr'><strong>aeterna:</strong></span> <span class='ocrx_word' id='word_1_194' title='bbox 2249 1197 2263 1233; x_wconf 90' lang='lat'><strong>:</strong></span> <span class='ocrx_word' id='word_1_195' title='bbox 2287 1180 2417 1234; x_wconf 83' lang='lat' dir='ltr'><strong>doce</strong></span> <span class='ocrx_word' id='word_1_196' title='bbox 2437 1195 2520 1233; x_wconf 86' lang='lat' dir='ltr'><strong>me</strong></span> <span class='ocrx_word' id='word_1_197' title='bbox 2540 1178 2855 1233; x_wconf 76' lang='lat' dir='ltr'><strong>voluntatem</strong></span> <span class='ocrx_word' id='word_1_198' title='bbox 2876 1191 3022 1235; x_wconf 85' lang='lat' dir='ltr'><strong>tuam</strong></span> <span class='ocrx_word' id='word_1_199' title='bbox 3048 1181 3221 1252; x_wconf 77' lang='lat' dir='ltr'><strong>facere</strong></span> <span class='ocrx_word' id='word_1_200' title='bbox 3242 1183 3413 1255; x_wconf 71' lang='lat' dir='ltr'><strong>(Pani.</strong></span> <span class='ocrx_word' id='word_1_201' title='bbox 3434 1202 3605 1251; x_wconf 68' lang='lat' dir='ltr'><strong>cuit,</strong></span> 
     </span>
    </p>
   </div>
   <div class='ocr_carea' id='block_1_29' title="bbox 2013 1267 3598 1339">
    <p class='ocr_par' dir='ltr' id='par_1_29' title="bbox 2013 1267 3598 1339">
     <span class='ocr_line' id='line_1_29' title="bbox 2013 1267 3598 1339; baseline 0.006 -16"><span class='ocrx_word' id='word_1_202' title='bbox 2013 1267 2103 1339; x_wconf 75' lang='lat' dir='ltr'><strong>lﬁ)</strong></span> <span class='ocrx_word' id='word_1_203' title='bbox 2134 1285 2148 1322; x_wconf 92' lang='lat'><strong>:</strong></span> <span class='ocrx_word' id='word_1_204' title='bbox 2179 1268 2443 1339; x_wconf 79' lang='lat' dir='ltr'><strong>quidquid</strong></span> <span class='ocrx_word' id='word_1_205' title='bbox 2486 1269 2581 1326; x_wconf 88' lang='lat' dir='ltr'><strong>tibi</strong></span> <span class='ocrx_word' id='word_1_206' title='bbox 2621 1268 2873 1339; x_wconf 86' lang='lat' dir='ltr'><strong>displicet</strong></span> <span class='ocrx_word' id='word_1_207' title='bbox 2912 1271 2966 1325; x_wconf 91' lang='lat' dir='ltr'><strong>in</strong></span> <span class='ocrx_word' id='word_1_208' title='bbox 3006 1287 3122 1339; x_wconf 91' lang='lat' dir='ltr'><strong>me,</strong></span> <span class='ocrx_word' id='word_1_209' title='bbox 3166 1290 3383 1332; x_wconf 86' lang='lat' dir='ltr'><strong>remove</strong></span> <span class='ocrx_word' id='word_1_210' title='bbox 3421 1293 3451 1331; x_wconf 88' lang='lat' dir='ltr'><strong>a</strong></span> <span class='ocrx_word' id='word_1_211' title='bbox 3495 1295 3598 1333; x_wconf 90' lang='lat' dir='ltr'><strong>me.</strong></span> 
     </span>
    </p>
   </div>
   <div class='ocr_carea' id='block_1_30' title="bbox 2013 1359 3607 1434">
    <p class='ocr_par' dir='ltr' id='par_1_30' title="bbox 2013 1359 3607 1434">
     <span class='ocr_line' id='line_1_30' title="bbox 2013 1359 3607 1434; baseline 0.007 -19"><span class='ocrx_word' id='word_1_212' title='bbox 2013 1359 2181 1415; x_wconf 83' lang='lat' dir='ltr'><strong>Trine</strong></span> <span class='ocrx_word' id='word_1_213' title='bbox 2207 1368 2277 1416; x_wconf 85' lang='lat' dir='ltr'><strong>et</strong></span> <span class='ocrx_word' id='word_1_214' title='bbox 2320 1376 2445 1426; x_wconf 84' lang='lat' dir='ltr'><strong>une,</strong></span> <span class='ocrx_word' id='word_1_215' title='bbox 2507 1359 2872 1431; x_wconf 90' lang='lat' dir='ltr'><strong>omnipotens,</strong></span> <span class='ocrx_word' id='word_1_216' title='bbox 2911 1364 3002 1434; x_wconf 92' lang='lat' dir='ltr'><strong>pie</strong></span> <span class='ocrx_word' id='word_1_217' title='bbox 3046 1374 3103 1420; x_wconf 92' lang='lat' dir='ltr'><strong>et</strong></span> <span class='ocrx_word' id='word_1_218' title='bbox 3148 1367 3458 1425; x_wconf 87' lang='lat' dir='ltr'><strong>misericors</strong></span> <span class='ocrx_word' id='word_1_219' title='bbox 3505 1372 3607 1426; x_wconf 60' lang='lat' dir='ltr'><strong>De.</strong></span> 
     </span>
    </p>
   </div>
   <div class='ocr_carea' id='block_1_31' title="bbox 2012 1450 3603 1528">
    <p class='ocr_par' dir='ltr' id='par_1_31' title="bbox 2012 1450 3603 1528">
     <span class='ocr_line' id='line_1_31' title="bbox 2012 1450 3603 1528; baseline 0.008 -23"><span class='ocrx_word' id='word_1_220' title='bbox 2012 1450 2181 1517; x_wconf 74' lang='lat' dir='ltr'><strong>mine,</strong></span> <span class='ocrx_word' id='word_1_221' title='bbox 2205 1453 2380 1521; x_wconf 78' lang='lat' dir='ltr'><strong>aspice</strong></span> <span class='ocrx_word' id='word_1_222' title='bbox 2406 1453 2461 1507; x_wconf 86' lang='lat' dir='ltr'><strong>in</strong></span> <span class='ocrx_word' id='word_1_223' title='bbox 2497 1469 2579 1507; x_wconf 88' lang='lat' dir='ltr'><strong>me</strong></span> <span class='ocrx_word' id='word_1_224' title='bbox 2606 1452 2780 1522; x_wconf 69' lang='lat' dir='ltr'><strong>(Pent.</strong></span> <span class='ocrx_word' id='word_1_225' title='bbox 2807 1469 2997 1523; x_wconf 76' lang='lat' dir='ltr'><strong>cxvm,</strong></span> <span class='ocrx_word' id='word_1_226' title='bbox 3027 1457 3174 1528; x_wconf 68' lang='lat'><strong>£52),</strong></span> <span class='ocrx_word' id='word_1_227' title='bbox 3208 1468 3263 1515; x_wconf 88' lang='lat' dir='ltr'><strong>et</strong></span> <span class='ocrx_word' id='word_1_228' title='bbox 3301 1461 3603 1517; x_wconf 83' lang='lat' dir='ltr'><strong>tribulatio-</strong></span> 
     </span>
    </p>
   </div>
   <div class='ocr_carea' id='block_1_32' title="bbox 2014 1541 3606 1611">
    <p class='ocr_par' dir='ltr' id='par_1_32' title="bbox 2014 1541 3606 1611">
     <span class='ocr_line' id='line_1_32' title="bbox 2014 1541 3606 1611; baseline 0.009 -16"><span class='ocrx_word' id='word_1_229' title='bbox 2014 1554 2138 1596; x_wconf 89' lang='lat' dir='ltr'><strong>nem</strong></span> <span class='ocrx_word' id='word_1_230' title='bbox 2166 1556 2347 1596; x_wconf 84' lang='lat' dir='ltr'><strong>meam</strong></span> <span class='ocrx_word' id='word_1_231' title='bbox 2372 1541 2426 1596; x_wconf 89' lang='lat' dir='ltr'><strong>in</strong></span> <span class='ocrx_word' id='word_1_232' title='bbox 2453 1542 2707 1611; x_wconf 86' lang='lat' dir='ltr'><strong>gaudium</strong></span> <span class='ocrx_word' id='word_1_233' title='bbox 2736 1552 3011 1608; x_wconf 89' lang='lat' dir='ltr'><strong>converte,</strong></span> <span class='ocrx_word' id='word_1_234' title='bbox 3040 1555 3089 1601; x_wconf 87' lang='lat' dir='ltr'><strong>et</strong></span> <span class='ocrx_word' id='word_1_235' title='bbox 3114 1564 3179 1602; x_wconf 85' lang='lat' dir='ltr'><strong>ne</strong></span> <span class='ocrx_word' id='word_1_236' title='bbox 3206 1551 3298 1605; x_wconf 77' lang='lat' dir='ltr'><strong>des</strong></span> <span class='ocrx_word' id='word_1_237' title='bbox 3325 1552 3606 1608; x_wconf 74' lang='lat' dir='ltr'><strong>Ita-redita-</strong></span> 
     </span>
    </p>
   </div>
   <div class='ocr_carea' id='block_1_33' title="bbox 2014 1628 3604 1709">
    <p class='ocr_par' dir='ltr' id='par_1_33' title="bbox 2014 1628 3604 1709">
     <span class='ocr_line' id='line_1_33' title="bbox 2014 1628 3604 1709; baseline 0.009 -26"><span class='ocrx_word' id='word_1_238' title='bbox 2014 1638 2117 1683; x_wconf 87' lang='lat' dir='ltr'><strong>tem</strong></span> <span class='ocrx_word' id='word_1_239' title='bbox 2153 1639 2300 1684; x_wconf 84' lang='lat' dir='ltr'><strong>tuam</strong></span> <span class='ocrx_word' id='word_1_240' title='bbox 2344 1628 2503 1698; x_wconf 79' lang='lat' dir='ltr'><strong>(Joet.</strong></span> <span class='ocrx_word' id='word_1_241' title='bbox 2535 1647 2606 1698; x_wconf 85' lang='lat' dir='ltr'><strong>ll,</strong></span> <span class='ocrx_word' id='word_1_242' title='bbox 2639 1632 2750 1703; x_wconf 82' lang='lat' dir='ltr'><strong>l7).</strong></span> <span class='ocrx_word' id='word_1_243' title='bbox 2793 1631 3095 1703; x_wconf 85' lang='lat' dir='ltr'><strong>Altissime,</strong></span> <span class='ocrx_word' id='word_1_244' title='bbox 3126 1638 3179 1692; x_wconf 92' lang='lat' dir='ltr'><strong>in</strong></span> <span class='ocrx_word' id='word_1_245' title='bbox 3218 1640 3604 1709; x_wconf 87' lang='lat' dir='ltr'><strong>perditionem.</strong></span> 
     </span>
    </p>
   </div>
   <div class='ocr_carea' id='block_1_34' title="bbox 325 1718 1910 1803">
    <p class='ocr_par' dir='ltr' id='par_1_34' title="bbox 325 1730 1908 1803">
     <span class='ocr_line' id='line_1_34' title="bbox 325 1730 1908 1803; baseline -0.002 -14"><span class='ocrx_word' id='word_1_246' title='bbox 325 1730 473 1789; x_wconf 79' lang='lat' dir='ltr'><strong>Patri</strong></span> <span class='ocrx_word' id='word_1_247' title='bbox 498 1731 725 1786; x_wconf 85' lang='lat' dir='ltr'><strong>mactari</strong></span> <span class='ocrx_word' id='word_1_248' title='bbox 753 1731 997 1798; x_wconf 82' lang='lat' dir='ltr'><strong>voluisti;</strong></span> <span class='ocrx_word' id='word_1_249' title='bbox 1032 1731 1125 1786; x_wconf 88' lang='lat' dir='ltr'><strong>illa</strong></span> <span class='ocrx_word' id='word_1_250' title='bbox 1158 1746 1450 1803; x_wconf 63' lang='lat' dir='ltr'><strong>praesumo,</strong></span> <span class='ocrx_word' id='word_1_251' title='bbox 1482 1731 1610 1787; x_wconf 89' lang='lat' dir='ltr'><strong>licet</strong></span> <span class='ocrx_word' id='word_1_252' title='bbox 1634 1741 1908 1802; x_wconf 85' lang='lat' dir='ltr'><strong>peccator,</strong></span> 
     </span>
    </p>
   </div>
   <div class='ocr_carea' id='block_1_35' title="bbox 2018 1718 3601 1803">
    <p class='ocr_par' dir='ltr' id='par_1_35' title="bbox 2018 1718 3601 1800">
     <span class='ocr_line' id='line_1_35' title="bbox 2018 1718 3601 1800; baseline 0.007 -25"><span class='ocrx_word' id='word_1_253' title='bbox 2018 1718 2333 1775; x_wconf 77' lang='lat' dir='ltr'><strong>Dominator.</strong></span> <span class='ocrx_word' id='word_1_254' title='bbox 2352 1721 2595 1777; x_wconf 88' lang='lat' dir='ltr'><strong>omnium</strong></span> <span class='ocrx_word' id='word_1_255' title='bbox 2632 1734 2696 1779; x_wconf 87' lang='lat' dir='ltr'><strong>ac</strong></span> <span class='ocrx_word' id='word_1_256' title='bbox 2742 1734 3019 1795; x_wconf 83' lang='lat' dir='ltr'><strong>protector</strong></span> <span class='ocrx_word' id='word_1_257' title='bbox 3048 1728 3102 1783; x_wconf 93' lang='lat' dir='ltr'><strong>in</strong></span> <span class='ocrx_word' id='word_1_258' title='bbox 3144 1737 3203 1783; x_wconf 90' lang='lat' dir='ltr'><strong>te</strong></span> <span class='ocrx_word' id='word_1_259' title='bbox 3242 1732 3601 1800; x_wconf 84' lang='lat' dir='ltr'><strong>sperantium,</strong></span> 
     </span>
    </p>
   </div>
   <div class='ocr_carea' id='block_1_36' title="bbox 325 1822 1913 1897">
    <p class='ocr_par' dir='ltr' id='par_1_36' title="bbox 325 1822 1913 1897">
     <span class='ocr_line' id='line_1_36' title="bbox 325 1822 1913 1897; baseline 0.004 -22"><span class='ocrx_word' id='word_1_260' title='bbox 325 1832 383 1880; x_wconf 87' lang='lat' dir='ltr'><strong>ut</strong></span> <span class='ocrx_word' id='word_1_261' title='bbox 412 1837 507 1892; x_wconf 89' lang='lat' dir='ltr'><strong>per</strong></span> <span class='ocrx_word' id='word_1_262' title='bbox 539 1822 627 1877; x_wconf 87' lang='lat' dir='ltr'><strong>illa</strong></span> <span class='ocrx_word' id='word_1_263' title='bbox 660 1823 950 1893; x_wconf 88' lang='lat' dir='ltr'><strong>jnstiﬁcer,</strong></span> <span class='ocrx_word' id='word_1_264' title='bbox 984 1826 1252 1894; x_wconf 86' lang='lat' dir='ltr'><strong>accipere.</strong></span> <span class='ocrx_word' id='word_1_265' title='bbox 1290 1823 1529 1895; x_wconf 80' lang='lat' dir='ltr'><strong>Supplex</strong></span> <span class='ocrx_word' id='word_1_266' title='bbox 1557 1840 1688 1897; x_wconf 90' lang='lat' dir='ltr'><strong>ergo</strong></span> <span class='ocrx_word' id='word_1_267' title='bbox 1720 1834 1796 1890; x_wconf 90' lang='lat' dir='ltr'><strong>te,</strong></span> <span class='ocrx_word' id='word_1_268' title='bbox 1825 1824 1913 1895; x_wconf 90' lang='lat' dir='ltr'><strong>pie</strong></span> 
     </span>
    </p>
   </div>
   <div class='ocr_carea' id='block_1_37' title="bbox 326 1913 1910 1986">
    <p class='ocr_par' dir='ltr' id='par_1_37' title="bbox 326 1913 1910 1986">
     <span class='ocr_line' id='line_1_37' title="bbox 326 1913 1910 1986; baseline 0.004 -21"><span class='ocrx_word' id='word_1_269' title='bbox 326 1913 611 1968; x_wconf 86' lang='lat' dir='ltr'><strong>miserater</strong></span> <span class='ocrx_word' id='word_1_270' title='bbox 655 1914 952 1981; x_wconf 90' lang='lat' dir='ltr'><strong>hominum,</strong></span> <span class='ocrx_word' id='word_1_271' title='bbox 985 1916 1215 1972; x_wconf 91' lang='lat' dir='ltr'><strong>obsecro</strong></span> <span class='ocrx_word' id='word_1_272' title='bbox 1256 1926 1314 1971; x_wconf 88' lang='lat' dir='ltr'><strong>ut</strong></span> <span class='ocrx_word' id='word_1_273' title='bbox 1356 1929 1478 1986; x_wconf 65' lang='lat' dir='ltr'><strong>quas</strong></span> <span class='ocrx_word' id='word_1_274' title='bbox 1512 1915 1580 1971; x_wconf 89' lang='lat' dir='ltr'><strong>ad</strong></span> <span class='ocrx_word' id='word_1_275' title='bbox 1623 1916 1910 1972; x_wconf 89' lang='lat' dir='ltr'><strong>delendum</strong></span> 
     </span>
    </p>
   </div>
   <div class='ocr_carea' id='block_1_38' title="bbox 323 2004 1912 2078">
    <p class='ocr_par' dir='ltr' id='par_1_38' title="bbox 323 2004 1912 2078">
     <span class='ocr_line' id='line_1_38' title="bbox 323 2004 1912 2078; baseline 0.003 -20"><span class='ocrx_word' id='word_1_276' title='bbox 323 2014 547 2073; x_wconf 84' lang='lat' dir='ltr'><strong>peccata</strong></span> <span class='ocrx_word' id='word_1_277' title='bbox 565 2004 787 2071; x_wconf 78' lang='lat' dir='ltr'><strong>dedisti,</strong></span> <span class='ocrx_word' id='word_1_278' title='bbox 807 2022 913 2062; x_wconf 91' lang='lat' dir='ltr'><strong>non</strong></span> <span class='ocrx_word' id='word_1_279' title='bbox 933 2008 1063 2063; x_wconf 91' lang='lat' dir='ltr'><strong>mihi</strong></span> <span class='ocrx_word' id='word_1_280' title='bbox 1079 2009 1190 2063; x_wconf 89' lang='lat' dir='ltr'><strong>sint</strong></span> <span class='ocrx_word' id='word_1_281' title='bbox 1203 2008 1269 2062; x_wconf 88' lang='lat' dir='ltr'><strong>ad</strong></span> <span class='ocrx_word' id='word_1_282' title='bbox 1286 2015 1630 2078; x_wconf 89' lang='lat' dir='ltr'><strong>peccatorum</strong></span> <span class='ocrx_word' id='word_1_283' title='bbox 1651 2023 1912 2077; x_wconf 86' lang='lat' dir='ltr'><strong>augmen-</strong></span> 
     </span>
    </p>
   </div>
   <div class='ocr_carea' id='block_1_39' title="bbox 326 2093 1914 2167">
    <p class='ocr_par' dir='ltr' id='par_1_39' title="bbox 326 2093 1914 2167">
     <span class='ocr_line' id='line_1_39' title="bbox 326 2093 1914 2167; baseline 0.005 -20"><span class='ocrx_word' id='word_1_284' title='bbox 326 2102 462 2158; x_wconf 87' lang='lat' dir='ltr'><strong>tum,</strong></span> <span class='ocrx_word' id='word_1_285' title='bbox 490 2093 585 2148; x_wconf 91' lang='lat' dir='ltr'><strong>sed</strong></span> <span class='ocrx_word' id='word_1_286' title='bbox 615 2094 682 2149; x_wconf 88' lang='lat' dir='ltr'><strong>ad</strong></span> <span class='ocrx_word' id='word_1_287' title='bbox 709 2094 1103 2167; x_wconf 84' lang='lat' dir='ltr'><strong>indulgentiam</strong></span> <span class='ocrx_word' id='word_1_288' title='bbox 1126 2106 1181 2153; x_wconf 92' lang='lat' dir='ltr'><strong>et</strong></span> <span class='ocrx_word' id='word_1_289' title='bbox 1206 2098 1514 2154; x_wconf 88' lang='lat' dir='ltr'><strong>tuitionem.</strong></span> <span class='ocrx_word' id='word_1_290' title='bbox 1542 2097 1651 2154; x_wconf 89' lang='lat' dir='ltr'><strong>Fac</strong></span> <span class='ocrx_word' id='word_1_291' title='bbox 1676 2114 1786 2164; x_wconf 87' lang='lat' dir='ltr'><strong>me,</strong></span> <span class='ocrx_word' id='word_1_292' title='bbox 1810 2099 1914 2155; x_wconf 88' lang='lat' dir='ltr'><strong>Do-</strong></span> 
     </span>
    </p>
   </div>
   <div class='ocr_carea' id='block_1_40' title="bbox 324 2183 1915 2260">
    <p class='ocr_par' dir='ltr' id='par_1_40' title="bbox 324 2183 1915 2260">
     <span class='ocr_line' id='line_1_40' title="bbox 324 2183 1915 2260; baseline 0.005 -23"><span class='ocrx_word' id='word_1_293' title='bbox 324 2183 494 2251; x_wconf 87' lang='lat' dir='ltr'><strong>mine,</strong></span> <span class='ocrx_word' id='word_1_294' title='bbox 537 2184 610 2239; x_wconf 92' lang='lat' dir='ltr'><strong>ita</strong></span> <span class='ocrx_word' id='word_1_295' title='bbox 649 2200 712 2240; x_wconf 89' lang='lat' dir='ltr'><strong>ea</strong></span> <span class='ocrx_word' id='word_1_296' title='bbox 741 2202 839 2243; x_wconf 90' lang='lat' dir='ltr'><strong>ore</strong></span> <span class='ocrx_word' id='word_1_297' title='bbox 873 2196 930 2243; x_wconf 92' lang='lat' dir='ltr'><strong>et</strong></span> <span class='ocrx_word' id='word_1_298' title='bbox 973 2188 1137 2243; x_wconf 86' lang='lat' dir='ltr'><strong>corde</strong></span> <span class='ocrx_word' id='word_1_299' title='bbox 1170 2190 1471 2260; x_wconf 83' lang='lat' dir='ltr'><strong>percipere,</strong></span> <span class='ocrx_word' id='word_1_300' title='bbox 1514 2199 1678 2260; x_wconf 89' lang='lat' dir='ltr'><strong>atque</strong></span> <span class='ocrx_word' id='word_1_301' title='bbox 1714 2189 1819 2246; x_wconf 90' lang='lat' dir='ltr'><strong>ﬁde</strong></span> <span class='ocrx_word' id='word_1_302' title='bbox 1856 2197 1915 2245; x_wconf 91' lang='lat' dir='ltr'><strong>et</strong></span> 
     </span>
    </p>
   </div>
   <div class='ocr_carea' id='block_1_41' title="bbox 325 2275 1914 2350">
    <p class='ocr_par' dir='ltr' id='par_1_41' title="bbox 325 2275 1914 2350">
     <span class='ocr_line' id='line_1_41' title="bbox 325 2275 1914 2350; baseline 0.004 -18"><span class='ocrx_word' id='word_1_303' title='bbox 325 2275 519 2333; x_wconf 82' lang='lat' dir='ltr'><strong>aﬁ‘ectu</strong></span> <span class='ocrx_word' id='word_1_304' title='bbox 559 2280 786 2347; x_wconf 89' lang='lat' dir='ltr'><strong>sentire,</strong></span> <span class='ocrx_word' id='word_1_305' title='bbox 831 2289 893 2335; x_wconf 87' lang='lat' dir='ltr'><strong>ut</strong></span> <span class='ocrx_word' id='word_1_306' title='bbox 936 2296 1032 2350; x_wconf 89' lang='lat' dir='ltr'><strong>per</strong></span> <span class='ocrx_word' id='word_1_307' title='bbox 1065 2295 1253 2336; x_wconf 90' lang='lat' dir='ltr'><strong>eorum</strong></span> <span class='ocrx_word' id='word_1_308' title='bbox 1296 2281 1550 2338; x_wconf 89' lang='lat' dir='ltr'><strong>virtutem</strong></span> <span class='ocrx_word' id='word_1_309' title='bbox 1589 2283 1672 2338; x_wconf 93' lang='lat' dir='ltr'><strong>sic</strong></span> <span class='ocrx_word' id='word_1_310' title='bbox 1700 2296 1914 2338; x_wconf 88' lang='lat' dir='ltr'><strong>merear</strong></span> 
     </span>
    </p>
   </div>
   <div class='ocr_carea' id='block_1_42' title="bbox 325 2370 1908 2442">
    <p class='ocr_par' dir='ltr' id='par_1_42' title="bbox 325 2370 1908 2442">
     <span class='ocr_line' id='line_1_42' title="bbox 325 2370 1908 2442; baseline 0.002 -18"><span class='ocrx_word' id='word_1_311' title='bbox 325 2370 680 2442; x_wconf 87' lang='lat' dir='ltr'><strong>complantari</strong></span> <span class='ocrx_word' id='word_1_312' title='bbox 703 2372 1043 2427; x_wconf 89' lang='lat' dir='ltr'><strong>similitudini</strong></span> <span class='ocrx_word' id='word_1_313' title='bbox 1065 2373 1258 2429; x_wconf 91' lang='lat' dir='ltr'><strong>mortis</strong></span> <span class='ocrx_word' id='word_1_314' title='bbox 1274 2382 1330 2430; x_wconf 92' lang='lat' dir='ltr'><strong>et</strong></span> <span class='ocrx_word' id='word_1_315' title='bbox 1349 2373 1764 2429; x_wconf 87' lang='lat' dir='ltr'><strong>resurrectionis</strong></span> <span class='ocrx_word' id='word_1_316' title='bbox 1785 2380 1908 2437; x_wconf 70' lang='lat' dir='ltr'><strong>tute,</strong></span> 
     </span>
    </p>
   </div>
   <div class='ocr_carea' id='block_1_43' title="bbox 326 2464 1912 2532">
    <p class='ocr_par' dir='ltr' id='par_1_43' title="bbox 326 2464 1912 2532">
     <span class='ocr_line' id='line_1_43' title="bbox 326 2464 1912 2532; baseline 0.003 -16"><span class='ocrx_word' id='word_1_317' title='bbox 326 2477 424 2532; x_wconf 90' lang='lat' dir='ltr'><strong>per</strong></span> <span class='ocrx_word' id='word_1_318' title='bbox 464 2465 663 2519; x_wconf 87' lang='lat' dir='ltr'><strong>veteris</strong></span> <span class='ocrx_word' id='word_1_319' title='bbox 703 2464 940 2521; x_wconf 87' lang='lat' dir='ltr'><strong>heminis</strong></span> <span class='ocrx_word' id='word_1_320' title='bbox 982 2464 1477 2532; x_wconf 89' lang='lat' dir='ltr'><strong>mortiﬁcationem,</strong></span> <span class='ocrx_word' id='word_1_321' title='bbox 1518 2475 1575 2521; x_wconf 89' lang='lat' dir='ltr'><strong>et</strong></span> <span class='ocrx_word' id='word_1_322' title='bbox 1617 2466 1912 2521; x_wconf 90' lang='lat' dir='ltr'><strong>novitatem</strong></span> 
     </span>
    </p>
   </div>
   <div class='ocr_carea' id='block_1_44' title="bbox 316 2552 1913 2627">
    <p class='ocr_par' dir='ltr' id='par_1_44' title="bbox 316 2552 1913 2627">
     <span class='ocr_line' id='line_1_44' title="bbox 316 2552 1913 2627; baseline 0.003 -16"><span class='ocrx_word' id='word_1_323' title='bbox 316 2552 477 2620; x_wconf 66' lang='lat' dir='ltr'><strong>iustae</strong></span> <span class='ocrx_word' id='word_1_324' title='bbox 506 2555 652 2623; x_wconf 86' lang='lat' dir='ltr'><strong>vitae,</strong></span> <span class='ocrx_word' id='word_1_325' title='bbox 685 2563 745 2610; x_wconf 91' lang='lat' dir='ltr'><strong>ut</strong></span> <span class='ocrx_word' id='word_1_326' title='bbox 773 2556 967 2627; x_wconf 88' lang='lat' dir='ltr'><strong>dignus</strong></span> <span class='ocrx_word' id='word_1_327' title='bbox 995 2556 1097 2611; x_wconf 89' lang='lat' dir='ltr'><strong>sim</strong></span> <span class='ocrx_word' id='word_1_328' title='bbox 1129 2558 1344 2627; x_wconf 88' lang='lat' dir='ltr'><strong>corpori</strong></span> <span class='ocrx_word' id='word_1_329' title='bbox 1377 2566 1489 2621; x_wconf 88' lang='lat' dir='ltr'><strong>tuo.</strong></span> <span class='ocrx_word' id='word_1_330' title='bbox 1525 2561 1670 2627; x_wconf 89' lang='lat' dir='ltr'><strong>quod</strong></span> <span class='ocrx_word' id='word_1_331' title='bbox 1696 2567 1781 2615; x_wconf 91' lang='lat' dir='ltr'><strong>est</strong></span> <span class='ocrx_word' id='word_1_332' title='bbox 1809 2557 1913 2615; x_wconf 85' lang='lat' dir='ltr'><strong>Ec-</strong></span> 
     </span>
    </p>
   </div>
   <div class='ocr_carea' id='block_1_45' title="bbox 323 2644 1911 2718">
    <p class='ocr_par' dir='ltr' id='par_1_45' title="bbox 323 2644 1911 2718">
     <span class='ocr_line' id='line_1_45' title="bbox 323 2644 1911 2718; baseline 0.004 -18"><span class='ocrx_word' id='word_1_333' title='bbox 323 2644 509 2714; x_wconf 76' lang='lat' dir='ltr'><strong>clesia,</strong></span> <span class='ocrx_word' id='word_1_334' title='bbox 557 2647 922 2718; x_wconf 89' lang='lat' dir='ltr'><strong>incorporari,</strong></span> <span class='ocrx_word' id='word_1_335' title='bbox 961 2655 1018 2703; x_wconf 91' lang='lat' dir='ltr'><strong>et</strong></span> <span class='ocrx_word' id='word_1_336' title='bbox 1054 2648 1156 2703; x_wconf 90' lang='lat' dir='ltr'><strong>sim</strong></span> <span class='ocrx_word' id='word_1_337' title='bbox 1196 2651 1497 2704; x_wconf 84' lang='lat' dir='ltr'><strong>membrum</strong></span> <span class='ocrx_word' id='word_1_338' title='bbox 1536 2659 1717 2717; x_wconf 81' lang='lat' dir='ltr'><strong>tuum,</strong></span> <span class='ocrx_word' id='word_1_339' title='bbox 1758 2659 1815 2706; x_wconf 90' lang='lat' dir='ltr'><strong>et</strong></span> <span class='ocrx_word' id='word_1_340' title='bbox 1856 2659 1911 2707; x_wconf 90' lang='lat' dir='ltr'><strong>tu</strong></span> 
     </span>
    </p>
   </div>
   <div class='ocr_carea' id='block_1_46' title="bbox 327 2741 1913 2814">
    <p class='ocr_par' dir='ltr' id='par_1_46' title="bbox 327 2741 1913 2814">
     <span class='ocr_line' id='line_1_46' title="bbox 327 2741 1913 2814; baseline 0.006 -24"><span class='ocrx_word' id='word_1_341' title='bbox 327 2747 485 2805; x_wconf 89' lang='lat' dir='ltr'><strong>caput</strong></span> <span class='ocrx_word' id='word_1_342' title='bbox 516 2752 715 2803; x_wconf 90' lang='lat' dir='ltr'><strong>meum,</strong></span> <span class='ocrx_word' id='word_1_343' title='bbox 747 2747 803 2793; x_wconf 89' lang='lat' dir='ltr'><strong>et</strong></span> <span class='ocrx_word' id='word_1_344' title='bbox 830 2754 1076 2795; x_wconf 74' lang='lat' dir='ltr'><strong>maneam</strong></span> <span class='ocrx_word' id='word_1_345' title='bbox 1107 2741 1162 2795; x_wconf 89' lang='lat' dir='ltr'><strong>in</strong></span> <span class='ocrx_word' id='word_1_346' title='bbox 1191 2749 1262 2809; x_wconf 90' lang='lat' dir='ltr'><strong>te,</strong></span> <span class='ocrx_word' id='word_1_347' title='bbox 1294 2749 1349 2797; x_wconf 88' lang='lat' dir='ltr'><strong>et</strong></span> <span class='ocrx_word' id='word_1_348' title='bbox 1378 2750 1434 2796; x_wconf 90' lang='lat' dir='ltr'><strong>tu</strong></span> <span class='ocrx_word' id='word_1_349' title='bbox 1475 2743 1529 2797; x_wconf 88' lang='lat' dir='ltr'><strong>in</strong></span> <span class='ocrx_word' id='word_1_350' title='bbox 1557 2757 1644 2799; x_wconf 90' lang='lat' dir='ltr'><strong>me</strong></span> <span class='ocrx_word' id='word_1_351' title='bbox 1676 2761 1690 2798; x_wconf 90' lang='lat'><strong>:</strong></span> <span class='ocrx_word' id='word_1_352' title='bbox 1721 2755 1913 2814; x_wconf 87' lang='lat' dir='ltr'><strong>quate-</strong></span> 
     </span>
    </p>
   </div>
   <div class='ocr_carea' id='block_1_47' title="bbox 326 2828 1910 2906">
    <p class='ocr_par' dir='ltr' id='par_1_47' title="bbox 326 2828 1910 2906">
     <span class='ocr_line' id='line_1_47' title="bbox 326 2828 1910 2906; baseline 0.008 -25"><span class='ocrx_word' id='word_1_353' title='bbox 326 2841 428 2882; x_wconf 84' lang='lat' dir='ltr'><strong>nus</strong></span> <span class='ocrx_word' id='word_1_354' title='bbox 451 2828 503 2882; x_wconf 94' lang='lat' dir='ltr'><strong>in</strong></span> <span class='ocrx_word' id='word_1_355' title='bbox 526 2831 922 2887; x_wconf 88' lang='lat' dir='ltr'><strong>resurrectione</strong></span> <span class='ocrx_word' id='word_1_356' title='bbox 942 2832 1205 2890; x_wconf 78' lang='lat' dir='ltr'><strong>reiermes</strong></span> <span class='ocrx_word' id='word_1_357' title='bbox 1221 2850 1407 2904; x_wconf 75' lang='lat' dir='ltr'><strong>corpus</strong></span> <span class='ocrx_word' id='word_1_358' title='bbox 1423 2834 1734 2891; x_wconf 62' lang='lat' dir='ltr'><strong>Itunﬁlitatis</strong></span> <span class='ocrx_word' id='word_1_359' title='bbox 1753 2852 1910 2906; x_wconf 68' lang='lat' dir='ltr'><strong>mere,</strong></span> 
     </span>
    </p>
   </div>
   <div class='ocr_carea' id='block_1_48' title="bbox 323 2919 1911 2999">
    <p class='ocr_par' dir='ltr' id='par_1_48' title="bbox 323 2919 1911 2999">
     <span class='ocr_line' id='line_1_48' title="bbox 323 2919 1911 2999; baseline 0.009 -29"><span class='ocrx_word' id='word_1_360' title='bbox 323 2919 710 2989; x_wconf 80' lang='lat' dir='ltr'><strong>conﬁguratum</strong></span> <span class='ocrx_word' id='word_1_361' title='bbox 749 2924 956 2992; x_wconf 84' lang='lat' dir='ltr'><strong>corpori</strong></span> <span class='ocrx_word' id='word_1_362' title='bbox 983 2923 1245 2980; x_wconf 78' lang='lat' dir='ltr'><strong>claritatis</strong></span> <span class='ocrx_word' id='word_1_363' title='bbox 1284 2934 1408 2993; x_wconf 60' lang='lat' dir='ltr'><strong>tua},</strong></span> <span class='ocrx_word' id='word_1_364' title='bbox 1447 2928 1743 2983; x_wconf 84' lang='lat' dir='ltr'><strong>secundum</strong></span> <span class='ocrx_word' id='word_1_365' title='bbox 1780 2944 1911 2999; x_wconf 81' lang='lat' dir='ltr'><strong>pro-</strong></span> 
     </span>
    </p>
   </div>
   <div class='ocr_carea' id='block_1_49' title="bbox 324 3011 1905 3093">
    <p class='ocr_par' dir='ltr' id='par_1_49' title="bbox 324 3011 1905 3093">
     <span class='ocr_line' id='line_1_49' title="bbox 324 3011 1905 3093; baseline 0.009 -30"><span class='ocrx_word' id='word_1_366' title='bbox 324 3011 638 3069; x_wconf 84' lang='lat' dir='ltr'><strong>missionem</strong></span> <span class='ocrx_word' id='word_1_367' title='bbox 671 3016 911 3086; x_wconf 81' lang='lat' dir='ltr'><strong>Apostoli</strong></span> <span class='ocrx_word' id='word_1_368' title='bbox 951 3019 1025 3072; x_wconf 91' lang='lat' dir='ltr'><strong>tui</strong></span> <span class='ocrx_word' id='word_1_369' title='bbox 1060 3016 1317 3089; x_wconf 78' lang='lat' dir='ltr'><strong>(Philipp.</strong></span> <span class='ocrx_word' id='word_1_370' title='bbox 1346 3035 1429 3088; x_wconf 82' lang='lat' dir='ltr'><strong>Ill,</strong></span> <span class='ocrx_word' id='word_1_371' title='bbox 1458 3019 1572 3093; x_wconf 75' lang='grc'><strong>21),</strong></span> <span class='ocrx_word' id='word_1_372' title='bbox 1605 3030 1659 3077; x_wconf 87' lang='lat' dir='ltr'><strong>et</strong></span> <span class='ocrx_word' id='word_1_373' title='bbox 1691 3023 1743 3076; x_wconf 91' lang='lat' dir='ltr'><strong>in</strong></span> <span class='ocrx_word' id='word_1_374' title='bbox 1773 3031 1824 3078; x_wconf 87' lang='lat' dir='ltr'><strong>te</strong></span> <span class='ocrx_word' id='word_1_375' title='bbox 1853 3024 1905 3077; x_wconf 92' lang='lat' dir='ltr'><strong>in</strong></span> 
     </span>
    </p>
   </div>
   <div class='ocr_carea' id='block_1_50' title="bbox 2014 1810 3607 1891">
    <p class='ocr_par' dir='ltr' id='par_1_50' title="bbox 2014 1810 3607 1891">
     <span class='ocr_line' id='line_1_50' title="bbox 2014 1810 3607 1891; baseline 0.008 -26"><span class='ocrx_word' id='word_1_376' title='bbox 2014 1811 2261 1878; x_wconf 87' lang='lat' dir='ltr'><strong>Domine,</strong></span> <span class='ocrx_word' id='word_1_377' title='bbox 2286 1810 2722 1883; x_wconf 88' lang='lat' dir='ltr'><strong>deprecationem</strong></span> <span class='ocrx_word' id='word_1_378' title='bbox 2748 1832 2925 1874; x_wconf 89' lang='lat' dir='ltr'><strong>meam</strong></span> <span class='ocrx_word' id='word_1_379' title='bbox 2955 1821 3196 1891; x_wconf 87' lang='lat' dir='ltr'><strong>suscipe;</strong></span> <span class='ocrx_word' id='word_1_380' title='bbox 3227 1831 3285 1877; x_wconf 92' lang='lat' dir='ltr'><strong>et</strong></span> <span class='ocrx_word' id='word_1_381' title='bbox 3306 1836 3403 1891; x_wconf 89' lang='lat' dir='ltr'><strong>per</strong></span> <span class='ocrx_word' id='word_1_382' title='bbox 3434 1822 3607 1878; x_wconf 57' lang='lat' dir='ltr'><strong>inter.</strong></span> 
     </span>
    </p>
   </div>
   <div class='ocr_carea' id='block_1_51' title="bbox 2011 1904 3613 1978">
    <p class='ocr_par' dir='ltr' id='par_1_51' title="bbox 2011 1904 3613 1978">
     <span class='ocr_line' id='line_1_51' title="bbox 2011 1904 3613 1978; baseline 0.008 -20"><span class='ocrx_word' id='word_1_383' title='bbox 2011 1904 2287 1960; x_wconf 87' lang='lat' dir='ltr'><strong>cessiones</strong></span> <span class='ocrx_word' id='word_1_384' title='bbox 2314 1904 2567 1974; x_wconf 62' lang='lat' dir='ltr'><strong>gloriosae</strong></span> <span class='ocrx_word' id='word_1_385' title='bbox 2600 1908 2827 1978; x_wconf 77' lang='lat' dir='ltr'><strong>virginis</strong></span> <span class='ocrx_word' id='word_1_386' title='bbox 2864 1910 3067 1977; x_wconf 66' lang='lat' dir='ltr'><strong>Mariae,</strong></span> <span class='ocrx_word' id='word_1_387' title='bbox 3099 1912 3251 1967; x_wconf 82' lang='lat' dir='ltr'><strong>aufer</strong></span> <span class='ocrx_word' id='word_1_388' title='bbox 3288 1914 3422 1966; x_wconf 83' lang='lat' dir='ltr'><strong>irem</strong></span> <span class='ocrx_word' id='word_1_389' title='bbox 3458 1924 3613 1971; x_wconf 76' lang='lat' dir='ltr'><strong>tum</strong></span> 
     </span>
    </p>
   </div>
   <div class='ocr_carea' id='block_1_52' title="bbox 2011 1994 3600 2071">
    <p class='ocr_par' dir='ltr' id='par_1_52' title="bbox 2011 1994 3600 2071">
     <span class='ocr_line' id='line_1_52' title="bbox 2011 1994 3600 2071; baseline 0.008 -21"><span class='ocrx_word' id='word_1_390' title='bbox 2011 2010 2041 2050; x_wconf 91' lang='lat' dir='ltr'><strong>a</strong></span> <span class='ocrx_word' id='word_1_391' title='bbox 2070 2011 2158 2052; x_wconf 90' lang='lat' dir='ltr'><strong>me</strong></span> <span class='ocrx_word' id='word_1_392' title='bbox 2198 1994 2377 2069; x_wconf 72' lang='lat' dir='ltr'><strong>(Beat.</strong></span> <span class='ocrx_word' id='word_1_393' title='bbox 2402 2014 2629 2066; x_wconf 76' lang='lat' dir='ltr'><strong>Lxxuv,</strong></span> <span class='ocrx_word' id='word_1_394' title='bbox 2658 2000 2737 2071; x_wconf 84' lang='lat'><strong>5),</strong></span> <span class='ocrx_word' id='word_1_395' title='bbox 2784 2002 3011 2059; x_wconf 88' lang='lat' dir='ltr'><strong>Domine</strong></span> <span class='ocrx_word' id='word_1_396' title='bbox 3051 2004 3194 2061; x_wconf 88' lang='lat' dir='ltr'><strong>Deus</strong></span> <span class='ocrx_word' id='word_1_397' title='bbox 3218 2007 3408 2063; x_wconf 83' lang='lat' dir='ltr'><strong>salutis</strong></span> <span class='ocrx_word' id='word_1_398' title='bbox 3434 2022 3600 2069; x_wconf 71' lang='lat' dir='ltr'><strong>meae,</strong></span> 
     </span>
    </p>
   </div>
   <div class='ocr_carea' id='block_1_53' title="bbox 2010 2089 3605 2167">
    <p class='ocr_par' dir='ltr' id='par_1_53' title="bbox 2010 2089 3605 2167">
     <span class='ocr_line' id='line_1_53' title="bbox 2010 2089 3605 2167; baseline 0.006 -23"><span class='ocrx_word' id='word_1_399' title='bbox 2010 2104 2112 2145; x_wconf 89' lang='lat' dir='ltr'><strong>nec</strong></span> <span class='ocrx_word' id='word_1_400' title='bbox 2139 2089 2380 2146; x_wconf 87' lang='lat' dir='ltr'><strong>animam</strong></span> <span class='ocrx_word' id='word_1_401' title='bbox 2408 2106 2582 2147; x_wconf 88' lang='lat' dir='ltr'><strong>meam</strong></span> <span class='ocrx_word' id='word_1_402' title='bbox 2609 2093 2760 2163; x_wconf 89' lang='lat' dir='ltr'><strong>prius</strong></span> <span class='ocrx_word' id='word_1_403' title='bbox 2794 2110 2824 2148; x_wconf 90' lang='lat' dir='ltr'><strong>a</strong></span> <span class='ocrx_word' id='word_1_404' title='bbox 2863 2111 3095 2165; x_wconf 88' lang='lat' dir='ltr'><strong>corpore</strong></span> <span class='ocrx_word' id='word_1_405' title='bbox 3123 2100 3407 2167; x_wconf 75' lang='lat' dir='ltr'><strong>suscrpias,</strong></span> <span class='ocrx_word' id='word_1_406' title='bbox 3436 2112 3605 2167; x_wconf 85' lang='lat' dir='ltr'><strong>quam</strong></span> 
     </span>
    </p>
   </div>
   <div class='ocr_carea' id='block_1_54' title="bbox 2010 2183 2891 2252">
    <p class='ocr_par' dir='ltr' id='par_1_54' title="bbox 2010 2183 2891 2252">
     <span class='ocr_line' id='line_1_54' title="bbox 2010 2183 2891 2252; baseline 0.001 -15"><span class='ocrx_word' id='word_1_407' title='bbox 2010 2183 2195 2237; x_wconf 88' lang='lat' dir='ltr'><strong>omnia</strong></span> <span class='ocrx_word' id='word_1_408' title='bbox 2223 2192 2448 2252; x_wconf 89' lang='lat' dir='ltr'><strong>peccata</strong></span> <span class='ocrx_word' id='word_1_409' title='bbox 2479 2198 2597 2238; x_wconf 88' lang='lat' dir='ltr'><strong>mea</strong></span> <span class='ocrx_word' id='word_1_410' title='bbox 2627 2185 2891 2241; x_wconf 80' lang='lat' dir='ltr'><strong>dimittas.</strong></span> 
     </span>
    </p>
   </div>
   <div class='ocr_carea' id='block_1_55' title="bbox 2082 2274 3604 2349">
    <p class='ocr_par' dir='ltr' id='par_1_55' title="bbox 2082 2274 3604 2349">
     <span class='ocr_line' id='line_1_55' title="bbox 2082 2274 3604 2349; baseline 0.003 -17"><span class='ocrx_word' id='word_1_411' title='bbox 2082 2274 2128 2332; x_wconf 93' lang='grc' dir='ltr'>Ο</span> <span class='ocrx_word' id='word_1_412' title='bbox 2180 2275 2414 2344; x_wconf 83' lang='lat' dir='ltr'><strong>gloriosa</strong></span> <span class='ocrx_word' id='word_1_413' title='bbox 2470 2276 2567 2332; x_wconf 89' lang='lat' dir='ltr'><strong>Dei</strong></span> <span class='ocrx_word' id='word_1_414' title='bbox 2620 2276 2907 2345; x_wconf 80' lang='lat' dir='ltr'><strong>Genitrix,</strong></span> <span class='ocrx_word' id='word_1_415' title='bbox 2959 2289 3134 2335; x_wconf 90' lang='lat' dir='ltr'><strong>mater</strong></span> <span class='ocrx_word' id='word_1_416' title='bbox 3182 2281 3604 2349; x_wconf 58' lang='lat' dir='ltr'><strong>misericordia,</strong></span> 
     </span>
    </p>
   </div>
   <div class='ocr_carea' id='block_1_56' title="bbox 2010 2368 3604 2440">
    <p class='ocr_par' dir='ltr' id='par_1_56' title="bbox 2010 2368 3604 2440">
     <span class='ocr_line' id='line_1_56' title="bbox 2010 2368 3604 2440; baseline 0.005 -19"><span class='ocrx_word' id='word_1_417' title='bbox 2010 2368 2164 2440; x_wconf 88' lang='lat' dir='ltr'><strong>virgo</strong></span> <span class='ocrx_word' id='word_1_418' title='bbox 2206 2383 2430 2439; x_wconf 82' lang='lat' dir='ltr'><strong>semper</strong></span> <span class='ocrx_word' id='word_1_419' title='bbox 2463 2368 2662 2435; x_wconf 86' lang='lat' dir='ltr'><strong>Maria,</strong></span> <span class='ocrx_word' id='word_1_420' title='bbox 2704 2385 2825 2440; x_wconf 86' lang='lat' dir='ltr'><strong>quae</strong></span> <span class='ocrx_word' id='word_1_421' title='bbox 2858 2370 3147 2428; x_wconf 90' lang='lat' dir='ltr'><strong>Dominum</strong></span> <span class='ocrx_word' id='word_1_422' title='bbox 3195 2374 3437 2429; x_wconf 90' lang='lat' dir='ltr'><strong>omnium</strong></span> <span class='ocrx_word' id='word_1_423' title='bbox 3487 2390 3604 2429; x_wconf 86' lang='lat' dir='ltr'><strong>me-</strong></span> 
     </span>
    </p>
   </div>
   <div class='ocr_carea' id='block_1_57' title="bbox 2010 2460 3603 2535">
    <p class='ocr_par' dir='ltr' id='par_1_57' title="bbox 2010 2460 3603 2535">
     <span class='ocr_line' id='line_1_57' title="bbox 2010 2460 3603 2535; baseline 0.003 -21"><span class='ocrx_word' id='word_1_424' title='bbox 2010 2461 2166 2515; x_wconf 90' lang='lat' dir='ltr'><strong>ruisti</strong></span> <span class='ocrx_word' id='word_1_425' title='bbox 2188 2471 2428 2532; x_wconf 89' lang='lat' dir='ltr'><strong>portare,</strong></span> <span class='ocrx_word' id='word_1_426' title='bbox 2449 2468 2504 2516; x_wconf 90' lang='lat' dir='ltr'><strong>et</strong></span> <span class='ocrx_word' id='word_1_427' title='bbox 2527 2476 2708 2532; x_wconf 88' lang='lat' dir='ltr'><strong>regem</strong></span> <span class='ocrx_word' id='word_1_428' title='bbox 2728 2460 3041 2532; x_wconf 84' lang='lat' dir='ltr'><strong>angelorum</strong></span> <span class='ocrx_word' id='word_1_429' title='bbox 3065 2462 3177 2517; x_wconf 89' lang='lat' dir='ltr'><strong>sola</strong></span> <span class='ocrx_word' id='word_1_430' title='bbox 3200 2463 3352 2535; x_wconf 88' lang='lat' dir='ltr'><strong>virgo</strong></span> <span class='ocrx_word' id='word_1_431' title='bbox 3372 2464 3603 2528; x_wconf 86' lang='lat' dir='ltr'><strong>lactare,</strong></span> 
     </span>
    </p>
   </div>
   <div class='ocr_carea' id='block_1_58' title="bbox 2010 2551 3605 2624">
    <p class='ocr_par' dir='ltr' id='par_1_58' title="bbox 2010 2551 3605 2624">
     <span class='ocr_line' id='line_1_58' title="bbox 2010 2551 3605 2624; baseline 0.003 -18"><span class='ocrx_word' id='word_1_432' title='bbox 2010 2552 2204 2624; x_wconf 88' lang='lat' dir='ltr'><strong>adjuva</strong></span> <span class='ocrx_word' id='word_1_433' title='bbox 2245 2567 2332 2607; x_wconf 91' lang='lat' dir='ltr'><strong>me</strong></span> <span class='ocrx_word' id='word_1_434' title='bbox 2374 2552 2428 2607; x_wconf 93' lang='lat' dir='ltr'><strong>in</strong></span> <span class='ocrx_word' id='word_1_435' title='bbox 2458 2553 2547 2608; x_wconf 90' lang='lat' dir='ltr'><strong>die</strong></span> <span class='ocrx_word' id='word_1_436' title='bbox 2588 2551 2954 2608; x_wconf 87' lang='lat' dir='ltr'><strong>tribulationis</strong></span> <span class='ocrx_word' id='word_1_437' title='bbox 2995 2568 3148 2619; x_wconf 66' lang='lat' dir='ltr'><strong>meae,</strong></span> <span class='ocrx_word' id='word_1_438' title='bbox 3196 2565 3256 2608; x_wconf 90' lang='lat' dir='ltr'><strong>ut</strong></span> <span class='ocrx_word' id='word_1_439' title='bbox 3298 2555 3404 2610; x_wconf 89' lang='lat' dir='ltr'><strong>tuis</strong></span> <span class='ocrx_word' id='word_1_440' title='bbox 3435 2555 3605 2611; x_wconf 85' lang='lat' dir='ltr'><strong>fultus</strong></span> 
     </span>
    </p>
   </div>
   <div class='ocr_carea' id='block_1_59' title="bbox 2009 2645 3451 2717">
    <p class='ocr_par' dir='ltr' id='par_1_59' title="bbox 2009 2645 3451 2717">
     <span class='ocr_line' id='line_1_59' title="bbox 2009 2645 3451 2717; baseline -0.001 -17"><span class='ocrx_word' id='word_1_441' title='bbox 2009 2645 2327 2716; x_wconf 85' lang='lat' dir='ltr'><strong>patrociniis</strong></span> <span class='ocrx_word' id='word_1_442' title='bbox 2349 2646 2416 2702; x_wconf 90' lang='lat' dir='ltr'><strong>ad</strong></span> <span class='ocrx_word' id='word_1_443' title='bbox 2450 2659 2614 2717; x_wconf 83' lang='lat' dir='ltr'><strong>regna</strong></span> <span class='ocrx_word' id='word_1_444' title='bbox 2644 2645 2882 2701; x_wconf 82' lang='lat' dir='ltr'><strong>coelestia</strong></span> <span class='ocrx_word' id='word_1_445' title='bbox 2911 2657 3129 2699; x_wconf 75' lang='lat' dir='ltr'><strong>merear</strong></span> <span class='ocrx_word' id='word_1_446' title='bbox 3149 2647 3451 2715; x_wconf 83' lang='lat' dir='ltr'><strong>pervenire.</strong></span> 
     </span>
    </p>
   </div>
   <div class='ocr_carea' id='block_1_60' title="bbox 2082 2736 3602 2808">
    <p class='ocr_par' dir='ltr' id='par_1_60' title="bbox 2082 2736 3602 2808">
     <span class='ocr_line' id='line_1_60' title="bbox 2082 2736 3602 2808; baseline -0.002 -15"><span class='ocrx_word' id='word_1_447' title='bbox 2082 2738 2128 2794; x_wconf 94' lang='grc' dir='ltr'>Ο</span> <span class='ocrx_word' id='word_1_448' title='bbox 2160 2746 2349 2793; x_wconf 83' lang='lat' dir='ltr'><strong>sancte</strong></span> <span class='ocrx_word' id='word_1_449' title='bbox 2379 2737 2627 2804; x_wconf 72' lang='lat' dir='ltr'><strong>Michael,</strong></span> <span class='ocrx_word' id='word_1_450' title='bbox 2661 2736 2985 2808; x_wconf 84' lang='lat' dir='ltr'><strong>archangele</strong></span> <span class='ocrx_word' id='word_1_451' title='bbox 3016 2738 3130 2802; x_wconf 90' lang='lat' dir='ltr'><strong>Dei,</strong></span> <span class='ocrx_word' id='word_1_452' title='bbox 3157 2739 3476 2807; x_wconf 76' lang='lat' dir='ltr'><strong>prmpesitns</strong></span> <span class='ocrx_word' id='word_1_453' title='bbox 3505 2752 3602 2807; x_wconf 80' lang='lat' dir='ltr'><strong>pa-</strong></span> 
     </span>
    </p>
   </div>
   <div class='ocr_carea' id='block_1_61' title="bbox 2012 2827 3601 2899">
    <p class='ocr_par' dir='ltr' id='par_1_61' title="bbox 2012 2827 3601 2899">
     <span class='ocr_line' id='line_1_61' title="bbox 2012 2827 3601 2899; baseline 0.001 -16"><span class='ocrx_word' id='word_1_454' title='bbox 2012 2828 2204 2897; x_wconf 85' lang='lat' dir='ltr'><strong>radisi,</strong></span> <span class='ocrx_word' id='word_1_455' title='bbox 2231 2828 2353 2883; x_wconf 89' lang='lat' dir='ltr'><strong>veni</strong></span> <span class='ocrx_word' id='word_1_456' title='bbox 2384 2828 2450 2883; x_wconf 73' lang='lat' dir='ltr'><strong>in.</strong></span> <span class='ocrx_word' id='word_1_457' title='bbox 2474 2827 2804 2899; x_wconf 82' lang='lat' dir='ltr'><strong>adjutorium</strong></span> <span class='ocrx_word' id='word_1_458' title='bbox 2849 2842 3052 2894; x_wconf 91' lang='lat' dir='ltr'><strong>meum,</strong></span> <span class='ocrx_word' id='word_1_459' title='bbox 3083 2836 3140 2883; x_wconf 87' lang='lat' dir='ltr'><strong>et</strong></span> <span class='ocrx_word' id='word_1_460' title='bbox 3166 2828 3392 2884; x_wconf 77' lang='lat' dir='ltr'><strong>defende</strong></span> <span class='ocrx_word' id='word_1_461' title='bbox 3418 2844 3503 2883; x_wconf 92' lang='lat' dir='ltr'><strong>me</strong></span> <span class='ocrx_word' id='word_1_462' title='bbox 3530 2828 3601 2884; x_wconf 88' lang='lat' dir='ltr'><strong>ab</strong></span> 
     </span>
    </p>
   </div>
   <div class='ocr_carea' id='block_1_62' title="bbox 2009 2919 3601 2991">
    <p class='ocr_par' dir='ltr' id='par_1_62' title="bbox 2009 2919 3601 2991">
     <span class='ocr_line' id='line_1_62' title="bbox 2009 2919 3601 2991; baseline -0.001 -15"><span class='ocrx_word' id='word_1_463' title='bbox 2009 2920 2168 2976; x_wconf 85' lang='lat' dir='ltr'><strong>hoste</strong></span> <span class='ocrx_word' id='word_1_464' title='bbox 2188 2919 2428 2991; x_wconf 89' lang='lat' dir='ltr'><strong>maligne</strong></span> <span class='ocrx_word' id='word_1_465' title='bbox 2450 2920 2503 2975; x_wconf 91' lang='lat' dir='ltr'><strong>in</strong></span> <span class='ocrx_word' id='word_1_466' title='bbox 2532 2920 2666 2975; x_wconf 90' lang='lat' dir='ltr'><strong>hora</strong></span> <span class='ocrx_word' id='word_1_467' title='bbox 2693 2920 2886 2976; x_wconf 90' lang='lat' dir='ltr'><strong>mortis</strong></span> <span class='ocrx_word' id='word_1_468' title='bbox 2907 2934 3061 2987; x_wconf 66' lang='lat' dir='ltr'><strong>meae,</strong></span> <span class='ocrx_word' id='word_1_469' title='bbox 3081 2930 3139 2976; x_wconf 87' lang='lat' dir='ltr'><strong>et</strong></span> <span class='ocrx_word' id='word_1_470' title='bbox 3160 2921 3393 2975; x_wconf 90' lang='lat' dir='ltr'><strong>animam</strong></span> <span class='ocrx_word' id='word_1_471' title='bbox 3418 2936 3601 2976; x_wconf 90' lang='lat' dir='ltr'><strong>meam</strong></span> 
     </span>
    </p>
   </div>
   <div class='ocr_carea' id='block_1_63' title="bbox 2010 3013 3603 3083">
    <p class='ocr_par' dir='ltr' id='par_1_63' title="bbox 2010 3013 3603 3083">
     <span class='ocr_line' id='line_1_63' title="bbox 2010 3013 3603 3083; baseline 0.001 -14"><span class='ocrx_word' id='word_1_472' title='bbox 2010 3013 2185 3070; x_wconf 84' lang='lat' dir='ltr'><strong>deduc</strong></span> <span class='ocrx_word' id='word_1_473' title='bbox 2234 3013 2288 3068; x_wconf 92' lang='lat' dir='ltr'><strong>in</strong></span> <span class='ocrx_word' id='word_1_474' title='bbox 2335 3014 2645 3083; x_wconf 83' lang='lat' dir='ltr'><strong>paradisum</strong></span> <span class='ocrx_word' id='word_1_475' title='bbox 2692 3014 3070 3072; x_wconf 79' lang='lat' dir='ltr'><strong>cxsultationis</strong></span> <span class='ocrx_word' id='word_1_476' title='bbox 3115 3025 3349 3071; x_wconf 56' lang='lat' dir='ltr'><strong>aeternae.</strong></span> <span class='ocrx_word' id='word_1_477' title='bbox 3396 3013 3603 3071; x_wconf 81' lang='lat' dir='ltr'><strong>Omnes</strong></span> 
     </span>
    </p>
   </div>
   <div class='ocr_carea' id='block_1_64' title="bbox 323 3083 3605 3184">
    <p class='ocr_par' dir='ltr' id='par_1_64' title="bbox 323 3083 3605 3184">
     <span class='ocr_line' id='line_1_64' title="bbox 323 3083 3605 3184; baseline -0.001 -22"><span class='ocrx_word' id='word_1_478' title='bbox 323 3111 587 3161; x_wconf 73' lang='lat' dir='ltr'><strong>aeternum</strong></span> <span class='ocrx_word' id='word_1_479' title='bbox 631 3083 894 3180; x_wconf 81' lang='lat' dir='ltr'><strong>gaudeam</strong></span> <span class='ocrx_word' id='word_1_480' title='bbox 925 3110 991 3167; x_wconf 87' lang='lat' dir='ltr'><strong>de</strong></span> <span class='ocrx_word' id='word_1_481' title='bbox 1027 3083 1197 3183; x_wconf 83' lang='lat' dir='ltr'><strong>gloria</strong></span> <span class='ocrx_word' id='word_1_482' title='bbox 1230 3083 1342 3180; x_wconf 77' lang='lat' dir='ltr'><strong>tua,</strong></span> <span class='ocrx_word' id='word_1_483' title='bbox 1379 3083 1472 3184; x_wconf 70' lang='lat' dir='ltr'><strong>qui</strong></span> <span class='ocrx_word' id='word_1_484' title='bbox 1665 3114 1827 3170; x_wconf 54' lang='lat' dir='ltr'><strong>[Latro</strong></span> <span class='ocrx_word' id='word_1_485' title='bbox 1855 3126 1909 3173; x_wconf 72' lang='grc' dir='ltr'>οι</span> <span class='ocrx_word' id='word_1_486' title='bbox 1934 3083 1979 3143; x_wconf 73' lang='lat' dir='ltr'>c</span> <span class='ocrx_word' id='word_1_487' title='bbox 2011 3107 2185 3163; x_wconf 89' lang='lat' dir='ltr'><strong>sancti</strong></span> <span class='ocrx_word' id='word_1_488' title='bbox 2229 3107 2407 3178; x_wconf 85' lang='lat' dir='ltr'><strong>angeli</strong></span> <span class='ocrx_word' id='word_1_489' title='bbox 2450 3118 2506 3162; x_wconf 88' lang='lat' dir='ltr'><strong>et</strong></span> <span class='ocrx_word' id='word_1_490' title='bbox 2545 3106 2856 3177; x_wconf 80' lang='lat' dir='ltr'><strong>archangeli</strong></span> <span class='ocrx_word' id='word_1_491' title='bbox 2905 3107 3035 3175; x_wconf 89' lang='lat' dir='ltr'><strong>Dei,</strong></span> <span class='ocrx_word' id='word_1_492' title='bbox 3080 3117 3292 3164; x_wconf 72' lang='lat' dir='ltr'><strong>cuncta:</strong></span> <span class='ocrx_word' id='word_1_493' title='bbox 3337 3106 3605 3163; x_wconf 77' lang='lat' dir='ltr'><strong>cmlornm</strong></span> 
     </span>
    </p>
   </div>
   <div class='ocr_carea' id='block_1_65' title="bbox 325 3191 905 3267">
    <p class='ocr_par' dir='ltr' id='par_1_65' title="bbox 325 3191 905 3267">
     <span class='ocr_line' id='line_1_65' title="bbox 325 3191 905 3267; baseline 0.016 -22"><span class='ocrx_word' id='word_1_494' title='bbox 325 3191 528 3263; x_wconf 84' lang='lat' dir='ltr'><strong>Spiritu</strong></span> <span class='ocrx_word' id='word_1_495' title='bbox 557 3208 769 3267; x_wconf 89' lang='lat' dir='ltr'><strong>sancto,</strong></span> <span class='ocrx_word' id='word_1_496' title='bbox 799 3209 905 3256; x_wconf 90' lang='lat' dir='ltr'><strong>etc.</strong></span> 
     </span>
    </p>
   </div>
   <div class='ocr_carea' id='block_1_66' title="bbox 863 3291 1374 3350">
    <p class='ocr_par' dir='ltr' id='par_1_66' title="bbox 863 3291 1374 3350">
     <span class='ocr_line' id='line_1_66' title="bbox 863 3291 1374 3350; baseline 0 0"><span class='ocrx_word' id='word_1_497' title='bbox 863 3291 1118 3350; x_wconf 79' lang='lat' dir='ltr'><strong>ORATIO</strong></span> <span class='ocrx_word' id='word_1_498' title='bbox 1155 3294 1374 3350; x_wconf 81' lang='lat' dir='ltr'><strong>XXXV.</strong></span> 
     </span>
    </p>
   </div>
   <div class='ocr_carea' id='block_1_67' title="bbox 916 3398 1310 3441">
    <p class='ocr_par' dir='ltr' id='par_1_67' title="bbox 916 3398 1310 3441">
     <span class='ocr_line' id='line_1_67' title="bbox 916 3398 1310 3441; baseline 0.01 -4"><span class='ocrx_word' id='word_1_499' title='bbox 916 3398 985 3437; x_wconf 78' lang='lat' dir='ltr'><strong>AD</strong></span> <span class='ocrx_word' id='word_1_500' title='bbox 1022 3399 1310 3441; x_wconf 74' lang='lat' dir='ltr'><strong>CHRISTUII.</strong></span> 
     </span>
    </p>
   </div>
   <div class='ocr_carea' id='block_1_68' title="bbox 592 3472 1648 3545">
    <p class='ocr_par' dir='ltr' id='par_1_68' title="bbox 592 3472 1648 3545">
     <span class='ocr_line' id='line_1_68' title="bbox 592 3472 1648 3545; baseline 0.007 -21"><span class='ocrx_word' id='word_1_501' title='bbox 592 3472 723 3525; x_wconf 79' lang='lat' dir='ltr'><strong>Ante</strong></span> <span class='ocrx_word' id='word_1_502' title='bbox 763 3474 1140 3543; x_wconf 80' lang='lat' dir='ltr'><strong>perceptionem</strong></span> <span class='ocrx_word' id='word_1_503' title='bbox 1171 3478 1402 3545; x_wconf 79' lang='lat' dir='ltr'><strong>corporis</strong></span> <span class='ocrx_word' id='word_1_504' title='bbox 1432 3476 1648 3533; x_wconf 77' lang='lat' dir='ltr'><strong>Christi.</strong></span> 
     </span>
    </p>
   </div>
   <div class='ocr_carea' id='block_1_69' title="bbox 396 3560 1908 3638">
    <p class='ocr_par' dir='ltr' id='par_1_69' title="bbox 396 3560 1908 3638">
     <span class='ocr_line' id='line_1_69' title="bbox 396 3560 1908 3638; baseline 0.006 -22"><span class='ocrx_word' id='word_1_505' title='bbox 396 3560 625 3616; x_wconf 88' lang='lat' dir='ltr'><strong>Domine</strong></span> <span class='ocrx_word' id='word_1_506' title='bbox 659 3560 785 3617; x_wconf 86' lang='lat' dir='ltr'><strong>Jesn</strong></span> <span class='ocrx_word' id='word_1_507' title='bbox 820 3563 1036 3619; x_wconf 85' lang='lat' dir='ltr'><strong>Christe</strong></span> <span class='ocrx_word' id='word_1_508' title='bbox 1070 3565 1169 3619; x_wconf 85' lang='lat' dir='ltr'><strong>Fili</strong></span> <span class='ocrx_word' id='word_1_509' title='bbox 1208 3566 1302 3620; x_wconf 90' lang='lat' dir='ltr'><strong>Dei</strong></span> <span class='ocrx_word' id='word_1_510' title='bbox 1335 3566 1464 3631; x_wconf 88' lang='lat' dir='ltr'><strong>vivi,</strong></span> <span class='ocrx_word' id='word_1_511' title='bbox 1500 3568 1592 3638; x_wconf 91' lang='lat' dir='ltr'><strong>qui</strong></span> <span class='ocrx_word' id='word_1_512' title='bbox 1621 3582 1688 3623; x_wconf 79' lang='lat' dir='ltr'><strong>ex</strong></span> <span class='ocrx_word' id='word_1_513' title='bbox 1719 3570 1908 3625; x_wconf 86' lang='lat' dir='ltr'><strong>velun-</strong></span> 
     </span>
    </p>
   </div>
   <div class='ocr_carea' id='block_1_70' title="bbox 322 3651 1905 3731">
    <p class='ocr_par' dir='ltr' id='par_1_70' title="bbox 322 3651 1905 3731">
     <span class='ocr_line' id='line_1_70' title="bbox 322 3651 1905 3731; baseline 0.008 -24"><span class='ocrx_word' id='word_1_514' title='bbox 322 3660 432 3708; x_wconf 81' lang='lat' dir='ltr'><strong>tate</strong></span> <span class='ocrx_word' id='word_1_515' title='bbox 458 3651 658 3718; x_wconf 84' lang='lat' dir='ltr'><strong>Patris,</strong></span> <span class='ocrx_word' id='word_1_516' title='bbox 695 3664 1019 3723; x_wconf 88' lang='lat' dir='ltr'><strong>cooperante</strong></span> <span class='ocrx_word' id='word_1_517' title='bbox 1058 3655 1265 3727; x_wconf 89' lang='lat' dir='ltr'><strong>Spiritu</strong></span> <span class='ocrx_word' id='word_1_518' title='bbox 1295 3668 1505 3725; x_wconf 90' lang='lat' dir='ltr'><strong>sancto,</strong></span> <span class='ocrx_word' id='word_1_519' title='bbox 1540 3675 1640 3731; x_wconf 89' lang='lat' dir='ltr'><strong>per</strong></span> <span class='ocrx_word' id='word_1_520' title='bbox 1676 3670 1905 3719; x_wconf 87' lang='lat' dir='ltr'><strong>mortem</strong></span> 
     </span>
    </p>
   </div>
   <div class='ocr_carea' id='block_1_71' title="bbox 324 3746 1909 3812">
    <p class='ocr_par' dir='ltr' id='par_1_71' title="bbox 324 3746 1909 3812">
     <span class='ocr_line' id='line_1_71' title="bbox 324 3746 1909 3812; baseline 0.01 -17"><span class='ocrx_word' id='word_1_521' title='bbox 324 3753 470 3798; x_wconf 86' lang='lat' dir='ltr'><strong>tuam</strong></span> <span class='ocrx_word' id='word_1_522' title='bbox 503 3746 759 3799; x_wconf 90' lang='lat' dir='ltr'><strong>mundum</strong></span> <span class='ocrx_word' id='word_1_523' title='bbox 794 3746 1095 3812; x_wconf 83' lang='lat' dir='ltr'><strong>viviﬁcasti,</strong></span> <span class='ocrx_word' id='word_1_524' title='bbox 1129 3748 1293 3805; x_wconf 87' lang='lat' dir='ltr'><strong>adoro</strong></span> <span class='ocrx_word' id='word_1_525' title='bbox 1318 3758 1372 3805; x_wconf 91' lang='lat' dir='ltr'><strong>et</strong></span> <span class='ocrx_word' id='word_1_526' title='bbox 1400 3765 1630 3807; x_wconf 88' lang='lat' dir='ltr'><strong>veneror</strong></span> <span class='ocrx_word' id='word_1_527' title='bbox 1654 3752 1756 3810; x_wconf 87' lang='lat' dir='ltr'><strong>hoc</strong></span> <span class='ocrx_word' id='word_1_528' title='bbox 1782 3768 1909 3810; x_wconf 88' lang='lat' dir='ltr'><strong>san-</strong></span> 
     </span>
    </p>
   </div>
   <div class='ocr_carea' id='block_1_72' title="bbox 320 3840 1906 3916">
    <p class='ocr_par' dir='ltr' id='par_1_72' title="bbox 320 3840 1906 3916">
     <span class='ocr_line' id='line_1_72' title="bbox 320 3840 1906 3916; baseline 0.007 -26"><span class='ocrx_word' id='word_1_529' title='bbox 320 3844 467 3891; x_wconf 80' lang='lat' dir='ltr'><strong>ctum</strong></span> <span class='ocrx_word' id='word_1_530' title='bbox 496 3851 694 3909; x_wconf 88' lang='lat' dir='ltr'><strong>corpus</strong></span> <span class='ocrx_word' id='word_1_531' title='bbox 728 3847 900 3905; x_wconf 89' lang='lat' dir='ltr'><strong>tuum,</strong></span> <span class='ocrx_word' id='word_1_532' title='bbox 937 3849 993 3895; x_wconf 91' lang='lat' dir='ltr'><strong>et</strong></span> <span class='ocrx_word' id='word_1_533' title='bbox 1027 3840 1170 3898; x_wconf 86' lang='lat' dir='ltr'><strong>hunc</strong></span> <span class='ocrx_word' id='word_1_534' title='bbox 1206 3843 1523 3914; x_wconf 89' lang='lat' dir='ltr'><strong>sanguinem</strong></span> <span class='ocrx_word' id='word_1_535' title='bbox 1554 3855 1733 3911; x_wconf 84' lang='lat' dir='ltr'><strong>tuum,</strong></span> <span class='ocrx_word' id='word_1_536' title='bbox 1764 3846 1906 3916; x_wconf 88' lang='lat' dir='ltr'><strong>quod</strong></span> 
     </span>
    </p>
   </div>
   <div class='ocr_carea' id='block_1_73' title="bbox 319 3929 1911 4002">
    <p class='ocr_par' dir='ltr' id='par_1_73' title="bbox 319 3929 1911 4002">
     <span class='ocr_line' id='line_1_73' title="bbox 319 3929 1911 4002; baseline 0.007 -20"><span class='ocrx_word' id='word_1_537' title='bbox 319 3937 404 3982; x_wconf 91' lang='lat' dir='ltr'><strong>cst</strong></span> <span class='ocrx_word' id='word_1_538' title='bbox 437 3929 714 3996; x_wconf 87' lang='lat' dir='ltr'><strong>traditum,</strong></span> <span class='ocrx_word' id='word_1_539' title='bbox 740 3939 796 3986; x_wconf 90' lang='lat' dir='ltr'><strong>et</strong></span> <span class='ocrx_word' id='word_1_540' title='bbox 827 3932 917 4002; x_wconf 83' lang='lat' dir='ltr'><strong>qui</strong></span> <span class='ocrx_word' id='word_1_541' title='bbox 946 3947 1041 4001; x_wconf 87' lang='lat' dir='ltr'><strong>pro</strong></span> <span class='ocrx_word' id='word_1_542' title='bbox 1073 3932 1249 3988; x_wconf 80' lang='lat' dir='ltr'><strong>multis</strong></span> <span class='ocrx_word' id='word_1_543' title='bbox 1276 3933 1478 3992; x_wconf 81' lang='lat' dir='ltr'><strong>eﬁ&#39;usus</strong></span> <span class='ocrx_word' id='word_1_544' title='bbox 1510 3945 1598 3992; x_wconf 88' lang='lat' dir='ltr'><strong>est</strong></span> <span class='ocrx_word' id='word_1_545' title='bbox 1633 3938 1690 3992; x_wconf 86' lang='lat' dir='ltr'><strong>in</strong></span> <span class='ocrx_word' id='word_1_546' title='bbox 1724 3934 1911 3993; x_wconf 45' lang='lat' dir='ltr'><strong>remis;-</strong></span> 
     </span>
    </p>
   </div>
   <div class='ocr_carea' id='block_1_74' title="bbox 318 4021 1907 4102">
    <p class='ocr_par' dir='ltr' id='par_1_74' title="bbox 318 4021 1907 4102">
     <span class='ocr_line' id='line_1_74' title="bbox 318 4021 1907 4102; baseline 0.009 -29"><span class='ocrx_word' id='word_1_547' title='bbox 318 4021 516 4075; x_wconf 84' lang='lat' dir='ltr'><strong>sienem</strong></span> <span class='ocrx_word' id='word_1_548' title='bbox 554 4033 885 4092; x_wconf 82' lang='lat' dir='ltr'><strong>peccatorum</strong></span> <span class='ocrx_word' id='word_1_549' title='bbox 927 4023 1143 4095; x_wconf 80' lang='lat' dir='ltr'><strong>(Matth.</strong></span> <span class='ocrx_word' id='word_1_550' title='bbox 1184 4042 1333 4093; x_wconf 78' lang='lat' dir='ltr'><strong>xxvr,</strong></span> <span class='ocrx_word' id='word_1_551' title='bbox 1367 4027 1461 4099; x_wconf 70' lang='lat'><strong>28)</strong></span> <span class='ocrx_word' id='word_1_552' title='bbox 1492 4044 1506 4083; x_wconf 87' lang='lat'><strong>:</strong></span> <span class='ocrx_word' id='word_1_553' title='bbox 1539 4029 1907 4102; x_wconf 81' lang='lat' dir='ltr'><strong>deprecorque</strong></span> 
     </span>
    </p>
   </div>
   <div class='ocr_carea' id='block_1_75' title="bbox 319 4110 1907 4192">
    <p class='ocr_par' dir='ltr' id='par_1_75' title="bbox 319 4110 1907 4192">
     <span class='ocr_line' id='line_1_75' title="bbox 319 4110 1907 4192; baseline 0.009 -28"><span class='ocrx_word' id='word_1_554' title='bbox 319 4110 661 4169; x_wconf 88' lang='lat' dir='ltr'><strong>clementiam</strong></span> <span class='ocrx_word' id='word_1_555' title='bbox 689 4123 858 4179; x_wconf 90' lang='lat' dir='ltr'><strong>tuam,</strong></span> <span class='ocrx_word' id='word_1_556' title='bbox 885 4116 1392 4173; x_wconf 88' lang='lat' dir='ltr'><strong>misericordissime</strong></span> <span class='ocrx_word' id='word_1_557' title='bbox 1410 4118 1659 4189; x_wconf 91' lang='lat' dir='ltr'><strong>Domine,</strong></span> <span class='ocrx_word' id='word_1_558' title='bbox 1682 4135 1782 4192; x_wconf 90' lang='lat' dir='ltr'><strong>per</strong></span> <span class='ocrx_word' id='word_1_559' title='bbox 1808 4123 1907 4179; x_wconf 86' lang='lat' dir='ltr'><strong>bo-</strong></span> 
     </span>
    </p>
   </div>
   <div class='ocr_carea' id='block_1_76' title="bbox 319 4195 1907 4277">
    <p class='ocr_par' dir='ltr' id='par_1_76' title="bbox 319 4195 1907 4277">
     <span class='ocr_line' id='line_1_76' title="bbox 319 4195 1907 4277; baseline 0.009 -23"><span class='ocrx_word' id='word_1_560' title='bbox 319 4216 441 4255; x_wconf 86' lang='lat' dir='ltr'><strong>rum</strong></span> <span class='ocrx_word' id='word_1_561' title='bbox 470 4202 756 4270; x_wconf 83' lang='lat' dir='ltr'><strong>virtutem,</strong></span> <span class='ocrx_word' id='word_1_562' title='bbox 796 4203 882 4258; x_wconf 86' lang='lat' dir='ltr'><strong>fac</strong></span> <span class='ocrx_word' id='word_1_563' title='bbox 925 4220 1012 4260; x_wconf 88' lang='lat' dir='ltr'><strong>me</strong></span> <span class='ocrx_word' id='word_1_564' title='bbox 1047 4195 1214 4261; x_wconf 77' lang='lat' dir='ltr'><strong>unum</strong></span> <span class='ocrx_word' id='word_1_565' title='bbox 1251 4208 1319 4262; x_wconf 90' lang='lat' dir='ltr'><strong>de</strong></span> <span class='ocrx_word' id='word_1_566' title='bbox 1357 4208 1466 4264; x_wconf 89' lang='lat' dir='ltr'><strong>illis</strong></span> <span class='ocrx_word' id='word_1_567' title='bbox 1494 4210 1700 4277; x_wconf 89' lang='lat' dir='ltr'><strong>multis,</strong></span> <span class='ocrx_word' id='word_1_568' title='bbox 1729 4220 1785 4268; x_wconf 87' lang='lat' dir='ltr'><strong>et</strong></span> <span class='ocrx_word' id='word_1_569' title='bbox 1819 4214 1907 4270; x_wconf 87' lang='lat' dir='ltr'><strong>fac</strong></span> 
     </span>
    </p>
   </div>
   <div class='ocr_carea' id='block_1_77' title="bbox 320 4289 1903 4363">
    <p class='ocr_par' dir='ltr' id='par_1_77' title="bbox 320 4289 1903 4363">
     <span class='ocr_line' id='line_1_77' title="bbox 320 4289 1903 4363; baseline 0.009 -20"><span class='ocrx_word' id='word_1_570' title='bbox 320 4303 410 4344; x_wconf 89' lang='lat' dir='ltr'><strong>me</strong></span> <span class='ocrx_word' id='word_1_571' title='bbox 438 4289 542 4346; x_wconf 84' lang='lat' dir='ltr'><strong>hoc</strong></span> <span class='ocrx_word' id='word_1_572' title='bbox 568 4290 770 4347; x_wconf 87' lang='lat' dir='ltr'><strong>sentire</strong></span> <span class='ocrx_word' id='word_1_573' title='bbox 795 4292 875 4348; x_wconf 86' lang='lat' dir='ltr'><strong>sic</strong></span> <span class='ocrx_word' id='word_1_574' title='bbox 902 4308 1001 4363; x_wconf 87' lang='lat' dir='ltr'><strong>per</strong></span> <span class='ocrx_word' id='word_1_575' title='bbox 1027 4294 1188 4349; x_wconf 87' lang='lat' dir='ltr'><strong>ﬁdem</strong></span> <span class='ocrx_word' id='word_1_576' title='bbox 1212 4304 1270 4350; x_wconf 90' lang='lat' dir='ltr'><strong>et</strong></span> <span class='ocrx_word' id='word_1_577' title='bbox 1291 4294 1567 4363; x_wconf 73' lang='lat' dir='ltr'><strong>aﬁ‘ectum,</strong></span> <span class='ocrx_word' id='word_1_578' title='bbox 1592 4307 1649 4354; x_wconf 88' lang='lat' dir='ltr'><strong>ut</strong></span> <span class='ocrx_word' id='word_1_579' title='bbox 1674 4298 1903 4357; x_wconf 77' lang='lat' dir='ltr'><strong>sentiam</strong></span> 
     </span>
    </p>
   </div>
   <div class='ocr_carea' id='block_1_78' title="bbox 2014 3198 3607 3268">
    <p class='ocr_par' dir='ltr' id='par_1_78' title="bbox 2014 3198 3607 3268">
     <span class='ocr_line' id='line_1_78' title="bbox 2014 3198 3607 3268; baseline 0 -14"><span class='ocrx_word' id='word_1_580' title='bbox 2014 3199 2273 3265; x_wconf 88' lang='lat' dir='ltr'><strong>virtutes,</strong></span> <span class='ocrx_word' id='word_1_581' title='bbox 2318 3212 2621 3268; x_wconf 87' lang='lat' dir='ltr'><strong>omnesque</strong></span> <span class='ocrx_word' id='word_1_582' title='bbox 2671 3207 2984 3253; x_wconf 88' lang='lat' dir='ltr'><strong>sanctorum</strong></span> <span class='ocrx_word' id='word_1_583' title='bbox 3037 3200 3322 3268; x_wconf 85' lang='lat' dir='ltr'><strong>spirituum</strong></span> <span class='ocrx_word' id='word_1_584' title='bbox 3362 3198 3607 3266; x_wconf 82' lang='lat' dir='ltr'><strong>ordines,</strong></span> 
     </span>
    </p>
   </div>
   <div class='ocr_carea' id='block_1_79' title="bbox 2011 3289 3602 3361">
    <p class='ocr_par' dir='ltr' id='par_1_79' title="bbox 2011 3289 3602 3361">
     <span class='ocr_line' id='line_1_79' title="bbox 2011 3289 3602 3361; baseline 0 -17"><span class='ocrx_word' id='word_1_585' title='bbox 2011 3289 2254 3346; x_wconf 80' lang='lat' dir='ltr'><strong>adversa:</strong></span> <span class='ocrx_word' id='word_1_586' title='bbox 2280 3289 2643 3345; x_wconf 90' lang='lat' dir='ltr'><strong>damnationis</strong></span> <span class='ocrx_word' id='word_1_587' title='bbox 2671 3290 2816 3345; x_wconf 89' lang='lat' dir='ltr'><strong>vires</strong></span> <span class='ocrx_word' id='word_1_588' title='bbox 2845 3290 3146 3361; x_wconf 74' lang='lat' dir='ltr'><strong>reprimite,</strong></span> <span class='ocrx_word' id='word_1_589' title='bbox 3174 3300 3484 3361; x_wconf 69' lang='lat' dir='ltr'><strong>espugnate</strong></span> <span class='ocrx_word' id='word_1_590' title='bbox 3504 3291 3602 3344; x_wconf 81' lang='lat' dir='ltr'><strong>int-</strong></span> 
     </span>
    </p>
   </div>
   <div class='ocr_carea' id='block_1_80' title="bbox 2008 3366 3599 3453">
    <p class='ocr_par' dir='ltr' id='par_1_80' title="bbox 2008 3366 3599 3453">
     <span class='ocr_line' id='line_1_80' title="bbox 2008 3366 3599 3453; baseline 0.001 -19"><span class='ocrx_word' id='word_1_591' title='bbox 2008 3390 2297 3452; x_wconf 69' lang='lat' dir='ltr'><strong>pugnante:</strong></span> <span class='ocrx_word' id='word_1_592' title='bbox 2334 3397 2416 3435; x_wconf 89' lang='lat' dir='ltr'><strong>me</strong></span> <span class='ocrx_word' id='word_1_593' title='bbox 2463 3379 2638 3451; x_wconf 83' lang='lat' dir='ltr'><strong>(Psal.</strong></span> <span class='ocrx_word' id='word_1_594' title='bbox 2681 3396 2868 3448; x_wconf 75' lang='lat' dir='ltr'><strong>xxxrv,</strong></span> <span class='ocrx_word' id='word_1_595' title='bbox 2903 3380 2980 3452; x_wconf 85' lang='lat' dir='ltr'><strong>l),</strong></span> <span class='ocrx_word' id='word_1_596' title='bbox 3024 3398 3054 3435; x_wconf 89' lang='lat' dir='ltr'><strong>a</strong></span> <span class='ocrx_word' id='word_1_597' title='bbox 3092 3366 3360 3453; x_wconf 74' lang='lat' dir='ltr'><strong>rugientis</strong></span> <span class='ocrx_word' id='word_1_598' title='bbox 3395 3381 3599 3437; x_wconf 88' lang='lat' dir='ltr'><strong>inimici</strong></span> 
     </span>
    </p>
   </div>
   <div class='ocr_carea' id='block_1_81' title="bbox 2009 3472 3604 3544">
    <p class='ocr_par' dir='ltr' id='par_1_81' title="bbox 2009 3472 3604 3544">
     <span class='ocr_line' id='line_1_81' title="bbox 2009 3472 3604 3544; baseline -0.001 -16"><span class='ocrx_word' id='word_1_599' title='bbox 2009 3473 2216 3528; x_wconf 64' lang='lat' dir='ltr'><strong>saavitia</strong></span> <span class='ocrx_word' id='word_1_600' title='bbox 2250 3481 2498 3544; x_wconf 88' lang='lat' dir='ltr'><strong>potenter</strong></span> <span class='ocrx_word' id='word_1_601' title='bbox 2523 3487 2610 3529; x_wconf 89' lang='lat' dir='ltr'><strong>me</strong></span> <span class='ocrx_word' id='word_1_602' title='bbox 2644 3472 2936 3538; x_wconf 81' lang='lat' dir='ltr'><strong>defendite,</strong></span> <span class='ocrx_word' id='word_1_603' title='bbox 2976 3474 3030 3528; x_wconf 92' lang='lat' dir='ltr'><strong>in</strong></span> <span class='ocrx_word' id='word_1_604' title='bbox 3060 3472 3148 3528; x_wconf 89' lang='lat' dir='ltr'><strong>via</strong></span> <span class='ocrx_word' id='word_1_605' title='bbox 3190 3472 3438 3530; x_wconf 82' lang='lat' dir='ltr'><strong>veritatis</strong></span> <span class='ocrx_word' id='word_1_606' title='bbox 3469 3472 3604 3528; x_wconf 87' lang='lat' dir='ltr'><strong>ﬁde-</strong></span> 
     </span>
    </p>
   </div>
   <div class='ocr_carea' id='block_1_82' title="bbox 2009 3547 3621 3635">
    <p class='ocr_par' dir='ltr' id='par_1_82' title="bbox 2009 3547 3621 3635">
     <span class='ocr_line' id='line_1_82' title="bbox 2009 3547 3621 3635; baseline 0.002 -18"><span class='ocrx_word' id='word_1_607' title='bbox 2009 3563 2134 3620; x_wconf 90' lang='lat' dir='ltr'><strong>liter</strong></span> <span class='ocrx_word' id='word_1_608' title='bbox 2167 3547 2502 3635; x_wconf 85' lang='lat' dir='ltr'><strong>gradientem</strong></span> <span class='ocrx_word' id='word_1_609' title='bbox 2535 3565 2684 3628; x_wconf 86' lang='lat' dir='ltr'><strong>emni</strong></span> <span class='ocrx_word' id='word_1_610' title='bbox 2736 3565 2893 3632; x_wconf 90' lang='lat' dir='ltr'><strong>hora,</strong></span> <span class='ocrx_word' id='word_1_611' title='bbox 2922 3565 3008 3620; x_wconf 88' lang='lat' dir='ltr'><strong>die</strong></span> <span class='ocrx_word' id='word_1_612' title='bbox 3036 3579 3102 3619; x_wconf 90' lang='lat' dir='ltr'><strong>ac</strong></span> <span class='ocrx_word' id='word_1_613' title='bbox 3138 3574 3299 3621; x_wconf 85' lang='lat' dir='ltr'><strong>nocte</strong></span> <span class='ocrx_word' id='word_1_614' title='bbox 3328 3564 3621 3621; x_wconf 85' lang='lat' dir='ltr'><strong>custodite-</strong></span> 
     </span>
    </p>
   </div>
   <div class='ocr_carea' id='block_1_83' title="bbox 2009 3655 3609 3726">
    <p class='ocr_par' dir='ltr' id='par_1_83' title="bbox 2009 3655 3609 3726">
     <span class='ocr_line' id='line_1_83' title="bbox 2009 3655 3609 3726; baseline 0.002 -18"><span class='ocrx_word' id='word_1_615' title='bbox 2009 3669 2116 3720; x_wconf 89' lang='lat' dir='ltr'><strong>me,</strong></span> <span class='ocrx_word' id='word_1_616' title='bbox 2158 3663 2215 3710; x_wconf 91' lang='lat' dir='ltr'><strong>et</strong></span> <span class='ocrx_word' id='word_1_617' title='bbox 2254 3655 2307 3709; x_wconf 92' lang='lat' dir='ltr'><strong>in</strong></span> <span class='ocrx_word' id='word_1_618' title='bbox 2349 3655 2479 3710; x_wconf 84' lang='lat' dir='ltr'><strong>hora</strong></span> <span class='ocrx_word' id='word_1_619' title='bbox 2509 3656 2688 3712; x_wconf 83' lang='lat' dir='ltr'><strong>exitus</strong></span> <span class='ocrx_word' id='word_1_620' title='bbox 2732 3656 2839 3711; x_wconf 88' lang='lat' dir='ltr'><strong>mei</strong></span> <span class='ocrx_word' id='word_1_621' title='bbox 2883 3655 3120 3710; x_wconf 87' lang='lat' dir='ltr'><strong>animam</strong></span> <span class='ocrx_word' id='word_1_622' title='bbox 3150 3671 3324 3712; x_wconf 85' lang='lat' dir='ltr'><strong>meam</strong></span> <span class='ocrx_word' id='word_1_623' title='bbox 3371 3656 3425 3711; x_wconf 92' lang='lat' dir='ltr'><strong>in</strong></span> <span class='ocrx_word' id='word_1_624' title='bbox 3468 3671 3609 3726; x_wconf 86' lang='lat' dir='ltr'><strong>pace</strong></span> 
     </span>
    </p>
   </div>
   <div class='ocr_carea' id='block_1_84' title="bbox 2008 3746 2587 3816">
    <p class='ocr_par' dir='ltr' id='par_1_84' title="bbox 2008 3746 2587 3816">
     <span class='ocr_line' id='line_1_84' title="bbox 2008 3746 2587 3816; baseline 0.003 -19"><span class='ocrx_word' id='word_1_625' title='bbox 2008 3746 2283 3801; x_wconf 84' lang='lat' dir='ltr'><strong>vobiscum</strong></span> <span class='ocrx_word' id='word_1_626' title='bbox 2311 3747 2587 3816; x_wconf 86' lang='lat' dir='ltr'><strong>suscipite.</strong></span> 
     </span>
    </p>
   </div>
   <div class='ocr_carea' id='block_1_85' title="bbox 2080 3836 3604 3917">
    <p class='ocr_par' dir='ltr' id='par_1_85' title="bbox 2080 3836 3604 3917">
     <span class='ocr_line' id='line_1_85' title="bbox 2080 3836 3604 3917; baseline 0.001 -24"><span class='ocrx_word' id='word_1_627' title='bbox 2080 3837 2279 3917; x_wconf 69' lang='lat' dir='ltr'><strong>Sancte</strong></span> <span class='ocrx_word' id='word_1_628' title='bbox 2300 3836 2537 3894; x_wconf 87' lang='lat' dir='ltr'><strong>Joannes</strong></span> <span class='ocrx_word' id='word_1_629' title='bbox 2564 3837 2825 3909; x_wconf 88' lang='lat' dir='ltr'><strong>Baptista,</strong></span> <span class='ocrx_word' id='word_1_630' title='bbox 2850 3852 3043 3894; x_wconf 87' lang='lat' dir='ltr'><strong>omnes</strong></span> <span class='ocrx_word' id='word_1_631' title='bbox 3072 3838 3245 3894; x_wconf 88' lang='lat' dir='ltr'><strong>sancti</strong></span> <span class='ocrx_word' id='word_1_632' title='bbox 3274 3837 3604 3909; x_wconf 72' lang='lat' dir='ltr'><strong>patriarchae</strong></span> 
     </span>
    </p>
   </div>
   <div class='ocr_carea' id='block_1_86' title="bbox 2007 3930 3607 4000">
    <p class='ocr_par' dir='ltr' id='par_1_86' title="bbox 2007 3930 3607 4000">
     <span class='ocr_line' id='line_1_86' title="bbox 2007 3930 3607 4000; baseline 0 -15"><span class='ocrx_word' id='word_1_633' title='bbox 2007 3938 2061 3985; x_wconf 89' lang='lat' dir='ltr'><strong>ct</strong></span> <span class='ocrx_word' id='word_1_634' title='bbox 2089 3931 2382 4000; x_wconf 79' lang='lat' dir='ltr'><strong>prophetae,</strong></span> <span class='ocrx_word' id='word_1_635' title='bbox 2420 3944 2588 3985; x_wconf 73' lang='lat' dir='ltr'><strong>exoro</strong></span> <span class='ocrx_word' id='word_1_636' title='bbox 2620 3946 2715 3985; x_wconf 83' lang='lat' dir='ltr'><strong>ves</strong></span> <span class='ocrx_word' id='word_1_637' title='bbox 2740 3930 2989 3985; x_wconf 77' lang='lat' dir='ltr'><strong>obnoxia.</strong></span> <span class='ocrx_word' id='word_1_638' title='bbox 3005 3944 3188 4000; x_wconf 86' lang='lat' dir='ltr'><strong>prece,</strong></span> <span class='ocrx_word' id='word_1_639' title='bbox 3220 3944 3435 3985; x_wconf 74' lang='lat' dir='ltr'><strong>martum</strong></span> <span class='ocrx_word' id='word_1_640' title='bbox 3468 3930 3607 3985; x_wconf 82' lang='lat' dir='ltr'><strong>mihi</strong></span> 
     </span>
    </p>
   </div>
   <div class='ocr_carea' id='block_1_87' title="bbox 2009 4022 3608 4094">
    <p class='ocr_par' dir='ltr' id='par_1_87' title="bbox 2009 4022 3608 4094">
     <span class='ocr_line' id='line_1_87' title="bbox 2009 4022 3608 4094; baseline -0.001 -16"><span class='ocrx_word' id='word_1_641' title='bbox 2009 4023 2303 4094; x_wconf 85' lang='lat' dir='ltr'><strong>porrigite,</strong></span> <span class='ocrx_word' id='word_1_642' title='bbox 2345 4024 2604 4078; x_wconf 72' lang='lat' dir='ltr'><strong>auxilium</strong></span> <span class='ocrx_word' id='word_1_643' title='bbox 2650 4023 2783 4077; x_wconf 88' lang='lat' dir='ltr'><strong>mihi</strong></span> <span class='ocrx_word' id='word_1_644' title='bbox 2827 4025 2881 4077; x_wconf 87' lang='lat' dir='ltr'><strong>in</strong></span> <span class='ocrx_word' id='word_1_645' title='bbox 2924 4023 3138 4078; x_wconf 89' lang='lat' dir='ltr'><strong>cunctis</strong></span> <span class='ocrx_word' id='word_1_646' title='bbox 3186 4022 3608 4084; x_wconf 79' lang='lat' dir='ltr'><strong>necessitatibus</strong></span> 
     </span>
    </p>
   </div>
   <div class='ocr_carea' id='block_1_88' title="bbox 2011 4112 3608 4185">
    <p class='ocr_par' dir='ltr' id='par_1_88' title="bbox 2011 4112 3608 4185">
     <span class='ocr_line' id='line_1_88' title="bbox 2011 4112 3608 4185; baseline 0 -16"><span class='ocrx_word' id='word_1_647' title='bbox 2011 4116 2147 4171; x_wconf 87' lang='lat' dir='ltr'><strong>meis</strong></span> <span class='ocrx_word' id='word_1_648' title='bbox 2173 4124 2229 4170; x_wconf 91' lang='lat' dir='ltr'><strong>et</strong></span> <span class='ocrx_word' id='word_1_649' title='bbox 2271 4114 2680 4170; x_wconf 88' lang='lat' dir='ltr'><strong>inﬁrmitatibus</strong></span> <span class='ocrx_word' id='word_1_650' title='bbox 2709 4115 2978 4185; x_wconf 62' lang='lat' dir='ltr'><strong>praebete;</strong></span> <span class='ocrx_word' id='word_1_651' title='bbox 3021 4114 3226 4183; x_wconf 85' lang='lat' dir='ltr'><strong>poscite</strong></span> <span class='ocrx_word' id='word_1_652' title='bbox 3263 4112 3392 4167; x_wconf 88' lang='lat' dir='ltr'><strong>mihi</strong></span> <span class='ocrx_word' id='word_1_653' title='bbox 3428 4127 3459 4167; x_wconf 85' lang='lat' dir='ltr'><strong>a</strong></span> <span class='ocrx_word' id='word_1_654' title='bbox 3491 4112 3608 4169; x_wconf 81' lang='lat' dir='ltr'><strong>Deo</strong></span> 
     </span>
    </p>
   </div>
   <div class='ocr_carea' id='block_1_89' title="bbox 2006 4203 3608 4276">
    <p class='ocr_par' dir='ltr' id='par_1_89' title="bbox 2006 4203 3608 4276">
     <span class='ocr_line' id='line_1_89' title="bbox 2006 4203 3608 4276; baseline -0.001 -15"><span class='ocrx_word' id='word_1_655' title='bbox 2006 4205 2425 4273; x_wconf 81' lang='lat' dir='ltr'><strong>indulgentiam,</strong></span> <span class='ocrx_word' id='word_1_656' title='bbox 2462 4206 2818 4276; x_wconf 83' lang='lat' dir='ltr'><strong>patientiam,</strong></span> <span class='ocrx_word' id='word_1_657' title='bbox 2864 4206 3260 4268; x_wconf 86' lang='lat' dir='ltr'><strong>constantiam,</strong></span> <span class='ocrx_word' id='word_1_658' title='bbox 3298 4203 3608 4274; x_wconf 83' lang='lat' dir='ltr'><strong>justitiam,</strong></span> 
     </span>
    </p>
   </div>
   <div class='ocr_carea' id='block_1_90' title="bbox 2005 4296 3607 4367">
    <p class='ocr_par' dir='ltr' id='par_1_90' title="bbox 2005 4296 3607 4367">
     <span class='ocr_line' id='line_1_90' title="bbox 2005 4296 3607 4367; baseline 0.001 -16"><span class='ocrx_word' id='word_1_659' title='bbox 2005 4296 2408 4363; x_wconf 76' lang='lat' dir='ltr'><strong>obedientiam,</strong></span> <span class='ocrx_word' id='word_1_660' title='bbox 2461 4297 2895 4365; x_wconf 86' lang='lat' dir='ltr'><strong>continentiam,</strong></span> <span class='ocrx_word' id='word_1_661' title='bbox 2946 4307 3300 4367; x_wconf 88' lang='lat' dir='ltr'><strong>sanctamque</strong></span> <span class='ocrx_word' id='word_1_662' title='bbox 3346 4310 3607 4366; x_wconf 85' lang='lat' dir='ltr'><strong>perseve-</strong></span> 
     </span>
    </p>
   </div>
   <div class='ocr_carea' id='block_1_91' title="bbox 317 4382 2263 4481">
    <p class='ocr_par' dir='ltr' id='par_1_91' title="bbox 317 4382 2263 4481">
     <span class='ocr_line' id='line_1_91' title="bbox 317 4382 2263 4481; baseline 0.006 -48"><span class='ocrx_word' id='word_1_663' title='bbox 317 4394 383 4434; x_wconf 88' lang='lat' dir='ltr'><strong>ea</strong></span> <span class='ocrx_word' id='word_1_664' title='bbox 426 4396 524 4451; x_wconf 90' lang='lat' dir='ltr'><strong>per</strong></span> <span class='ocrx_word' id='word_1_665' title='bbox 547 4382 740 4440; x_wconf 83' lang='lat' dir='ltr'><strong>salutis</strong></span> <span class='ocrx_word' id='word_1_666' title='bbox 764 4383 1034 4440; x_wconf 74' lang='lat' dir='ltr'><strong>effectum.</strong></span> <span class='ocrx_word' id='word_1_667' title='bbox 1078 4385 1145 4440; x_wconf 88' lang='lat' dir='ltr'><strong>Et</strong></span> <span class='ocrx_word' id='word_1_668' title='bbox 1173 4384 1394 4443; x_wconf 87' lang='lat' dir='ltr'><strong>absolve</strong></span> <span class='ocrx_word' id='word_1_669' title='bbox 1423 4397 1480 4443; x_wconf 89' lang='lat' dir='ltr'><strong>et</strong></span> <span class='ocrx_word' id='word_1_670' title='bbox 1514 4388 1683 4446; x_wconf 91' lang='lat' dir='ltr'><strong>libera</strong></span> <span class='ocrx_word' id='word_1_671' title='bbox 1717 4406 1904 4449; x_wconf 89' lang='lat' dir='ltr'><strong>servos</strong></span> <span class='ocrx_word' id='word_1_672' title='bbox 1930 4420 1982 4481; x_wconf 69' lang='grc' dir='ltr'><strong>Ι)</strong></span> <span class='ocrx_word' id='word_1_673' title='bbox 2008 4391 2263 4444; x_wconf 84' lang='lat' dir='ltr'><strong>rantiam.</strong></span> 
     </span>
    </p>
   </div>
   <div class='ocr_carea' id='block_1_92' title="bbox 317 4471 1905 4547">
    <p class='ocr_par' dir='ltr' id='par_1_92' title="bbox 317 4471 1905 4547">
     <span class='ocr_line' id='line_1_92' title="bbox 317 4471 1905 4547; baseline 0.009 -23"><span class='ocrx_word' id='word_1_674' title='bbox 317 4481 372 4525; x_wconf 91' lang='lat' dir='ltr'><strong>et</strong></span> <span class='ocrx_word' id='word_1_675' title='bbox 395 4471 621 4529; x_wconf 87' lang='lat' dir='ltr'><strong>ancillas</strong></span> <span class='ocrx_word' id='word_1_676' title='bbox 651 4483 790 4540; x_wconf 88' lang='lat' dir='ltr'><strong>tuas,</strong></span> <span class='ocrx_word' id='word_1_677' title='bbox 816 4490 901 4532; x_wconf 87' lang='lat' dir='ltr'><strong>me</strong></span> <span class='ocrx_word' id='word_1_678' title='bbox 927 4484 981 4531; x_wconf 87' lang='lat' dir='ltr'><strong>et</strong></span> <span class='ocrx_word' id='word_1_679' title='bbox 1006 4491 1216 4542; x_wconf 85' lang='lat' dir='ltr'><strong>omnes,</strong></span> <span class='ocrx_word' id='word_1_680' title='bbox 1243 4478 1334 4547; x_wconf 86' lang='lat' dir='ltr'><strong>qui</strong></span> <span class='ocrx_word' id='word_1_681' title='bbox 1364 4479 1495 4533; x_wconf 90' lang='lat' dir='ltr'><strong>mihi</strong></span> <span class='ocrx_word' id='word_1_682' title='bbox 1520 4479 1748 4536; x_wconf 84' lang='lat' dir='ltr'><strong>confessi</strong></span> <span class='ocrx_word' id='word_1_683' title='bbox 1776 4493 1905 4538; x_wconf 90' lang='lat' dir='ltr'><strong>sunt</strong></span> 
     </span>
    </p>
   </div>
   <div class='ocr_carea' id='block_1_93' title="bbox 316 4570 1904 4639">
    <p class='ocr_par' dir='ltr' id='par_1_93' title="bbox 316 4570 1904 4639">
     <span class='ocr_line' id='line_1_93' title="bbox 316 4570 1904 4639; baseline 0.009 -22"><span class='ocrx_word' id='word_1_684' title='bbox 316 4572 537 4630; x_wconf 77' lang='lat' dir='ltr'><strong>peccata</strong></span> <span class='ocrx_word' id='word_1_685' title='bbox 586 4581 704 4633; x_wconf 87' lang='lat' dir='ltr'><strong>sua,</strong></span> <span class='ocrx_word' id='word_1_686' title='bbox 744 4576 799 4623; x_wconf 89' lang='lat' dir='ltr'><strong>et</strong></span> <span class='ocrx_word' id='word_1_687' title='bbox 843 4582 942 4638; x_wconf 87' lang='lat' dir='ltr'><strong>pro</strong></span> <span class='ocrx_word' id='word_1_688' title='bbox 981 4570 1177 4638; x_wconf 89' lang='lat' dir='ltr'><strong>quibus</strong></span> <span class='ocrx_word' id='word_1_689' title='bbox 1223 4570 1469 4639; x_wconf 88' lang='lat' dir='ltr'><strong>promisi,</strong></span> <span class='ocrx_word' id='word_1_690' title='bbox 1511 4571 1594 4627; x_wconf 88' lang='lat' dir='ltr'><strong>vel</strong></span> <span class='ocrx_word' id='word_1_691' title='bbox 1635 4571 1904 4631; x_wconf 80' lang='lat' dir='ltr'><strong>obnoxius</strong></span> 
     </span>
    </p>
   </div>
   <div class='ocr_carea' id='block_1_94' title="bbox 315 4658 1900 4730">
    <p class='ocr_par' dir='ltr' id='par_1_94' title="bbox 315 4658 1900 4730">
     <span class='ocr_line' id='line_1_94' title="bbox 315 4658 1900 4730; baseline 0.01 -26"><span class='ocrx_word' id='word_1_692' title='bbox 315 4666 435 4704; x_wconf 89' lang='lat' dir='ltr'><strong>sum</strong></span> <span class='ocrx_word' id='word_1_693' title='bbox 460 4667 710 4722; x_wconf 75' lang='lat' dir='ltr'><strong>exorare,</strong></span> <span class='ocrx_word' id='word_1_694' title='bbox 743 4664 799 4709; x_wconf 90' lang='lat' dir='ltr'><strong>et</strong></span> <span class='ocrx_word' id='word_1_695' title='bbox 827 4658 917 4726; x_wconf 89' lang='lat' dir='ltr'><strong>qui</strong></span> <span class='ocrx_word' id='word_1_696' title='bbox 943 4672 1004 4712; x_wconf 91' lang='lat' dir='ltr'><strong>se</strong></span> <span class='ocrx_word' id='word_1_697' title='bbox 1030 4668 1254 4728; x_wconf 85' lang='lat' dir='ltr'><strong>sperant</strong></span> <span class='ocrx_word' id='word_1_698' title='bbox 1288 4658 1373 4714; x_wconf 87' lang='lat' dir='ltr'><strong>vel</strong></span> <span class='ocrx_word' id='word_1_699' title='bbox 1397 4668 1588 4730; x_wconf 88' lang='lat' dir='ltr'><strong>petunt</strong></span> <span class='ocrx_word' id='word_1_700' title='bbox 1619 4663 1756 4718; x_wconf 91' lang='lat' dir='ltr'><strong>meis</strong></span> <span class='ocrx_word' id='word_1_701' title='bbox 1777 4680 1900 4720; x_wconf 84' lang='lat' dir='ltr'><strong>ora-</strong></span> 
     </span>
    </p>
   </div>
   <div class='ocr_carea' id='block_1_95' title="bbox 318 4742 1901 4825">
    <p class='ocr_par' dir='ltr' id='par_1_95' title="bbox 318 4742 1901 4825">
     <span class='ocr_line' id='line_1_95' title="bbox 318 4742 1901 4825; baseline 0.011 -29"><span class='ocrx_word' id='word_1_702' title='bbox 318 4742 555 4799; x_wconf 83' lang='lat' dir='ltr'><strong>tionibus</strong></span> <span class='ocrx_word' id='word_1_703' title='bbox 581 4746 722 4815; x_wconf 91' lang='lat' dir='ltr'><strong>apud</strong></span> <span class='ocrx_word' id='word_1_704' title='bbox 765 4754 817 4801; x_wconf 89' lang='lat' dir='ltr'><strong>te</strong></span> <span class='ocrx_word' id='word_1_705' title='bbox 853 4747 1054 4817; x_wconf 87' lang='lat' dir='ltr'><strong>juvari,</strong></span> <span class='ocrx_word' id='word_1_706' title='bbox 1083 4751 1152 4805; x_wconf 88' lang='lat' dir='ltr'><strong>ab</strong></span> <span class='ocrx_word' id='word_1_707' title='bbox 1185 4750 1332 4805; x_wconf 90' lang='lat' dir='ltr'><strong>omni</strong></span> <span class='ocrx_word' id='word_1_708' title='bbox 1374 4761 1614 4821; x_wconf 88' lang='lat' dir='ltr'><strong>peccato,</strong></span> <span class='ocrx_word' id='word_1_709' title='bbox 1645 4762 1702 4811; x_wconf 87' lang='lat' dir='ltr'><strong>et</strong></span> <span class='ocrx_word' id='word_1_710' title='bbox 1743 4770 1901 4825; x_wconf 82' lang='lat' dir='ltr'><strong>poena</strong></span> 
     </span>
    </p>
   </div>
   <div class='ocr_carea' id='block_1_96' title="bbox 316 4834 1906 4912">
    <p class='ocr_par' dir='ltr' id='par_1_96' title="bbox 316 4834 1906 4912">
     <span class='ocr_line' id='line_1_96' title="bbox 316 4834 1906 4912; baseline 0.014 -31"><span class='ocrx_word' id='word_1_711' title='bbox 316 4834 555 4901; x_wconf 84' lang='lat' dir='ltr'><strong>peccati;</strong></span> <span class='ocrx_word' id='word_1_712' title='bbox 585 4844 639 4890; x_wconf 90' lang='lat' dir='ltr'><strong>et</strong></span> <span class='ocrx_word' id='word_1_713' title='bbox 683 4834 771 4892; x_wconf 91' lang='lat' dir='ltr'><strong>fac</strong></span> <span class='ocrx_word' id='word_1_714' title='bbox 812 4836 1105 4894; x_wconf 88' lang='lat' dir='ltr'><strong>Ecclesiam</strong></span> <span class='ocrx_word' id='word_1_715' title='bbox 1136 4848 1227 4895; x_wconf 91' lang='lat' dir='ltr'><strong>tua</strong></span> <span class='ocrx_word' id='word_1_716' title='bbox 1269 4843 1524 4896; x_wconf 87' lang='lat' dir='ltr'><strong>continua</strong></span> <span class='ocrx_word' id='word_1_717' title='bbox 1570 4846 1906 4912; x_wconf 88' lang='lat' dir='ltr'><strong>protectione</strong></span> 
     </span>
    </p>
   </div>
   <div class='ocr_carea' id='block_1_97' title="bbox 315 4926 990 4986">
    <p class='ocr_par' dir='ltr' id='par_1_97' title="bbox 315 4926 990 4986">
     <span class='ocr_line' id='line_1_97' title="bbox 315 4926 990 4986; baseline 0.009 -7"><span class='ocrx_word' id='word_1_718' title='bbox 315 4934 371 4980; x_wconf 90' lang='lat' dir='ltr'><strong>et</strong></span> <span class='ocrx_word' id='word_1_719' title='bbox 396 4926 767 4985; x_wconf 82' lang='lat' dir='ltr'><strong>consolatione</strong></span> <span class='ocrx_word' id='word_1_720' title='bbox 799 4929 990 4986; x_wconf 73' lang='lat' dir='ltr'><strong>laetari.</strong></span> 
     </span>
    </p>
   </div>
   <div class='ocr_carea' id='block_1_98' title="bbox 846 5022 1382 5085">
    <p class='ocr_par' dir='ltr' id='par_1_98' title="bbox 846 5022 1382 5085">
     <span class='ocr_line' id='line_1_98' title="bbox 846 5022 1382 5085; baseline 0.004 -4"><span class='ocrx_word' id='word_1_721' title='bbox 846 5022 1104 5082; x_wconf 79' lang='lat' dir='ltr'><strong>ORATIO</strong></span> <span class='ocrx_word' id='word_1_722' title='bbox 1140 5025 1382 5085; x_wconf 82' lang='lat' dir='ltr'><strong>XXXVI.</strong></span> 
     </span>
    </p>
   </div>
   <div class='ocr_carea' id='block_1_99' title="bbox 614 5130 1602 5184">
    <p class='ocr_par' dir='ltr' id='par_1_99' title="bbox 614 5130 1602 5184">
     <span class='ocr_line' id='line_1_99' title="bbox 614 5130 1602 5184; baseline 0.007 -13"><span class='ocrx_word' id='word_1_723' title='bbox 614 5131 685 5171; x_wconf 67' lang='lat' dir='ltr'><strong>an</strong></span> <span class='ocrx_word' id='word_1_724' title='bbox 722 5130 897 5184; x_wconf 73' lang='lat' dir='ltr'><strong>neua,</strong></span> <span class='ocrx_word' id='word_1_725' title='bbox 935 5134 1005 5174; x_wconf 75' lang='lat' dir='ltr'><strong>cr</strong></span> <span class='ocrx_word' id='word_1_726' title='bbox 1044 5134 1113 5175; x_wconf 67' lang='lat' dir='ltr'><strong>se</strong></span> <span class='ocrx_word' id='word_1_727' title='bbox 1149 5134 1321 5178; x_wconf 71' lang='lat' dir='ltr'><strong>enses</strong></span> <span class='ocrx_word' id='word_1_728' title='bbox 1357 5136 1602 5181; x_wconf 72' lang='lat' dir='ltr'><strong>SANC&#39;I&#39;OB.</strong></span> 
     </span>
    </p>
   </div>
   <div class='ocr_carea' id='block_1_100' title="bbox 391 5204 1905 5285">
    <p class='ocr_par' dir='ltr' id='par_1_100' title="bbox 391 5204 1905 5285">
     <span class='ocr_line' id='line_1_100' title="bbox 391 5204 1905 5285; baseline 0.009 -25"><span class='ocrx_word' id='word_1_729' title='bbox 391 5204 618 5266; x_wconf 85' lang='lat' dir='ltr'><strong>Domine</strong></span> <span class='ocrx_word' id='word_1_730' title='bbox 660 5211 802 5268; x_wconf 87' lang='lat' dir='ltr'><strong>Deus</strong></span> <span class='ocrx_word' id='word_1_731' title='bbox 839 5213 1202 5283; x_wconf 88' lang='lat' dir='ltr'><strong>omnipotens,</strong></span> <span class='ocrx_word' id='word_1_732' title='bbox 1250 5223 1455 5272; x_wconf 76' lang='lat' dir='ltr'><strong>aeterne</strong></span> <span class='ocrx_word' id='word_1_733' title='bbox 1499 5224 1557 5273; x_wconf 89' lang='lat' dir='ltr'><strong>et</strong></span> <span class='ocrx_word' id='word_1_734' title='bbox 1597 5215 1905 5285; x_wconf 82' lang='lat' dir='ltr'><strong>ineﬁ‘ahilis,</strong></span> 
     </span>
    </p>
   </div>
   <div class='ocr_carea' id='block_1_101' title="bbox 316 5296 1911 5375">
    <p class='ocr_par' dir='ltr' id='par_1_101' title="bbox 316 5296 1911 5375">
     <span class='ocr_line' id='line_1_101' title="bbox 316 5296 1911 5375; baseline 0.008 -25"><span class='ocrx_word' id='word_1_735' title='bbox 316 5296 433 5353; x_wconf 86' lang='lat' dir='ltr'><strong>sine</strong></span> <span class='ocrx_word' id='word_1_736' title='bbox 463 5299 571 5357; x_wconf 90' lang='lat' dir='ltr'><strong>ﬁne</strong></span> <span class='ocrx_word' id='word_1_737' title='bbox 603 5312 768 5375; x_wconf 85' lang='lat' dir='ltr'><strong>atque</strong></span> <span class='ocrx_word' id='word_1_738' title='bbox 806 5303 982 5371; x_wconf 91' lang='lat' dir='ltr'><strong>initio,</strong></span> <span class='ocrx_word' id='word_1_739' title='bbox 1022 5318 1182 5374; x_wconf 88' lang='lat' dir='ltr'><strong>quem</strong></span> <span class='ocrx_word' id='word_1_740' title='bbox 1210 5320 1379 5362; x_wconf 86' lang='lat' dir='ltr'><strong>unum</strong></span> <span class='ocrx_word' id='word_1_741' title='bbox 1405 5305 1460 5362; x_wconf 93' lang='lat' dir='ltr'><strong>in</strong></span> <span class='ocrx_word' id='word_1_742' title='bbox 1491 5305 1779 5375; x_wconf 85' lang='lat' dir='ltr'><strong>Trinitate,</strong></span> <span class='ocrx_word' id='word_1_743' title='bbox 1812 5308 1911 5363; x_wconf 90' lang='lat' dir='ltr'><strong>tri-</strong></span> 
     </span>
    </p>
   </div>
   <div class='ocr_carea' id='block_1_102' title="bbox 2081 4479 3610 4553">
    <p class='ocr_par' dir='ltr' id='par_1_102' title="bbox 2081 4479 3610 4553">
     <span class='ocr_line' id='line_1_102' title="bbox 2081 4479 3610 4553; baseline -0.002 -14"><span class='ocrx_word' id='word_1_744' title='bbox 2081 4482 2282 4539; x_wconf 84' lang='lat' dir='ltr'><strong>Sancte</strong></span> <span class='ocrx_word' id='word_1_745' title='bbox 2324 4482 2515 4549; x_wconf 82' lang='lat' dir='ltr'><strong>Petre,</strong></span> <span class='ocrx_word' id='word_1_746' title='bbox 2565 4482 2817 4553; x_wconf 86' lang='lat' dir='ltr'><strong>princeps</strong></span> <span class='ocrx_word' id='word_1_747' title='bbox 2859 4479 3226 4552; x_wconf 87' lang='lat' dir='ltr'><strong>apostolorum</strong></span> <span class='ocrx_word' id='word_1_748' title='bbox 3265 4480 3610 4546; x_wconf 85' lang='lat' dir='ltr'><strong>beatissime,</strong></span> 
     </span>
    </p>
   </div>
   <div class='ocr_carea' id='block_1_103' title="bbox 2007 4571 3609 4646">
    <p class='ocr_par' dir='ltr' id='par_1_103' title="bbox 2007 4571 3609 4646">
     <span class='ocr_line' id='line_1_103' title="bbox 2007 4571 3609 4646; baseline -0.003 -15"><span class='ocrx_word' id='word_1_749' title='bbox 2007 4589 2306 4646; x_wconf 80' lang='lat' dir='ltr'><strong>omnesque</strong></span> <span class='ocrx_word' id='word_1_750' title='bbox 2347 4575 2522 4632; x_wconf 88' lang='lat' dir='ltr'><strong>sancti</strong></span> <span class='ocrx_word' id='word_1_751' title='bbox 2569 4574 2799 4645; x_wconf 87' lang='lat' dir='ltr'><strong>apostoli</strong></span> <span class='ocrx_word' id='word_1_752' title='bbox 2846 4582 2901 4629; x_wconf 91' lang='lat' dir='ltr'><strong>et</strong></span> <span class='ocrx_word' id='word_1_753' title='bbox 2926 4574 3291 4644; x_wconf 63' lang='lat' dir='ltr'><strong>evangelistaa,</strong></span> <span class='ocrx_word' id='word_1_754' title='bbox 3326 4571 3609 4628; x_wconf 83' lang='lat' dir='ltr'><strong>Ecclesia—</strong></span> 
     </span>
    </p>
   </div>
   <div class='ocr_carea' id='block_1_104' title="bbox 2008 4664 3610 4741">
    <p class='ocr_par' dir='ltr' id='par_1_104' title="bbox 2008 4664 3610 4741">
     <span class='ocr_line' id='line_1_104' title="bbox 2008 4664 3610 4741; baseline -0.002 -17"><span class='ocrx_word' id='word_1_755' title='bbox 2008 4684 2128 4724; x_wconf 87' lang='lat' dir='ltr'><strong>rum</strong></span> <span class='ocrx_word' id='word_1_756' title='bbox 2156 4669 2457 4741; x_wconf 88' lang='lat' dir='ltr'><strong>principes,</strong></span> <span class='ocrx_word' id='word_1_757' title='bbox 2488 4677 2544 4724; x_wconf 92' lang='lat' dir='ltr'><strong>et</strong></span> <span class='ocrx_word' id='word_1_758' title='bbox 2570 4667 2809 4724; x_wconf 75' lang='lat' dir='ltr'><strong>cmlestis</strong></span> <span class='ocrx_word' id='word_1_759' title='bbox 2832 4666 2969 4722; x_wconf 63' lang='lat' dir='ltr'><strong>aulae</strong></span> <span class='ocrx_word' id='word_1_760' title='bbox 2994 4664 3348 4736; x_wconf 85' lang='lat' dir='ltr'><strong>triumphales</strong></span> <span class='ocrx_word' id='word_1_761' title='bbox 3379 4665 3610 4730; x_wconf 74' lang='lat' dir='ltr'><strong>milites,</strong></span> 
     </span>
    </p>
   </div>
   <div class='ocr_carea' id='block_1_105' title="bbox 2009 4756 3610 4828">
    <p class='ocr_par' dir='ltr' id='par_1_105' title="bbox 2009 4756 3610 4828">
     <span class='ocr_line' id='line_1_105' title="bbox 2009 4756 3610 4828; baseline -0.002 -14"><span class='ocrx_word' id='word_1_762' title='bbox 2009 4759 2134 4814; x_wconf 88' lang='lat' dir='ltr'><strong>date</strong></span> <span class='ocrx_word' id='word_1_763' title='bbox 2164 4758 2294 4812; x_wconf 86' lang='lat' dir='ltr'><strong>mihi</strong></span> <span class='ocrx_word' id='word_1_764' title='bbox 2322 4762 2486 4813; x_wconf 88' lang='lat' dir='ltr'><strong>vitam</strong></span> <span class='ocrx_word' id='word_1_765' title='bbox 2528 4758 2923 4819; x_wconf 83' lang='lat' dir='ltr'><strong>honorabilem.</strong></span> <span class='ocrx_word' id='word_1_766' title='bbox 2954 4757 3216 4813; x_wconf 89' lang='lat' dir='ltr'><strong>virtutum</strong></span> <span class='ocrx_word' id='word_1_767' title='bbox 3262 4756 3610 4828; x_wconf 73' lang='lat' dir='ltr'><strong>magnitudi-</strong></span> 
     </span>
    </p>
   </div>
   <div class='ocr_carea' id='block_1_106' title="bbox 2011 4849 3609 4914">
    <p class='ocr_par' dir='ltr' id='par_1_106' title="bbox 2011 4849 3609 4914">
     <span class='ocr_line' id='line_1_106' title="bbox 2011 4849 3609 4914; baseline 0.001 -11"><span class='ocrx_word' id='word_1_768' title='bbox 2011 4863 2156 4914; x_wconf 88' lang='lat' dir='ltr'><strong>nem,</strong></span> <span class='ocrx_word' id='word_1_769' title='bbox 2182 4849 2699 4904; x_wconf 86' lang='lat' dir='ltr'><strong>consummationem</strong></span> <span class='ocrx_word' id='word_1_770' title='bbox 2726 4849 3053 4906; x_wconf 89' lang='lat' dir='ltr'><strong>laudabilem</strong></span> <span class='ocrx_word' id='word_1_771' title='bbox 3100 4858 3156 4904; x_wconf 90' lang='lat' dir='ltr'><strong>et</strong></span> <span class='ocrx_word' id='word_1_772' title='bbox 3181 4857 3441 4904; x_wconf 70' lang='lat' dir='ltr'><strong>aeternam</strong></span> <span class='ocrx_word' id='word_1_773' title='bbox 3469 4849 3609 4904; x_wconf 58' lang='lat' dir='ltr'><strong>beac</strong></span> 
     </span>
    </p>
   </div>
   <div class='ocr_carea' id='block_1_107' title="bbox 2010 4938 3608 5011">
    <p class='ocr_par' dir='ltr' id='par_1_107' title="bbox 2010 4938 3608 5011">
     <span class='ocr_line' id='line_1_107' title="bbox 2010 4938 3608 5011; baseline 0.001 -17"><span class='ocrx_word' id='word_1_774' title='bbox 2010 4938 2327 5004; x_wconf 82' lang='lat' dir='ltr'><strong>titudinem;</strong></span> <span class='ocrx_word' id='word_1_775' title='bbox 2371 4938 2560 4995; x_wconf 81' lang='lat' dir='ltr'><strong>inﬂuat</strong></span> <span class='ocrx_word' id='word_1_776' title='bbox 2600 4940 2732 4995; x_wconf 91' lang='lat' dir='ltr'><strong>mibi</strong></span> <span class='ocrx_word' id='word_1_777' title='bbox 2769 4955 2867 5010; x_wconf 89' lang='lat' dir='ltr'><strong>per</strong></span> <span class='ocrx_word' id='word_1_778' title='bbox 2895 4954 2993 4996; x_wconf 87' lang='lat' dir='ltr'><strong>vos</strong></span> <span class='ocrx_word' id='word_1_779' title='bbox 3018 4955 3146 5011; x_wconf 79' lang='lat' dir='ltr'><strong>pax,</strong></span> <span class='ocrx_word' id='word_1_780' title='bbox 3184 4940 3356 4995; x_wconf 88' lang='lat' dir='ltr'><strong>virtus</strong></span> <span class='ocrx_word' id='word_1_781' title='bbox 3381 4948 3437 4995; x_wconf 91' lang='lat' dir='ltr'><strong>et</strong></span> <span class='ocrx_word' id='word_1_782' title='bbox 3472 4952 3608 5009; x_wconf 84' lang='lat' dir='ltr'><strong>per-</strong></span> 
     </span>
    </p>
   </div>
   <div class='ocr_carea' id='block_1_108' title="bbox 2009 5031 2367 5102">
    <p class='ocr_par' dir='ltr' id='par_1_108' title="bbox 2009 5031 2367 5102">
     <span class='ocr_line' id='line_1_108' title="bbox 2009 5031 2367 5102; baseline -0.003 -14"><span class='ocrx_word' id='word_1_783' title='bbox 2009 5041 2170 5102; x_wconf 85' lang='lat' dir='ltr'><strong>petua</strong></span> <span class='ocrx_word' id='word_1_784' title='bbox 2198 5031 2367 5087; x_wconf 88' lang='lat' dir='ltr'><strong>salus.</strong></span> 
     </span>
    </p>
   </div>
   <div class='ocr_carea' id='block_1_109' title="bbox 2080 5123 3598 5203">
    <p class='ocr_par' dir='ltr' id='par_1_109' title="bbox 2080 5123 3598 5203">
     <span class='ocr_line' id='line_1_109' title="bbox 2080 5123 3598 5203; baseline -0.003 -21"><span class='ocrx_word' id='word_1_785' title='bbox 2080 5126 2241 5203; x_wconf 71' lang='lat'><strong>271</strong></span> <span class='ocrx_word' id='word_1_786' title='bbox 2272 5125 2472 5183; x_wconf 88' lang='lat' dir='ltr'><strong>Christi</strong></span> <span class='ocrx_word' id='word_1_787' title='bbox 2502 5125 2795 5189; x_wconf 86' lang='lat' dir='ltr'><strong>dulcissimi</strong></span> <span class='ocrx_word' id='word_1_788' title='bbox 2832 5126 3164 5194; x_wconf 84' lang='lat' dir='ltr'><strong>sacerdotes,</strong></span> <span class='ocrx_word' id='word_1_789' title='bbox 3195 5137 3360 5196; x_wconf 87' lang='lat' dir='ltr'><strong>atque</strong></span> <span class='ocrx_word' id='word_1_790' title='bbox 3398 5123 3598 5194; x_wconf 84' lang='lat' dir='ltr'><strong>inclyti</strong></span> 
     </span>
    </p>
   </div>
   <div class='ocr_carea' id='block_1_110' title="bbox 2009 5214 3604 5286">
    <p class='ocr_par' dir='ltr' id='par_1_110' title="bbox 2009 5214 3604 5286">
     <span class='ocr_line' id='line_1_110' title="bbox 2009 5214 3604 5286; baseline -0.003 -15"><span class='ocrx_word' id='word_1_791' title='bbox 2009 5215 2282 5283; x_wconf 84' lang='lat' dir='ltr'><strong>doctores,</strong></span> <span class='ocrx_word' id='word_1_792' title='bbox 2319 5230 2618 5286; x_wconf 87' lang='lat' dir='ltr'><strong>omnesque</strong></span> <span class='ocrx_word' id='word_1_793' title='bbox 2650 5217 2826 5273; x_wconf 87' lang='lat' dir='ltr'><strong>sancti</strong></span> <span class='ocrx_word' id='word_1_794' title='bbox 2854 5216 3217 5283; x_wconf 84' lang='lat' dir='ltr'><strong>confessores,</strong></span> <span class='ocrx_word' id='word_1_795' title='bbox 3245 5216 3336 5286; x_wconf 90' lang='lat' dir='ltr'><strong>qui</strong></span> <span class='ocrx_word' id='word_1_796' title='bbox 3360 5214 3604 5283; x_wconf 79' lang='lat' dir='ltr'><strong>amplia-</strong></span> 
     </span>
    </p>
   </div>
   <div class='ocr_carea' id='block_1_111' title="bbox 2017 5303 3602 5378">
    <p class='ocr_par' dir='ltr' id='par_1_111' title="bbox 2017 5303 3602 5378">
     <span class='ocr_line' id='line_1_111' title="bbox 2017 5303 3602 5378; baseline -0.004 -15"><span class='ocrx_word' id='word_1_797' title='bbox 2017 5307 2118 5363; x_wconf 88' lang='lat' dir='ltr'><strong>stis</strong></span> <span class='ocrx_word' id='word_1_798' title='bbox 2142 5306 2406 5364; x_wconf 85' lang='lat' dir='ltr'><strong>talentum</strong></span> <span class='ocrx_word' id='word_1_799' title='bbox 2445 5307 2600 5365; x_wconf 90' lang='lat' dir='ltr'><strong>vobis</strong></span> <span class='ocrx_word' id='word_1_800' title='bbox 2638 5308 2904 5365; x_wconf 88' lang='lat' dir='ltr'><strong>creditum</strong></span> <span class='ocrx_word' id='word_1_801' title='bbox 2946 5321 3047 5378; x_wconf 85' lang='lat' dir='ltr'><strong>per</strong></span> <span class='ocrx_word' id='word_1_802' title='bbox 3091 5303 3602 5363; x_wconf 83' lang='lat' dir='ltr'><strong>immarcescibilem</strong></span> 
     </span>
    </p>
   </div>
   <div class='ocr_carea' id='block_1_112' title="bbox 1588 5418 2268 5483">
    <p class='ocr_par' dir='ltr' id='par_1_112' title="bbox 1588 5418 2268 5483">
     <span class='ocr_line' id='line_1_112' title="bbox 1588 5418 2268 5483; baseline 0 -3"><span class='ocrx_word' id='word_1_803' title='bbox 1588 5418 1823 5480; x_wconf 71' lang='lat' dir='ltr'><strong>VARUE</strong></span> <span class='ocrx_word' id='word_1_804' title='bbox 1862 5423 2268 5483; x_wconf 82' lang='lat' dir='ltr'><strong>LECTIONES.</strong></span> 
     </span>
    </p>
   </div>
   <div class='ocr_carea' id='block_1_113' title="bbox 392 5503 3588 5589">
    <p class='ocr_par' dir='ltr' id='par_1_113' title="bbox 392 5503 3588 5589">
     <span class='ocr_line' id='line_1_113' title="bbox 392 5503 3588 5589; baseline 0.002 -29"><span class='ocrx_word' id='word_1_805' title='bbox 392 5503 484 5589; x_wconf 54' lang='lat' dir='ltr'><strong>“ff</strong></span> <span class='ocrx_word' id='word_1_806' title='bbox 512 5506 736 5589; x_wconf 57' lang='lat' dir='ltr'><strong>Cauete</strong></span> <span class='ocrx_word' id='word_1_807' title='bbox 759 5519 836 5589; x_wconf 70' lang='lat' dir='ltr'><strong>est</strong></span> <span class='ocrx_word' id='word_1_808' title='bbox 884 5526 1002 5589; x_wconf 68' lang='lat' dir='ltr'><strong>eam</strong></span> <span class='ocrx_word' id='word_1_809' title='bbox 1030 5509 1171 5589; x_wconf 53' lang='lat' dir='ltr'><strong>glas.</strong></span> <span class='ocrx_word' id='word_1_810' title='bbox 1216 5510 1353 5589; x_wconf 53' lang='lat' dir='ltr'><strong>Titii.</strong></span> <span class='ocrx_word' id='word_1_811' title='bbox 1385 5512 1515 5589; x_wconf 64' lang='lat'><strong>267.</strong></span> <span class='ocrx_word' id='word_1_812' title='bbox 1550 5514 1756 5589; x_wconf 28' lang='lat' dir='ltr'><strong>etMBeg.</strong></span> <span class='ocrx_word' id='word_1_813' title='bbox 1791 5517 1858 5571; x_wconf 90' lang='grc' dir='ltr'><strong>Ο.</strong></span> <span class='ocrx_word' id='word_1_814' title='bbox 1884 5519 2025 5573; x_wconf 79' lang='lat' dir='ltr'><strong>Ante</strong></span> <span class='ocrx_word' id='word_1_815' title='bbox 2049 5517 2454 5589; x_wconf 85' lang='lat' dir='ltr'><strong>perceptionem</strong></span> <span class='ocrx_word' id='word_1_816' title='bbox 2495 5517 2753 5588; x_wconf 82' lang='lat' dir='ltr'><strong>Corporis</strong></span> <span class='ocrx_word' id='word_1_817' title='bbox 2802 5526 2858 5572; x_wconf 88' lang='lat' dir='ltr'><strong>et</strong></span> <span class='ocrx_word' id='word_1_818' title='bbox 2895 5515 3190 5589; x_wconf 79' lang='lat' dir='ltr'><strong>Sanguinis</strong></span> <span class='ocrx_word' id='word_1_819' title='bbox 3218 5515 3425 5589; x_wconf 66' lang='lat' dir='ltr'><strong>Christi</strong></span> <span class='ocrx_word' id='word_1_820' title='bbox 3460 5531 3588 5569; x_wconf 70' lang='grc' dir='ltr'><strong>υσεδ.</strong></span> 
     </span>
    </p>
   </div>
   <div class='ocr_carea' id='block_1_114' title="bbox 316 5574 3601 5665">
    <p class='ocr_par' dir='ltr' id='par_1_114' title="bbox 316 5574 3601 5665">
     <span class='ocr_line' id='line_1_114' title="bbox 316 5574 3601 5665; baseline 0.011 -39"><span class='ocrx_word' id='word_1_821' title='bbox 521 5579 997 5665; x_wconf 47' lang='grc' dir='ltr'><strong>ξιιρέίξ(ξξρῇβιιιίιιιη</strong></span> <span class='ocrx_word' id='word_1_822' title='bbox 1022 5580 1233 5665; x_wconf 75' lang='lat' dir='ltr'><strong>Corpus</strong></span> <span class='ocrx_word' id='word_1_823' title='bbox 1269 5583 1482 5642; x_wconf 89' lang='lat' dir='ltr'><strong>Domini</strong></span> <span class='ocrx_word' id='word_1_824' title='bbox 1574 5586 1666 5620; x_wconf 66' lang='grc'><strong>³³⁸⁸</strong></span> <span class='ocrx_word' id='word_1_825' title='bbox 1698 5586 1957 5649; x_wconf 87' lang='lat' dir='ltr'><strong>Sanctum</strong></span> <span class='ocrx_word' id='word_1_826' title='bbox 1981 5574 2192 5665; x_wconf 64' lang='lat' dir='ltr'><strong>corpus</strong></span> <span class='ocrx_word' id='word_1_827' title='bbox 2214 5574 2271 5647; x_wconf 68' lang='lat' dir='ltr'><strong>ct</strong></span> <span class='ocrx_word' id='word_1_828' title='bbox 2297 5574 2618 5660; x_wconf 71' lang='lat' dir='ltr'><strong>sanguinem</strong></span> <span class='ocrx_word' id='word_1_829' title='bbox 2644 5597 2792 5644; x_wconf 85' lang='lat' dir='ltr'><strong>tuum</strong></span> <span class='ocrx_word' id='word_1_830' title='bbox 2823 5604 2947 5643; x_wconf 64' lang='lat' dir='ltr'><strong>nm.</strong></span> <span class='ocrx_word' id='word_1_831' title='bbox 2972 5574 3086 5646; x_wconf 60' lang='grc' dir='ltr'><strong>υἷε</strong></span> <span class='ocrx_word' id='word_1_832' title='bbox 3110 5597 3359 5648; x_wconf 68' lang='lat' dir='ltr'><strong>Sancum</strong></span> <span class='ocrx_word' id='word_1_833' title='bbox 3383 5585 3601 5661; x_wconf 64' lang='grc' dir='ltr'><strong>οοτνιιε</strong></span> 
     </span>
    </p>
   </div>
   <div class='ocr_carea' id='block_1_115' title="bbox 316 5644 1369 5720">
    <p class='ocr_par' dir='ltr' id='par_1_115' title="bbox 316 5644 1369 5720">
     <span class='ocr_line' id='line_1_115' title="bbox 316 5644 1369 5720; baseline 0.011 -22"><span class='ocrx_word' id='word_1_834' title='bbox 316 5654 373 5699; x_wconf 86' lang='lat' dir='ltr'><strong>et</strong></span> <span class='ocrx_word' id='word_1_835' title='bbox 401 5644 541 5701; x_wconf 86' lang='lat' dir='ltr'><strong>hunc</strong></span> <span class='ocrx_word' id='word_1_836' title='bbox 570 5644 814 5704; x_wconf 73' lang='lat' dir='ltr'><strong>sanctum</strong></span> <span class='ocrx_word' id='word_1_837' title='bbox 864 5644 1179 5720; x_wconf 70' lang='lat' dir='ltr'><strong>sanguinein</strong></span> <span class='ocrx_word' id='word_1_838' title='bbox 1220 5662 1369 5716; x_wconf 83' lang='lat' dir='ltr'><strong>tuum</strong></span> 
     </span>
    </p>
   </div>
  </div>
