  <div class='ocr_page' id='page_1' title='image "/cluster/home/n/w/nwhite01/storage/ocr_20150623/158/hvd.32044054760160/470.png"; bbox 0 0 3906 6058; ppageno 0'>
   <div class='ocr_carea' id='block_1_1' title="bbox 259 211 379 276">
    <p class='ocr_par' dir='ltr' id='par_1_1' title="bbox 259 211 379 276">
     <span class='ocr_line' id='line_1_1' title="bbox 259 211 379 276; baseline -0.017 -1"><span class='ocrx_word' id='word_1_1' title='bbox 259 211 379 276; x_wconf 66' lang='grc'>’³929</span> 
     </span>
    </p>
   </div>
   <div class='ocr_carea' id='block_1_2' title="bbox 1702 201 2116 267">
    <p class='ocr_par' dir='ltr' id='par_1_2' title="bbox 1702 201 2116 267">
     <span class='ocr_line' id='line_1_2' title="bbox 1702 201 2116 267; baseline -0.01 1"><span class='ocrx_word' id='word_1_2' title='bbox 1702 201 2116 267; x_wconf 60' lang='grc' dir='ltr'><strong>οιιΑτιοΝΕεη</strong></span> 
     </span>
    </p>
   </div>
   <div class='ocr_carea' id='block_1_3' title="bbox 3433 205 3548 274">
    <p class='ocr_par' dir='ltr' id='par_1_3' title="bbox 3433 205 3548 274">
     <span class='ocr_line' id='line_1_3' title="bbox 3433 205 3548 274; baseline 0 0"><span class='ocrx_word' id='word_1_3' title='bbox 3433 205 3548 274; x_wconf 72' lang='grc'><strong>’930</strong></span> 
     </span>
    </p>
   </div>
   <div class='ocr_carea' id='block_1_4' title="bbox 275 315 3546 406">
    <p class='ocr_par' dir='ltr' id='par_1_4' title="bbox 275 315 3546 406">
     <span class='ocr_line' id='line_1_4' title="bbox 275 315 3546 406; baseline 0.002 -22"><span class='ocrx_word' id='word_1_4' title='bbox 275 332 513 386; x_wconf 85' lang='lat' dir='ltr'><strong>fructum</strong></span> <span class='ocrx_word' id='word_1_5' title='bbox 556 329 820 386; x_wconf 79' lang='lat' dir='ltr'><strong>bonorum</strong></span> <span class='ocrx_word' id='word_1_6' title='bbox 847 339 1096 397; x_wconf 79' lang='lat' dir='ltr'><strong>onerum,</strong></span> <span class='ocrx_word' id='word_1_7' title='bbox 1123 325 1220 382; x_wconf 92' lang='lat' dir='ltr'><strong>Dei</strong></span> <span class='ocrx_word' id='word_1_8' title='bbox 1247 324 1500 382; x_wconf 79' lang='lat' dir='ltr'><strong>ineifabili</strong></span> <span class='ocrx_word' id='word_1_9' title='bbox 1532 327 1732 396; x_wconf 76' lang='lat' dir='ltr'><strong>pietate</strong></span> <span class='ocrx_word' id='word_1_10' title='bbox 1755 327 1851 381; x_wconf 76' lang='lat' dir='ltr'><strong>de-</strong></span> <span class='ocrx_word' id='word_1_11' title='bbox 1885 333 1931 390; x_wconf 79' lang='grc' dir='ltr'>Α</span> <span class='ocrx_word' id='word_1_12' title='bbox 1961 323 2332 393; x_wconf 62' lang='lat' dir='ltr'><strong>paenitentiam</strong></span> <span class='ocrx_word' id='word_1_13' title='bbox 2363 324 2573 394; x_wconf 73' lang='lat' dir='ltr'><strong>bapt-iza</strong></span> <span class='ocrx_word' id='word_1_14' title='bbox 2611 341 2716 380; x_wconf 85' lang='lat' dir='ltr'><strong>me.</strong></span> <span class='ocrx_word' id='word_1_15' title='bbox 2742 315 2954 383; x_wconf 82' lang='lat' dir='ltr'><strong>Juss&#39;isti</strong></span> <span class='ocrx_word' id='word_1_16' title='bbox 2985 323 3363 398; x_wconf 70' lang='lat' dir='ltr'><strong>peccatoribus</strong></span> <span class='ocrx_word' id='word_1_17' title='bbox 3383 345 3546 406; x_wconf 82' lang='lat' dir='ltr'><strong>agere</strong></span> 
     </span>
    </p>
   </div>
   <div class='ocr_carea' id='block_1_5' title="bbox 269 417 1856 490">
    <p class='ocr_par' dir='ltr' id='par_1_5' title="bbox 269 417 1856 490">
     <span class='ocr_line' id='line_1_5' title="bbox 269 417 1856 490; baseline -0.001 -17"><span class='ocrx_word' id='word_1_18' title='bbox 269 432 364 474; x_wconf 78' lang='lat' dir='ltr'><strong>tur</strong></span> <span class='ocrx_word' id='word_1_19' title='bbox 387 421 518 475; x_wconf 87' lang='lat' dir='ltr'><strong>mihi</strong></span> <span class='ocrx_word' id='word_1_20' title='bbox 546 435 645 490; x_wconf 89' lang='lat' dir='ltr'><strong>per</strong></span> <span class='ocrx_word' id='word_1_21' title='bbox 667 436 761 476; x_wconf 89' lang='lat' dir='ltr'><strong>vos</strong></span> <span class='ocrx_word' id='word_1_22' title='bbox 787 428 1132 490; x_wconf 76' lang='lat' dir='ltr'><strong>peccatorum</strong></span> <span class='ocrx_word' id='word_1_23' title='bbox 1155 417 1512 486; x_wconf 71' lang='lat' dir='ltr'><strong>indulgentia,</strong></span> <span class='ocrx_word' id='word_1_24' title='bbox 1543 418 1704 472; x_wconf 89' lang='lat' dir='ltr'><strong>totius</strong></span> <span class='ocrx_word' id='word_1_25' title='bbox 1733 419 1856 472; x_wconf 82' lang='lat' dir='ltr'><strong>boui</strong></span> 
     </span>
    </p>
   </div>
   <div class='ocr_carea' id='block_1_6' title="bbox 265 508 1860 582">
    <p class='ocr_par' dir='ltr' id='par_1_6' title="bbox 265 508 1860 582">
     <span class='ocr_line' id='line_1_6' title="bbox 265 508 1860 582; baseline -0.004 -14"><span class='ocrx_word' id='word_1_26' title='bbox 265 516 452 582; x_wconf 79' lang='lat' dir='ltr'><strong>copia,</strong></span> <span class='ocrx_word' id='word_1_27' title='bbox 504 513 808 568; x_wconf 65' lang='lat' dir='ltr'><strong>caelestium</strong></span> <span class='ocrx_word' id='word_1_28' title='bbox 841 509 1298 580; x_wconf 80' lang='lat' dir='ltr'><strong>concupiscentia,</strong></span> <span class='ocrx_word' id='word_1_29' title='bbox 1333 519 1484 580; x_wconf 79' lang='lat' dir='ltr'><strong>grata</strong></span> <span class='ocrx_word' id='word_1_30' title='bbox 1515 508 1741 564; x_wconf 78' lang='lat' dir='ltr'><strong>fratrum</strong></span> <span class='ocrx_word' id='word_1_31' title='bbox 1771 511 1860 562; x_wconf 89' lang='lat' dir='ltr'><strong>be-</strong></span> 
     </span>
    </p>
   </div>
   <div class='ocr_carea' id='block_1_7' title="bbox 265 600 1857 670">
    <p class='ocr_par' dir='ltr' id='par_1_7' title="bbox 265 600 1857 670">
     <span class='ocr_line' id='line_1_7' title="bbox 265 600 1857 670; baseline -0.004 -10"><span class='ocrx_word' id='word_1_32' title='bbox 265 605 604 670; x_wconf 74' lang='lat' dir='ltr'><strong>nevolentia,</strong></span> <span class='ocrx_word' id='word_1_33' title='bbox 655 618 868 658; x_wconf 87' lang='lat' dir='ltr'><strong>morunt</strong></span> <span class='ocrx_word' id='word_1_34' title='bbox 937 601 1262 664; x_wconf 81' lang='lat' dir='ltr'><strong>reverentia,</strong></span> <span class='ocrx_word' id='word_1_35' title='bbox 1329 600 1705 654; x_wconf 80' lang='lat' dir='ltr'><strong>mandaturum</strong></span> <span class='ocrx_word' id='word_1_36' title='bbox 1760 601 1857 654; x_wconf 78' lang='lat' dir='ltr'><strong>=Dei</strong></span> 
     </span>
    </p>
   </div>
   <div class='ocr_carea' id='block_1_8' title="bbox 273 691 1858 760">
    <p class='ocr_par' dir='ltr' id='par_1_8' title="bbox 273 691 1858 760">
     <span class='ocr_line' id='line_1_8' title="bbox 273 691 1858 760; baseline -0.004 -10"><span class='ocrx_word' id='word_1_37' title='bbox 273 697 642 752; x_wconf 78' lang='lat' dir='ltr'><strong>observantia.</strong></span> <span class='ocrx_word' id='word_1_38' title='bbox 667 693 874 748; x_wconf 82' lang='lat' dir='ltr'><strong>Precor</strong></span> <span class='ocrx_word' id='word_1_39' title='bbox 891 701 970 759; x_wconf 84' lang='lat' dir='ltr'><strong>te,</strong></span> <span class='ocrx_word' id='word_1_40' title='bbox 1011 692 1168 748; x_wconf 93' lang='lat' dir='ltr'><strong>beate</strong></span> <span class='ocrx_word' id='word_1_41' title='bbox 1205 691 1270 745; x_wconf 82' lang='grc' dir='ltr'><strong>Ν.</strong></span> <span class='ocrx_word' id='word_1_42' title='bbox 1295 691 1644 746; x_wconf 83' lang='lat' dir='ltr'><strong>devotissitna</strong></span> <span class='ocrx_word' id='word_1_43' title='bbox 1679 705 1858 760; x_wconf 77' lang='lat' dir='ltr'><strong>prece,</strong></span> 
     </span>
    </p>
   </div>
   <div class='ocr_carea' id='block_1_9' title="bbox 275 781 1858 856">
    <p class='ocr_par' dir='ltr' id='par_1_9' title="bbox 275 781 1858 856">
     <span class='ocr_line' id='line_1_9' title="bbox 275 781 1858 856; baseline -0.003 -16"><span class='ocrx_word' id='word_1_44' title='bbox 275 787 500 856; x_wconf 80' lang='lat' dir='ltr'><strong>dignare</strong></span> <span class='ocrx_word' id='word_1_45' title='bbox 531 799 621 840; x_wconf 86' lang='lat' dir='ltr'><strong>me</strong></span> <span class='ocrx_word' id='word_1_46' title='bbox 661 785 810 838; x_wconf 83' lang='lat' dir='ltr'><strong>inter</strong></span> <span class='ocrx_word' id='word_1_47' title='bbox 861 792 980 838; x_wconf 89' lang='lat' dir='ltr'><strong>tuos</strong></span> <span class='ocrx_word' id='word_1_48' title='bbox 1013 795 1330 854; x_wconf 78' lang='lat' dir='ltr'><strong>agnoscere,</strong></span> <span class='ocrx_word' id='word_1_49' title='bbox 1353 797 1476 836; x_wconf 90' lang='lat' dir='ltr'><strong>cum</strong></span> <span class='ocrx_word' id='word_1_50' title='bbox 1521 781 1731 836; x_wconf 85' lang='lat' dir='ltr'><strong>sederis</strong></span> <span class='ocrx_word' id='word_1_51' title='bbox 1757 795 1858 850; x_wconf 84' lang='lat' dir='ltr'><strong>po-</strong></span> 
     </span>
    </p>
   </div>
   <div class='ocr_carea' id='block_1_10' title="bbox 277 872 1714 946">
    <p class='ocr_par' dir='ltr' id='par_1_10' title="bbox 277 872 1714 946">
     <span class='ocr_line' id='line_1_10' title="bbox 277 872 1714 946; baseline -0.006 -12"><span class='ocrx_word' id='word_1_52' title='bbox 277 887 396 934; x_wconf 87' lang='lat' dir='ltr'><strong>tens</strong></span> <span class='ocrx_word' id='word_1_53' title='bbox 418 875 698 946; x_wconf 82' lang='lat' dir='ltr'><strong>injudieio</strong></span> <span class='ocrx_word' id='word_1_54' title='bbox 736 875 922 930; x_wconf 80' lang='lat' dir='ltr'><strong>orbem</strong></span> <span class='ocrx_word' id='word_1_55' title='bbox 943 873 1283 946; x_wconf 67' lang='lat' dir='ltr'><strong>iudicaturus</strong></span> <span class='ocrx_word' id='word_1_56' title='bbox 1303 887 1434 928; x_wconf 79' lang='lat' dir='ltr'><strong>cum</strong></span> <span class='ocrx_word' id='word_1_57' title='bbox 1465 872 1714 927; x_wconf 89' lang='lat' dir='ltr'><strong>Domino.</strong></span> 
     </span>
    </p>
   </div>
   <div class='ocr_carea' id='block_1_11' title="bbox 347 968 1858 1041">
    <p class='ocr_par' dir='ltr' id='par_1_11' title="bbox 347 968 1858 1041">
     <span class='ocr_line' id='line_1_11' title="bbox 347 968 1858 1041; baseline -0.003 -15"><span class='ocrx_word' id='word_1_58' title='bbox 347 968 551 1026; x_wconf 88' lang='lat' dir='ltr'><strong>Omnes</strong></span> <span class='ocrx_word' id='word_1_59' title='bbox 579 979 780 1026; x_wconf 75' lang='lat' dir='ltr'><strong>sancta:</strong></span> <span class='ocrx_word' id='word_1_60' title='bbox 813 970 1066 1041; x_wconf 82' lang='lat' dir='ltr'><strong>virgines,</strong></span> <span class='ocrx_word' id='word_1_61' title='bbox 1097 981 1220 1038; x_wconf 79' lang='lat' dir='ltr'><strong>quae</strong></span> <span class='ocrx_word' id='word_1_62' title='bbox 1269 968 1482 1023; x_wconf 68' lang='lat' dir='ltr'><strong>caelesti</strong></span> <span class='ocrx_word' id='word_1_63' title='bbox 1521 968 1732 1038; x_wconf 91' lang='lat' dir='ltr'><strong>Sponso</strong></span> <span class='ocrx_word' id='word_1_64' title='bbox 1763 981 1858 1036; x_wconf 87' lang='lat' dir='ltr'><strong>pe-</strong></span> 
     </span>
    </p>
   </div>
   <div class='ocr_carea' id='block_1_12' title="bbox 273 1059 1858 1124">
    <p class='ocr_par' dir='ltr' id='par_1_12' title="bbox 273 1059 1858 1124">
     <span class='ocr_line' id='line_1_12' title="bbox 273 1059 1858 1124; baseline -0.004 -6"><span class='ocrx_word' id='word_1_65' title='bbox 273 1064 438 1118; x_wconf 82' lang='lat' dir='ltr'><strong>renni</strong></span> <span class='ocrx_word' id='word_1_66' title='bbox 465 1075 646 1120; x_wconf 89' lang='lat' dir='ltr'><strong>mente</strong></span> <span class='ocrx_word' id='word_1_67' title='bbox 668 1062 1008 1118; x_wconf 78' lang='lat' dir='ltr'><strong>adhaerentes</strong></span> <span class='ocrx_word' id='word_1_68' title='bbox 1025 1061 1210 1116; x_wconf 79' lang='lat' dir='ltr'><strong>luxum</strong></span> <span class='ocrx_word' id='word_1_69' title='bbox 1233 1060 1488 1116; x_wconf 88' lang='lat' dir='ltr'><strong>calcastis</strong></span> <span class='ocrx_word' id='word_1_70' title='bbox 1519 1059 1722 1124; x_wconf 68' lang='lat' dir='ltr'><strong>stcculi,</strong></span> <span class='ocrx_word' id='word_1_71' title='bbox 1739 1074 1858 1114; x_wconf 84' lang='lat' dir='ltr'><strong>om-</strong></span> 
     </span>
    </p>
   </div>
   <div class='ocr_carea' id='block_1_13' title="bbox 279 1146 1860 1222">
    <p class='ocr_par' dir='ltr' id='par_1_13' title="bbox 279 1146 1860 1222">
     <span class='ocr_line' id='line_1_13' title="bbox 279 1146 1860 1222; baseline -0.003 -16"><span class='ocrx_word' id='word_1_72' title='bbox 279 1167 482 1222; x_wconf 88' lang='lat' dir='ltr'><strong>nesque</strong></span> <span class='ocrx_word' id='word_1_73' title='bbox 511 1159 714 1208; x_wconf 67' lang='lat' dir='ltr'><strong>sancta:</strong></span> <span class='ocrx_word' id='word_1_74' title='bbox 757 1151 934 1206; x_wconf 79' lang='lat' dir='ltr'><strong>viduae</strong></span> <span class='ocrx_word' id='word_1_75' title='bbox 976 1151 1264 1220; x_wconf 89' lang='lat' dir='ltr'><strong>impetrate</strong></span> <span class='ocrx_word' id='word_1_76' title='bbox 1295 1149 1426 1202; x_wconf 88' lang='lat' dir='ltr'><strong>mihi</strong></span> <span class='ocrx_word' id='word_1_77' title='bbox 1453 1146 1624 1202; x_wconf 83' lang='lat' dir='ltr'><strong>fetido</strong></span> <span class='ocrx_word' id='word_1_78' title='bbox 1663 1162 1860 1201; x_wconf 88' lang='lat' dir='ltr'><strong>munus</strong></span> 
     </span>
    </p>
   </div>
   <div class='ocr_carea' id='block_1_14' title="bbox 271 1241 1859 1314">
    <p class='ocr_par' dir='ltr' id='par_1_14' title="bbox 271 1241 1859 1314">
     <span class='ocr_line' id='line_1_14' title="bbox 271 1241 1859 1314; baseline -0.004 -16"><span class='ocrx_word' id='word_1_79' title='bbox 271 1244 530 1312; x_wconf 85' lang='lat' dir='ltr'><strong>perennis</strong></span> <span class='ocrx_word' id='word_1_80' title='bbox 554 1243 766 1314; x_wconf 66' lang='lat' dir='ltr'><strong>gratiae,</strong></span> <span class='ocrx_word' id='word_1_81' title='bbox 800 1243 922 1297; x_wconf 76' lang='lat' dir='ltr'><strong>vitae</strong></span> <span class='ocrx_word' id='word_1_82' title='bbox 956 1241 1396 1304; x_wconf 81' lang='lat' dir='ltr'><strong>sanctimoniam,</strong></span> <span class='ocrx_word' id='word_1_83' title='bbox 1427 1241 1672 1310; x_wconf 88' lang='lat' dir='ltr'><strong>corporis</strong></span> <span class='ocrx_word' id='word_1_84' title='bbox 1699 1254 1859 1292; x_wconf 89' lang='lat' dir='ltr'><strong>mun-</strong></span> 
     </span>
    </p>
   </div>
   <div class='ocr_carea' id='block_1_15' title="bbox 275 1331 1860 1400">
    <p class='ocr_par' dir='ltr' id='par_1_15' title="bbox 275 1331 1860 1400">
     <span class='ocr_line' id='line_1_15' title="bbox 275 1331 1860 1400; baseline -0.002 -12"><span class='ocrx_word' id='word_1_85' title='bbox 275 1335 482 1400; x_wconf 89' lang='lat' dir='ltr'><strong>ditiam,</strong></span> <span class='ocrx_word' id='word_1_86' title='bbox 524 1336 704 1391; x_wconf 85' lang='lat' dir='ltr'><strong>cordis</strong></span> <span class='ocrx_word' id='word_1_87' title='bbox 736 1335 1120 1400; x_wconf 85' lang='lat' dir='ltr'><strong>innocentiam,</strong></span> <span class='ocrx_word' id='word_1_88' title='bbox 1153 1333 1274 1390; x_wconf 84' lang='lat' dir='ltr'><strong>ﬁdei</strong></span> <span class='ocrx_word' id='word_1_89' title='bbox 1301 1333 1636 1398; x_wconf 81' lang='lat' dir='ltr'><strong>ﬁrmitatem,</strong></span> <span class='ocrx_word' id='word_1_90' title='bbox 1663 1331 1860 1388; x_wconf 83' lang='lat' dir='ltr'><strong>frater-</strong></span> 
     </span>
    </p>
   </div>
   <div class='ocr_carea' id='block_1_16' title="bbox 274 1427 828 1482">
    <p class='ocr_par' dir='ltr' id='par_1_16' title="bbox 274 1427 828 1482">
     <span class='ocr_line' id='line_1_16' title="bbox 274 1427 828 1482; baseline 0.004 -2"><span class='ocrx_word' id='word_1_91' title='bbox 274 1427 460 1482; x_wconf 88' lang='lat' dir='ltr'><strong>nitatis</strong></span> <span class='ocrx_word' id='word_1_92' title='bbox 483 1428 828 1482; x_wconf 88' lang='lat' dir='ltr'><strong>charitatem.</strong></span> 
     </span>
    </p>
   </div>
   <div class='ocr_carea' id='block_1_17' title="bbox 343 1517 1860 1590">
    <p class='ocr_par' dir='ltr' id='par_1_17' title="bbox 343 1517 1860 1590">
     <span class='ocr_line' id='line_1_17' title="bbox 343 1517 1860 1590; baseline 0 -18"><span class='ocrx_word' id='word_1_93' title='bbox 343 1517 672 1576; x_wconf 85' lang='lat' dir='ltr'><strong>lntercedite</strong></span> <span class='ocrx_word' id='word_1_94' title='bbox 695 1535 792 1589; x_wconf 87' lang='lat' dir='ltr'><strong>pro</strong></span> <span class='ocrx_word' id='word_1_95' title='bbox 823 1533 932 1586; x_wconf 89' lang='lat' dir='ltr'><strong>me,</strong></span> <span class='ocrx_word' id='word_1_96' title='bbox 955 1533 1148 1575; x_wconf 90' lang='lat' dir='ltr'><strong>omnes</strong></span> <span class='ocrx_word' id='word_1_97' title='bbox 1175 1521 1376 1586; x_wconf 79' lang='lat' dir='ltr'><strong>sancti,</strong></span> <span class='ocrx_word' id='word_1_98' title='bbox 1403 1521 1714 1590; x_wconf 82' lang='lat' dir='ltr'><strong>quicunque</strong></span> <span class='ocrx_word' id='word_1_99' title='bbox 1751 1519 1860 1572; x_wconf 85' lang='lat' dir='ltr'><strong>Deo</strong></span> 
     </span>
    </p>
   </div>
   <div class='ocr_carea' id='block_1_18' title="bbox 271 1611 1858 1683">
    <p class='ocr_par' dir='ltr' id='par_1_18' title="bbox 271 1611 1858 1683">
     <span class='ocr_line' id='line_1_18' title="bbox 271 1611 1858 1683; baseline 0 -19"><span class='ocrx_word' id='word_1_100' title='bbox 271 1611 556 1682; x_wconf 89' lang='lat' dir='ltr'><strong>placuistis</strong></span> <span class='ocrx_word' id='word_1_101' title='bbox 583 1612 652 1666; x_wconf 88' lang='lat' dir='ltr'><strong>ab</strong></span> <span class='ocrx_word' id='word_1_102' title='bbox 681 1612 838 1669; x_wconf 87' lang='lat' dir='ltr'><strong>initio</strong></span> <span class='ocrx_word' id='word_1_103' title='bbox 865 1613 1068 1669; x_wconf 69' lang='lat' dir='ltr'><strong>saeculi.</strong></span> <span class='ocrx_word' id='word_1_104' title='bbox 1099 1613 1295 1683; x_wconf 84' lang='lat' dir='ltr'><strong>Aptate</strong></span> <span class='ocrx_word' id='word_1_105' title='bbox 1319 1629 1408 1668; x_wconf 91' lang='lat' dir='ltr'><strong>me</strong></span> <span class='ocrx_word' id='word_1_106' title='bbox 1437 1614 1504 1668; x_wconf 90' lang='lat' dir='ltr'><strong>ad</strong></span> <span class='ocrx_word' id='word_1_107' title='bbox 1527 1613 1858 1667; x_wconf 84' lang='lat' dir='ltr'><strong>voluntatem</strong></span> 
     </span>
    </p>
   </div>
   <div class='ocr_carea' id='block_1_19' title="bbox 275 1701 1860 1773">
    <p class='ocr_par' dir='ltr' id='par_1_19' title="bbox 275 1701 1860 1773">
     <span class='ocr_line' id='line_1_19' title="bbox 275 1701 1860 1773; baseline 0.001 -17"><span class='ocrx_word' id='word_1_108' title='bbox 275 1701 372 1756; x_wconf 86' lang='lat' dir='ltr'><strong>Dei</strong></span> <span class='ocrx_word' id='word_1_109' title='bbox 419 1704 782 1773; x_wconf 76' lang='lat' dir='ltr'><strong>peragendam</strong></span> <span class='ocrx_word' id='word_1_110' title='bbox 835 1704 888 1758; x_wconf 91' lang='lat' dir='ltr'><strong>in</strong></span> <span class='ocrx_word' id='word_1_111' title='bbox 941 1705 1088 1760; x_wconf 89' lang='lat' dir='ltr'><strong>omni</strong></span> <span class='ocrx_word' id='word_1_112' title='bbox 1118 1719 1282 1773; x_wconf 86' lang='lat' dir='ltr'><strong>opere</strong></span> <span class='ocrx_word' id='word_1_113' title='bbox 1327 1704 1486 1768; x_wconf 90' lang='lat' dir='ltr'><strong>bono,</strong></span> <span class='ocrx_word' id='word_1_114' title='bbox 1539 1714 1598 1757; x_wconf 89' lang='lat' dir='ltr'><strong>ut</strong></span> <span class='ocrx_word' id='word_1_115' title='bbox 1623 1704 1860 1773; x_wconf 89' lang='lat' dir='ltr'><strong>peccatis</strong></span> 
     </span>
    </p>
   </div>
   <div class='ocr_carea' id='block_1_20' title="bbox 275 1794 1862 1867">
    <p class='ocr_par' dir='ltr' id='par_1_20' title="bbox 275 1794 1862 1867">
     <span class='ocr_line' id='line_1_20' title="bbox 275 1794 1862 1867; baseline 0.001 -19"><span class='ocrx_word' id='word_1_116' title='bbox 275 1803 546 1860; x_wconf 90' lang='lat' dir='ltr'><strong>mortuus,</strong></span> <span class='ocrx_word' id='word_1_117' title='bbox 579 1795 689 1850; x_wconf 91' lang='lat' dir='ltr'><strong>Deo</strong></span> <span class='ocrx_word' id='word_1_118' title='bbox 713 1797 914 1862; x_wconf 86' lang='lat' dir='ltr'><strong>vivam,</strong></span> <span class='ocrx_word' id='word_1_119' title='bbox 944 1805 1000 1851; x_wconf 90' lang='lat' dir='ltr'><strong>et</strong></span> <span class='ocrx_word' id='word_1_120' title='bbox 1030 1807 1176 1861; x_wconf 87' lang='lat' dir='ltr'><strong>vota,</strong></span> <span class='ocrx_word' id='word_1_121' title='bbox 1199 1813 1320 1867; x_wconf 76' lang='lat' dir='ltr'><strong>quae</strong></span> <span class='ocrx_word' id='word_1_122' title='bbox 1348 1798 1459 1851; x_wconf 87' lang='lat' dir='ltr'><strong>Deo</strong></span> <span class='ocrx_word' id='word_1_123' title='bbox 1487 1795 1628 1859; x_wconf 87' lang='lat' dir='ltr'><strong>vovi,</strong></span> <span class='ocrx_word' id='word_1_124' title='bbox 1663 1794 1862 1850; x_wconf 75' lang='lat' dir='ltr'><strong>vestris</strong></span> 
     </span>
    </p>
   </div>
   <div class='ocr_carea' id='block_1_21' title="bbox 275 1887 1862 1958">
    <p class='ocr_par' dir='ltr' id='par_1_21' title="bbox 275 1887 1862 1958">
     <span class='ocr_line' id='line_1_21' title="bbox 275 1887 1862 1958; baseline -0.003 -14"><span class='ocrx_word' id='word_1_125' title='bbox 275 1887 700 1958; x_wconf 75' lang='lat' dir='ltr'><strong>suﬂ&#39;ragantibus</strong></span> <span class='ocrx_word' id='word_1_126' title='bbox 729 1889 944 1946; x_wconf 87' lang='lat' dir='ltr'><strong>meritis</strong></span> <span class='ocrx_word' id='word_1_127' title='bbox 982 1890 1056 1944; x_wconf 88' lang='lat' dir='ltr'><strong>illi</strong></span> <span class='ocrx_word' id='word_1_128' title='bbox 1088 1899 1200 1944; x_wconf 91' lang='lat' dir='ltr'><strong>toto</strong></span> <span class='ocrx_word' id='word_1_129' title='bbox 1229 1887 1425 1946; x_wconf 76' lang='lat' dir='ltr'><strong>aﬂ‘ectu</strong></span> <span class='ocrx_word' id='word_1_130' title='bbox 1458 1887 1782 1958; x_wconf 83' lang='lat' dir='ltr'><strong>persolvant,</strong></span> <span class='ocrx_word' id='word_1_131' title='bbox 1801 1895 1862 1940; x_wconf 88' lang='lat' dir='ltr'><strong>ut</strong></span> 
     </span>
    </p>
   </div>
   <div class='ocr_carea' id='block_1_22' title="bbox 275 1975 1858 2050">
    <p class='ocr_par' dir='ltr' id='par_1_22' title="bbox 275 1975 1858 2050">
     <span class='ocr_line' id='line_1_22' title="bbox 275 1975 1858 2050; baseline -0.003 -18"><span class='ocrx_word' id='word_1_132' title='bbox 275 1977 342 2032; x_wconf 90' lang='lat' dir='ltr'><strong>ad</strong></span> <span class='ocrx_word' id='word_1_133' title='bbox 372 1987 588 2050; x_wconf 89' lang='lat' dir='ltr'><strong>portum</strong></span> <span class='ocrx_word' id='word_1_134' title='bbox 629 1980 824 2035; x_wconf 82' lang='lat' dir='ltr'><strong>salutis</strong></span> <span class='ocrx_word' id='word_1_135' title='bbox 866 1988 1086 2035; x_wconf 71' lang='lat' dir='ltr'><strong>aeterna:</strong></span> <span class='ocrx_word' id='word_1_136' title='bbox 1123 1993 1337 2034; x_wconf 89' lang='lat' dir='ltr'><strong>merear</strong></span> <span class='ocrx_word' id='word_1_137' title='bbox 1363 1977 1674 2048; x_wconf 88' lang='lat' dir='ltr'><strong>pervenire,</strong></span> <span class='ocrx_word' id='word_1_138' title='bbox 1705 1985 1762 2030; x_wconf 88' lang='lat' dir='ltr'><strong>et</strong></span> <span class='ocrx_word' id='word_1_139' title='bbox 1805 1975 1858 2028; x_wconf 93' lang='lat' dir='ltr'><strong>in</strong></span> 
     </span>
    </p>
   </div>
   <div class='ocr_carea' id='block_1_23' title="bbox 273 2070 1861 2139">
    <p class='ocr_par' dir='ltr' id='par_1_23' title="bbox 273 2070 1861 2139">
     <span class='ocr_line' id='line_1_23' title="bbox 273 2070 1861 2139; baseline -0.003 -13"><span class='ocrx_word' id='word_1_140' title='bbox 273 2081 478 2126; x_wconf 65' lang='lat' dir='ltr'><strong>acterna</strong></span> <span class='ocrx_word' id='word_1_141' title='bbox 551 2071 812 2129; x_wconf 84' lang='lat' dir='ltr'><strong>felicitate</strong></span> <span class='ocrx_word' id='word_1_142' title='bbox 903 2071 1182 2128; x_wconf 86' lang='lat' dir='ltr'><strong>vobiscum</strong></span> <span class='ocrx_word' id='word_1_143' title='bbox 1253 2071 1374 2126; x_wconf 91' lang='lat' dir='ltr'><strong>sine</strong></span> <span class='ocrx_word' id='word_1_144' title='bbox 1453 2070 1560 2126; x_wconf 88' lang='lat' dir='ltr'><strong>line</strong></span> <span class='ocrx_word' id='word_1_145' title='bbox 1623 2071 1861 2139; x_wconf 84' lang='lat' dir='ltr'><strong>gaudere</strong></span> 
     </span>
    </p>
   </div>
   <div class='ocr_carea' id='block_1_24' title="bbox 273 2161 466 2216">
    <p class='ocr_par' dir='ltr' id='par_1_24' title="bbox 273 2161 466 2216">
     <span class='ocr_line' id='line_1_24' title="bbox 273 2161 466 2216; baseline 0 0"><span class='ocrx_word' id='word_1_146' title='bbox 273 2161 466 2216; x_wconf 84' lang='lat' dir='ltr'><strong>Amen.</strong></span> 
     </span>
    </p>
   </div>
   <div class='ocr_carea' id='block_1_25' title="bbox 791 2250 1346 2308">
    <p class='ocr_par' dir='ltr' id='par_1_25' title="bbox 791 2250 1346 2308">
     <span class='ocr_line' id='line_1_25' title="bbox 791 2250 1346 2308; baseline -0.004 0"><span class='ocrx_word' id='word_1_147' title='bbox 791 2250 1046 2308; x_wconf 75' lang='lat' dir='ltr'><strong>ORATIO</strong></span> <span class='ocrx_word' id='word_1_148' title='bbox 1085 2251 1346 2307; x_wconf 73' lang='lat' dir='ltr'><strong>XXXVII.</strong></span> 
     </span>
    </p>
   </div>
   <div class='ocr_carea' id='block_1_26' title="bbox 935 2359 1205 2400">
    <p class='ocr_par' dir='ltr' id='par_1_26' title="bbox 935 2359 1205 2400">
     <span class='ocr_line' id='line_1_26' title="bbox 935 2359 1205 2400; baseline -0.015 0"><span class='ocrx_word' id='word_1_149' title='bbox 935 2361 1003 2400; x_wconf 72' lang='lat' dir='ltr'><strong>AD</strong></span> <span class='ocrx_word' id='word_1_150' title='bbox 1041 2359 1205 2400; x_wconf 69' lang='lat' dir='ltr'><strong>DEUI.</strong></span> 
     </span>
    </p>
   </div>
   <div class='ocr_carea' id='block_1_27' title="bbox 675 2429 1472 2504">
    <p class='ocr_par' dir='ltr' id='par_1_27' title="bbox 675 2429 1472 2504">
     <span class='ocr_line' id='line_1_27' title="bbox 675 2429 1472 2504; baseline -0.008 -16"><span class='ocrx_word' id='word_1_151' title='bbox 675 2433 784 2504; x_wconf 82' lang='lat' dir='ltr'><strong>(Ea:</strong></span> <span class='ocrx_word' id='word_1_152' title='bbox 805 2449 902 2488; x_wconf 78' lang='lat' dir='ltr'><strong>ms.</strong></span> <span class='ocrx_word' id='word_1_153' title='bbox 927 2434 1104 2488; x_wconf 86' lang='lat' dir='ltr'><strong>codice</strong></span> <span class='ocrx_word' id='word_1_154' title='bbox 1125 2429 1472 2501; x_wconf 82' lang='lat' dir='ltr'><strong>Carbeiensi.)</strong></span> 
     </span>
    </p>
   </div>
   <div class='ocr_carea' id='block_1_28' title="bbox 347 2541 1866 2616">
    <p class='ocr_par' dir='ltr' id='par_1_28' title="bbox 347 2541 1866 2616">
     <span class='ocr_line' id='line_1_28' title="bbox 347 2541 1866 2616; baseline -0.003 -16"><span class='ocrx_word' id='word_1_155' title='bbox 347 2543 572 2600; x_wconf 84' lang='lat' dir='ltr'><strong>Domine</strong></span> <span class='ocrx_word' id='word_1_156' title='bbox 610 2543 739 2600; x_wconf 68' lang='lat' dir='ltr'><strong>Jesu</strong></span> <span class='ocrx_word' id='word_1_157' title='bbox 785 2545 1192 2616; x_wconf 80' lang='lat' dir='ltr'><strong>benignissime,</strong></span> <span class='ocrx_word' id='word_1_158' title='bbox 1229 2543 1351 2599; x_wconf 87' lang='lat' dir='ltr'><strong>fons</strong></span> <span class='ocrx_word' id='word_1_159' title='bbox 1374 2541 1515 2606; x_wconf 71' lang='lat' dir='ltr'><strong>vitae,</strong></span> <span class='ocrx_word' id='word_1_160' title='bbox 1551 2541 1672 2597; x_wconf 89' lang='lat' dir='ltr'><strong>fons</strong></span> <span class='ocrx_word' id='word_1_161' title='bbox 1701 2541 1866 2597; x_wconf 89' lang='lat' dir='ltr'><strong>mise-</strong></span> 
     </span>
    </p>
   </div>
   <div class='ocr_carea' id='block_1_29' title="bbox 277 2631 1864 2704">
    <p class='ocr_par' dir='ltr' id='par_1_29' title="bbox 277 2631 1864 2704">
     <span class='ocr_line' id='line_1_29' title="bbox 277 2631 1864 2704; baseline -0.001 -16"><span class='ocrx_word' id='word_1_162' title='bbox 277 2634 552 2702; x_wconf 85' lang='lat' dir='ltr'><strong>ricordiae,</strong></span> <span class='ocrx_word' id='word_1_163' title='bbox 605 2635 672 2690; x_wconf 90' lang='lat' dir='ltr'><strong>de</strong></span> <span class='ocrx_word' id='word_1_164' title='bbox 721 2651 833 2704; x_wconf 90' lang='lat' dir='ltr'><strong>quo</strong></span> <span class='ocrx_word' id='word_1_165' title='bbox 881 2635 1068 2690; x_wconf 87' lang='lat' dir='ltr'><strong>bibunt</strong></span> <span class='ocrx_word' id='word_1_166' title='bbox 1101 2647 1292 2689; x_wconf 89' lang='lat' dir='ltr'><strong>omnes</strong></span> <span class='ocrx_word' id='word_1_167' title='bbox 1329 2633 1528 2698; x_wconf 86' lang='lat' dir='ltr'><strong>sancti,</strong></span> <span class='ocrx_word' id='word_1_168' title='bbox 1571 2631 1763 2687; x_wconf 85' lang='lat' dir='ltr'><strong>bibunt</strong></span> <span class='ocrx_word' id='word_1_169' title='bbox 1807 2639 1864 2686; x_wconf 89' lang='lat' dir='ltr'><strong>et</strong></span> 
     </span>
    </p>
   </div>
   <div class='ocr_carea' id='block_1_30' title="bbox 279 2724 1864 2790">
    <p class='ocr_par' dir='ltr' id='par_1_30' title="bbox 279 2724 1864 2790">
     <span class='ocr_line' id='line_1_30' title="bbox 279 2724 1864 2790; baseline -0.002 -11"><span class='ocrx_word' id='word_1_170' title='bbox 279 2725 618 2781; x_wconf 85' lang='lat' dir='ltr'><strong>iuebriantnr</strong></span> <span class='ocrx_word' id='word_1_171' title='bbox 661 2725 920 2782; x_wconf 87' lang='lat' dir='ltr'><strong>ineffabili</strong></span> <span class='ocrx_word' id='word_1_172' title='bbox 975 2724 1492 2790; x_wconf 85' lang='lat' dir='ltr'><strong>dulcedine,-vivnnt</strong></span> <span class='ocrx_word' id='word_1_173' title='bbox 1527 2731 1732 2777; x_wconf 85' lang='lat' dir='ltr'><strong>aeterna</strong></span> <span class='ocrx_word' id='word_1_174' title='bbox 1774 2736 1864 2777; x_wconf 87' lang='lat' dir='ltr'><strong>sa-</strong></span> 
     </span>
    </p>
   </div>
   <div class='ocr_carea' id='block_1_31' title="bbox 281 2813 1864 2887">
    <p class='ocr_par' dir='ltr' id='par_1_31' title="bbox 281 2813 1864 2887">
     <span class='ocr_line' id='line_1_31' title="bbox 281 2813 1864 2887; baseline -0.002 -16"><span class='ocrx_word' id='word_1_175' title='bbox 281 2817 484 2885; x_wconf 87' lang='lat' dir='ltr'><strong>tietate,</strong></span> <span class='ocrx_word' id='word_1_176' title='bbox 527 2817 596 2872; x_wconf 87' lang='lat' dir='ltr'><strong>da</strong></span> <span class='ocrx_word' id='word_1_177' title='bbox 625 2819 754 2872; x_wconf 90' lang='lat' dir='ltr'><strong>mihi</strong></span> <span class='ocrx_word' id='word_1_178' title='bbox 794 2833 890 2887; x_wconf 90' lang='lat' dir='ltr'><strong>per</strong></span> <span class='ocrx_word' id='word_1_179' title='bbox 933 2818 1124 2872; x_wconf 89' lang='lat' dir='ltr'><strong>merita</strong></span> <span class='ocrx_word' id='word_1_180' title='bbox 1155 2831 1342 2872; x_wconf 89' lang='lat' dir='ltr'><strong>eorum</strong></span> <span class='ocrx_word' id='word_1_181' title='bbox 1382 2816 1436 2869; x_wconf 93' lang='lat' dir='ltr'><strong>in</strong></span> <span class='ocrx_word' id='word_1_182' title='bbox 1481 2815 1734 2886; x_wconf 75' lang='lat' dir='ltr'><strong>przesenti</strong></span> <span class='ocrx_word' id='word_1_183' title='bbox 1751 2813 1864 2868; x_wconf 88' lang='lat' dir='ltr'><strong>vita</strong></span> 
     </span>
    </p>
   </div>
   <div class='ocr_carea' id='block_1_32' title="bbox 275 2906 1862 2978">
    <p class='ocr_par' dir='ltr' id='par_1_32' title="bbox 275 2906 1862 2978">
     <span class='ocr_line' id='line_1_32' title="bbox 275 2906 1862 2978; baseline -0.001 -16"><span class='ocrx_word' id='word_1_184' title='bbox 275 2909 356 2964; x_wconf 84' lang='lat' dir='ltr'><strong>sic</strong></span> <span class='ocrx_word' id='word_1_185' title='bbox 379 2919 432 2964; x_wconf 91' lang='lat' dir='ltr'><strong>te</strong></span> <span class='ocrx_word' id='word_1_186' title='bbox 457 2924 674 2978; x_wconf 83' lang='lat' dir='ltr'><strong>semper</strong></span> <span class='ocrx_word' id='word_1_187' title='bbox 702 2909 868 2974; x_wconf 88' lang='lat' dir='ltr'><strong>sitite,</strong></span> <span class='ocrx_word' id='word_1_188' title='bbox 893 2917 952 2962; x_wconf 91' lang='lat' dir='ltr'><strong>ut</strong></span> <span class='ocrx_word' id='word_1_189' title='bbox 984 2909 1038 2962; x_wconf 89' lang='lat' dir='ltr'><strong>in</strong></span> <span class='ocrx_word' id='word_1_190' title='bbox 1079 2908 1260 2963; x_wconf 90' lang='lat' dir='ltr'><strong>futuro</strong></span> <span class='ocrx_word' id='word_1_191' title='bbox 1292 2907 1489 2962; x_wconf 63' lang='lat' dir='ltr'><strong>saeculo</strong></span> <span class='ocrx_word' id='word_1_192' title='bbox 1509 2921 1632 2961; x_wconf 91' lang='lat' dir='ltr'><strong>cum</strong></span> <span class='ocrx_word' id='word_1_193' title='bbox 1659 2906 1862 2961; x_wconf 86' lang='lat' dir='ltr'><strong>eisdem</strong></span> 
     </span>
    </p>
   </div>
   <div class='ocr_carea' id='block_1_33' title="bbox 276 2995 1864 3055">
    <p class='ocr_par' dir='ltr' id='par_1_33' title="bbox 276 2995 1864 3055">
     <span class='ocr_line' id='line_1_33' title="bbox 276 2995 1864 3055; baseline -0.003 -3"><span class='ocrx_word' id='word_1_194' title='bbox 276 3001 481 3055; x_wconf 89' lang='lat' dir='ltr'><strong>sanctis</strong></span> <span class='ocrx_word' id='word_1_195' title='bbox 502 2999 608 3054; x_wconf 88' lang='lat' dir='ltr'><strong>tuis</strong></span> <span class='ocrx_word' id='word_1_196' title='bbox 633 3000 701 3054; x_wconf 85' lang='lat' dir='ltr'><strong>ad</strong></span> <span class='ocrx_word' id='word_1_197' title='bbox 731 3008 782 3054; x_wconf 89' lang='lat' dir='ltr'><strong>te</strong></span> <span class='ocrx_word' id='word_1_198' title='bbox 805 2999 1010 3053; x_wconf 89' lang='lat' dir='ltr'><strong>valeam</strong></span> <span class='ocrx_word' id='word_1_199' title='bbox 1035 2997 1368 3052; x_wconf 62' lang='lat' dir='ltr'><strong>aeternaliter</strong></span> <span class='ocrx_word' id='word_1_200' title='bbox 1393 2995 1604 3050; x_wconf 80' lang='lat' dir='ltr'><strong>satiari.</strong></span> <span class='ocrx_word' id='word_1_201' title='bbox 1627 2995 1736 3050; x_wconf 90' lang='lat' dir='ltr'><strong>Oro</strong></span> <span class='ocrx_word' id='word_1_202' title='bbox 1759 2995 1864 3048; x_wconf 81' lang='lat' dir='ltr'><strong>ita-</strong></span> 
     </span>
    </p>
   </div>
   <div class='ocr_carea' id='block_1_34' title="bbox 279 3089 1861 3164">
    <p class='ocr_par' dir='ltr' id='par_1_34' title="bbox 279 3089 1861 3164">
     <span class='ocr_line' id='line_1_34' title="bbox 279 3089 1861 3164; baseline -0.003 -17"><span class='ocrx_word' id='word_1_203' title='bbox 279 3111 382 3164; x_wconf 88' lang='lat' dir='ltr'><strong>que</strong></span> <span class='ocrx_word' id='word_1_204' title='bbox 431 3095 804 3150; x_wconf 86' lang='lat' dir='ltr'><strong>dulcissimam</strong></span> <span class='ocrx_word' id='word_1_205' title='bbox 856 3091 1286 3148; x_wconf 88' lang='lat' dir='ltr'><strong>miscricordiam</strong></span> <span class='ocrx_word' id='word_1_206' title='bbox 1339 3097 1517 3156; x_wconf 84' lang='lat' dir='ltr'><strong>tuam,</strong></span> <span class='ocrx_word' id='word_1_207' title='bbox 1583 3089 1861 3160; x_wconf 87' lang='lat' dir='ltr'><strong>piissime,</strong></span> 
     </span>
    </p>
   </div>
   <div class='ocr_carea' id='block_1_35' title="bbox 187 3181 1862 3254">
    <p class='ocr_par' dir='ltr' id='par_1_35' title="bbox 187 3181 1862 3254">
     <span class='ocr_line' id='line_1_35' title="bbox 187 3181 1862 3254; baseline -0.005 -12"><span class='ocrx_word' id='word_1_208' title='bbox 187 3243 199 3253; x_wconf 77' lang='grc'><em>,</em></span> <span class='ocrx_word' id='word_1_209' title='bbox 278 3189 598 3243; x_wconf 85' lang='lat' dir='ltr'><strong>suavissime</strong></span> <span class='ocrx_word' id='word_1_210' title='bbox 647 3189 874 3243; x_wconf 88' lang='lat' dir='ltr'><strong>Domine</strong></span> <span class='ocrx_word' id='word_1_211' title='bbox 917 3185 1066 3250; x_wconf 76' lang='lat' dir='ltr'><strong>Jcsu,</strong></span> <span class='ocrx_word' id='word_1_212' title='bbox 1119 3199 1280 3254; x_wconf 89' lang='lat' dir='ltr'><strong>pasce</strong></span> <span class='ocrx_word' id='word_1_213' title='bbox 1318 3183 1571 3238; x_wconf 89' lang='lat' dir='ltr'><strong>miseram</strong></span> <span class='ocrx_word' id='word_1_214' title='bbox 1625 3181 1862 3235; x_wconf 89' lang='lat' dir='ltr'><strong>animam</strong></span> 
     </span>
    </p>
   </div>
   <div class='ocr_carea' id='block_1_36' title="bbox 279 3271 1864 3336">
    <p class='ocr_par' dir='ltr' id='par_1_36' title="bbox 279 3271 1864 3336">
     <span class='ocr_line' id='line_1_36' title="bbox 279 3271 1864 3336; baseline -0.004 -4"><span class='ocrx_word' id='word_1_215' title='bbox 279 3295 454 3334; x_wconf 88' lang='lat' dir='ltr'><strong>meam</strong></span> <span class='ocrx_word' id='word_1_216' title='bbox 493 3293 560 3334; x_wconf 77' lang='lat' dir='ltr'><strong>ex</strong></span> <span class='ocrx_word' id='word_1_217' title='bbox 592 3279 964 3335; x_wconf 85' lang='lat' dir='ltr'><strong>recordatione</strong></span> <span class='ocrx_word' id='word_1_218' title='bbox 989 3275 1376 3332; x_wconf 86' lang='lat' dir='ltr'><strong>beneficiorum</strong></span> <span class='ocrx_word' id='word_1_219' title='bbox 1408 3281 1638 3336; x_wconf 90' lang='lat' dir='ltr'><strong>tuorum,</strong></span> <span class='ocrx_word' id='word_1_220' title='bbox 1663 3287 1734 3327; x_wconf 88' lang='lat' dir='ltr'><strong>ne</strong></span> <span class='ocrx_word' id='word_1_221' title='bbox 1771 3271 1864 3326; x_wconf 87' lang='lat' dir='ltr'><strong>de-</strong></span> 
     </span>
    </p>
   </div>
   <div class='ocr_carea' id='block_1_37' title="bbox 281 3366 1860 3442">
    <p class='ocr_par' dir='ltr' id='par_1_37' title="bbox 281 3366 1860 3442">
     <span class='ocr_line' id='line_1_37' title="bbox 281 3366 1860 3442; baseline -0.004 -18"><span class='ocrx_word' id='word_1_222' title='bbox 281 3372 428 3425; x_wconf 78' lang='lat' dir='ltr'><strong>ficiat</strong></span> <span class='ocrx_word' id='word_1_223' title='bbox 459 3371 512 3426; x_wconf 91' lang='lat' dir='ltr'><strong>in</strong></span> <span class='ocrx_word' id='word_1_224' title='bbox 545 3371 975 3442; x_wconf 81' lang='lat' dir='ltr'><strong>peregrinatione</strong></span> <span class='ocrx_word' id='word_1_225' title='bbox 1013 3367 1237 3440; x_wconf 79' lang='lat' dir='ltr'><strong>fatigata</strong></span> <span class='ocrx_word' id='word_1_226' title='bbox 1268 3367 1377 3422; x_wconf 91' lang='lat' dir='ltr'><strong>imo</strong></span> <span class='ocrx_word' id='word_1_227' title='bbox 1403 3366 1640 3436; x_wconf 88' lang='lat' dir='ltr'><strong>pondere</strong></span> <span class='ocrx_word' id='word_1_228' title='bbox 1665 3379 1860 3434; x_wconf 90' lang='lat' dir='ltr'><strong>pecca-</strong></span> 
     </span>
    </p>
   </div>
   <div class='ocr_carea' id='block_1_38' title="bbox 281 3455 1866 3528">
    <p class='ocr_par' dir='ltr' id='par_1_38' title="bbox 281 3455 1866 3528">
     <span class='ocr_line' id='line_1_38' title="bbox 281 3455 1866 3528; baseline -0.003 -10"><span class='ocrx_word' id='word_1_229' title='bbox 281 3471 454 3518; x_wconf 89' lang='lat' dir='ltr'><strong>torum</strong></span> <span class='ocrx_word' id='word_1_230' title='bbox 490 3478 733 3519; x_wconf 89' lang='lat' dir='ltr'><strong>suorum.</strong></span> <span class='ocrx_word' id='word_1_231' title='bbox 756 3455 870 3518; x_wconf 85' lang='lat' dir='ltr'><strong>Tua</strong></span> <span class='ocrx_word' id='word_1_232' title='bbox 895 3477 1002 3528; x_wconf 89' lang='lat' dir='ltr'><strong>me,</strong></span> <span class='ocrx_word' id='word_1_233' title='bbox 1041 3461 1285 3525; x_wconf 90' lang='lat' dir='ltr'><strong>Domine,</strong></span> <span class='ocrx_word' id='word_1_234' title='bbox 1313 3460 1528 3515; x_wconf 85' lang='lat' dir='ltr'><strong>bonitas</strong></span> <span class='ocrx_word' id='word_1_235' title='bbox 1555 3459 1782 3522; x_wconf 90' lang='lat' dir='ltr'><strong>creavit,</strong></span> <span class='ocrx_word' id='word_1_236' title='bbox 1810 3465 1866 3513; x_wconf 86' lang='lat' dir='ltr'><strong>et</strong></span> 
     </span>
    </p>
   </div>
   <div class='ocr_carea' id='block_1_39' title="bbox 281 3549 1864 3624">
    <p class='ocr_par' dir='ltr' id='par_1_39' title="bbox 281 3549 1864 3624">
     <span class='ocr_line' id='line_1_39' title="bbox 281 3549 1864 3624; baseline -0.003 -17"><span class='ocrx_word' id='word_1_237' title='bbox 281 3569 376 3623; x_wconf 90' lang='lat' dir='ltr'><strong>per</strong></span> <span class='ocrx_word' id='word_1_238' title='bbox 418 3552 748 3624; x_wconf 87' lang='lat' dir='ltr'><strong>baptismum</strong></span> <span class='ocrx_word' id='word_1_239' title='bbox 785 3561 937 3608; x_wconf 91' lang='lat' dir='ltr'><strong>tuum</strong></span> <span class='ocrx_word' id='word_1_240' title='bbox 983 3550 1269 3614; x_wconf 86' lang='lat' dir='ltr'><strong>recreavit,</strong></span> <span class='ocrx_word' id='word_1_241' title='bbox 1301 3549 1570 3618; x_wconf 86' lang='lat' dir='ltr'><strong>patienter</strong></span> <span class='ocrx_word' id='word_1_242' title='bbox 1603 3549 1864 3602; x_wconf 86' lang='lat' dir='ltr'><strong>hactenus</strong></span> 
     </span>
    </p>
   </div>
   <div class='ocr_carea' id='block_1_40' title="bbox 281 3636 1866 3712">
    <p class='ocr_par' dir='ltr' id='par_1_40' title="bbox 281 3636 1866 3712">
     <span class='ocr_line' id='line_1_40' title="bbox 281 3636 1866 3712; baseline -0.004 -16"><span class='ocrx_word' id='word_1_243' title='bbox 281 3657 366 3697; x_wconf 92' lang='lat' dir='ltr'><strong>me</strong></span> <span class='ocrx_word' id='word_1_244' title='bbox 389 3643 630 3712; x_wconf 85' lang='lat' dir='ltr'><strong>quotidie</strong></span> <span class='ocrx_word' id='word_1_245' title='bbox 658 3651 974 3712; x_wconf 87' lang='lat' dir='ltr'><strong>peccantem</strong></span> <span class='ocrx_word' id='word_1_246' title='bbox 1008 3647 1308 3710; x_wconf 79' lang='lat' dir='ltr'><strong>exSpectat.</strong></span> <span class='ocrx_word' id='word_1_247' title='bbox 1345 3637 1590 3692; x_wconf 87' lang='lat' dir='ltr'><strong>Potentia</strong></span> <span class='ocrx_word' id='word_1_248' title='bbox 1615 3636 1866 3691; x_wconf 87' lang='lat' dir='ltr'><strong>divinita-</strong></span> 
     </span>
    </p>
   </div>
   <div class='ocr_carea' id='block_1_41' title="bbox 283 3725 1864 3799">
    <p class='ocr_par' dir='ltr' id='par_1_41' title="bbox 283 3725 1864 3799">
     <span class='ocr_line' id='line_1_41' title="bbox 283 3725 1864 3799; baseline -0.006 -10"><span class='ocrx_word' id='word_1_249' title='bbox 283 3735 350 3789; x_wconf 92' lang='lat' dir='ltr'><strong>tis</strong></span> <span class='ocrx_word' id='word_1_250' title='bbox 375 3743 478 3790; x_wconf 71' lang='lat' dir='ltr'><strong>tuaa</strong></span> <span class='ocrx_word' id='word_1_251' title='bbox 501 3749 588 3789; x_wconf 91' lang='lat' dir='ltr'><strong>me</strong></span> <span class='ocrx_word' id='word_1_252' title='bbox 613 3732 762 3799; x_wconf 87' lang='lat' dir='ltr'><strong>fecit,</strong></span> <span class='ocrx_word' id='word_1_253' title='bbox 793 3732 1069 3788; x_wconf 85' lang='lat' dir='ltr'><strong>humilitas</strong></span> <span class='ocrx_word' id='word_1_254' title='bbox 1099 3729 1455 3785; x_wconf 86' lang='lat' dir='ltr'><strong>humanitatis</strong></span> <span class='ocrx_word' id='word_1_255' title='bbox 1487 3737 1590 3781; x_wconf 69' lang='lat' dir='ltr'><strong>tua:</strong></span> <span class='ocrx_word' id='word_1_256' title='bbox 1613 3741 1700 3780; x_wconf 90' lang='lat' dir='ltr'><strong>me</strong></span> <span class='ocrx_word' id='word_1_257' title='bbox 1722 3725 1864 3781; x_wconf 85' lang='lat' dir='ltr'><strong>refe-</strong></span> 
     </span>
    </p>
   </div>
   <div class='ocr_carea' id='block_1_42' title="bbox 280 3817 1862 3891">
    <p class='ocr_par' dir='ltr' id='par_1_42' title="bbox 280 3817 1862 3891">
     <span class='ocr_line' id='line_1_42' title="bbox 280 3817 1862 3891; baseline -0.006 -13"><span class='ocrx_word' id='word_1_258' title='bbox 280 3825 372 3878; x_wconf 90' lang='lat' dir='ltr'><strong>cit.</strong></span> <span class='ocrx_word' id='word_1_259' title='bbox 403 3823 565 3891; x_wconf 82' lang='lat' dir='ltr'><strong>Ecce,</strong></span> <span class='ocrx_word' id='word_1_260' title='bbox 593 3823 823 3879; x_wconf 88' lang='lat' dir='ltr'><strong>Domine</strong></span> <span class='ocrx_word' id='word_1_261' title='bbox 855 3822 981 3877; x_wconf 80' lang='lat' dir='ltr'><strong>Jesu</strong></span> <span class='ocrx_word' id='word_1_262' title='bbox 1007 3821 1241 3884; x_wconf 88' lang='lat' dir='ltr'><strong>Christe,</strong></span> <span class='ocrx_word' id='word_1_263' title='bbox 1272 3819 1447 3888; x_wconf 82' lang='lat' dir='ltr'><strong>gratia</strong></span> <span class='ocrx_word' id='word_1_264' title='bbox 1480 3827 1568 3870; x_wconf 88' lang='lat' dir='ltr'><strong>tua</strong></span> <span class='ocrx_word' id='word_1_265' title='bbox 1606 3817 1862 3882; x_wconf 82' lang='lat' dir='ltr'><strong>donante,</strong></span> 
     </span>
    </p>
   </div>
   <div class='ocr_carea' id='block_1_43' title="bbox 280 3905 1866 3986">
    <p class='ocr_par' dir='ltr' id='par_1_43' title="bbox 280 3905 1866 3986">
     <span class='ocr_line' id='line_1_43' title="bbox 280 3905 1866 3986; baseline -0.007 -16"><span class='ocrx_word' id='word_1_266' title='bbox 280 3916 372 3986; x_wconf 91' lang='lat' dir='ltr'><strong>qui</strong></span> <span class='ocrx_word' id='word_1_267' title='bbox 407 3932 468 3972; x_wconf 91' lang='lat' dir='ltr'><strong>es</strong></span> <span class='ocrx_word' id='word_1_268' title='bbox 500 3915 765 3972; x_wconf 89' lang='lat' dir='ltr'><strong>Dominus</strong></span> <span class='ocrx_word' id='word_1_269' title='bbox 807 3929 983 3980; x_wconf 88' lang='lat' dir='ltr'><strong>mens,</strong></span> <span class='ocrx_word' id='word_1_270' title='bbox 1035 3915 1176 3968; x_wconf 89' lang='lat' dir='ltr'><strong>Deus</strong></span> <span class='ocrx_word' id='word_1_271' title='bbox 1225 3925 1398 3976; x_wconf 88' lang='lat' dir='ltr'><strong>meus,</strong></span> <span class='ocrx_word' id='word_1_272' title='bbox 1448 3922 1575 3962; x_wconf 86' lang='lat' dir='ltr'><strong>ecce</strong></span> <span class='ocrx_word' id='word_1_273' title='bbox 1611 3905 1866 3961; x_wconf 89' lang='lat' dir='ltr'><strong>recordor</strong></span> 
     </span>
    </p>
   </div>
   <div class='ocr_carea' id='block_1_44' title="bbox 283 3993 1866 4078">
    <p class='ocr_par' dir='ltr' id='par_1_44' title="bbox 283 3993 1866 4078">
     <span class='ocr_line' id='line_1_44' title="bbox 283 3993 1866 4078; baseline -0.008 -17"><span class='ocrx_word' id='word_1_274' title='bbox 283 4009 434 4078; x_wconf 88' lang='lat' dir='ltr'><strong>quia,</strong></span> <span class='ocrx_word' id='word_1_275' title='bbox 481 4007 623 4064; x_wconf 89' lang='lat' dir='ltr'><strong>sicut</strong></span> <span class='ocrx_word' id='word_1_276' title='bbox 657 4005 1034 4076; x_wconf 72' lang='lat' dir='ltr'><strong>pmnuntiasti</strong></span> <span class='ocrx_word' id='word_1_277' title='bbox 1069 4017 1164 4072; x_wconf 91' lang='lat' dir='ltr'><strong>per</strong></span> <span class='ocrx_word' id='word_1_278' title='bbox 1205 4009 1426 4058; x_wconf 87' lang='lat' dir='ltr'><strong>sanctos</strong></span> <span class='ocrx_word' id='word_1_279' title='bbox 1458 4007 1578 4053; x_wconf 90' lang='lat' dir='ltr'><strong>tuos</strong></span> <span class='ocrx_word' id='word_1_280' title='bbox 1609 3997 1678 4050; x_wconf 85' lang='lat' dir='ltr'><strong>ab</strong></span> <span class='ocrx_word' id='word_1_281' title='bbox 1708 3993 1866 4050; x_wconf 90' lang='lat' dir='ltr'><strong>initio</strong></span> 
     </span>
    </p>
   </div>
   <div class='ocr_carea' id='block_1_45' title="bbox 281 4094 1868 4167">
    <p class='ocr_par' dir='ltr' id='par_1_45' title="bbox 281 4094 1868 4167">
     <span class='ocr_line' id='line_1_45' title="bbox 281 4094 1868 4167; baseline -0.009 -11"><span class='ocrx_word' id='word_1_282' title='bbox 281 4101 486 4166; x_wconf 88' lang='lat' dir='ltr'><strong>tnundi,</strong></span> <span class='ocrx_word' id='word_1_283' title='bbox 533 4107 695 4155; x_wconf 87' lang='lat' dir='ltr'><strong>natus</strong></span> <span class='ocrx_word' id='word_1_284' title='bbox 743 4099 812 4153; x_wconf 90' lang='lat' dir='ltr'><strong>de</strong></span> <span class='ocrx_word' id='word_1_285' title='bbox 859 4107 1044 4152; x_wconf 88' lang='lat' dir='ltr'><strong>sancta</strong></span> <span class='ocrx_word' id='word_1_286' title='bbox 1079 4094 1296 4167; x_wconf 83' lang='lat' dir='ltr'><strong>Virgine</strong></span> <span class='ocrx_word' id='word_1_287' title='bbox 1325 4107 1511 4147; x_wconf 86' lang='lat' dir='ltr'><strong>veram</strong></span> <span class='ocrx_word' id='word_1_288' title='bbox 1545 4105 1612 4145; x_wconf 83' lang='lat' dir='ltr'><strong>ex</strong></span> <span class='ocrx_word' id='word_1_289' title='bbox 1654 4103 1718 4144; x_wconf 88' lang='lat' dir='ltr'><strong>ea</strong></span> <span class='ocrx_word' id='word_1_290' title='bbox 1745 4102 1868 4144; x_wconf 81' lang='lat' dir='ltr'><strong>car-</strong></span> 
     </span>
    </p>
   </div>
   <div class='ocr_carea' id='block_1_46' title="bbox 282 4177 1870 4260">
    <p class='ocr_par' dir='ltr' id='par_1_46' title="bbox 282 4177 1870 4260">
     <span class='ocr_line' id='line_1_46' title="bbox 282 4177 1870 4260; baseline -0.008 -16"><span class='ocrx_word' id='word_1_291' title='bbox 282 4207 404 4246; x_wconf 86' lang='lat' dir='ltr'><strong>nem</strong></span> <span class='ocrx_word' id='word_1_292' title='bbox 449 4190 725 4260; x_wconf 85' lang='lat' dir='ltr'><strong>accepisti,</strong></span> <span class='ocrx_word' id='word_1_293' title='bbox 771 4189 1006 4258; x_wconf 80' lang='lat' dir='ltr'><strong>Virginis</strong></span> <span class='ocrx_word' id='word_1_294' title='bbox 1056 4185 1446 4240; x_wconf 83' lang='lat' dir='ltr'><strong>matris-ubera</strong></span> <span class='ocrx_word' id='word_1_295' title='bbox 1473 4195 1603 4237; x_wconf 80' lang='lat' dir='ltr'><strong>vere</strong></span> <span class='ocrx_word' id='word_1_296' title='bbox 1647 4177 1870 4246; x_wconf 78' lang='lat' dir='ltr'><strong>suxisti,</strong></span> 
     </span>
    </p>
   </div>
   <div class='ocr_carea' id='block_1_47' title="bbox 279 4279 1862 4354">
    <p class='ocr_par' dir='ltr' id='par_1_47' title="bbox 279 4279 1862 4354">
     <span class='ocr_line' id='line_1_47' title="bbox 279 4279 1862 4354; baseline -0.008 -19"><span class='ocrx_word' id='word_1_297' title='bbox 279 4296 440 4354; x_wconf 89' lang='lat' dir='ltr'><strong>pasce</strong></span> <span class='ocrx_word' id='word_1_298' title='bbox 483 4281 842 4350; x_wconf 87' lang='lat' dir='ltr'><strong>peccatricem</strong></span> <span class='ocrx_word' id='word_1_299' title='bbox 870 4279 1108 4333; x_wconf 88' lang='lat' dir='ltr'><strong>animam</strong></span> <span class='ocrx_word' id='word_1_300' title='bbox 1139 4291 1312 4330; x_wconf 88' lang='lat' dir='ltr'><strong>meam</strong></span> <span class='ocrx_word' id='word_1_301' title='bbox 1347 4285 1434 4330; x_wconf 89' lang='lat' dir='ltr'><strong>tua</strong></span> <span class='ocrx_word' id='word_1_302' title='bbox 1463 4279 1652 4328; x_wconf 86' lang='lat' dir='ltr'><strong>sancta</strong></span> <span class='ocrx_word' id='word_1_303' title='bbox 1676 4283 1862 4335; x_wconf 90' lang='lat' dir='ltr'><strong>carne,</strong></span> 
     </span>
    </p>
   </div>
   <div class='ocr_carea' id='block_1_48' title="bbox 1963 417 3542 491">
    <p class='ocr_par' dir='ltr' id='par_1_48' title="bbox 1963 417 3542 491">
     <span class='ocr_line' id='line_1_48' title="bbox 1963 417 3542 491; baseline 0.006 -19"><span class='ocrx_word' id='word_1_304' title='bbox 1963 417 2360 487; x_wconf 75' lang='lat' dir='ltr'><strong>ptenitentiam,</strong></span> <span class='ocrx_word' id='word_1_305' title='bbox 2398 419 2692 488; x_wconf 83' lang='lat' dir='ltr'><strong>promisisti</strong></span> <span class='ocrx_word' id='word_1_306' title='bbox 2739 421 2896 490; x_wconf 87' lang='lat' dir='ltr'><strong>digne</strong></span> <span class='ocrx_word' id='word_1_307' title='bbox 2937 425 3324 491; x_wconf 82' lang='lat' dir='ltr'><strong>paenitentibus</strong></span> <span class='ocrx_word' id='word_1_308' title='bbox 3363 427 3542 482; x_wconf 82' lang='lat' dir='ltr'><strong>indul-</strong></span> 
     </span>
    </p>
   </div>
   <div class='ocr_carea' id='block_1_49' title="bbox 1963 508 3546 587">
    <p class='ocr_par' dir='ltr' id='par_1_49' title="bbox 1963 508 3546 587">
     <span class='ocr_line' id='line_1_49' title="bbox 1963 508 3546 587; baseline 0.007 -24"><span class='ocrx_word' id='word_1_309' title='bbox 1963 511 2220 578; x_wconf 76' lang='lat' dir='ltr'><strong>gentiam,</strong></span> <span class='ocrx_word' id='word_1_310' title='bbox 2245 508 2334 563; x_wconf 89' lang='lat' dir='ltr'><strong>fac</strong></span> <span class='ocrx_word' id='word_1_311' title='bbox 2369 525 2458 565; x_wconf 89' lang='lat' dir='ltr'><strong>me</strong></span> <span class='ocrx_word' id='word_1_312' title='bbox 2502 525 2598 580; x_wconf 86' lang='lat' dir='ltr'><strong>pro</strong></span> <span class='ocrx_word' id='word_1_313' title='bbox 2631 514 2868 580; x_wconf 87' lang='lat' dir='ltr'><strong>peccatis</strong></span> <span class='ocrx_word' id='word_1_314' title='bbox 2897 515 3032 570; x_wconf 86' lang='lat' dir='ltr'><strong>meis</strong></span> <span class='ocrx_word' id='word_1_315' title='bbox 3075 517 3156 572; x_wconf 87' lang='lat' dir='ltr'><strong>sic</strong></span> <span class='ocrx_word' id='word_1_316' title='bbox 3185 519 3452 587; x_wconf 87' lang='lat' dir='ltr'><strong>poenitere</strong></span> <span class='ocrx_word' id='word_1_317' title='bbox 3487 523 3546 574; x_wconf 86' lang='lat' dir='ltr'><strong>tit</strong></span> 
     </span>
    </p>
   </div>
   <div class='ocr_carea' id='block_1_50' title="bbox 1963 599 3545 678">
    <p class='ocr_par' dir='ltr' id='par_1_50' title="bbox 1963 599 3545 678">
     <span class='ocr_line' id='line_1_50' title="bbox 1963 599 3545 678; baseline 0.006 -24"><span class='ocrx_word' id='word_1_318' title='bbox 1963 615 2151 654; x_wconf 86' lang='lat' dir='ltr'><strong>eorum</strong></span> <span class='ocrx_word' id='word_1_319' title='bbox 2201 599 2414 654; x_wconf 81' lang='lat' dir='ltr'><strong>veniam</strong></span> <span class='ocrx_word' id='word_1_320' title='bbox 2461 615 2493 653; x_wconf 90' lang='lat' dir='ltr'><strong>a</strong></span> <span class='ocrx_word' id='word_1_321' title='bbox 2552 610 2604 655; x_wconf 81' lang='lat' dir='ltr'><strong>te</strong></span> <span class='ocrx_word' id='word_1_322' title='bbox 2639 617 2854 656; x_wconf 85' lang='lat' dir='ltr'><strong>merear</strong></span> <span class='ocrx_word' id='word_1_323' title='bbox 2904 605 3168 660; x_wconf 88' lang='lat' dir='ltr'><strong>obtinere.</strong></span> <span class='ocrx_word' id='word_1_324' title='bbox 3219 608 3545 678; x_wconf 74' lang='lat' dir='ltr'><strong>Veritatem,</strong></span> 
     </span>
    </p>
   </div>
   <div class='ocr_carea' id='block_1_51' title="bbox 1963 688 3546 759">
    <p class='ocr_par' dir='ltr' id='par_1_51' title="bbox 1963 688 3546 759">
     <span class='ocr_line' id='line_1_51' title="bbox 1963 688 3546 759; baseline 0.008 -16"><span class='ocrx_word' id='word_1_325' title='bbox 1963 690 2454 752; x_wconf 85' lang='lat' dir='ltr'><strong>mansuetudinem,</strong></span> <span class='ocrx_word' id='word_1_326' title='bbox 2479 688 2748 758; x_wconf 80' lang='lat' dir='ltr'><strong>justitiam</strong></span> <span class='ocrx_word' id='word_1_327' title='bbox 2773 693 3026 759; x_wconf 65' lang='lat' dir='ltr'><strong>docuisti,</strong></span> <span class='ocrx_word' id='word_1_328' title='bbox 3059 695 3192 750; x_wconf 90' lang='lat' dir='ltr'><strong>doce</strong></span> <span class='ocrx_word' id='word_1_329' title='bbox 3242 713 3336 751; x_wconf 90' lang='lat' dir='ltr'><strong>cor</strong></span> <span class='ocrx_word' id='word_1_330' title='bbox 3365 711 3546 755; x_wconf 86' lang='lat' dir='ltr'><strong>meum</strong></span> 
     </span>
    </p>
   </div>
   <div class='ocr_carea' id='block_1_52' title="bbox 1961 779 3549 856">
    <p class='ocr_par' dir='ltr' id='par_1_52' title="bbox 1961 779 3549 856">
     <span class='ocr_line' id='line_1_52' title="bbox 1961 779 3549 856; baseline 0.006 -22"><span class='ocrx_word' id='word_1_331' title='bbox 1961 789 2018 834; x_wconf 92' lang='lat' dir='ltr'><strong>et</strong></span> <span class='ocrx_word' id='word_1_332' title='bbox 2044 779 2310 844; x_wconf 84' lang='lat' dir='ltr'><strong>illumina,</strong></span> <span class='ocrx_word' id='word_1_333' title='bbox 2349 789 2404 833; x_wconf 89' lang='lat' dir='ltr'><strong>ut</strong></span> <span class='ocrx_word' id='word_1_334' title='bbox 2435 795 2578 834; x_wconf 87' lang='lat' dir='ltr'><strong>unus</strong></span> <span class='ocrx_word' id='word_1_335' title='bbox 2609 795 2676 836; x_wconf 82' lang='lat' dir='ltr'><strong>ex</strong></span> <span class='ocrx_word' id='word_1_336' title='bbox 2707 782 2786 835; x_wconf 90' lang='lat' dir='ltr'><strong>eis</strong></span> <span class='ocrx_word' id='word_1_337' title='bbox 2813 795 2936 838; x_wconf 89' lang='lat' dir='ltr'><strong>esse</strong></span> <span class='ocrx_word' id='word_1_338' title='bbox 2967 799 3180 840; x_wconf 86' lang='lat' dir='ltr'><strong>merear</strong></span> <span class='ocrx_word' id='word_1_339' title='bbox 3208 803 3343 856; x_wconf 88' lang='lat' dir='ltr'><strong>quos</strong></span> <span class='ocrx_word' id='word_1_340' title='bbox 3372 797 3426 842; x_wconf 92' lang='lat' dir='ltr'><strong>tu</strong></span> <span class='ocrx_word' id='word_1_341' title='bbox 3452 790 3549 844; x_wconf 84' lang='lat' dir='ltr'><strong>do-</strong></span> 
     </span>
    </p>
   </div>
   <div class='ocr_carea' id='block_1_53' title="bbox 1963 870 3550 942">
    <p class='ocr_par' dir='ltr' id='par_1_53' title="bbox 1963 870 3550 942">
     <span class='ocr_line' id='line_1_53' title="bbox 1963 870 3550 942; baseline 0.006 -16"><span class='ocrx_word' id='word_1_342' title='bbox 1963 883 2094 927; x_wconf 85' lang='lat' dir='ltr'><strong>cens</strong></span> <span class='ocrx_word' id='word_1_343' title='bbox 2121 871 2348 926; x_wconf 87' lang='lat' dir='ltr'><strong>interius</strong></span> <span class='ocrx_word' id='word_1_344' title='bbox 2377 870 2716 927; x_wconf 83' lang='lat' dir='ltr'><strong>illu-minasti-.</strong></span> <span class='ocrx_word' id='word_1_345' title='bbox 2745 871 3024 942; x_wconf 85' lang='lat' dir='ltr'><strong>Miracula,</strong></span> <span class='ocrx_word' id='word_1_346' title='bbox 3053 877 3306 942; x_wconf 82' lang='lat' dir='ltr'><strong>virtutes,</strong></span> <span class='ocrx_word' id='word_1_347' title='bbox 3345 882 3550 936; x_wconf 87' lang='lat' dir='ltr'><strong>sanita-</strong></span> 
     </span>
    </p>
   </div>
   <div class='ocr_carea' id='block_1_54' title="bbox 1965 963 3531 1041">
    <p class='ocr_par' dir='ltr' id='par_1_54' title="bbox 1965 963 3531 1041">
     <span class='ocr_line' id='line_1_54' title="bbox 1965 963 3531 1041; baseline 0.007 -24"><span class='ocrx_word' id='word_1_348' title='bbox 1965 972 2044 1018; x_wconf 90' lang='lat' dir='ltr'><strong>tes</strong></span> <span class='ocrx_word' id='word_1_349' title='bbox 2081 963 2132 1018; x_wconf 90' lang='lat' dir='ltr'><strong>in</strong></span> <span class='ocrx_word' id='word_1_350' title='bbox 2163 963 2482 1033; x_wconf 86' lang='lat' dir='ltr'><strong>corporibus</strong></span> <span class='ocrx_word' id='word_1_351' title='bbox 2516 973 2570 1017; x_wconf 90' lang='lat' dir='ltr'><strong>et</strong></span> <span class='ocrx_word' id='word_1_352' title='bbox 2607 965 2898 1020; x_wconf 87' lang='lat' dir='ltr'><strong>animabus</strong></span> <span class='ocrx_word' id='word_1_353' title='bbox 2931 968 3235 1036; x_wconf 83' lang='lat' dir='ltr'><strong>hominum,</strong></span> <span class='ocrx_word' id='word_1_354' title='bbox 3268 981 3531 1041; x_wconf 87' lang='lat' dir='ltr'><strong>quantum</strong></span> 
     </span>
    </p>
   </div>
   <div class='ocr_carea' id='block_1_55' title="bbox 1965 1054 3544 1134">
    <p class='ocr_par' dir='ltr' id='par_1_55' title="bbox 1965 1054 3544 1134">
     <span class='ocr_line' id='line_1_55' title="bbox 1965 1054 3544 1134; baseline 0.008 -22"><span class='ocrx_word' id='word_1_355' title='bbox 1965 1054 2060 1112; x_wconf 85' lang='lat' dir='ltr'><strong>tibi</strong></span> <span class='ocrx_word' id='word_1_356' title='bbox 2115 1054 2333 1124; x_wconf 83' lang='lat' dir='ltr'><strong>placuit,</strong></span> <span class='ocrx_word' id='word_1_357' title='bbox 2381 1057 2596 1123; x_wconf 79' lang='lat' dir='ltr'><strong>fecisti;</strong></span> <span class='ocrx_word' id='word_1_358' title='bbox 2647 1073 2779 1114; x_wconf 86' lang='lat' dir='ltr'><strong>sana</strong></span> <span class='ocrx_word' id='word_1_359' title='bbox 2835 1061 3124 1132; x_wconf 76' lang='lat' dir='ltr'><strong>languet-cs</strong></span> <span class='ocrx_word' id='word_1_360' title='bbox 3161 1067 3354 1120; x_wconf 78' lang='lat' dir='ltr'><strong>anima:</strong></span> <span class='ocrx_word' id='word_1_361' title='bbox 3390 1079 3544 1134; x_wconf 67' lang='lat' dir='ltr'><strong>mea),</strong></span> 
     </span>
    </p>
   </div>
   <div class='ocr_carea' id='block_1_56' title="bbox 1962 1147 3552 1224">
    <p class='ocr_par' dir='ltr' id='par_1_56' title="bbox 1962 1147 3552 1224">
     <span class='ocr_line' id='line_1_56' title="bbox 1962 1147 3552 1224; baseline 0.009 -25"><span class='ocrx_word' id='word_1_362' title='bbox 1962 1148 2090 1216; x_wconf 86' lang='lat' dir='ltr'><strong>quia</strong></span> <span class='ocrx_word' id='word_1_363' title='bbox 2119 1150 2338 1216; x_wconf 74' lang='lat' dir='ltr'><strong>peccavi</strong></span> <span class='ocrx_word' id='word_1_364' title='bbox 2373 1151 2492 1204; x_wconf 89' lang='lat' dir='ltr'><strong>tibi.</strong></span> <span class='ocrx_word' id='word_1_365' title='bbox 2521 1147 2786 1220; x_wconf 78' lang='lat' dir='ltr'><strong>Jejunasti</strong></span> <span class='ocrx_word' id='word_1_366' title='bbox 2835 1163 3056 1222; x_wconf 86' lang='lat' dir='ltr'><strong>propter</strong></span> <span class='ocrx_word' id='word_1_367' title='bbox 3083 1171 3190 1224; x_wconf 89' lang='lat' dir='ltr'><strong>me,</strong></span> <span class='ocrx_word' id='word_1_368' title='bbox 3227 1156 3311 1214; x_wconf 84' lang='lat' dir='ltr'><strong>fac</strong></span> <span class='ocrx_word' id='word_1_369' title='bbox 3343 1175 3427 1213; x_wconf 91' lang='lat' dir='ltr'><strong>me</strong></span> <span class='ocrx_word' id='word_1_370' title='bbox 3456 1159 3552 1214; x_wconf 89' lang='lat' dir='ltr'><strong>ab-</strong></span> 
     </span>
    </p>
   </div>
   <div class='ocr_carea' id='block_1_57' title="bbox 1961 1238 3550 1312">
    <p class='ocr_par' dir='ltr' id='par_1_57' title="bbox 1961 1238 3550 1312">
     <span class='ocr_line' id='line_1_57' title="bbox 1961 1238 3550 1312; baseline 0.009 -22"><span class='ocrx_word' id='word_1_371' title='bbox 1961 1238 2167 1292; x_wconf 89' lang='lat' dir='ltr'><strong>stinere</strong></span> <span class='ocrx_word' id='word_1_372' title='bbox 2209 1240 2278 1292; x_wconf 87' lang='lat' dir='ltr'><strong>ab</strong></span> <span class='ocrx_word' id='word_1_373' title='bbox 2309 1241 2454 1294; x_wconf 91' lang='lat' dir='ltr'><strong>omni</strong></span> <span class='ocrx_word' id='word_1_374' title='bbox 2503 1251 2728 1310; x_wconf 88' lang='lat' dir='ltr'><strong>peccato</strong></span> <span class='ocrx_word' id='word_1_375' title='bbox 2775 1257 2875 1312; x_wconf 87' lang='lat' dir='ltr'><strong>pro</strong></span> <span class='ocrx_word' id='word_1_376' title='bbox 2927 1254 3017 1300; x_wconf 87' lang='lat' dir='ltr'><strong>tuo</strong></span> <span class='ocrx_word' id='word_1_377' title='bbox 3057 1261 3262 1301; x_wconf 89' lang='lat' dir='ltr'><strong>amore.</strong></span> <span class='ocrx_word' id='word_1_378' title='bbox 3298 1247 3550 1304; x_wconf 80' lang='lat' dir='ltr'><strong>Esuriisti</strong></span> 
     </span>
    </p>
   </div>
   <div class='ocr_carea' id='block_1_58' title="bbox 1961 1331 3551 1404">
    <p class='ocr_par' dir='ltr' id='par_1_58' title="bbox 1961 1331 3551 1404">
     <span class='ocr_line' id='line_1_58' title="bbox 1961 1331 3551 1404; baseline 0.008 -22"><span class='ocrx_word' id='word_1_379' title='bbox 1961 1338 2182 1399; x_wconf 89' lang='lat' dir='ltr'><strong>propter</strong></span> <span class='ocrx_word' id='word_1_380' title='bbox 2203 1345 2312 1395; x_wconf 89' lang='lat' dir='ltr'><strong>me,</strong></span> <span class='ocrx_word' id='word_1_381' title='bbox 2333 1331 2418 1385; x_wconf 87' lang='lat' dir='ltr'><strong>fac</strong></span> <span class='ocrx_word' id='word_1_382' title='bbox 2447 1348 2534 1388; x_wconf 92' lang='lat' dir='ltr'><strong>me</strong></span> <span class='ocrx_word' id='word_1_383' title='bbox 2562 1342 2634 1400; x_wconf 89' lang='lat' dir='ltr'><strong>te,</strong></span> <span class='ocrx_word' id='word_1_384' title='bbox 2661 1333 2750 1402; x_wconf 89' lang='lat' dir='ltr'><strong>qui</strong></span> <span class='ocrx_word' id='word_1_385' title='bbox 2793 1334 2953 1403; x_wconf 83' lang='lat' dir='ltr'><strong>panis</strong></span> <span class='ocrx_word' id='word_1_386' title='bbox 2981 1351 3040 1390; x_wconf 84' lang='lat' dir='ltr'><strong>es</strong></span> <span class='ocrx_word' id='word_1_387' title='bbox 3065 1351 3249 1404; x_wconf 86' lang='lat' dir='ltr'><strong>verus,</strong></span> <span class='ocrx_word' id='word_1_388' title='bbox 3281 1339 3551 1394; x_wconf 77' lang='lat' dir='ltr'><strong>veraciter</strong></span> 
     </span>
    </p>
   </div>
   <div class='ocr_carea' id='block_1_59' title="bbox 1865 1421 3551 1494">
    <p class='ocr_par' dir='ltr' id='par_1_59' title="bbox 1865 1421 3551 1494">
     <span class='ocr_line' id='line_1_59' title="bbox 1865 1421 3551 1494; baseline 0.005 -19"><span class='ocrx_word' id='word_1_389' title='bbox 1865 1483 1872 1488; x_wconf 29' lang='lat' dir='ltr'><strong>I</strong></span> <span class='ocrx_word' id='word_1_390' title='bbox 1960 1421 2190 1478; x_wconf 84' lang='lat' dir='ltr'><strong>esurire.</strong></span> <span class='ocrx_word' id='word_1_391' title='bbox 2217 1421 2495 1491; x_wconf 77' lang='lat' dir='ltr'><strong>Fatigatus</strong></span> <span class='ocrx_word' id='word_1_392' title='bbox 2525 1437 2584 1477; x_wconf 90' lang='lat' dir='ltr'><strong>es</strong></span> <span class='ocrx_word' id='word_1_393' title='bbox 2615 1431 2833 1494; x_wconf 84' lang='lat' dir='ltr'><strong>propter</strong></span> <span class='ocrx_word' id='word_1_394' title='bbox 2863 1440 2967 1489; x_wconf 89' lang='lat' dir='ltr'><strong>me,</strong></span> <span class='ocrx_word' id='word_1_395' title='bbox 3003 1427 3218 1493; x_wconf 86' lang='lat' dir='ltr'><strong>robora,</strong></span> <span class='ocrx_word' id='word_1_396' title='bbox 3255 1429 3416 1483; x_wconf 83' lang='lat' dir='ltr'><strong>retice</strong></span> <span class='ocrx_word' id='word_1_397' title='bbox 3445 1430 3551 1484; x_wconf 81' lang='lat' dir='ltr'><strong>las-</strong></span> 
     </span>
    </p>
   </div>
   <div class='ocr_carea' id='block_1_60' title="bbox 1961 1512 3552 1579">
    <p class='ocr_par' dir='ltr' id='par_1_60' title="bbox 1961 1512 3552 1579">
     <span class='ocr_line' id='line_1_60' title="bbox 1961 1512 3552 1579; baseline 0.008 -13"><span class='ocrx_word' id='word_1_398' title='bbox 1961 1512 2250 1566; x_wconf 85' lang='lat' dir='ltr'><strong>situdinem</strong></span> <span class='ocrx_word' id='word_1_399' title='bbox 2299 1514 2492 1568; x_wconf 81' lang='lat' dir='ltr'><strong>animae</strong></span> <span class='ocrx_word' id='word_1_400' title='bbox 2517 1531 2671 1570; x_wconf 70' lang='lat' dir='ltr'><strong>mete.</strong></span> <span class='ocrx_word' id='word_1_401' title='bbox 2713 1515 3036 1573; x_wconf 91' lang='lat' dir='ltr'><strong>Dulcissime</strong></span> <span class='ocrx_word' id='word_1_402' title='bbox 3076 1527 3132 1574; x_wconf 91' lang='lat' dir='ltr'><strong>et</strong></span> <span class='ocrx_word' id='word_1_403' title='bbox 3157 1521 3552 1579; x_wconf 87' lang='lat' dir='ltr'><strong>misericordis-</strong></span> 
     </span>
    </p>
   </div>
   <div class='ocr_carea' id='block_1_61' title="bbox 1961 1605 3551 1672">
    <p class='ocr_par' dir='ltr' id='par_1_61' title="bbox 1961 1605 3551 1672">
     <span class='ocr_line' id='line_1_61' title="bbox 1961 1605 3551 1672; baseline 0.009 -14"><span class='ocrx_word' id='word_1_404' title='bbox 1961 1605 2098 1660; x_wconf 80' lang='lat' dir='ltr'><strong>sime</strong></span> <span class='ocrx_word' id='word_1_405' title='bbox 2124 1605 2350 1662; x_wconf 90' lang='lat' dir='ltr'><strong>Domine</strong></span> <span class='ocrx_word' id='word_1_406' title='bbox 2375 1606 2502 1662; x_wconf 82' lang='lat' dir='ltr'><strong>Jesu</strong></span> <span class='ocrx_word' id='word_1_407' title='bbox 2527 1607 2766 1672; x_wconf 89' lang='lat' dir='ltr'><strong>Christe,</strong></span> <span class='ocrx_word' id='word_1_408' title='bbox 2787 1609 2914 1664; x_wconf 91' lang='lat' dir='ltr'><strong>dum</strong></span> <span class='ocrx_word' id='word_1_409' title='bbox 2947 1625 3194 1668; x_wconf 71' lang='lat' dir='ltr'><strong>cmnares</strong></span> <span class='ocrx_word' id='word_1_410' title='bbox 3213 1629 3334 1667; x_wconf 88' lang='lat' dir='ltr'><strong>cum</strong></span> <span class='ocrx_word' id='word_1_411' title='bbox 3356 1615 3551 1672; x_wconf 87' lang='lat' dir='ltr'><strong>amicis</strong></span> 
     </span>
    </p>
   </div>
   <div class='ocr_carea' id='block_1_62' title="bbox 1893 1678 3549 1775">
    <p class='ocr_par' dir='ltr' id='par_1_62' title="bbox 1893 1678 3549 1775">
     <span class='ocr_line' id='line_1_62' title="bbox 1893 1678 3549 1775; baseline 0.007 -24"><span class='ocrx_word' id='word_1_412' title='bbox 1893 1678 1931 1734; x_wconf 68' lang='grc' dir='ltr'><strong>Β</strong></span> <span class='ocrx_word' id='word_1_413' title='bbox 1965 1699 2092 1765; x_wconf 86' lang='lat' dir='ltr'><strong>tuis,</strong></span> <span class='ocrx_word' id='word_1_414' title='bbox 2125 1701 2288 1768; x_wconf 89' lang='lat' dir='ltr'><strong>pedes</strong></span> <span class='ocrx_word' id='word_1_415' title='bbox 2331 1713 2518 1754; x_wconf 89' lang='lat' dir='ltr'><strong>eorum</strong></span> <span class='ocrx_word' id='word_1_416' title='bbox 2569 1699 2770 1764; x_wconf 84' lang='lat' dir='ltr'><strong>lavisti,</strong></span> <span class='ocrx_word' id='word_1_417' title='bbox 2811 1717 3044 1772; x_wconf 88' lang='lat' dir='ltr'><strong>corpore</strong></span> <span class='ocrx_word' id='word_1_418' title='bbox 3077 1711 3168 1758; x_wconf 90' lang='lat' dir='ltr'><strong>tuo</strong></span> <span class='ocrx_word' id='word_1_419' title='bbox 3196 1715 3251 1759; x_wconf 90' lang='lat' dir='ltr'><strong>et</strong></span> <span class='ocrx_word' id='word_1_420' title='bbox 3281 1707 3549 1775; x_wconf 81' lang='lat' dir='ltr'><strong>sanguine</strong></span> 
     </span>
    </p>
   </div>
   <div class='ocr_carea' id='block_1_63' title="bbox 1959 1788 3552 1860">
    <p class='ocr_par' dir='ltr' id='par_1_63' title="bbox 1959 1788 3552 1860">
     <span class='ocr_line' id='line_1_63' title="bbox 1959 1788 3552 1860; baseline 0.006 -19"><span class='ocrx_word' id='word_1_421' title='bbox 1959 1788 2190 1856; x_wconf 85' lang='lat' dir='ltr'><strong>pavisti;</strong></span> <span class='ocrx_word' id='word_1_422' title='bbox 2241 1803 2437 1860; x_wconf 87' lang='lat' dir='ltr'><strong>corpus</strong></span> <span class='ocrx_word' id='word_1_423' title='bbox 2485 1801 2666 1848; x_wconf 86' lang='lat' dir='ltr'><strong>meum</strong></span> <span class='ocrx_word' id='word_1_424' title='bbox 2717 1798 2772 1844; x_wconf 85' lang='lat' dir='ltr'><strong>et</strong></span> <span class='ocrx_word' id='word_1_425' title='bbox 2820 1791 3058 1848; x_wconf 89' lang='lat' dir='ltr'><strong>animam</strong></span> <span class='ocrx_word' id='word_1_426' title='bbox 3109 1791 3176 1848; x_wconf 87' lang='lat' dir='ltr'><strong>ab</strong></span> <span class='ocrx_word' id='word_1_427' title='bbox 3215 1795 3360 1848; x_wconf 76' lang='lat' dir='ltr'><strong>omni</strong></span> <span class='ocrx_word' id='word_1_428' title='bbox 3390 1795 3552 1850; x_wconf 90' lang='lat' dir='ltr'><strong>sorde</strong></span> 
     </span>
    </p>
   </div>
   <div class='ocr_carea' id='block_1_64' title="bbox 1965 1877 3550 1962">
    <p class='ocr_par' dir='ltr' id='par_1_64' title="bbox 1965 1877 3550 1962">
     <span class='ocr_line' id='line_1_64' title="bbox 1965 1877 3550 1962; baseline 0.005 -32"><span class='ocrx_word' id='word_1_429' title='bbox 1965 1877 2108 1940; x_wconf 87' lang='lat' dir='ltr'><strong>lava,</strong></span> <span class='ocrx_word' id='word_1_430' title='bbox 2131 1885 2188 1934; x_wconf 91' lang='lat' dir='ltr'><strong>et</strong></span> <span class='ocrx_word' id='word_1_431' title='bbox 2215 1878 2406 1934; x_wconf 88' lang='lat' dir='ltr'><strong>eodem</strong></span> <span class='ocrx_word' id='word_1_432' title='bbox 2433 1893 2666 1962; x_wconf 75' lang='lat' dir='ltr'><strong>corpore</strong></span> <span class='ocrx_word' id='word_1_433' title='bbox 2692 1891 2782 1936; x_wconf 89' lang='lat' dir='ltr'><strong>tuo</strong></span> <span class='ocrx_word' id='word_1_434' title='bbox 2807 1890 2863 1935; x_wconf 91' lang='lat' dir='ltr'><strong>et</strong></span> <span class='ocrx_word' id='word_1_435' title='bbox 2895 1883 3178 1952; x_wconf 84' lang='lat' dir='ltr'><strong>sanguine,</strong></span> <span class='ocrx_word' id='word_1_436' title='bbox 3213 1887 3280 1938; x_wconf 87' lang='lat' dir='ltr'><strong>ne</strong></span> <span class='ocrx_word' id='word_1_437' title='bbox 3305 1883 3550 1948; x_wconf 77' lang='lat' dir='ltr'><strong>deficiat,</strong></span> 
     </span>
    </p>
   </div>
   <div class='ocr_carea' id='block_1_65' title="bbox 1961 1968 3553 2042">
    <p class='ocr_par' dir='ltr' id='par_1_65' title="bbox 1961 1968 3553 2042">
     <span class='ocr_line' id='line_1_65' title="bbox 1961 1968 3553 2042; baseline 0.005 -20"><span class='ocrx_word' id='word_1_438' title='bbox 1961 1968 2230 2024; x_wconf 87' lang='lat' dir='ltr'><strong>conforta.</strong></span> <span class='ocrx_word' id='word_1_439' title='bbox 2258 1971 2398 2038; x_wconf 83' lang='lat' dir='ltr'><strong>Quid</strong></span> <span class='ocrx_word' id='word_1_440' title='bbox 2426 1971 2659 2042; x_wconf 85' lang='lat' dir='ltr'><strong>amplius</strong></span> <span class='ocrx_word' id='word_1_441' title='bbox 2688 1973 2884 2039; x_wconf 87' lang='lat' dir='ltr'><strong>dicam,</strong></span> <span class='ocrx_word' id='word_1_442' title='bbox 2909 1973 3136 2029; x_wconf 86' lang='lat' dir='ltr'><strong>Domine</strong></span> <span class='ocrx_word' id='word_1_443' title='bbox 3155 1973 3284 2028; x_wconf 73' lang='lat' dir='ltr'><strong>Jesu</strong></span> <span class='ocrx_word' id='word_1_444' title='bbox 3309 1975 3553 2032; x_wconf 81' lang='lat' dir='ltr'><strong>Christe?</strong></span> 
     </span>
    </p>
   </div>
   <div class='ocr_carea' id='block_1_66' title="bbox 1963 2059 3552 2132">
    <p class='ocr_par' dir='ltr' id='par_1_66' title="bbox 1963 2059 3552 2132">
     <span class='ocr_line' id='line_1_66' title="bbox 1963 2059 3552 2132; baseline 0.006 -19"><span class='ocrx_word' id='word_1_445' title='bbox 1963 2059 2044 2114; x_wconf 88' lang='grc' dir='ltr'>Τιι</span> <span class='ocrx_word' id='word_1_446' title='bbox 2078 2074 2138 2116; x_wconf 91' lang='lat' dir='ltr'><strong>es</strong></span> <span class='ocrx_word' id='word_1_447' title='bbox 2159 2061 2270 2114; x_wconf 85' lang='lat' dir='ltr'><strong>vita</strong></span> <span class='ocrx_word' id='word_1_448' title='bbox 2315 2076 2458 2126; x_wconf 89' lang='lat' dir='ltr'><strong>mea,</strong></span> <span class='ocrx_word' id='word_1_449' title='bbox 2491 2062 2639 2118; x_wconf 90' lang='lat' dir='ltr'><strong>salus</strong></span> <span class='ocrx_word' id='word_1_450' title='bbox 2685 2080 2825 2130; x_wconf 88' lang='lat' dir='ltr'><strong>mea,</strong></span> <span class='ocrx_word' id='word_1_451' title='bbox 2861 2065 3085 2120; x_wconf 89' lang='lat' dir='ltr'><strong>dulcedo</strong></span> <span class='ocrx_word' id='word_1_452' title='bbox 3115 2079 3256 2132; x_wconf 91' lang='lat' dir='ltr'><strong>mea,</strong></span> <span class='ocrx_word' id='word_1_453' title='bbox 3292 2065 3552 2122; x_wconf 86' lang='lat' dir='ltr'><strong>fortitudo</strong></span> 
     </span>
    </p>
   </div>
   <div class='ocr_carea' id='block_1_67' title="bbox 1963 2153 3550 2228">
    <p class='ocr_par' dir='ltr' id='par_1_67' title="bbox 1963 2153 3550 2228">
     <span class='ocr_line' id='line_1_67' title="bbox 1963 2153 3550 2228; baseline 0.005 -22"><span class='ocrx_word' id='word_1_454' title='bbox 1963 2167 2104 2220; x_wconf 89' lang='lat' dir='ltr'><strong>mea,</strong></span> <span class='ocrx_word' id='word_1_455' title='bbox 2133 2153 2314 2209; x_wconf 75' lang='lat' dir='ltr'><strong>laetitia</strong></span> <span class='ocrx_word' id='word_1_456' title='bbox 2363 2169 2502 2222; x_wconf 88' lang='lat' dir='ltr'><strong>mea,</strong></span> <span class='ocrx_word' id='word_1_457' title='bbox 2546 2157 2802 2227; x_wconf 83' lang='lat' dir='ltr'><strong>gaudium</strong></span> <span class='ocrx_word' id='word_1_458' title='bbox 2835 2171 3034 2222; x_wconf 89' lang='lat' dir='ltr'><strong>meum,</strong></span> <span class='ocrx_word' id='word_1_459' title='bbox 3065 2157 3368 2228; x_wconf 88' lang='lat' dir='ltr'><strong>redemptio</strong></span> <span class='ocrx_word' id='word_1_460' title='bbox 3406 2175 3550 2226; x_wconf 77' lang='lat' dir='ltr'><strong>mea,</strong></span> 
     </span>
    </p>
   </div>
   <div class='ocr_carea' id='block_1_68' title="bbox 1963 2241 3552 2316">
    <p class='ocr_par' dir='ltr' id='par_1_68' title="bbox 1963 2241 3552 2316">
     <span class='ocr_line' id='line_1_68' title="bbox 1963 2241 3552 2316; baseline 0.004 -20"><span class='ocrx_word' id='word_1_461' title='bbox 1963 2244 2296 2300; x_wconf 88' lang='lat' dir='ltr'><strong>resurrectio</strong></span> <span class='ocrx_word' id='word_1_462' title='bbox 2331 2259 2476 2300; x_wconf 88' lang='lat' dir='ltr'><strong>mea.</strong></span> <span class='ocrx_word' id='word_1_463' title='bbox 2509 2245 2588 2301; x_wconf 87' lang='lat' dir='ltr'><strong>Tu</strong></span> <span class='ocrx_word' id='word_1_464' title='bbox 2614 2256 2836 2316; x_wconf 89' lang='lat' dir='ltr'><strong>propter</strong></span> <span class='ocrx_word' id='word_1_465' title='bbox 2862 2262 2947 2302; x_wconf 88' lang='lat' dir='ltr'><strong>me</strong></span> <span class='ocrx_word' id='word_1_466' title='bbox 2975 2241 3302 2312; x_wconf 70' lang='lat' dir='ltr'><strong>traditus&#39;es,</strong></span> <span class='ocrx_word' id='word_1_467' title='bbox 3339 2263 3408 2304; x_wconf 90' lang='lat' dir='ltr'><strong>ne</strong></span> <span class='ocrx_word' id='word_1_468' title='bbox 3437 2257 3552 2303; x_wconf 88' lang='lat' dir='ltr'><strong>tra-</strong></span> 
     </span>
    </p>
   </div>
   <div class='ocr_carea' id='block_1_69' title="bbox 1965 2335 3550 2410">
    <p class='ocr_par' dir='ltr' id='par_1_69' title="bbox 1965 2335 3550 2410">
     <span class='ocr_line' id='line_1_69' title="bbox 1965 2335 3550 2410; baseline 0.005 -22"><span class='ocrx_word' id='word_1_469' title='bbox 1965 2335 2062 2389; x_wconf 88' lang='lat' dir='ltr'><strong>das</strong></span> <span class='ocrx_word' id='word_1_470' title='bbox 2115 2335 2305 2391; x_wconf 90' lang='lat' dir='ltr'><strong>bestiis</strong></span> <span class='ocrx_word' id='word_1_471' title='bbox 2346 2337 2584 2392; x_wconf 88' lang='lat' dir='ltr'><strong>animam</strong></span> <span class='ocrx_word' id='word_1_472' title='bbox 2625 2352 2825 2392; x_wconf 87' lang='lat' dir='ltr'><strong>meum.</strong></span> <span class='ocrx_word' id='word_1_473' title='bbox 2853 2337 3078 2410; x_wconf 88' lang='lat' dir='ltr'><strong>Ligatus</strong></span> <span class='ocrx_word' id='word_1_474' title='bbox 3106 2354 3164 2394; x_wconf 90' lang='lat' dir='ltr'><strong>es</strong></span> <span class='ocrx_word' id='word_1_475' title='bbox 3191 2348 3411 2410; x_wconf 88' lang='lat' dir='ltr'><strong>pr0pter</strong></span> <span class='ocrx_word' id='word_1_476' title='bbox 3443 2355 3550 2408; x_wconf 84' lang='lat' dir='ltr'><strong>me,</strong></span> 
     </span>
    </p>
   </div>
   <div class='ocr_carea' id='block_1_70' title="bbox 1965 2423 3556 2500">
    <p class='ocr_par' dir='ltr' id='par_1_70' title="bbox 1965 2423 3556 2500">
     <span class='ocr_line' id='line_1_70' title="bbox 1965 2423 3556 2500; baseline 0.004 -22"><span class='ocrx_word' id='word_1_477' title='bbox 1965 2423 2113 2478; x_wconf 89' lang='lat' dir='ltr'><strong>solve</strong></span> <span class='ocrx_word' id='word_1_478' title='bbox 2150 2423 2406 2493; x_wconf 75' lang='lat' dir='ltr'><strong>ligamina</strong></span> <span class='ocrx_word' id='word_1_479' title='bbox 2450 2434 2800 2496; x_wconf 88' lang='lat' dir='ltr'><strong>peccatorum</strong></span> <span class='ocrx_word' id='word_1_480' title='bbox 2835 2443 3099 2484; x_wconf 87' lang='lat' dir='ltr'><strong>meorum.</strong></span> <span class='ocrx_word' id='word_1_481' title='bbox 3135 2427 3324 2484; x_wconf 90' lang='lat' dir='ltr'><strong>lllusus</strong></span> <span class='ocrx_word' id='word_1_482' title='bbox 3347 2445 3407 2486; x_wconf 86' lang='lat' dir='ltr'><strong>es</strong></span> <span class='ocrx_word' id='word_1_483' title='bbox 3429 2447 3556 2500; x_wconf 72' lang='lat' dir='ltr'><strong>pro-</strong></span> 
     </span>
    </p>
   </div>
   <div class='ocr_carea' id='block_1_71' title="bbox 1963 2517 3557 2584">
    <p class='ocr_par' dir='ltr' id='par_1_71' title="bbox 1963 2517 3557 2584">
     <span class='ocr_line' id='line_1_71' title="bbox 1963 2517 3557 2584; baseline 0.006 -15"><span class='ocrx_word' id='word_1_484' title='bbox 1963 2523 2086 2584; x_wconf 88' lang='lat' dir='ltr'><strong>pter</strong></span> <span class='ocrx_word' id='word_1_485' title='bbox 2125 2531 2230 2583; x_wconf 91' lang='lat' dir='ltr'><strong>me,</strong></span> <span class='ocrx_word' id='word_1_486' title='bbox 2258 2517 2428 2574; x_wconf 89' lang='lat' dir='ltr'><strong>libera</strong></span> <span class='ocrx_word' id='word_1_487' title='bbox 2467 2533 2554 2574; x_wconf 90' lang='lat' dir='ltr'><strong>me</strong></span> <span class='ocrx_word' id='word_1_488' title='bbox 2606 2519 2674 2574; x_wconf 88' lang='lat' dir='ltr'><strong>ab</strong></span> <span class='ocrx_word' id='word_1_489' title='bbox 2704 2520 3044 2576; x_wconf 85' lang='lat' dir='ltr'><strong>illusionibus</strong></span> <span class='ocrx_word' id='word_1_490' title='bbox 3071 2522 3394 2577; x_wconf 74' lang='lat' dir='ltr'><strong>daemonum.</strong></span> <span class='ocrx_word' id='word_1_491' title='bbox 3429 2523 3557 2578; x_wconf 84' lang='lat' dir='ltr'><strong>Dul-</strong></span> 
     </span>
    </p>
   </div>
   <div class='ocr_carea' id='block_1_72' title="bbox 1965 2605 3554 2683">
    <p class='ocr_par' dir='ltr' id='par_1_72' title="bbox 1965 2605 3554 2683">
     <span class='ocr_line' id='line_1_72' title="bbox 1965 2605 3554 2683; baseline 0.006 -25"><span class='ocrx_word' id='word_1_492' title='bbox 1965 2605 2186 2662; x_wconf 87' lang='lat' dir='ltr'><strong>eissime</strong></span> <span class='ocrx_word' id='word_1_493' title='bbox 2211 2605 2459 2675; x_wconf 87' lang='lat' dir='ltr'><strong>Domine,</strong></span> <span class='ocrx_word' id='word_1_494' title='bbox 2493 2617 2550 2662; x_wconf 92' lang='lat' dir='ltr'><strong>tu</strong></span> <span class='ocrx_word' id='word_1_495' title='bbox 2593 2608 2740 2664; x_wconf 90' lang='lat' dir='ltr'><strong>solus</strong></span> <span class='ocrx_word' id='word_1_496' title='bbox 2769 2611 2931 2666; x_wconf 88' lang='lat' dir='ltr'><strong>homo</strong></span> <span class='ocrx_word' id='word_1_497' title='bbox 2956 2611 3074 2666; x_wconf 90' lang='lat' dir='ltr'><strong>sine</strong></span> <span class='ocrx_word' id='word_1_498' title='bbox 3115 2623 3340 2681; x_wconf 82' lang='lat' dir='ltr'><strong>peccato</strong></span> <span class='ocrx_word' id='word_1_499' title='bbox 3369 2613 3554 2683; x_wconf 81' lang='lat' dir='ltr'><strong>ﬂagel-</strong></span> 
     </span>
    </p>
   </div>
   <div class='ocr_carea' id='block_1_73' title="bbox 1963 2693 3557 2774">
    <p class='ocr_par' dir='ltr' id='par_1_73' title="bbox 1963 2693 3557 2774">
     <span class='ocr_line' id='line_1_73' title="bbox 1963 2693 3557 2774; baseline 0.006 -24"><span class='ocrx_word' id='word_1_500' title='bbox 1963 2693 2105 2752; x_wconf 85' lang='lat' dir='ltr'><strong>Iatus</strong></span> <span class='ocrx_word' id='word_1_501' title='bbox 2151 2711 2210 2752; x_wconf 92' lang='lat' dir='ltr'><strong>es</strong></span> <span class='ocrx_word' id='word_1_502' title='bbox 2245 2705 2464 2768; x_wconf 87' lang='lat' dir='ltr'><strong>propter</strong></span> <span class='ocrx_word' id='word_1_503' title='bbox 2516 2713 2624 2766; x_wconf 90' lang='lat' dir='ltr'><strong>me,</strong></span> <span class='ocrx_word' id='word_1_504' title='bbox 2655 2699 2942 2766; x_wconf 67' lang='lat' dir='ltr'><strong>liberatae</strong></span> <span class='ocrx_word' id='word_1_505' title='bbox 2977 2717 3006 2756; x_wconf 87' lang='grc' dir='ltr'><strong>ιι</strong></span> <span class='ocrx_word' id='word_1_506' title='bbox 3035 2702 3264 2772; x_wconf 80' lang='lat' dir='ltr'><strong>ﬂagellis</strong></span> <span class='ocrx_word' id='word_1_507' title='bbox 3292 2720 3410 2774; x_wconf 70' lang='lat' dir='ltr'><strong>quae</strong></span> <span class='ocrx_word' id='word_1_508' title='bbox 3447 2719 3557 2760; x_wconf 86' lang='lat' dir='ltr'><strong>mc-</strong></span> 
     </span>
    </p>
   </div>
   <div class='ocr_carea' id='block_1_74' title="bbox 1965 2789 3553 2863">
    <p class='ocr_par' dir='ltr' id='par_1_74' title="bbox 1965 2789 3553 2863">
     <span class='ocr_line' id='line_1_74' title="bbox 1965 2789 3553 2863; baseline 0.005 -21"><span class='ocrx_word' id='word_1_509' title='bbox 1965 2797 2156 2844; x_wconf 85' lang='lat' dir='ltr'><strong>rcntur</strong></span> <span class='ocrx_word' id='word_1_510' title='bbox 2206 2789 2524 2860; x_wconf 88' lang='lat' dir='ltr'><strong>iniquitates</strong></span> <span class='ocrx_word' id='word_1_511' title='bbox 2575 2807 2725 2847; x_wconf 82' lang='lat' dir='ltr'><strong>meae.</strong></span> <span class='ocrx_word' id='word_1_512' title='bbox 2760 2791 3266 2850; x_wconf 78' lang='lat' dir='ltr'><strong>Misericordissime</strong></span> <span class='ocrx_word' id='word_1_513' title='bbox 3307 2797 3553 2863; x_wconf 74' lang='lat' dir='ltr'><strong>Domine,</strong></span> 
     </span>
    </p>
   </div>
   <div class='ocr_carea' id='block_1_75' title="bbox 1965 2875 3554 2958">
    <p class='ocr_par' dir='ltr' id='par_1_75' title="bbox 1965 2875 3554 2958">
     <span class='ocr_line' id='line_1_75' title="bbox 1965 2875 3554 2958; baseline 0.005 -22"><span class='ocrx_word' id='word_1_514' title='bbox 1965 2883 2138 2953; x_wconf 90' lang='lat' dir='ltr'><strong>spinis</strong></span> <span class='ocrx_word' id='word_1_515' title='bbox 2164 2891 2456 2940; x_wconf 84' lang='lat' dir='ltr'><strong>coronatus</strong></span> <span class='ocrx_word' id='word_1_516' title='bbox 2491 2899 2553 2940; x_wconf 90' lang='lat' dir='ltr'><strong>es</strong></span> <span class='ocrx_word' id='word_1_517' title='bbox 2594 2875 2818 2956; x_wconf 79' lang='lat' dir='ltr'><strong>prepter</strong></span> <span class='ocrx_word' id='word_1_518' title='bbox 2845 2903 2955 2952; x_wconf 89' lang='lat' dir='ltr'><strong>me,</strong></span> <span class='ocrx_word' id='word_1_519' title='bbox 2999 2886 3184 2954; x_wconf 88' lang='lat' dir='ltr'><strong>spinas</strong></span> <span class='ocrx_word' id='word_1_520' title='bbox 3207 2899 3554 2958; x_wconf 84' lang='lat' dir='ltr'><strong>peccatorum</strong></span> 
     </span>
    </p>
   </div>
   <div class='ocr_carea' id='block_1_76' title="bbox 1967 2977 3556 3050">
    <p class='ocr_par' dir='ltr' id='par_1_76' title="bbox 1967 2977 3556 3050">
     <span class='ocr_line' id='line_1_76' title="bbox 1967 2977 3556 3050; baseline 0.003 -18"><span class='ocrx_word' id='word_1_521' title='bbox 1967 2993 2214 3034; x_wconf 88' lang='lat' dir='ltr'><strong>meorum</strong></span> <span class='ocrx_word' id='word_1_522' title='bbox 2245 2977 2400 3035; x_wconf 88' lang='lat' dir='ltr'><strong>aufer</strong></span> <span class='ocrx_word' id='word_1_523' title='bbox 2434 2993 2464 3033; x_wconf 87' lang='lat' dir='ltr'><strong>a</strong></span> <span class='ocrx_word' id='word_1_524' title='bbox 2511 2994 2620 3034; x_wconf 90' lang='lat' dir='ltr'><strong>me.</strong></span> <span class='ocrx_word' id='word_1_525' title='bbox 2649 2979 2878 3034; x_wconf 90' lang='lat' dir='ltr'><strong>Domine</strong></span> <span class='ocrx_word' id='word_1_526' title='bbox 2904 2979 3030 3034; x_wconf 83' lang='lat' dir='ltr'><strong>Jesu</strong></span> <span class='ocrx_word' id='word_1_527' title='bbox 3059 2981 3464 3050; x_wconf 83' lang='lat' dir='ltr'><strong>benignissime,</strong></span> <span class='ocrx_word' id='word_1_528' title='bbox 3499 2992 3556 3036; x_wconf 88' lang='lat' dir='ltr'><strong>tu</strong></span> 
     </span>
    </p>
   </div>
   <div class='ocr_carea' id='block_1_77' title="bbox 1963 3068 3552 3138">
    <p class='ocr_par' dir='ltr' id='par_1_77' title="bbox 1963 3068 3552 3138">
     <span class='ocr_line' id='line_1_77' title="bbox 1963 3068 3552 3138; baseline 0.001 -14"><span class='ocrx_word' id='word_1_529' title='bbox 1963 3068 2193 3138; x_wconf 89' lang='lat' dir='ltr'><strong>portasti</strong></span> <span class='ocrx_word' id='word_1_530' title='bbox 2215 3083 2378 3138; x_wconf 88' lang='lat' dir='ltr'><strong>super</strong></span> <span class='ocrx_word' id='word_1_531' title='bbox 2426 3078 2644 3125; x_wconf 89' lang='lat' dir='ltr'><strong>sanctos</strong></span> <span class='ocrx_word' id='word_1_532' title='bbox 2689 3071 2946 3124; x_wconf 81' lang='lat' dir='ltr'><strong>humeros</strong></span> <span class='ocrx_word' id='word_1_533' title='bbox 2975 3079 3096 3125; x_wconf 89' lang='lat' dir='ltr'><strong>tuos</strong></span> <span class='ocrx_word' id='word_1_534' title='bbox 3118 3085 3336 3126; x_wconf 86' lang='lat' dir='ltr'><strong>crucem</strong></span> <span class='ocrx_word' id='word_1_535' title='bbox 3385 3083 3552 3138; x_wconf 88' lang='lat' dir='ltr'><strong>tuam,</strong></span> 
     </span>
    </p>
   </div>
   <div class='ocr_carea' id='block_1_78' title="bbox 1965 3164 3552 3234">
    <p class='ocr_par' dir='ltr' id='par_1_78' title="bbox 1965 3164 3552 3234">
     <span class='ocr_line' id='line_1_78' title="bbox 1965 3164 3552 3234; baseline 0.001 -17"><span class='ocrx_word' id='word_1_536' title='bbox 1965 3164 2052 3218; x_wconf 89' lang='lat' dir='ltr'><strong>fac</strong></span> <span class='ocrx_word' id='word_1_537' title='bbox 2099 3179 2186 3219; x_wconf 88' lang='lat' dir='ltr'><strong>me</strong></span> <span class='ocrx_word' id='word_1_538' title='bbox 2227 3171 2281 3218; x_wconf 86' lang='lat' dir='ltr'><strong>te</strong></span> <span class='ocrx_word' id='word_1_539' title='bbox 2308 3164 2462 3234; x_wconf 86' lang='lat' dir='ltr'><strong>sequi</strong></span> <span class='ocrx_word' id='word_1_540' title='bbox 2501 3171 2558 3219; x_wconf 87' lang='lat' dir='ltr'><strong>et</strong></span> <span class='ocrx_word' id='word_1_541' title='bbox 2589 3171 2712 3234; x_wconf 84' lang='lat' dir='ltr'><strong>post</strong></span> <span class='ocrx_word' id='word_1_542' title='bbox 2741 3173 2794 3218; x_wconf 88' lang='lat' dir='ltr'><strong>te</strong></span> <span class='ocrx_word' id='word_1_543' title='bbox 2825 3173 3046 3233; x_wconf 89' lang='lat' dir='ltr'><strong>portare</strong></span> <span class='ocrx_word' id='word_1_544' title='bbox 3091 3165 3326 3218; x_wconf 88' lang='lat' dir='ltr'><strong>animam</strong></span> <span class='ocrx_word' id='word_1_545' title='bbox 3355 3180 3552 3218; x_wconf 82' lang='lat' dir='ltr'><strong>meam.</strong></span> 
     </span>
    </p>
   </div>
   <div class='ocr_carea' id='block_1_79' title="bbox 1963 3253 3556 3321">
    <p class='ocr_par' dir='ltr' id='par_1_79' title="bbox 1963 3253 3556 3321">
     <span class='ocr_line' id='line_1_79' title="bbox 1963 3253 3556 3321; baseline 0.001 -13"><span class='ocrx_word' id='word_1_546' title='bbox 1963 3253 2244 3310; x_wconf 88' lang='lat' dir='ltr'><strong>Altissime</strong></span> <span class='ocrx_word' id='word_1_547' title='bbox 2290 3253 2540 3321; x_wconf 90' lang='lat' dir='ltr'><strong>Domine,</strong></span> <span class='ocrx_word' id='word_1_548' title='bbox 2600 3264 2657 3308; x_wconf 91' lang='lat' dir='ltr'><strong>tu</strong></span> <span class='ocrx_word' id='word_1_549' title='bbox 2709 3254 2978 3310; x_wconf 79' lang='lat' dir='ltr'><strong>exaltatus</strong></span> <span class='ocrx_word' id='word_1_550' title='bbox 3022 3255 3074 3308; x_wconf 92' lang='lat' dir='ltr'><strong>in</strong></span> <span class='ocrx_word' id='word_1_551' title='bbox 3123 3269 3286 3309; x_wconf 90' lang='lat' dir='ltr'><strong>cruce</strong></span> <span class='ocrx_word' id='word_1_552' title='bbox 3343 3255 3556 3310; x_wconf 70' lang='lat' dir='ltr'><strong>traxisti</strong></span> 
     </span>
    </p>
   </div>
   <div class='ocr_carea' id='block_1_80' title="bbox 1964 3345 3554 3415">
    <p class='ocr_par' dir='ltr' id='par_1_80' title="bbox 1964 3345 3554 3415">
     <span class='ocr_line' id='line_1_80' title="bbox 1964 3345 3554 3415; baseline 0 -15"><span class='ocrx_word' id='word_1_553' title='bbox 1964 3347 2148 3400; x_wconf 86' lang='lat' dir='ltr'><strong>omnia</strong></span> <span class='ocrx_word' id='word_1_554' title='bbox 2179 3346 2246 3400; x_wconf 91' lang='lat' dir='ltr'><strong>ad</strong></span> <span class='ocrx_word' id='word_1_555' title='bbox 2285 3354 2359 3410; x_wconf 87' lang='lat' dir='ltr'><strong>te,</strong></span> <span class='ocrx_word' id='word_1_556' title='bbox 2413 3345 2568 3401; x_wconf 88' lang='lat' dir='ltr'><strong>trahe</strong></span> <span class='ocrx_word' id='word_1_557' title='bbox 2611 3360 2698 3400; x_wconf 87' lang='lat' dir='ltr'><strong>me</strong></span> <span class='ocrx_word' id='word_1_558' title='bbox 2733 3347 2804 3401; x_wconf 90' lang='lat' dir='ltr'><strong>ad</strong></span> <span class='ocrx_word' id='word_1_559' title='bbox 2841 3354 2912 3400; x_wconf 90' lang='lat' dir='ltr'><strong>te.</strong></span> <span class='ocrx_word' id='word_1_560' title='bbox 2952 3346 3272 3402; x_wconf 89' lang='lat' dir='ltr'><strong>Dulcissime</strong></span> <span class='ocrx_word' id='word_1_561' title='bbox 3301 3347 3554 3415; x_wconf 84' lang='lat' dir='ltr'><strong>Domine,</strong></span> 
     </span>
    </p>
   </div>
   <div class='ocr_carea' id='block_1_81' title="bbox 1968 3435 3557 3507">
    <p class='ocr_par' dir='ltr' id='par_1_81' title="bbox 1968 3435 3557 3507">
     <span class='ocr_line' id='line_1_81' title="bbox 1968 3435 3557 3507; baseline 0.001 -16"><span class='ocrx_word' id='word_1_562' title='bbox 1968 3444 2026 3491; x_wconf 92' lang='lat' dir='ltr'><strong>tu</strong></span> <span class='ocrx_word' id='word_1_563' title='bbox 2077 3435 2372 3506; x_wconf 88' lang='lat' dir='ltr'><strong>permisisti</strong></span> <span class='ocrx_word' id='word_1_564' title='bbox 2428 3449 2625 3491; x_wconf 87' lang='lat' dir='ltr'><strong>manus</strong></span> <span class='ocrx_word' id='word_1_565' title='bbox 2679 3447 2799 3494; x_wconf 89' lang='lat' dir='ltr'><strong>tuas</strong></span> <span class='ocrx_word' id='word_1_566' title='bbox 2845 3447 2901 3492; x_wconf 85' lang='lat' dir='ltr'><strong>et</strong></span> <span class='ocrx_word' id='word_1_567' title='bbox 2947 3437 3115 3507; x_wconf 88' lang='lat' dir='ltr'><strong>pedes</strong></span> <span class='ocrx_word' id='word_1_568' title='bbox 3161 3437 3330 3492; x_wconf 85' lang='lat' dir='ltr'><strong>clavis</strong></span> <span class='ocrx_word' id='word_1_569' title='bbox 3365 3437 3557 3493; x_wconf 88' lang='lat' dir='ltr'><strong>ferreis</strong></span> 
     </span>
    </p>
   </div>
   <div class='ocr_carea' id='block_1_82' title="bbox 1964 3527 3553 3600">
    <p class='ocr_par' dir='ltr' id='par_1_82' title="bbox 1964 3527 3553 3600">
     <span class='ocr_line' id='line_1_82' title="bbox 1964 3527 3553 3600; baseline -0.001 -16"><span class='ocrx_word' id='word_1_570' title='bbox 1964 3527 2253 3600; x_wconf 82' lang='lat' dir='ltr'><strong>perforari,</strong></span> <span class='ocrx_word' id='word_1_571' title='bbox 2298 3528 2491 3584; x_wconf 84' lang='lat' dir='ltr'><strong>lancea</strong></span> <span class='ocrx_word' id='word_1_572' title='bbox 2543 3527 2688 3584; x_wconf 87' lang='lat' dir='ltr'><strong>latus</strong></span> <span class='ocrx_word' id='word_1_573' title='bbox 2753 3538 2904 3583; x_wconf 90' lang='lat' dir='ltr'><strong>tuum</strong></span> <span class='ocrx_word' id='word_1_574' title='bbox 2955 3529 3178 3600; x_wconf 86' lang='lat' dir='ltr'><strong>aperiri,</strong></span> <span class='ocrx_word' id='word_1_575' title='bbox 3234 3531 3553 3599; x_wconf 85' lang='lat' dir='ltr'><strong>sanguinem</strong></span> 
     </span>
    </p>
   </div>
   <div class='ocr_carea' id='block_1_83' title="bbox 1965 3617 3558 3691">
    <p class='ocr_par' dir='ltr' id='par_1_83' title="bbox 1965 3617 3558 3691">
     <span class='ocr_line' id='line_1_83' title="bbox 1965 3617 3558 3691; baseline -0.001 -15"><span class='ocrx_word' id='word_1_576' title='bbox 1965 3628 2118 3676; x_wconf 89' lang='lat' dir='ltr'><strong>tuum</strong></span> <span class='ocrx_word' id='word_1_577' title='bbox 2167 3635 2268 3690; x_wconf 92' lang='lat' dir='ltr'><strong>pro</strong></span> <span class='ocrx_word' id='word_1_578' title='bbox 2293 3619 2674 3691; x_wconf 88' lang='lat' dir='ltr'><strong>peccatoribus</strong></span> <span class='ocrx_word' id='word_1_579' title='bbox 2709 3617 2932 3687; x_wconf 76' lang='lat' dir='ltr'><strong>effundi,</strong></span> <span class='ocrx_word' id='word_1_580' title='bbox 2985 3635 3081 3689; x_wconf 90' lang='lat' dir='ltr'><strong>per</strong></span> <span class='ocrx_word' id='word_1_581' title='bbox 3131 3621 3306 3690; x_wconf 86' lang='lat' dir='ltr'><strong>ipsum</strong></span> <span class='ocrx_word' id='word_1_582' title='bbox 3339 3620 3558 3691; x_wconf 77' lang='lat' dir='ltr'><strong>sangui-</strong></span> 
     </span>
    </p>
   </div>
   <div class='ocr_carea' id='block_1_84' title="bbox 1965 3708 3552 3780">
    <p class='ocr_par' dir='ltr' id='par_1_84' title="bbox 1965 3708 3552 3780">
     <span class='ocr_line' id='line_1_84' title="bbox 1965 3708 3552 3780; baseline -0.002 -13"><span class='ocrx_word' id='word_1_583' title='bbox 1965 3727 2088 3768; x_wconf 91' lang='lat' dir='ltr'><strong>nem</strong></span> <span class='ocrx_word' id='word_1_584' title='bbox 2121 3720 2274 3766; x_wconf 89' lang='lat' dir='ltr'><strong>tuum</strong></span> <span class='ocrx_word' id='word_1_585' title='bbox 2297 3711 2416 3764; x_wconf 83' lang='lat' dir='ltr'><strong>lava</strong></span> <span class='ocrx_word' id='word_1_586' title='bbox 2446 3711 2684 3765; x_wconf 89' lang='lat' dir='ltr'><strong>animam</strong></span> <span class='ocrx_word' id='word_1_587' title='bbox 2711 3723 2886 3764; x_wconf 87' lang='lat' dir='ltr'><strong>meam</strong></span> <span class='ocrx_word' id='word_1_588' title='bbox 2918 3708 2988 3763; x_wconf 88' lang='lat' dir='ltr'><strong>ab</strong></span> <span class='ocrx_word' id='word_1_589' title='bbox 3015 3711 3268 3764; x_wconf 88' lang='lat' dir='ltr'><strong>omnibus</strong></span> <span class='ocrx_word' id='word_1_590' title='bbox 3295 3711 3552 3780; x_wconf 87' lang='lat' dir='ltr'><strong>peccatis,</strong></span> 
     </span>
    </p>
   </div>
   <div class='ocr_carea' id='block_1_85' title="bbox 1965 3801 3558 3871">
    <p class='ocr_par' dir='ltr' id='par_1_85' title="bbox 1965 3801 3558 3871">
     <span class='ocr_line' id='line_1_85' title="bbox 1965 3801 3558 3871; baseline -0.001 -11"><span class='ocrx_word' id='word_1_591' title='bbox 1965 3815 2020 3860; x_wconf 89' lang='lat' dir='ltr'><strong>et</strong></span> <span class='ocrx_word' id='word_1_592' title='bbox 2041 3816 2258 3858; x_wconf 90' lang='lat' dir='ltr'><strong>omnem</strong></span> <span class='ocrx_word' id='word_1_593' title='bbox 2296 3803 2540 3858; x_wconf 89' lang='lat' dir='ltr'><strong>dolorem</strong></span> <span class='ocrx_word' id='word_1_594' title='bbox 2585 3803 2656 3857; x_wconf 90' lang='lat' dir='ltr'><strong>ab</strong></span> <span class='ocrx_word' id='word_1_595' title='bbox 2694 3815 2759 3856; x_wconf 91' lang='lat' dir='ltr'><strong>ea</strong></span> <span class='ocrx_word' id='word_1_596' title='bbox 2807 3801 2932 3856; x_wconf 89' lang='lat' dir='ltr'><strong>tolle</strong></span> <span class='ocrx_word' id='word_1_597' title='bbox 2963 3817 3060 3871; x_wconf 88' lang='lat' dir='ltr'><strong>per</strong></span> <span class='ocrx_word' id='word_1_598' title='bbox 3095 3803 3372 3870; x_wconf 80' lang='lat' dir='ltr'><strong>angustias</strong></span> <span class='ocrx_word' id='word_1_599' title='bbox 3421 3819 3558 3871; x_wconf 88' lang='lat' dir='ltr'><strong>quas</strong></span> 
     </span>
    </p>
   </div>
   <div class='ocr_carea' id='block_1_86' title="bbox 1967 3891 3552 3964">
    <p class='ocr_par' dir='ltr' id='par_1_86' title="bbox 1967 3891 3552 3964">
     <span class='ocr_line' id='line_1_86' title="bbox 1967 3891 3552 3964; baseline -0.002 -15"><span class='ocrx_word' id='word_1_600' title='bbox 1967 3909 2065 3964; x_wconf 91' lang='lat' dir='ltr'><strong>pro</strong></span> <span class='ocrx_word' id='word_1_601' title='bbox 2089 3893 2247 3949; x_wconf 89' lang='lat' dir='ltr'><strong>nobis</strong></span> <span class='ocrx_word' id='word_1_602' title='bbox 2272 3891 2601 3948; x_wconf 87' lang='lat' dir='ltr'><strong>sustinuisti.</strong></span> <span class='ocrx_word' id='word_1_603' title='bbox 2646 3891 2970 3946; x_wconf 88' lang='lat' dir='ltr'><strong>Dulcissime</strong></span> <span class='ocrx_word' id='word_1_604' title='bbox 2991 3891 3241 3956; x_wconf 87' lang='lat' dir='ltr'><strong>Domine,</strong></span> <span class='ocrx_word' id='word_1_605' title='bbox 3275 3902 3328 3945; x_wconf 91' lang='lat' dir='ltr'><strong>tu</strong></span> <span class='ocrx_word' id='word_1_606' title='bbox 3367 3907 3552 3946; x_wconf 86' lang='lat' dir='ltr'><strong>susce-</strong></span> 
     </span>
    </p>
   </div>
   <div class='ocr_carea' id='block_1_87' title="bbox 1965 3983 3556 4060">
    <p class='ocr_par' dir='ltr' id='par_1_87' title="bbox 1965 3983 3556 4060">
     <span class='ocr_line' id='line_1_87' title="bbox 1965 3983 3556 4060; baseline -0.003 -18"><span class='ocrx_word' id='word_1_607' title='bbox 1965 3988 2092 4060; x_wconf 89' lang='lat' dir='ltr'><strong>pisti</strong></span> <span class='ocrx_word' id='word_1_608' title='bbox 2153 3985 2470 4059; x_wconf 86' lang='lat' dir='ltr'><strong>petitionem</strong></span> <span class='ocrx_word' id='word_1_609' title='bbox 2541 3984 2790 4049; x_wconf 86' lang='lat' dir='ltr'><strong>latronis,</strong></span> <span class='ocrx_word' id='word_1_610' title='bbox 2845 3983 3060 4052; x_wconf 88' lang='lat' dir='ltr'><strong>suscipe</strong></span> <span class='ocrx_word' id='word_1_611' title='bbox 3099 3983 3400 4037; x_wconf 90' lang='lat' dir='ltr'><strong>orationem</strong></span> <span class='ocrx_word' id='word_1_612' title='bbox 3452 3987 3556 4038; x_wconf 87' lang='lat' dir='ltr'><strong>mei</strong></span> 
     </span>
    </p>
   </div>
   <div class='ocr_carea' id='block_1_88' title="bbox 1965 4077 3552 4152">
    <p class='ocr_par' dir='ltr' id='par_1_88' title="bbox 1965 4077 3552 4152">
     <span class='ocr_line' id='line_1_88' title="bbox 1965 4077 3552 4152; baseline -0.004 -15"><span class='ocrx_word' id='word_1_613' title='bbox 1965 4080 2290 4152; x_wconf 86' lang='lat' dir='ltr'><strong>peccatoris.</strong></span> <span class='ocrx_word' id='word_1_614' title='bbox 2337 4078 2507 4134; x_wconf 81' lang='lat' dir='ltr'><strong>Aceto</strong></span> <span class='ocrx_word' id='word_1_615' title='bbox 2555 4085 2774 4148; x_wconf 85' lang='lat' dir='ltr'><strong>potatus</strong></span> <span class='ocrx_word' id='word_1_616' title='bbox 2809 4091 2870 4132; x_wconf 91' lang='lat' dir='ltr'><strong>es</strong></span> <span class='ocrx_word' id='word_1_617' title='bbox 2919 4085 3140 4146; x_wconf 83' lang='lat' dir='ltr'><strong>propter</strong></span> <span class='ocrx_word' id='word_1_618' title='bbox 3189 4091 3293 4140; x_wconf 88' lang='lat' dir='ltr'><strong>me,</strong></span> <span class='ocrx_word' id='word_1_619' title='bbox 3345 4077 3552 4130; x_wconf 80' lang='lat' dir='ltr'><strong>inehria</strong></span> 
     </span>
    </p>
   </div>
   <div class='ocr_carea' id='block_1_89' title="bbox 1966 4165 3550 4232">
    <p class='ocr_par' dir='ltr' id='par_1_89' title="bbox 1966 4165 3550 4232">
     <span class='ocr_line' id='line_1_89' title="bbox 1966 4165 3550 4232; baseline -0.004 -5"><span class='ocrx_word' id='word_1_620' title='bbox 1966 4173 2204 4227; x_wconf 84' lang='lat' dir='ltr'><strong>animam</strong></span> <span class='ocrx_word' id='word_1_621' title='bbox 2227 4183 2404 4226; x_wconf 86' lang='lat' dir='ltr'><strong>meam</strong></span> <span class='ocrx_word' id='word_1_622' title='bbox 2431 4167 2594 4224; x_wconf 86' lang='lat' dir='ltr'><strong>melle</strong></span> <span class='ocrx_word' id='word_1_623' title='bbox 2611 4166 2912 4223; x_wconf 89' lang='lat' dir='ltr'><strong>dulcedinis</strong></span> <span class='ocrx_word' id='word_1_624' title='bbox 2945 4175 3066 4220; x_wconf 78' lang='lat' dir='ltr'><strong>tuae.</strong></span> <span class='ocrx_word' id='word_1_625' title='bbox 3095 4165 3242 4220; x_wconf 90' lang='lat' dir='ltr'><strong>Bone</strong></span> <span class='ocrx_word' id='word_1_626' title='bbox 3263 4165 3476 4232; x_wconf 86' lang='lat' dir='ltr'><strong>Pastor,</strong></span> <span class='ocrx_word' id='word_1_627' title='bbox 3497 4176 3550 4220; x_wconf 84' lang='lat' dir='ltr'><strong>tu</strong></span> 
     </span>
    </p>
   </div>
   <div class='ocr_carea' id='block_1_90' title="bbox 1967 4255 3556 4336">
    <p class='ocr_par' dir='ltr' id='par_1_90' title="bbox 1967 4255 3556 4336">
     <span class='ocr_line' id='line_1_90' title="bbox 1967 4255 3556 4336; baseline -0.005 -15"><span class='ocrx_word' id='word_1_628' title='bbox 1967 4264 2196 4336; x_wconf 87' lang='lat' dir='ltr'><strong>posuisti</strong></span> <span class='ocrx_word' id='word_1_629' title='bbox 2228 4276 2328 4333; x_wconf 87' lang='lat' dir='ltr'><strong>pro</strong></span> <span class='ocrx_word' id='word_1_630' title='bbox 2364 4261 2468 4318; x_wconf 90' lang='lat' dir='ltr'><strong>tuis</strong></span> <span class='ocrx_word' id='word_1_631' title='bbox 2507 4259 2702 4318; x_wconf 84' lang='lat' dir='ltr'><strong>ovibus</strong></span> <span class='ocrx_word' id='word_1_632' title='bbox 2731 4259 2966 4316; x_wconf 88' lang='lat' dir='ltr'><strong>animam</strong></span> <span class='ocrx_word' id='word_1_633' title='bbox 2989 4255 3157 4324; x_wconf 84' lang='lat' dir='ltr'><strong>tuam,</strong></span> <span class='ocrx_word' id='word_1_634' title='bbox 3183 4273 3251 4312; x_wconf 90' lang='lat' dir='ltr'><strong>ne</strong></span> <span class='ocrx_word' id='word_1_635' title='bbox 3285 4259 3434 4313; x_wconf 88' lang='lat' dir='ltr'><strong>sinas</strong></span> <span class='ocrx_word' id='word_1_636' title='bbox 3463 4273 3556 4328; x_wconf 90' lang='lat' dir='ltr'><strong>pe-</strong></span> 
     </span>
    </p>
   </div>
   <div class='ocr_carea' id='block_1_91' title="bbox 279 4351 3556 4439">
    <p class='ocr_par' dir='ltr' id='par_1_91' title="bbox 279 4351 3556 4439">
     <span class='ocr_line' id='line_1_91' title="bbox 279 4351 3556 4439; baseline -0.008 -7"><span class='ocrx_word' id='word_1_637' title='bbox 279 4351 416 4432; x_wconf 80' lang='lat' dir='ltr'><strong>satia</strong></span> <span class='ocrx_word' id='word_1_638' title='bbox 460 4374 604 4428; x_wconf 89' lang='lat' dir='ltr'><strong>illam</strong></span> <span class='ocrx_word' id='word_1_639' title='bbox 631 4381 720 4429; x_wconf 88' lang='lat' dir='ltr'><strong>tua</strong></span> <span class='ocrx_word' id='word_1_640' title='bbox 750 4371 1052 4430; x_wconf 90' lang='lat' dir='ltr'><strong>dulcedine.</strong></span> <span class='ocrx_word' id='word_1_641' title='bbox 1095 4369 1149 4423; x_wconf 93' lang='lat' dir='ltr'><strong>lu</strong></span> <span class='ocrx_word' id='word_1_642' title='bbox 1179 4367 1442 4439; x_wconf 79' lang='lat' dir='ltr'><strong>praesepio</strong></span> <span class='ocrx_word' id='word_1_643' title='bbox 1467 4367 1698 4436; x_wconf 89' lang='lat' dir='ltr'><strong>positus,</strong></span> <span class='ocrx_word' id='word_1_644' title='bbox 1731 4377 1868 4432; x_wconf 82' lang='lat' dir='ltr'><strong>pan—</strong></span> <span class='ocrx_word' id='word_1_645' title='bbox 1900 4363 1941 4417; x_wconf 93' lang='lat' dir='ltr'><strong>D</strong></span> <span class='ocrx_word' id='word_1_646' title='bbox 1969 4362 2078 4415; x_wconf 88' lang='lat' dir='ltr'><strong>rire</strong></span> <span class='ocrx_word' id='word_1_647' title='bbox 2101 4369 2158 4414; x_wconf 90' lang='lat' dir='ltr'><strong>et</strong></span> <span class='ocrx_word' id='word_1_648' title='bbox 2191 4356 2328 4412; x_wconf 87' lang='lat' dir='ltr'><strong>mori</strong></span> <span class='ocrx_word' id='word_1_649' title='bbox 2361 4353 2724 4426; x_wconf 86' lang='lat' dir='ltr'><strong>peccatricem</strong></span> <span class='ocrx_word' id='word_1_650' title='bbox 2773 4353 3012 4406; x_wconf 89' lang='lat' dir='ltr'><strong>animam</strong></span> <span class='ocrx_word' id='word_1_651' title='bbox 3061 4365 3258 4406; x_wconf 86' lang='lat' dir='ltr'><strong>meam.</strong></span> <span class='ocrx_word' id='word_1_652' title='bbox 3290 4351 3556 4406; x_wconf 74' lang='lat' dir='ltr'><strong>Liberasti</strong></span> 
     </span>
    </p>
   </div>
   <div class='ocr_carea' id='block_1_92' title="bbox 280 4455 1864 4527">
    <p class='ocr_par' dir='ltr' id='par_1_92' title="bbox 280 4455 1864 4527">
     <span class='ocr_line' id='line_1_92' title="bbox 280 4455 1864 4527; baseline -0.009 -5"><span class='ocrx_word' id='word_1_653' title='bbox 280 4467 366 4522; x_wconf 88' lang='lat' dir='ltr'><strong>nis</strong></span> <span class='ocrx_word' id='word_1_654' title='bbox 401 4467 676 4523; x_wconf 83' lang='lat' dir='ltr'><strong>involutus</strong></span> <span class='ocrx_word' id='word_1_655' title='bbox 715 4479 797 4527; x_wconf 83' lang='lat' dir='ltr'><strong>es.</strong></span> <span class='ocrx_word' id='word_1_656' title='bbox 829 4463 1044 4520; x_wconf 87' lang='lat' dir='ltr'><strong>involve</strong></span> <span class='ocrx_word' id='word_1_657' title='bbox 1073 4477 1246 4516; x_wconf 87' lang='lat' dir='ltr'><strong>meam</strong></span> <span class='ocrx_word' id='word_1_658' title='bbox 1274 4460 1512 4514; x_wconf 88' lang='lat' dir='ltr'><strong>animam</strong></span> <span class='ocrx_word' id='word_1_659' title='bbox 1543 4455 1738 4527; x_wconf 87' lang='lat' dir='ltr'><strong>pannis</strong></span> <span class='ocrx_word' id='word_1_660' title='bbox 1763 4455 1864 4508; x_wconf 84' lang='lat' dir='ltr'><strong>nti-</strong></span> 
     </span>
    </p>
   </div>
   <div class='ocr_carea' id='block_1_93' title="bbox 280 4545 1860 4625">
    <p class='ocr_par' dir='ltr' id='par_1_93' title="bbox 280 4545 1860 4625">
     <span class='ocr_line' id='line_1_93' title="bbox 280 4545 1860 4625; baseline -0.01 -10"><span class='ocrx_word' id='word_1_661' title='bbox 280 4561 590 4615; x_wconf 75' lang='lat' dir='ltr'><strong>sericordia:</strong></span> <span class='ocrx_word' id='word_1_662' title='bbox 611 4569 739 4625; x_wconf 70' lang='lat' dir='ltr'><strong>tute,</strong></span> <span class='ocrx_word' id='word_1_663' title='bbox 786 4571 854 4612; x_wconf 87' lang='lat' dir='ltr'><strong>ne</strong></span> <span class='ocrx_word' id='word_1_664' title='bbox 879 4563 1159 4612; x_wconf 86' lang='lat' dir='ltr'><strong>remaneat</strong></span> <span class='ocrx_word' id='word_1_665' title='bbox 1187 4551 1329 4607; x_wconf 88' lang='lat' dir='ltr'><strong>nuda</strong></span> <span class='ocrx_word' id='word_1_666' title='bbox 1357 4566 1539 4606; x_wconf 87' lang='lat' dir='ltr'><strong>coram</strong></span> <span class='ocrx_word' id='word_1_667' title='bbox 1568 4560 1639 4603; x_wconf 88' lang='lat' dir='ltr'><strong>te.</strong></span> <span class='ocrx_word' id='word_1_668' title='bbox 1671 4545 1860 4601; x_wconf 77' lang='lat' dir='ltr'><strong>Pasto-</strong></span> 
     </span>
    </p>
   </div>
   <div class='ocr_carea' id='block_1_94' title="bbox 281 4635 1863 4719">
    <p class='ocr_par' dir='ltr' id='par_1_94' title="bbox 281 4635 1863 4719">
     <span class='ocr_line' id='line_1_94' title="bbox 281 4635 1863 4719; baseline -0.013 -8"><span class='ocrx_word' id='word_1_669' title='bbox 281 4671 368 4711; x_wconf 89' lang='lat' dir='ltr'><strong>res</strong></span> <span class='ocrx_word' id='word_1_670' title='bbox 406 4663 461 4709; x_wconf 89' lang='lat' dir='ltr'><strong>et</strong></span> <span class='ocrx_word' id='word_1_671' title='bbox 497 4653 566 4708; x_wconf 90' lang='lat' dir='ltr'><strong>ab</strong></span> <span class='ocrx_word' id='word_1_672' title='bbox 593 4651 802 4707; x_wconf 89' lang='lat' dir='ltr'><strong>oriente</strong></span> <span class='ocrx_word' id='word_1_673' title='bbox 847 4647 984 4719; x_wconf 82' lang='lat' dir='ltr'><strong>Magi</strong></span> <span class='ocrx_word' id='word_1_674' title='bbox 1017 4647 1296 4702; x_wconf 88' lang='lat' dir='ltr'><strong>venientes</strong></span> <span class='ocrx_word' id='word_1_675' title='bbox 1323 4643 1687 4698; x_wconf 79' lang='lat' dir='ltr'><strong>adoraverunt</strong></span> <span class='ocrx_word' id='word_1_676' title='bbox 1725 4647 1776 4692; x_wconf 90' lang='lat' dir='ltr'><strong>te</strong></span> <span class='ocrx_word' id='word_1_677' title='bbox 1805 4635 1863 4692; x_wconf 90' lang='lat' dir='ltr'><strong>in</strong></span> 
     </span>
    </p>
   </div>
   <div class='ocr_carea' id='block_1_95' title="bbox 278 4728 1866 4820">
    <p class='ocr_par' dir='ltr' id='par_1_95' title="bbox 278 4728 1866 4820">
     <span class='ocr_line' id='line_1_95' title="bbox 278 4728 1866 4820; baseline -0.013 -17"><span class='ocrx_word' id='word_1_678' title='bbox 278 4744 850 4820; x_wconf 80' lang='lat' dir='ltr'><strong>praesepiojacentem,</strong></span> <span class='ocrx_word' id='word_1_679' title='bbox 870 4740 956 4796; x_wconf 87' lang='lat' dir='ltr'><strong>fac</strong></span> <span class='ocrx_word' id='word_1_680' title='bbox 985 4757 1090 4804; x_wconf 83' lang='lat' dir='ltr'><strong>nte,</strong></span> <span class='ocrx_word' id='word_1_681' title='bbox 1121 4735 1370 4801; x_wconf 87' lang='lat' dir='ltr'><strong>Domine,</strong></span> <span class='ocrx_word' id='word_1_682' title='bbox 1403 4743 1453 4788; x_wconf 90' lang='lat' dir='ltr'><strong>te</strong></span> <span class='ocrx_word' id='word_1_683' title='bbox 1483 4731 1714 4787; x_wconf 85' lang='lat' dir='ltr'><strong>ﬁdeliter</strong></span> <span class='ocrx_word' id='word_1_684' title='bbox 1736 4728 1866 4820; x_wconf 36' lang='lat' dir='ltr'><strong>adoi-</strong></span> 
     </span>
    </p>
   </div>
   <div class='ocr_carea' id='block_1_96' title="bbox 281 4817 1865 4911">
    <p class='ocr_par' dir='ltr' id='par_1_96' title="bbox 281 4817 1865 4911">
     <span class='ocr_line' id='line_1_96' title="bbox 281 4817 1865 4911; baseline -0.014 -16"><span class='ocrx_word' id='word_1_685' title='bbox 281 4817 400 4895; x_wconf 78' lang='lat' dir='ltr'><strong>rare</strong></span> <span class='ocrx_word' id='word_1_686' title='bbox 423 4840 536 4911; x_wconf 87' lang='lat' dir='ltr'><strong>jam</strong></span> <span class='ocrx_word' id='word_1_687' title='bbox 582 4837 636 4892; x_wconf 91' lang='lat' dir='ltr'><strong>in</strong></span> <span class='ocrx_word' id='word_1_688' title='bbox 685 4836 824 4891; x_wconf 70' lang='lat' dir='ltr'><strong>coelo</strong></span> <span class='ocrx_word' id='word_1_689' title='bbox 869 4833 1166 4888; x_wconf 87' lang='lat' dir='ltr'><strong>sedentem.</strong></span> <span class='ocrx_word' id='word_1_690' title='bbox 1209 4823 1514 4883; x_wconf 86' lang='lat' dir='ltr'><strong>Permisisti</strong></span> <span class='ocrx_word' id='word_1_691' title='bbox 1551 4817 1865 4878; x_wconf 88' lang='lat' dir='ltr'><strong>circumcidi</strong></span> 
     </span>
    </p>
   </div>
   <div class='ocr_carea' id='block_1_97' title="bbox 276 4919 1862 4995">
    <p class='ocr_par' dir='ltr' id='par_1_97' title="bbox 276 4919 1862 4995">
     <span class='ocr_line' id='line_1_97' title="bbox 276 4919 1862 4995; baseline -0.015 -6"><span class='ocrx_word' id='word_1_692' title='bbox 276 4947 497 4990; x_wconf 90' lang='lat' dir='ltr'><strong>carnem</strong></span> <span class='ocrx_word' id='word_1_693' title='bbox 533 4940 704 4995; x_wconf 88' lang='lat' dir='ltr'><strong>tuam,</strong></span> <span class='ocrx_word' id='word_1_694' title='bbox 739 4923 1071 4984; x_wconf 89' lang='lat' dir='ltr'><strong>circumcide</strong></span> <span class='ocrx_word' id='word_1_695' title='bbox 1099 4923 1166 4978; x_wconf 89' lang='lat' dir='ltr'><strong>ab</strong></span> <span class='ocrx_word' id='word_1_696' title='bbox 1195 4920 1344 4975; x_wconf 90' lang='lat' dir='ltr'><strong>omni</strong></span> <span class='ocrx_word' id='word_1_697' title='bbox 1375 4923 1597 4989; x_wconf 90' lang='lat' dir='ltr'><strong>peccato</strong></span> <span class='ocrx_word' id='word_1_698' title='bbox 1624 4919 1862 4969; x_wconf 85' lang='lat' dir='ltr'><strong>mentem</strong></span> 
     </span>
    </p>
   </div>
   <div class='ocr_carea' id='block_1_98' title="bbox 278 5002 1866 5082">
    <p class='ocr_par' dir='ltr' id='par_1_98' title="bbox 278 5002 1866 5082">
     <span class='ocr_line' id='line_1_98' title="bbox 278 5002 1866 5082; baseline -0.014 -2"><span class='ocrx_word' id='word_1_699' title='bbox 278 5039 476 5080; x_wconf 89' lang='lat' dir='ltr'><strong>meam.</strong></span> <span class='ocrx_word' id='word_1_700' title='bbox 513 5021 882 5081; x_wconf 73' lang='lat' dir='ltr'><strong>Prtesentatns</strong></span> <span class='ocrx_word' id='word_1_701' title='bbox 919 5031 980 5072; x_wconf 89' lang='lat' dir='ltr'><strong>es</strong></span> <span class='ocrx_word' id='word_1_702' title='bbox 1031 5013 1085 5070; x_wconf 90' lang='lat' dir='ltr'><strong>in</strong></span> <span class='ocrx_word' id='word_1_703' title='bbox 1129 5011 1356 5082; x_wconf 88' lang='lat' dir='ltr'><strong>templo,</strong></span> <span class='ocrx_word' id='word_1_704' title='bbox 1404 5007 1642 5078; x_wconf 88' lang='lat' dir='ltr'><strong>suscepit</strong></span> <span class='ocrx_word' id='word_1_705' title='bbox 1695 5013 1750 5061; x_wconf 90' lang='lat' dir='ltr'><strong>te</strong></span> <span class='ocrx_word' id='word_1_706' title='bbox 1778 5002 1866 5059; x_wconf 85' lang='lat' dir='ltr'><strong>Si-</strong></span> 
     </span>
    </p>
   </div>
   <div class='ocr_carea' id='block_1_99' title="bbox 279 5103 1864 5181">
    <p class='ocr_par' dir='ltr' id='par_1_99' title="bbox 279 5103 1864 5181">
     <span class='ocr_line' id='line_1_99' title="bbox 279 5103 1864 5181; baseline -0.013 -8"><span class='ocrx_word' id='word_1_707' title='bbox 279 5133 436 5173; x_wconf 89' lang='lat' dir='ltr'><strong>meon</strong></span> <span class='ocrx_word' id='word_1_708' title='bbox 457 5118 510 5172; x_wconf 93' lang='lat' dir='ltr'><strong>in</strong></span> <span class='ocrx_word' id='word_1_709' title='bbox 535 5115 690 5170; x_wconf 88' lang='lat' dir='ltr'><strong>ulnas</strong></span> <span class='ocrx_word' id='word_1_710' title='bbox 715 5127 864 5181; x_wconf 87' lang='lat' dir='ltr'><strong>suas,</strong></span> <span class='ocrx_word' id='word_1_711' title='bbox 905 5111 959 5166; x_wconf 92' lang='lat' dir='ltr'><strong>id</strong></span> <span class='ocrx_word' id='word_1_712' title='bbox 994 5107 1159 5168; x_wconf 76' lang='lat' dir='ltr'><strong>estin</strong></span> <span class='ocrx_word' id='word_1_713' title='bbox 1183 5103 1405 5161; x_wconf 88' lang='lat' dir='ltr'><strong>brachia</strong></span> <span class='ocrx_word' id='word_1_714' title='bbox 1431 5117 1528 5158; x_wconf 90' lang='lat' dir='ltr'><strong>sua</strong></span> <span class='ocrx_word' id='word_1_715' title='bbox 1552 5141 1570 5166; x_wconf 89' lang='lat'><strong>,</strong></span> <span class='ocrx_word' id='word_1_716' title='bbox 1597 5103 1864 5170; x_wconf 59' lang='lat' dir='ltr'><strong>praesente</strong></span> 
     </span>
    </p>
   </div>
   <div class='ocr_carea' id='block_1_100' title="bbox 277 5191 1867 5276">
    <p class='ocr_par' dir='ltr' id='par_1_100' title="bbox 277 5191 1867 5276">
     <span class='ocr_line' id='line_1_100' title="bbox 277 5191 1867 5276; baseline -0.013 -10"><span class='ocrx_word' id='word_1_717' title='bbox 277 5225 366 5266; x_wconf 89' lang='lat' dir='ltr'><strong>me</strong></span> <span class='ocrx_word' id='word_1_718' title='bbox 384 5217 588 5265; x_wconf 59' lang='lat' dir='ltr'><strong>sanctae</strong></span> <span class='ocrx_word' id='word_1_719' title='bbox 631 5203 903 5276; x_wconf 87' lang='lat' dir='ltr'><strong>majestati</strong></span> <span class='ocrx_word' id='word_1_720' title='bbox 935 5209 1062 5268; x_wconf 64' lang='lat' dir='ltr'><strong>tuae,</strong></span> <span class='ocrx_word' id='word_1_721' title='bbox 1093 5209 1155 5255; x_wconf 89' lang='lat' dir='ltr'><strong>ut</strong></span> <span class='ocrx_word' id='word_1_722' title='bbox 1185 5207 1238 5254; x_wconf 89' lang='lat' dir='ltr'><strong>te</strong></span> <span class='ocrx_word' id='word_1_723' title='bbox 1266 5195 1598 5266; x_wconf 87' lang='lat' dir='ltr'><strong>complectar</strong></span> <span class='ocrx_word' id='word_1_724' title='bbox 1625 5191 1867 5248; x_wconf 88' lang='lat' dir='ltr'><strong>brachiis</strong></span> 
     </span>
    </p>
   </div>
   <div class='ocr_carea' id='block_1_101' title="bbox 279 5287 1864 5364">
    <p class='ocr_par' dir='ltr' id='par_1_101' title="bbox 279 5287 1864 5364">
     <span class='ocr_line' id='line_1_101' title="bbox 279 5287 1864 5364; baseline -0.011 -7"><span class='ocrx_word' id='word_1_725' title='bbox 279 5303 476 5358; x_wconf 77' lang='lat' dir='ltr'><strong>animae</strong></span> <span class='ocrx_word' id='word_1_726' title='bbox 499 5314 650 5356; x_wconf 63' lang='lat' dir='ltr'><strong>meai.</strong></span> <span class='ocrx_word' id='word_1_727' title='bbox 675 5297 936 5355; x_wconf 79' lang='lat' dir='ltr'><strong>Subditus</strong></span> <span class='ocrx_word' id='word_1_728' title='bbox 965 5307 1089 5351; x_wconf 88' lang='lat' dir='ltr'><strong>eras</strong></span> <span class='ocrx_word' id='word_1_729' title='bbox 1108 5289 1422 5364; x_wconf 86' lang='lat' dir='ltr'><strong>parentibus</strong></span> <span class='ocrx_word' id='word_1_730' title='bbox 1443 5289 1496 5344; x_wconf 93' lang='lat' dir='ltr'><strong>in</strong></span> <span class='ocrx_word' id='word_1_731' title='bbox 1525 5287 1721 5359; x_wconf 87' lang='lat' dir='ltr'><strong>puritia</strong></span> <span class='ocrx_word' id='word_1_732' title='bbox 1747 5294 1864 5352; x_wconf 86' lang='lat' dir='ltr'><strong>tua,</strong></span> 
     </span>
    </p>
   </div>
   <div class='ocr_carea' id='block_1_102' title="bbox 281 5375 1868 5454">
    <p class='ocr_par' dir='ltr' id='par_1_102' title="bbox 281 5375 1868 5454">
     <span class='ocr_line' id='line_1_102' title="bbox 281 5375 1868 5454; baseline -0.013 -3"><span class='ocrx_word' id='word_1_733' title='bbox 281 5396 369 5451; x_wconf 85' lang='lat' dir='ltr'><strong>fac</strong></span> <span class='ocrx_word' id='word_1_734' title='bbox 401 5408 488 5449; x_wconf 91' lang='lat' dir='ltr'><strong>me</strong></span> <span class='ocrx_word' id='word_1_735' title='bbox 517 5389 614 5446; x_wconf 84' lang='lat' dir='ltr'><strong>tibi</strong></span> <span class='ocrx_word' id='word_1_736' title='bbox 655 5391 950 5454; x_wconf 89' lang='lat' dir='ltr'><strong>sudditum,</strong></span> <span class='ocrx_word' id='word_1_737' title='bbox 981 5395 1034 5442; x_wconf 90' lang='lat' dir='ltr'><strong>et</strong></span> <span class='ocrx_word' id='word_1_738' title='bbox 1057 5383 1311 5441; x_wconf 85' lang='lat' dir='ltr'><strong>omnibus</strong></span> <span class='ocrx_word' id='word_1_739' title='bbox 1337 5379 1534 5450; x_wconf 89' lang='lat' dir='ltr'><strong>quibus</strong></span> <span class='ocrx_word' id='word_1_740' title='bbox 1564 5391 1652 5434; x_wconf 90' lang='lat' dir='ltr'><strong>me</strong></span> <span class='ocrx_word' id='word_1_741' title='bbox 1683 5375 1868 5447; x_wconf 88' lang='lat' dir='ltr'><strong>subje-</strong></span> 
     </span>
    </p>
   </div>
   <div class='ocr_carea' id='block_1_103' title="bbox 281 5468 1870 5556">
    <p class='ocr_par' dir='ltr' id='par_1_103' title="bbox 281 5468 1870 5556">
     <span class='ocr_line' id='line_1_103' title="bbox 281 5468 1870 5556; baseline -0.014 -12"><span class='ocrx_word' id='word_1_742' title='bbox 281 5487 418 5546; x_wconf 88' lang='lat' dir='ltr'><strong>cerit</strong></span> <span class='ocrx_word' id='word_1_743' title='bbox 449 5483 732 5556; x_wconf 88' lang='lat' dir='ltr'><strong>dispositio</strong></span> <span class='ocrx_word' id='word_1_744' title='bbox 761 5479 1204 5552; x_wconf 41' lang='lat' dir='ltr'><strong>tua..Baptizatus</strong></span> <span class='ocrx_word' id='word_1_745' title='bbox 1224 5491 1284 5531; x_wconf 90' lang='lat' dir='ltr'><strong>es</strong></span> <span class='ocrx_word' id='word_1_746' title='bbox 1311 5473 1584 5538; x_wconf 83' lang='lat' dir='ltr'><strong>aJoanne,</strong></span> <span class='ocrx_word' id='word_1_747' title='bbox 1611 5472 1664 5526; x_wconf 92' lang='lat' dir='ltr'><strong>in</strong></span> <span class='ocrx_word' id='word_1_748' title='bbox 1693 5468 1870 5526; x_wconf 70' lang='lat' dir='ltr'><strong>infam-</strong></span> 
     </span>
    </p>
   </div>
   <div class='ocr_carea' id='block_1_104' title="bbox 285 5569 1866 5651">
    <p class='ocr_par' dir='ltr' id='par_1_104' title="bbox 285 5569 1866 5651">
     <span class='ocr_line' id='line_1_104' title="bbox 285 5569 1866 5651; baseline -0.014 -14"><span class='ocrx_word' id='word_1_749' title='bbox 285 5583 354 5638; x_wconf 85' lang='lat' dir='ltr'><strong>tia</strong></span> <span class='ocrx_word' id='word_1_750' title='bbox 395 5591 450 5636; x_wconf 92' lang='lat' dir='ltr'><strong>tu</strong></span> <span class='ocrx_word' id='word_1_751' title='bbox 479 5577 766 5651; x_wconf 83' lang='lat' dir='ltr'><strong>baptizasti</strong></span> <span class='ocrx_word' id='word_1_752' title='bbox 793 5589 898 5640; x_wconf 91' lang='lat' dir='ltr'><strong>me,</strong></span> <span class='ocrx_word' id='word_1_753' title='bbox 925 5580 1045 5647; x_wconf 91' lang='lat' dir='ltr'><strong>post</strong></span> <span class='ocrx_word' id='word_1_754' title='bbox 1078 5569 1404 5640; x_wconf 79' lang='lat' dir='ltr'><strong>baptismum</strong></span> <span class='ocrx_word' id='word_1_755' title='bbox 1435 5575 1587 5620; x_wconf 90' lang='lat' dir='ltr'><strong>tuum</strong></span> <span class='ocrx_word' id='word_1_756' title='bbox 1617 5571 1866 5618; x_wconf 89' lang='lat' dir='ltr'><strong>sanctum</strong></span> 
     </span>
    </p>
   </div>
   <div class='ocr_carea' id='block_1_105' title="bbox 285 5655 1868 5743">
    <p class='ocr_par' dir='ltr' id='par_1_105' title="bbox 285 5655 1868 5743">
     <span class='ocr_line' id='line_1_105' title="bbox 285 5655 1868 5743; baseline -0.015 -13"><span class='ocrx_word' id='word_1_757' title='bbox 285 5673 556 5732; x_wconf 85' lang='lat' dir='ltr'><strong>multotics</strong></span> <span class='ocrx_word' id='word_1_758' title='bbox 599 5670 830 5743; x_wconf 87' lang='lat' dir='ltr'><strong>pollulus</strong></span> <span class='ocrx_word' id='word_1_759' title='bbox 867 5683 1001 5728; x_wconf 86' lang='lat' dir='ltr'><strong>sum,</strong></span> <span class='ocrx_word' id='word_1_760' title='bbox 1041 5679 1136 5734; x_wconf 81' lang='lat' dir='ltr'><strong>per</strong></span> <span class='ocrx_word' id='word_1_761' title='bbox 1175 5675 1356 5720; x_wconf 86' lang='lat' dir='ltr'><strong>veram</strong></span> <span class='ocrx_word' id='word_1_762' title='bbox 1382 5655 1788 5739; x_wconf 79' lang='lat' dir='ltr'><strong>confessionem</strong></span> <span class='ocrx_word' id='word_1_763' title='bbox 1815 5661 1868 5710; x_wconf 84' lang='lat' dir='ltr'><strong>et</strong></span> 
     </span>
    </p>
   </div>
   <div class='ocr_carea' id='block_1_106' title="bbox 1967 4443 3556 4515">
    <p class='ocr_par' dir='ltr' id='par_1_106' title="bbox 1967 4443 3556 4515">
     <span class='ocr_line' id='line_1_106' title="bbox 1967 4443 3556 4515; baseline -0.008 -7"><span class='ocrx_word' id='word_1_764' title='bbox 1967 4451 2034 4508; x_wconf 89' lang='lat' dir='ltr'><strong>de</strong></span> <span class='ocrx_word' id='word_1_765' title='bbox 2057 4447 2272 4506; x_wconf 86' lang='lat' dir='ltr'><strong>inferno</strong></span> <span class='ocrx_word' id='word_1_766' title='bbox 2313 4447 2524 4502; x_wconf 85' lang='lat' dir='ltr'><strong>animas</strong></span> <span class='ocrx_word' id='word_1_767' title='bbox 2547 4446 2786 4515; x_wconf 87' lang='lat' dir='ltr'><strong>piorum,</strong></span> <span class='ocrx_word' id='word_1_768' title='bbox 2828 4443 2996 4498; x_wconf 88' lang='lat' dir='ltr'><strong>libera</strong></span> <span class='ocrx_word' id='word_1_769' title='bbox 3041 4443 3277 4497; x_wconf 87' lang='lat' dir='ltr'><strong>animam</strong></span> <span class='ocrx_word' id='word_1_770' title='bbox 3325 4457 3498 4496; x_wconf 79' lang='lat' dir='ltr'><strong>meam</strong></span> <span class='ocrx_word' id='word_1_771' title='bbox 3523 4457 3556 4496; x_wconf 91' lang='lat' dir='ltr'><strong>a</strong></span> 
     </span>
    </p>
   </div>
   <div class='ocr_carea' id='block_1_107' title="bbox 1966 4531 3557 4606">
    <p class='ocr_par' dir='ltr' id='par_1_107' title="bbox 1966 4531 3557 4606">
     <span class='ocr_line' id='line_1_107' title="bbox 1966 4531 3557 4606; baseline -0.009 -8"><span class='ocrx_word' id='word_1_772' title='bbox 1966 4541 2314 4598; x_wconf 88' lang='lat' dir='ltr'><strong>damnatione</strong></span> <span class='ocrx_word' id='word_1_773' title='bbox 2378 4535 2688 4606; x_wconf 88' lang='lat' dir='ltr'><strong>impiorum.</strong></span> <span class='ocrx_word' id='word_1_774' title='bbox 2761 4531 3117 4596; x_wconf 88' lang='lat' dir='ltr'><strong>Fortissime,</strong></span> <span class='ocrx_word' id='word_1_775' title='bbox 3185 4531 3557 4602; x_wconf 88' lang='lat' dir='ltr'><strong>potentissime</strong></span> 
     </span>
    </p>
   </div>
   <div class='ocr_carea' id='block_1_108' title="bbox 1967 4621 3552 4694">
    <p class='ocr_par' dir='ltr' id='par_1_108' title="bbox 1967 4621 3552 4694">
     <span class='ocr_line' id='line_1_108' title="bbox 1967 4621 3552 4694; baseline -0.01 -4"><span class='ocrx_word' id='word_1_776' title='bbox 1967 4633 2192 4690; x_wconf 89' lang='lat' dir='ltr'><strong>Domine</strong></span> <span class='ocrx_word' id='word_1_777' title='bbox 2219 4631 2347 4686; x_wconf 79' lang='lat' dir='ltr'><strong>Jesu</strong></span> <span class='ocrx_word' id='word_1_778' title='bbox 2375 4627 2612 4693; x_wconf 86' lang='lat' dir='ltr'><strong>Christe,</strong></span> <span class='ocrx_word' id='word_1_779' title='bbox 2647 4633 2704 4679; x_wconf 91' lang='lat' dir='ltr'><strong>tu</strong></span> <span class='ocrx_word' id='word_1_780' title='bbox 2731 4633 3018 4694; x_wconf 81' lang='lat' dir='ltr'><strong>postquam</strong></span> <span class='ocrx_word' id='word_1_781' title='bbox 3075 4631 3306 4678; x_wconf 88' lang='lat' dir='ltr'><strong>mortem</strong></span> <span class='ocrx_word' id='word_1_782' title='bbox 3355 4621 3552 4684; x_wconf 81' lang='lat' dir='ltr'><strong>vicisti,</strong></span> 
     </span>
    </p>
   </div>
   <div class='ocr_carea' id='block_1_109' title="bbox 1966 4713 3557 4796">
    <p class='ocr_par' dir='ltr' id='par_1_109' title="bbox 1966 4713 3557 4796">
     <span class='ocr_line' id='line_1_109' title="bbox 1966 4713 3557 4796; baseline -0.008 -13"><span class='ocrx_word' id='word_1_783' title='bbox 1966 4741 2198 4796; x_wconf 77' lang='lat' dir='ltr'><strong>surgens</strong></span> <span class='ocrx_word' id='word_1_784' title='bbox 2250 4738 2282 4778; x_wconf 89' lang='lat' dir='ltr'><strong>a</strong></span> <span class='ocrx_word' id='word_1_785' title='bbox 2330 4720 2562 4778; x_wconf 86' lang='lat' dir='ltr'><strong>mortuis</strong></span> <span class='ocrx_word' id='word_1_786' title='bbox 2609 4718 2764 4773; x_wconf 84' lang='lat' dir='ltr'><strong>vivus</strong></span> <span class='ocrx_word' id='word_1_787' title='bbox 2808 4726 2865 4771; x_wconf 88' lang='lat' dir='ltr'><strong>et</strong></span> <span class='ocrx_word' id='word_1_788' title='bbox 2919 4715 3240 4770; x_wconf 89' lang='lat' dir='ltr'><strong>iunnortalis</strong></span> <span class='ocrx_word' id='word_1_789' title='bbox 3277 4713 3557 4784; x_wconf 85' lang='lat' dir='ltr'><strong>discipulis</strong></span> 
     </span>
    </p>
   </div>
   <div class='ocr_carea' id='block_1_110' title="bbox 1970 4807 3552 4888">
    <p class='ocr_par' dir='ltr' id='par_1_110' title="bbox 1970 4807 3552 4888">
     <span class='ocr_line' id='line_1_110' title="bbox 1970 4807 3552 4888; baseline -0.011 -11"><span class='ocrx_word' id='word_1_790' title='bbox 1970 4821 2076 4877; x_wconf 86' lang='lat' dir='ltr'><strong>tuis</strong></span> <span class='ocrx_word' id='word_1_791' title='bbox 2127 4815 2446 4888; x_wconf 88' lang='lat' dir='ltr'><strong>apparuisti.</strong></span> <span class='ocrx_word' id='word_1_792' title='bbox 2503 4811 2753 4870; x_wconf 88' lang='lat' dir='ltr'><strong>Dolentes</strong></span> <span class='ocrx_word' id='word_1_793' title='bbox 2801 4811 2869 4866; x_wconf 90' lang='lat' dir='ltr'><strong>de</strong></span> <span class='ocrx_word' id='word_1_794' title='bbox 2918 4819 3006 4865; x_wconf 87' lang='lat' dir='ltr'><strong>tua</strong></span> <span class='ocrx_word' id='word_1_795' title='bbox 3040 4819 3214 4865; x_wconf 90' lang='lat' dir='ltr'><strong>morte</strong></span> <span class='ocrx_word' id='word_1_796' title='bbox 3246 4807 3552 4873; x_wconf 77' lang='lat' dir='ltr'><strong>lactificasti,</strong></span> 
     </span>
    </p>
   </div>
   <div class='ocr_carea' id='block_1_111' title="bbox 1967 4895 3556 4972">
    <p class='ocr_par' dir='ltr' id='par_1_111' title="bbox 1967 4895 3556 4972">
     <span class='ocr_line' id='line_1_111' title="bbox 1967 4895 3556 4972; baseline -0.01 -5"><span class='ocrx_word' id='word_1_797' title='bbox 1967 4907 2304 4967; x_wconf 89' lang='lat' dir='ltr'><strong>manducans</strong></span> <span class='ocrx_word' id='word_1_798' title='bbox 2349 4911 2404 4960; x_wconf 89' lang='lat' dir='ltr'><strong>et</strong></span> <span class='ocrx_word' id='word_1_799' title='bbox 2447 4902 2642 4959; x_wconf 84' lang='lat' dir='ltr'><strong>bibens</strong></span> <span class='ocrx_word' id='word_1_800' title='bbox 2696 4899 3010 4972; x_wconf 85' lang='lat' dir='ltr'><strong>frequenter</strong></span> <span class='ocrx_word' id='word_1_801' title='bbox 3049 4915 3170 4956; x_wconf 90' lang='lat' dir='ltr'><strong>cum</strong></span> <span class='ocrx_word' id='word_1_802' title='bbox 3229 4899 3308 4953; x_wconf 91' lang='lat' dir='ltr'><strong>eis</strong></span> <span class='ocrx_word' id='word_1_803' title='bbox 3354 4897 3410 4952; x_wconf 91' lang='lat' dir='ltr'><strong>in</strong></span> <span class='ocrx_word' id='word_1_804' title='bbox 3449 4895 3556 4951; x_wconf 82' lang='lat' dir='ltr'><strong>fido</strong></span> 
     </span>
    </p>
   </div>
   <div class='ocr_carea' id='block_1_112' title="bbox 1967 4987 3554 5060">
    <p class='ocr_par' dir='ltr' id='par_1_112' title="bbox 1967 4987 3554 5060">
     <span class='ocr_line' id='line_1_112' title="bbox 1967 4987 3554 5060; baseline -0.013 0"><span class='ocrx_word' id='word_1_805' title='bbox 1967 5011 2170 5060; x_wconf 70' lang='lat' dir='ltr'><strong>sanctas</strong></span> <span class='ocrx_word' id='word_1_806' title='bbox 2195 4995 2616 5056; x_wconf 87' lang='lat' dir='ltr'><strong>resurrectionis</strong></span> <span class='ocrx_word' id='word_1_807' title='bbox 2648 5003 2754 5050; x_wconf 73' lang='lat' dir='ltr'><strong>tua:</strong></span> <span class='ocrx_word' id='word_1_808' title='bbox 2788 5007 2886 5049; x_wconf 88' lang='lat' dir='ltr'><strong>cor</strong></span> <span class='ocrx_word' id='word_1_809' title='bbox 2917 5007 3106 5047; x_wconf 88' lang='lat' dir='ltr'><strong>eorum</strong></span> <span class='ocrx_word' id='word_1_810' title='bbox 3136 4987 3402 5052; x_wconf 87' lang='lat' dir='ltr'><strong>solidasti,</strong></span> <span class='ocrx_word' id='word_1_811' title='bbox 3432 4988 3554 5042; x_wconf 79' lang='lat' dir='ltr'><strong>ani-</strong></span> 
     </span>
    </p>
   </div>
   <div class='ocr_carea' id='block_1_113' title="bbox 1968 5075 3552 5154">
    <p class='ocr_par' dir='ltr' id='par_1_113' title="bbox 1968 5075 3552 5154">
     <span class='ocr_line' id='line_1_113' title="bbox 1968 5075 3552 5154; baseline -0.011 -5"><span class='ocrx_word' id='word_1_812' title='bbox 1968 5107 2114 5150; x_wconf 88' lang='lat' dir='ltr'><strong>mam</strong></span> <span class='ocrx_word' id='word_1_813' title='bbox 2159 5101 2359 5154; x_wconf 85' lang='lat' dir='ltr'><strong>meam,</strong></span> <span class='ocrx_word' id='word_1_814' title='bbox 2399 5087 2640 5142; x_wconf 87' lang='lat' dir='ltr'><strong>animam</strong></span> <span class='ocrx_word' id='word_1_815' title='bbox 2679 5083 2822 5140; x_wconf 84' lang='lat' dir='ltr'><strong>servi</strong></span> <span class='ocrx_word' id='word_1_816' title='bbox 2851 5081 2928 5137; x_wconf 90' lang='lat' dir='ltr'><strong>tui</strong></span> <span class='ocrx_word' id='word_1_817' title='bbox 2957 5077 3170 5136; x_wconf 75' lang='lat' dir='ltr'><strong>lanifica</strong></span> <span class='ocrx_word' id='word_1_818' title='bbox 3205 5087 3262 5138; x_wconf 88' lang='lat' dir='ltr'><strong>et</strong></span> <span class='ocrx_word' id='word_1_819' title='bbox 3301 5075 3552 5134; x_wconf 84' lang='lat' dir='ltr'><strong>conferta</strong></span> 
     </span>
    </p>
   </div>
   <div class='ocr_carea' id='block_1_114' title="bbox 1969 5173 2992 5243">
    <p class='ocr_par' dir='ltr' id='par_1_114' title="bbox 1969 5173 2992 5243">
     <span class='ocr_line' id='line_1_114' title="bbox 1969 5173 2992 5243; baseline -0.015 -1"><span class='ocrx_word' id='word_1_820' title='bbox 1969 5187 2024 5243; x_wconf 87' lang='lat' dir='ltr'><strong>in</strong></span> <span class='ocrx_word' id='word_1_821' title='bbox 2061 5184 2166 5241; x_wconf 83' lang='lat' dir='ltr'><strong>fide</strong></span> <span class='ocrx_word' id='word_1_822' title='bbox 2189 5189 2392 5240; x_wconf 72' lang='lat' dir='ltr'><strong>sancta:</strong></span> <span class='ocrx_word' id='word_1_823' title='bbox 2419 5187 2524 5236; x_wconf 69' lang='lat' dir='ltr'><strong>ture</strong></span> <span class='ocrx_word' id='word_1_824' title='bbox 2555 5173 2992 5233; x_wconf 82' lang='lat' dir='ltr'><strong>resurrectionis.</strong></span> 
     </span>
    </p>
   </div>
   <div class='ocr_carea' id='block_1_115' title="bbox 2475 5263 3052 5328">
    <p class='ocr_par' dir='ltr' id='par_1_115' title="bbox 2475 5263 3052 5328">
     <span class='ocr_line' id='line_1_115' title="bbox 2475 5263 3052 5328; baseline -0.019 0"><span class='ocrx_word' id='word_1_825' title='bbox 2475 5268 2731 5328; x_wconf 77' lang='lat' dir='ltr'><strong>ORATIO</strong></span> <span class='ocrx_word' id='word_1_826' title='bbox 2769 5263 3052 5320; x_wconf 77' lang='lat' dir='ltr'><strong>XXXVIII.</strong></span> 
     </span>
    </p>
   </div>
   <div class='ocr_carea' id='block_1_116' title="bbox 2561 5369 2954 5416">
    <p class='ocr_par' dir='ltr' id='par_1_116' title="bbox 2561 5369 2954 5416">
     <span class='ocr_line' id='line_1_116' title="bbox 2561 5369 2954 5416; baseline -0.023 0"><span class='ocrx_word' id='word_1_827' title='bbox 2561 5375 2630 5416; x_wconf 69' lang='lat' dir='ltr'><strong>AD</strong></span> <span class='ocrx_word' id='word_1_828' title='bbox 2665 5369 2954 5414; x_wconf 70' lang='lat' dir='ltr'><strong>CHRISTCI.</strong></span> 
     </span>
    </p>
   </div>
   <div class='ocr_carea' id='block_1_117' title="bbox 2347 5443 3184 5527">
    <p class='ocr_par' dir='ltr' id='par_1_117' title="bbox 2347 5443 3184 5527">
     <span class='ocr_line' id='line_1_117' title="bbox 2347 5443 3184 5527; baseline -0.011 -19"><span class='ocrx_word' id='word_1_829' title='bbox 2347 5451 2456 5527; x_wconf 76' lang='lat' dir='ltr'><strong>(Ea:</strong></span> <span class='ocrx_word' id='word_1_830' title='bbox 2485 5471 2584 5508; x_wconf 77' lang='lat' dir='ltr'><strong>ms.</strong></span> <span class='ocrx_word' id='word_1_831' title='bbox 2616 5450 2792 5507; x_wconf 84' lang='lat' dir='ltr'><strong>codice</strong></span> <span class='ocrx_word' id='word_1_832' title='bbox 2841 5443 3184 5516; x_wconf 79' lang='lat' dir='ltr'><strong>Corbeiensi.)</strong></span> 
     </span>
    </p>
   </div>
   <div class='ocr_carea' id='block_1_118' title="bbox 2042 5535 3558 5610">
    <p class='ocr_par' dir='ltr' id='par_1_118' title="bbox 2042 5535 3558 5610">
     <span class='ocr_line' id='line_1_118' title="bbox 2042 5535 3558 5610; baseline -0.013 -2"><span class='ocrx_word' id='word_1_833' title='bbox 2042 5547 2268 5608; x_wconf 88' lang='lat' dir='ltr'><strong>Domine</strong></span> <span class='ocrx_word' id='word_1_834' title='bbox 2287 5548 2413 5604; x_wconf 85' lang='lat' dir='ltr'><strong>Jcsu</strong></span> <span class='ocrx_word' id='word_1_835' title='bbox 2435 5545 2673 5610; x_wconf 88' lang='lat' dir='ltr'><strong>Christe,</strong></span> <span class='ocrx_word' id='word_1_836' title='bbox 2703 5541 3032 5607; x_wconf 89' lang='lat' dir='ltr'><strong>dulcissime,</strong></span> <span class='ocrx_word' id='word_1_837' title='bbox 3066 5536 3407 5605; x_wconf 87' lang='lat' dir='ltr'><strong>suavissime,</strong></span> <span class='ocrx_word' id='word_1_838' title='bbox 3437 5535 3558 5608; x_wconf 67' lang='lat' dir='ltr'><strong>pulo</strong></span> 
     </span>
    </p>
   </div>
   <div class='ocr_carea' id='block_1_119' title="bbox 1975 5631 3560 5715">
    <p class='ocr_par' dir='ltr' id='par_1_119' title="bbox 1975 5631 3560 5715">
     <span class='ocr_line' id='line_1_119' title="bbox 1975 5631 3560 5715; baseline -0.014 -9"><span class='ocrx_word' id='word_1_839' title='bbox 1975 5649 2264 5710; x_wconf 83' lang='lat' dir='ltr'><strong>cherrime,</strong></span> <span class='ocrx_word' id='word_1_840' title='bbox 2315 5639 2738 5715; x_wconf 74' lang='lat' dir='ltr'><strong>speciosissime,</strong></span> <span class='ocrx_word' id='word_1_841' title='bbox 2781 5633 3262 5700; x_wconf 82' lang='lat' dir='ltr'><strong>desideratissime,</strong></span> <span class='ocrx_word' id='word_1_842' title='bbox 3297 5631 3560 5690; x_wconf 76' lang='lat' dir='ltr'><strong>Dominus</strong></span> 
     </span>
    </p>
   </div>
  </div>
