3906 6058
337 175 433 228 931

707 172 763 229 S.
807 173 1106 229 ANSELMI
1143 171 1496 231 CANTUAR.
1530 164 1849 226 ARClllEP.
1879 158 2031 226 OPP.
2071 157 2253 227 PARS
2284 171 2350 226 ll.
2379 201 2442 212 —
2462 169 2831 227 ΡΑΒᾹΞΝΕΤ.
2860 169 2949 228 ET
2979 171 3226 228 ASCET.

3499 161 3629 240 932

335 304 487 343 meus
511 293 564 342 et
602 287 744 344 Deus
771 286 941 351 meus,
979 295 1100 355 post
1127 285 1581 340 resurrectionem
1610 293 1754 339 tuam
1779 300 1914 354 qua-
1944 291 1987 346 Α
2019 283 2298 338 societate.
2329 283 2438 340 Vos
2466 297 2656 339 omnes
2682 283 2877 350 sancti,
2909 282 3000 338 lilii
3028 282 3433 350 misericordize,
3453 289 3625 357 pueri

335 380 646 450 dragesimo
681 380 767 434 die
802 379 1016 434 vidente
1062 377 1308 447 piissima
1356 383 1531 432 matre
1566 385 1659 430 tua
1697 374 1924 446 Virgine

336 479 392 525 et
447 471 796 525 inell'abiliter
846 469 1150 538 gaudente,
1197 467 1507 523 videntibus
1562 467 1754 522 amicis
1816 468 1923 522 tuis

337 557 599 628 apostolis
627 566 683 610 et
710 555 1054 610 inelfahiliter
1090 556 1157 609 de
1205 564 1294 610 tua
1323 555 1712 627 gloriﬁcatione
1740 556 1925 611 laztan-

336 649 502 712 tibus,
531 646 858 701 benedicens
889 647 970 700 eis
1004 645 1254 700 ascendis
1285 646 1338 700 in
1367 646 1563 700 C(elum
1593 657 1648 700 et
1678 649 1833 702 sedes
1858 646 1924 702 ad

336 737 616 791 dexteram
666 735 877 790 Patris?
926 737 1160 791 Benedic
1205 736 1370 790 etiam
1409 737 1562 792 nobis
1599 746 1654 792 et
1694 736 1779 792 fac
1829 751 1926 793 nos

335 826 629 895 participes
673 826 835 896 272
868 835 1034 882 tanta:
1078 828 1478 894 exsultatiouis,
1520 843 1683 897 quam
1728 827 1800 881 illi
1832 829 1927 882 ha-

336 915 570 971 buerunt
594 918 660 972 de
688 917 861 987 gloria
891 929 992 972 tute
1017 919 1388 982 exaltationis,
1417 929 1473 973 et
1501 919 1728 989 perhzec
1759 920 1926 975 bene-

337 1008 457 1063 licia
490 1019 670 1076 tua,et
699 1010 798 1064 alia
837 1010 1249 1066 innumerabilia
1283 1011 1478 1080 quibus
1506 1012 1776 1067 hominem
1805 1027 1928 1082 per-

336 1102 510 1157 ditum
543 1103 611 1161 ad
654 1102 887 1157 salutem
925 1103 1215 1167 revocasti,
1255 1104 1380 1158 dum
1420 1103 1474 1157 in
1519 1105 1618 1158 hac
1649 1103 1755 1157 vita
1788 1103 1926 1158 deti-

337 1208 491 1255 neor,
524 1194 775 1248 miseram
805 1194 1042 1248 animam
1074 1209 1248 1248 meam
1275 1194 1436 1249 retice
1478 1203 1532 1249 et
1569 1195 1835 1260 conferta,
1870 1205 1928 1251 ut

335 1299 460 1340 cum
487 1299 518 1339 a
547 1300 775 1355 corpore
812 1287 1154 1356 migraverit,
1185 1295 1294 1340 tam
1324 1287 1432 1356 piis
1458 1287 1927 1343 recordationibus

333 1387 389 1429 et
420 1377 697 1432 memoriis
732 1379 1022 1433 eunti-itam
1047 1387 1102 1433 et
1121 1377 1481 1434 relocillatam
1507 1381 1606 1434 sub
1637 1379 1738 1435 alis
1768 1381 1928 1435 mise-

333 1467 584 1522 ricordire
636 1477 759 1532 tuae,
808 1469 912 1522 sub
957 1469 1183 1539 pedibus
1223 1478 1529 1524 sanctormn
1560 1470 1924 1539 apostolormn

338 1565 579 1621 tuorum,
610 1558 708 1612 sub
739 1559 964 1628 pedibus
1007 1559 1384 1629 gloriosissimi
1419 1561 1570 1615 testis
1601 1561 1674 1614 tui
1701 1561 1928 1630 Stephao

336 1647 415 1711 ni,
443 1657 498 1702 et
527 1656 848 1704 caaterorum
879 1665 1169 1720 puerorum
1211 1658 1426 1705 tuo’rum
1454 1652 1544 1720 qui
1584 1662 1760 1707 tecum
1801 1662 1926 1707 sunt

337 1737 392 1792 in
440 1749 631 1794 sancto
680 1740 844 1795 cubili
895 1751 1006 1802 tuo,
1053 1741 1398 1810 requiescere
1437 1743 1627 1812 possit,
1663 1753 1714 1797 te
1743 1745 1926 1798 “misc-

336 1834 515 1898 ‘rante,
559 1840 611 1885 te
654 1832 908 1897 donante,
963 1831 1213 1887 Salvator
1246 1835 1470 1898 'mundi,
1519 1836 1608 1904 qui
1649 1851 1772 1890 cum
1820 1835 1928 1891 Deo

337 1916 498 1974 Patre
525 1931 581 1974 et
604 1919 810 1992 Spiritu
856 1932 1052 1978 sancto
1083 1925 1218 1978 vivis
1252 1935 1312 1980 et
1343 1941 1536 1995 regnas
1578 1927 1718 1981 Deus
1748 1928 1799 1981 iu
1832 1943 1928 1983 ste-

328 2010 456 2066 ‘cula
486 2015 829 2069 szeculorum.
853 2016 1047 2070 Amen.

856 2103 1120 2162 ORATIO
1158 2101 1404 2162 XXXIX.

637 2213 705 2272 in
743 2234 1040 2281 CllRlS'l‘Ull,
1081 2235 1152 2273 ετ
1186 2233 1357 2274 OMNES
1394 2225 1642 2275 saxc‘ros.

795 2313 917 2384 (Ex
955 2330 1054 2366 ms.
1107 2313 1464 2383 Corbeiensi.)

401 2389 632 2458 Domine
660 2389 788 2459 Jesu
805 2404 1040 2470 Christe,
1068 2405 1166 2459 Fili
1189 2406 1278 2459 Dei
1307 2405 1430 2468 rivi,
1464 2405 1723 2462 Dominus
1777 2416 1929 2462 meus

325 2501 389 2549 ’et
430 2493 573 2550 Deus
607 2510 782 2561 meus,
815 2505 866 2549 tu
903 2511 962 2552 es
991 2499 1099 2551 vita
1139 2511 1280 2563 mea,
1312 2497 1459 2551 salus
1491 2513 1630 2563 mea,
1674 2499 1791 2554 sine
1821 2515 1928 2570 quo

330 2596 442 2640 non
469 2600 688 2656 possum
724 2585 860 2640 bene
889 2587 1092 2651 vivere,
1124 2587 1206 2640 vel
1250 2588 1386 2642 bene
1421 2603 1561 2653 esse,
1591 2590 1718 2658 quia
1752 2599 1809 2644 et
1831 2605 1932 2644 au-

334 2686 556 2745 tequam
603 2691 778 2732 essem
815 2686 870 2731 et
897 2678 1157 2743 viverem,
1183 2679 1322 2749 apud
1349 2687 1399 2734 te
1429 2691 1578 2733 eram
1601 2691 1656 2735 et
1680 2679 1926 2738 vivebam

337 2769 390 2821 in
423 2776 498 2834 te,
525 2775 601 2834 et,
627 2777 920 2837 antequam
969 2784 1055 2824 me
1085 2784 1322 2835 nossem,
1362 2785 1594 2826 noveras
1633 2787 1736 2826 me.
1772 2772 1930 2828 Beni-

330 2857 623 2928 gnissime,
667 2859 1007 2924 suavissime,
1032 2859 1366 2925 dulcissime,
1402 2861 1488 2916 fac
1526 2875 1611 2917 me
1651 2863 1927 2917 recordari

333 2950 713 3008 miserationes
759 2961 880 3007 tuas
907 2967 1042 3022 quas
1075 2953 1312 3008 humano
1340 2953 1524 3025 generi
1560 2954 1926 3009 misericordi-

2021 375 2238 430 Domini
2274 374 2595 439 Salvatoris,
2630 375 2741 445 jam
2767 390 2890 430 cum
2912 388 2978 430 eo
3003 376 3347 446 quiescentes
3370 378 3422 432 in
3449 389 3631 437 reter—

2026 480 2095 518 na
2128 465 2339 535 requie,
2374 480 2512 535 quos
2543 466 2656 535 ipsa
2699 465 2938 521 Charitas
2963 467 3029 521 de
3053 467 3164 521 suis
3187 468 3487 525 visceribus
3509 487 3626 543 ge-

2025 557 2166 619 nuit,
2213 565 2312 610 vos
2364 570 2464 626 ego
2510 563 2765 624 peccator
2814 554 3047 624 appello.
3101 545 3380 613 sublevate
3431 567 3622 615 meam

2024 646 2331 700 orationem
2367 646 2436 699 ad
2463 659 2626 700 aures
2649 654 2845 700 vestrae
2882 645 3095 712 matris,
3120 646 3401 703 altissimae
3421 650 3622 704 "charis

2022 735 2175 788 tatis.
2207 733 2263 788 lu
2298 735 2488 804 primis
2520 737 2692 791 audeo
2738 743 2791 789 te
2821 735 3141 805 suppliciter
3178 751 3356 804 orare,
3388 753 3506 808 quae
3535 741 3624 794 vi-

2027 826 2203 881 cinior
2231 827 2423 882 existis
2478 827 2635 882 saluti
2693 836 2914 893 nostrae,
2972 843 3093 898 qua:
3139 827 3305 884 vitam
3367 838 3620 887 nostram

2027 919 2303 989 peperisti,
2335 919 2532 974 mundo
2576 919 2787 990 perdito
2828 919 3128 974 remedium
3165 920 3414 986 attulisti,
3447 923 3623 977 bene-

2028 1009 2172 1063 dicta
2203 1023 2369 1078 super
2400 1009 2656 1065 mulieres
2686 1010 2849 1080 Virgo
2885 1019 3062 1066 mater
3086 1011 3259 1081 ipsius
3300 1012 3622 1068 misericor-

2026 1099 2151 1166 dia),
2177 1109 2365 1156 saneta
2396 1099 2584 1166 Maria,
2620 1103 2844 1158 Domina
2875 1104 3082 1168 mundi,
3108 1103 3315 1175 Regina
3339 1104 3487 1171 caeli,
3514 1115 3622 1160 tuae

2028 1194 2386 1250 sanctissima:
2417 1195 2612 1265 pietati
2647 1209 2822 1249 meam
2849 1195 3153 1250 Orationem
3184 1195 3620 1266 qualemcunque

2026 1284 2329 1349 committo,
2367 1293 2426 1339 ut
2457 1299 2578 1340 eam
2621 1277 2818 1341 oﬂ‘eras
2853 1285 3206 1342 dilectissimo
3233 1285 3371 1342 Filio
3394 1295 3486 1342 tuo
3506 1287 3621 1342 Do-

2031 1377 2176 1431 mino
2203 1386 2414 1433 nostro.
2449 1376 2554 1434 Vos
2581 1377 2747 1435 etiam
2777 1378 2950 1433 sancti
2978 1378 3152 1450 angeli
3184 1386 3239 1433 et
3273 1379 3616 1449 archangeli,

2029 1475 2215 1523 sancte
2263 1467 2516 1535 Michael,
2545 1478 2732 1526 sancte
2767 1469 3028 1540 Raphael,
3076 1479 3262 1525 sancte
3285 1468 3537 1536 Gabriel,
3565 1480 3621 1526 et

2029 1572 2219 1614 omnes
2266 1559 2437 1615 sancti
2466 1559 2770 1616 caelestium
2823 1560 3046 1616 ordines
3083 1561 3342 1615 virtutum
3383 1562 3450 1614 ad
3493 1576 3620 1615 ora-

1961 1692 2000 1749 Β
2033 1649 2202 1713 tiones
2257 1665 2407 1707 meas
2455 1652 2523 1706 ad
2574 1650 2742 1706 Deum
2795 1651 3154 1707 sublevandas
3189 1650 3454 1707 advocare
3480 1667 3618 1722 pra:-

2031 1756 2208 1796 sumo.
2236 1741 2343 1797 Vos
2370 1757 2563 1798 omnes
2588 1742 2762 1798 sancti
2782 1743 3111 1812 patriarcha:
3131 1752 3186 1797 et
3212 1745 3615 1813 preplietze,qui

2031 1834 2387 1901 prtecessistis
2413 1844 2468 1888 et
2501 1834 2864 1890 annuntiastis
2899 1835 3190 1889 adirentum
3221 1835 3388 1889 nostri
3421 1827 3616 1889 Salva-

2032 1928 2189 1989 toris,
2213 1941 2308 1982 vos
2332 1937 2505 1982 estote
2545 1927 2820 1997 adjumres
2856 1928 3198 1982 orationibus
3227 1927 3382 1982 meis.
3415 1927 3618 1982 Sancte

2029 2016 2286 2084 Joannes,
2331 2029 2384 2075 tu
2416 2019 2655 2091 Baptista
2691 2019 2928 2085 Domini,
2955 2021 3164 2074 amicus
3211 2020 3382 2090 ipsius
3417 2021 3617 2076 summi

2034 2109 2246 2180 Sponsi,
2299 2122 2352 2165 tu
2389 2122 2508 2168 esto
2557 2113 2774 2182 adiutor
2821 2112 3157 2168 orationibus
3213 2113 3367 2168 meis.
3417 2113 3619 2171 Sancte

2027 2198 2212 2265 Petre,
2239 2201 2325 2255 cui
2353 2217 2596 2256 summus
2627 2201 2822 2257 Pastor
2849 2201 3122 2256 commisit
3161 2217 3290 2256 suos
3328 2217 3493 2270 agnos
3523 2218 3618 2272 pa:

2031 2292 2280 2348 secndos.
2337 2293 2536 2349 Sancte
2586 2292 2770 2361 Paule,
2803 2307 2900 2348 vas
2931 2293 3210 2348 electionis
3250 2293 3462 2348 Domini
3485 2293 3618 2349 Jesn

2026 2381 2252 2448 Christi,
2297 2385 2488 2440 doctor
2523 2386 2788 2456 gentium.
2835 2385 3033 2440 Sancte
3056 2385 3289 2452 Andrea,
3318 2395 3504 2440 sancte
3523 2385 3619 2440 Ja-

2030 2477 2185 2543 cobe,
2215 2486 2404 2533 sancte
2451 2477 2674 2543 Jacobe,
2709 2486 2898 2534 sancte
2919 2478 3155 2534 Joannes
3178 2477 3373 2532 dilecte
3403 2477 3615 2533 Domini

2028 2565 2179 2635 Jesu,
2215 2578 2405 2626 sancte
2442 2567 2672 2632 Thema,
2713 2579 2902 2626 sancte
2945 2568 3208 2640 Philippe,
3252 2578 3436 2624 sancte
3479 2567 3618 2623 Bais»

2029 2661 2338 2729 tholomtee,
2382 2661 2888 2727 sancte-Matthiae,
2926 2672 3110 2718 sancte
3161 2661 3373 2726 Simon,
3425 2671 3618 2716 sancte

2031 2753 2285 2820 Thadaee,
2309 2765 2498 2810 sancte
2522 2742 2768 2820 hlatthia,
2799 2763 2982 2810 sancte
3004 2754 3208 2820 Marce,
3229 2764 3416 2811 sancte
3444 2754 3617 2819 Luca.

2030 2855 2216 2902 sancte
2243 2846 2508 2903 Barnaba.
2552 2847 2752 2903 Omnes
2797 2846 2970 2901 sancti
2995 2847 3222 2917 apostoli
3255 2855 3310 2902 et
3340 2847 3619 2917 evangelir-

2031 2946 2148 3004 suc,
2183 2948 2336 2994 orate
2368 2954 2468 3008 pro
2497 2952 2586 2994 me
2611 2946 2932 3010 peccatore;
2964 2938 3162 2993 vestris
3182 2938 3386 2993 nieritis
3412 2938 3619 2993 oratio.

336 3050 420 3096 ter
441 3043 769 3114 impendisti,
803 3043 886 3100 lac
913 3061 978 3100 ex
1000 3059 1187 3100 earum
1214 3047 1592 3102 recordatione
1620 3062 1716 3101 cor
1747 3063 1926 3102 meum

2031 3046 2126 3086 nes
2162 3047 2310 3088 meas
2337 3033 2642 3087 committo.
2686 3031 2888 3087 Sancte
2928 3029 3206 3101 Stephaue
3251 3036 3619 3100 protomartyr

333 3132 459 3202 igne
497 3135 776 3204 ignescere
807 3136 1114 3194 dilectionis
1163 3146 1268 3193 tuae
1307 3138 1515 3208 iugiter
1543 3139 1594 3192 in
1627 3138 1924 3193 ﬂammam.

332 3223 716 3282 Potentissime
753 3226 1000 3294 Domine,
1035 3230 1184 3299 prius
1214 3229 1264 3282 in
1290 3238 1445 3284 utero
1461 3229 1652 3284 matris
1684 3245 1813 3284 meae
1843 3246 1928 3286 me

334 3315 606 3383 formasti,
646 3328 735 3374 tua
768 3321 968 3375 virtute
998 3331 1183 3374 natum
1231 3321 1298 3376 de
1329 3330 1505 3376 matre
1539 3323 1808 3390 baptismo
1837 3333 1927 3375 tuo

331 3409 716 3473 sanetilicasti,
750 3411 1065 3479 parentibus
1099 3411 1235 3466 meis
1283 3423 1345 3464 ut
1393 3412 1700 3466 litterarum
1749 3415 1926 3470 studio

337 3513 403 3551 ac
444 3500 695 3554 societati
744 3502 1133 3555 monachorum
1180 3517 1268 3556 me
1317 3504 1592 3557 traderent
1630 3506 1924 3574 inspirasti,

332 3576 612 3656 ingenium
666 3588 905 3642 discendi
961 3590 1189 3654 litteras,
1242 3598 1504 3659 quantum
1555 3592 1648 3646 tibi
1700 3594 1922 3662 placuit,

335 3678 552 3748 ingrato
599 3679 732 3734 mihi
773 3680 991 3735 dedisti.
1024 3677 1108 3736 Me
1141 3681 1388 3751 quotidie
1414 3692 1726 3753 peccantem
1755 3701 1926 3756 usque

333 3778 483 3826 nunc
509 3773 783 3841 patienter
826 3774 1171 3844 exspectasti.
1223 3772 1445 3840 Precor,
1486 3790 1602 3840 oro,
1651 3777 1925 3847 benignis-

283 3905 296 3917 .
329 3861 472 3917 sime
501 3863 751 3929 Domine,
786 3865 1154 3938 dulcissimam
1204 3865 1639 3920 misericordiam
1676 3876 1824 3922 tuam
1858 3883 1926 3923 ne

331 3969 427 4010 me
457 3955 606 4011 sinas
641 3972 875 4026 unquam
918 3959 985 4012 ad
1032 3958 1294 4028 pristinas
1342 3959 1530 4014 sertles
1578 3967 1926 4027 peccatorum

330 4057 580 4100 meorum
630 4045 829 4110 redire,
857 4048 950 4103 sed
994 4047 1080 4103 lac
1111 4064 1200 4104 me
1236 4064 1361 4104 cum
1401 4050 1576 4104 servis
1610 4050 1717 4104 tuis
1748 4051 1800 4105 in
1833 4059 1926 4107 tuo

326 4137 562 4192 servitio
610 4153 981 4208 perseverare.
1030 4138 1180 4206 Scio,
1226 4140 1473 4205 Domine,
1503 4143 1646 4212 quod
1673 4158 1780 4198 non
1806 4158 1926 4200 sum

331 4227 533 4298 dignus
577 4231 823 4284 exaudiri
873 4241 1093 4301 propter
1114 4240 1338 4301 peccata
1374 4248 1517 4298 mea,
1575 4235 1668 4289 sed
1699 4235 1764 4289 da
1793 4236 1924 4292 mihi

325 4319 587 4374 solatium
621 4329 677 4374 et
709 4304 1152 4379 intercessionem
1185 4333 1501 4380 sanctorum
1536 4334 1754 4379 tuorum
1785 4341 1924 4395 quos

2035 3123 2245 3180 Domini
2271 3125 2443 3180 nostri
2485 3123 2611 3180 .lesu
2648 3123 2871 3188 Christi,
2919 3123 3090 3177 amice
3119 3122 3236 3188 Dei,
3267 3123 3376 3176 tuis
3406 3123 3616 3175 meritis

2030 3231 2116 3269 me
2143 3216 2480 3274 commendo.
2517 3215 2700 3270 Sancti
2732 3223 3041 3284 martyres,
3087 3214 3240 3275 Line,
3291 3212 3460 3278 Clete,
3495 3211 3615 3266 Clea

2029 3321 2203 3371 meus,
2257 3305 2435 3369 XiSIe,
2480 3304 2716 3369 Corneli,
2750 3303 3038 3374 Cypriane,
3071 3303 3348 3369 Laurenti,
3381 3301 3614 3372 Chryso-

2027 3413 2184 3468 gone,
2255 3397 2512 3464 Joannes,
2576 3397 2779 3460 Paule,
2812 3399 3030 3461 Cosma,
3086 3396 3366 3459 Damiano,
3419 3393 3613 3463 lgnati,

2028 3489 2355 3552 Alexander,
2397 3489 2726 3553 Marcelline,
2763 3491 2937 3555 Petre,
2968 3484 3239 3553 Vincenti,
3272 3489 3614 3553 Sebastiane,

2027 3590 2082 3638 et
2111 3598 2301 3637 omnes
2335 3593 2605 3648 martyres
2654 3584 2742 3652 qui
2784 3598 2886 3653 pro
2934 3579 3234 3636 Salvator-is
3276 3593 3459 3634 amore
3489 3593 3614 3632 sau-

2027 3674 2244 3744 guinem
2287 3684 2526 3728 vestrum
2560 3673 2795 3740 fudistis,
2844 3681 2997 3728 orate
3039 3686 3138 3740 pro
3190 3671 3367 3727 nobis.
3414 3668 3614 3724 Sancte

2027 3762 2286 3832 Vedaste,
2357 3763 2594 3834 Remigi,
2644 3762 2955 3826 Benedicta,
3021 3760 3273 3824 Martiae,
3335 3757 3614 3822 Ambrosi,

2027 3856 2342 3927 Augustine,
2384 3854 2575 3918 Hilari,
2599 3853 2781 3918 Basili,
2813 3852 3045 3914 Nicolae,
3071 3849 3332 3914 Amande,
3358 3846 3614 3917 Gregori,

2025 3945 2296 4003 Germane
2342 3957 2397 4003 et
2425 3962 2612 4002 omnes
2661 3946 2834 4002 sancti
2874 3943 3214 4001 conlessores
3243 3943 3332 4013 qui
3361 3956 3459 4012 per
3485 3956 3613 3996 sane

2027 4040 2269 4096 etitatem
2296 4039 2418 4094 vita:
2438 4041 2634 4093 vestrae
2660 4037 2771 4093 Deo
2793 4036 3096 4107 placuistis,
3125 4045 3279 4090 orate
3307 4048 3404 4102 pro
3433 4031 3609 4087 nobis.

2028 4129 2226 4186 Sancta
2277 4127 2442 4182 Maria
2492 4127 2828 4198 Magdalena,
2860 4141 2980 4197 qua:
3018 4124 3260 4180 meruisti
3293 4125 3456 4192 pedes
3500 4123 3611 4177 Do-

2026 4225 2156 4278 mlui
2186 4222 2484 4277 SalVatoris
2518 4220 2813 4276 osculando
2852 4228 3092 4289 tangere,
3126 4217 3378 4287 lacrymis
3409 4215 3614 4284 rigare,

2028 4317 2197 4387 prima
2228 4323 2598 4384 resurgentem
2649 4328 2678 4367 a
2724 4311 2951 4367 mortuis
2987 4311 3194 4375 videre,
3235 4317 3420 4364 sancta
3463 4306 3616 4361 Feli-

328 4411 510 4466 audeo
561 4426 746 4466 coram
788 4421 840 4467 te
897 4412 1189 4483 appellare,
1246 4423 1304 4468 ut
1347 4415 1490 4484 quod
1535 4394 1922 4472 obsistentibus

2028 4408 2184 4472 citas,
2238 4407 2531 4476 Perpetua,
2591 4403 2823 4474 Agatha,
2877 4403 3084 4471 Agnes,
3127 4397 3358 4461 Caecilia,
3419 4394 3613 4450 Lucia‘.

312 4500 571 4578 ‘pcccatis
594 4502 728 4556 meis
753 4516 857 4556 non
887 4517 1118 4567 mereor,
1152 4518 1340 4558 eorum
1393 4505 1603 4560 meritis
1629 4503 1924 4576 sull‘ragam

330 4589 478 4644 tibus
519 4591 765 4646 obtinere
797 4595 1026 4662 possim,
1048 4601 1110 4649 et
1135 4609 1201 4648 ne
1233 4609 1319 4649 me
1361 4596 1619 4650 exeludus
1653 4597 1919 4651 abeorum

1611 4729 1870 4790 Oi‘iATiO
1909 4731 2001 4786 XL
2049 4730 2159 4783 “3”.
2221 4731 2224 4734 ’

2027 4497 2338 4562 Anastasis,
2370 4504 2424 4552 et
2459 4508 2647 4550 omnes
2676 4502 2876 4548 sancta:
2907 4491 3164 4561 virgines,
3197 4487 3370 4543 vidum
3395 4494 3449 4541 et
3475 4499 3616 4541 con;-

2030 4596 2284 4657 tinentes,
2307 4597 2462 4646 orate
2491 4600 2589 4657 pro
2619 4585 2794 4639 nobis.

1321 4841 1606 4882 κιιγτιιιιυε
1648 4843 1715 4881 AD
1768 4841 1913 4882 DECM
1952 4841 2020 4881 ET
2073 4836 2244 4880 OAINES
2310 4832 2564 4874 SANCTOS.

403 4935 546 4994 Deus
575 4936 737 4992 Pater
763 4940 1124 5009 credentium,

327 5026 490 5088 Salus
513 5032 566 5087 in
590 5041 641 5089 te
663 5035 1020 5104 sperantium,

332 5122 540 5178 Exaudi
564 5140 754 5195 preces
787 5127 1016 5191 servuli,

329 5214 478 5282 Quas
495 5215 668 5272 fundit
709 5218 872 5272 corde
898 5217 1149 5287 supplici.

399 5301 501 5358 Fili
532 5304 625 5359 Dei
668 5305 932 5375 piissime,

1451 4943 1711 5014 Dignatus
1737 4942 1882 4997 nasci
1908 4940 2146 5011 Virgine,

1450 5031 1658 5086 Exaudi.
1684 5032 1868 5086 cordis
1897 5030 2152 5090 hostiam.

1453 5125 1632 5180 Patris
1655 5126 1848 5180 sedens
1881 5124 1947 5179 ad
1974 5124 2274 5178 dexteram.

1521 5216 1815 5269 Atnborum
1843 5222 2030 5268 sancte
2059 5212 2312 5282 Spiritus,

1449 5308 1661 5363 Dextra:
1685 5309 1776 5364 Dei
1807 5317 1862 5362 tu
1893 5309 2111 5380 digitus,

2570 4931 2762 4984 Mentis
2789 4938 3059 4984 secretum
3089 4921 3179 4960 ηδε
3208 4925 3386 4989 visita,

2568 5021 2788 5090 Tuaquc
2819 5020 2961 5090 ri-ple
2990 5019 3186 5090 gratia.

2636 5112 2891 5188 Perspuis
2922 5119 3109 5166 sancta
3139 5108 3402 5174 Trinitas,

2565 5206 2674 5262 Sed
2712 5206 2916 5261 deitate
2944 5203 3160 5266 Unitas,

2565 5305 2764 5361 Adesto
2795 5305 2931 5360 meis
2959 5303 3229 5376 precibus,

1669 5438 1904 5494 VARUS
1942 5437 2348 5494 LECTlONES.

406 5569 497 5601 ἰη
531 5571 614 5623 Ex
655 5551 783 5623 ιιεεζ
814 5571 1114 5628 Corb.160.
1145 5585 1189 5627 c.-
1236 5574 1366 5629 γίει.
1407 5572 1526 5627 Kh“.
1567 5574 1635 5628 ιδ

1734 5573 1823 5603 ’³⁸⁸
1857 5571 1960 5627 Ms.
1990 5570 2050 5627 C.
2090 5573 2283 5629 Mentis
2330 5582 2537 5628 secreta
2563 5587 2657 5624 ms.
2704 5568 2838 5623 Vict.
2869 5569 3065 5624 mentis
3113 5575 3380 5622 secretum
