1953 3029
130 105 189 136 ἨῚΞ

137 166 213 195 Votis
227 165 322 193 favens
340 164 515 200 supplicibus.

171 212 247 246 Auge
265 211 356 243 fidem,
375 215 402 236 tu
422 209 550 243 Trinitas,

137 256 217 291 Spem
233 264 311 290 auge,
324 259 418 283 sancta
434 253 540 284 Uuitas.

140 301 174 329 Ut
186 306 211 328 te
228 301 341 328 colendo
357 301 454 331 deitas,

138 347 178 375 Me
191 348 280 374 firmet
296 352 339 374 tua
353 346 473 374 charitas

173 393 223 427 Qui
244 393 314 420 Deus
337 393 419 420 homo
433 391 542 422 diceris,

136 439 169 466 Et
185 446 265 466 verus
277 439 357 466 homo
369 437 500 470 nasceris,

140 483 275 510 Memento
288 483 340 510 mei
355 481 483 513 hominis,

137 529 206 556 Cum
215 529 340 563 judicare
354 528 470 555 veneris.

174 575 203 602 In
219 575 270 602 hoc
284 573 357 609 quod
373 581 467 600 manes
481 572 575 603 dcitas,

139 620 243 647 Reatus
258 619 316 647 dele
328 618 461 650 sarcinas,

138 665 174 693 Ut
192 666 241 693 hoc
258 665 329 700 quod
344 673 373 693 es
386 663 553 696 humanitas,

138 711 233 738 Adhuc
245 711 290 728 ¹⁸⁸⁷
313 710 440 739 deﬂectat
454 710 551 744 pietas.

174 755 295 790 Regnum
307 755 407 790 jurasti
422 753 560 785 Patribus,

138 802 289 830 Promisisti
301 801 474 836 sequacibus,

132 847 219 882 A273
233 846 268 874 Ut
281 850 404 874 servetur
417 844 570 880 promissio,

138 892 261 928 Regnum
274 892 393 920 concede
406 891 516 919 famulo.

172 940 309 968 Concedat
325 945 368 968 tua
384 940 480 975 pietas,

137 985 202 1019 Qum
214 986 337 1021 deposcit
347 986 505 1013 humanitas
518 985 573 1016 Νη,

137 1030 172 1058 Ut
187 1032 258 1066 quod
274 1031 399 1066 promisit
412 1031 532 1058 charitas
543 1050 551 1062 ,

136 1076 306 1111 Assequatur
320 1076 484 1109 haereditas.,

172 1121 256 1149 Maria
273 1122 348 1157 virgo
364 1122 517 1157 virginum:

140 1166 343 1202 Rcdemptionis
356 1168 456 1194 ostium
469 1187 477 1200 ,

136 1209 218 1238 Porta
236 1212 331 1239 salutis
344 1213 460 1247 integra,

137 1256 233 1293 Lapsis
244 1259 377 1286 cervicem
394 1259 492 1288 releva.

174 1303 280 1331 Potenti
296 1304 343 1320 ¹⁸⁸⁹
360 1312 468 1332 manum
486 1305 594 1340 porrige
609 1325 615 1338 ,

137 1348 244 1381 Quietis
258 1357 336 1384 opem
352 1349 457 1383 tribue,

136 1395 171 1423 Et
185 1404 233 1432 per
247 1401 323 1424 tttum
336 1397 466 1425 auxilium

137 1442 250 1470 Piacare
265 1451 331 1470 cura
348 1443 441 1471 ﬁlium.

173 1487 276 1523 Regina
296 1488 358 1515 coeli
379 1488 434 1515 ﬁlia
454 1488 511 1520 “9°,

139 1533 225 1561 Mater
238 1533 285 1561 Dei
301 1534 453 1561 castissima
466 1555 474 1566 ,

141 1577 177 1606 Ut
191 1572 286 1606 mantis
301 1583 411 1613 praestet
423 1579 501 1612 Filii,

138 1624 216 1658 Quod
233 1633 326 1653 servus
342 1627 439 1660 poscit,
456 1628 579 1655 subveni.

177 1671 216 1699 Tu
232 1671 346 1699 Michael
359 1673 522 1708 archangelc

140 1716 207 1744 C(eli
224 1717 350 1752 princeps
363 1718 478 1751 militiae,

140 1764 193 1792 Ora
207 1765 333 1793 draconis
347 1771 461 1794 concute
474 1787 481 1799 ,

140 1810 179 1838 Ne
194 1816 291 1839 noceat
306 1813 333 1839 in
350 1813 469 1840 vulnere.

176 1857 310 1893 lnterpres
329 1858 375 1885 Dei
392 1858 500 1886 Gabriel
511 1879 519 1893 ,

140 1903 174 1931 Et
193 1905 325 1932 medicina
346 1905 464 1940 Raphael
477 1927 484 1938 ,

141 1949 207 1976 Cum
227 1950 367 1978 cherubim
389 1955 417 1978 et
434 1952 570 1986 seraphim
584 1972 590 1984 ,

142 1995 232 2023 Hostis
249 2001 344 2024 uecate
363 1997 499 2025 haeresim.

176 2041 312 2069 C(etorum
327 2050 421 2070 omnes
436 2042 562 2078 spiritus,

141 2086 242 2114 Novem
258 2088 337 2115 divisi
352 2089 479 2123 gradibus
489 2107 497 2122 ,

141 2130 188 2158 Dei
204 2137 353 2166 praesentes
365 2133 484 2161 vultibus
497 2153 504 2166 ,

141 2176 208 2205 Meis
223 2177 309 2205 favete
322 2179 444 2206 vocibus.

178 2222 262 2251 Senes
278 2224 372 2259 viginti
386 2230 512 2259 quatuor,

143 2269 205 2296 llaec
218 2269 314 2297 oﬂ'erte
328 2277 388 2304 quae
402 2270 542 2304 deprecor.

142 2316 193 2349 Qui
209 2316 323 2343 citharis
337 2321 366 2344 et
383 2316 482 2350 phialis

142 2361 285 2389 Orationes
299 2361 421 2389 funditis.

177 2407 398 2436 Patriarcharum
416 2407 532 2443 dignitas
545 2427 553 2439 ,

143 2453 338 2489 Prophetarum
356 2453 523 2486 sublimitas,

144 2500 232 2528 Vestri
248 2501 319 2537 regis
334 2500 496 2535 praesentia),

144 2544 233 2574 Verbo
247 2546 384 2581 precantis
400 2544 445 2561 ¹⁵⁹¹
459 2544 565 2573 solvite.

180 2649 225 2666 ⁸⁵⁸⁷
245 2631 299 2677 Ms:
315 2649 392 2677 Corb.
409 2649 497 2676 adhuc
513 2657 562 2676 ms.
576 2648 642 2676 Vict.
668 2647 702 2675 ad
718 2655 760 2674 me

143 2684 250 2713 Potenti
265 2694 314 2712 ma.
339 2685 403 2711 Vict.
426 2693 441 2718 p

830 97 1039 129 ORATIONES.

728 159 846 187 Joannes
860 158 961 195 Christi
977 157 1092 192 praevius
1107 177 1113 190 ,

694 205 813 240 Baptista
831 205 903 240 regis
920 204 1051 239 inclytus,

694 251 818 284 Festina,
833 259 866 279 ne
882 252 1031 282 tardaret-is

695 297 794 324 Labem
814 305 909 325 secare
925 298 1054 326 vulneris.

730 342 815 376 Qttcm
832 344 927 371 matris
942 344 1050 371 clausus
1064 349 1140 370 utero

694 388 766 416 Motu
782 390 875 424 prodis
889 398 1037 425 corporeo,

693 437 778 470 Quem
793 437 985 465 demonstrasti
1000 437 1099 472 digito,

694 483 746 510 Fac
760 483 907 510 subvenire
922 483 1031 510 misero.

727 528 853 559 Caelestis
868 528 943 563 regni
959 529 1090 563 claviger,

694 573 886 607 Apostolorum
902 574 1025 609 signifer,

692 618 771 645 Petre
784 620 888 653 primus
902 619 927 646 in
942 621 1047 650 ordine,

692 664 877 699 Fragililatem
893 665 993 700 aspice.

727 709 779 738 Per
795 715 820 737 te
833 718 909 738 ruens
925 715 969 738 tua
984 710 1084 744 videat,

692 756 761 789 Quid
776 763 835 784 sors
851 757 968 784 humana
983 757 1088 789 valeat;

692 803 725 829 Et
739 803 802 830 dum
818 804 855 830 tui
873 804 1039 834 memineris,

693 849 828 878 Memento
845 857 926 878 casus
941 850 1069 877 hominis.

728 895 767 923 Te
781 900 910 931 poscente
925 895 1115 927 clementiam,-

695 942 830 969 Extendat
847 942 911 970 mihi
927 942 1084 975 dexteram,

697 988 746 1021 Qui
763 993 787 1016 te
799 988 940 1023 suspendit
953 988 1064 1015 ﬂumine
1074 1008 1081 1021 ,

696 1032 763 1060 Dum
782 1033 829 1061 tibi
842 1034 930 1061 dixit:
948 1033 1062 1060 Modice.

732 1078 812 1106 Salve
826 1083 918 1106 reatus
930 1079 1048 1112 vincula,

696 1123 735 1150 Ad
752 1124 804 1151 hoc
816 1124 878 1151 data
892 1124 1022 1159 potentia,

696 1170 781 1202 Quem
798 1169 916 1196 Verbum
932 1170 977 1198 Dei
995 1170 1128 1202 nominas,

696 1215 717 1241 A
733 1222 786 1248 quo
799 1214 906 1242 vocaris
922 1214 1046 1249 Barjona.

730 1260 813 1288 Paule
827 1265 853 1288 tu
868 1261 963 1289 doctor
976 1262 1108 1296 gentium,

696 1304 729 1332 Et
741 1305 840 1333 Christi
856 1306 1051 1338 testimonium,

698 1350 764 1378 Dum
781 1355 864 1378 totum
880 1351 1009 1378 mundum
1025 1351 1168 1386 praedicas,

695 1396 779 1431 Opem
794 1395 919 1423 conferre
934 1396 1054 1429 studeas,
1150 1398 1154 1401 '

730 1441 849 1468 Joannes
867 1441 915 1469 Dei
931 1441 1028 1476 gratia,

696 1487 808 1514 Subtilis
827 1487 901 1514 velut
919 1487 1024 1521 aquila,

696 1533 756 1568 ipso
776 1541 819 1561 me
834 1532 908 1560 fonte
926 1534 1005 1566 satia,

695 1579 778 1614 Cujus
792 1580 890 1613 potasti
903 1578 1024 1606 flumina.

732 1625 781 1658 Qui
798 1624 844 1652 tibi
860 1629 973 1651 matrem
989 1624 1085 1656 sociat,

698 1670 730 1698 Et
744 1671 805 1698 cteli
821 1671 912 1698 clausa
927 1675 1048 1702 reserat,

697 1717 761 1745 Mem
774 1722 869 1753 pareat
883 1717 1015 1750 miseriae,

698 1761 746 1788 Tui
762 1766 889 1796 precatus
905 1762 1017 1788 munere
1025 1779 1033 1792 ,

731 1807 921 1843 Apostolorum
937 1806 1041 1839 caeteri,

696 1852 873 1888 Evangelista:
887 1853 932 1879 alii
944 1873 953 1885 ,

698 1898 893 1933 Discipulorum
908 1897 1015 1932 agmina
1024 1916 1032 1930 ,

698 1943 759 1971 Haec
773 1943 866 1978 jnvate
885 1943 1052 1978 precamina.

732 1989 797 2021 Vos,
815 1989 971 2016 innocentes
986 1987 1075 2023 pueri,

695 2036 747 2069 Qui
767 2044 815 2069 pro
828 2035 935 2062 Christo
954 2033 1130 2065 trnncamini,

699 2081 791 2109 Vestra
808 2081 870 2108 date
885 2080 1004 2108 subsidia
1014 2100 1021 2111 ,

696 2129 746 2163 Qui
761 2128 884 2155 clamatis
901 2137 907 2154 ;
926 2127 981 2154 Nos
999 2127 1113 2154 vindica.

732 2175 765 2202 Et
783 2177 967 2209 protomartyr
983 2173 1134 2208 Stcphane,

698 2221 736 2248 Τιι
749 2221 853 2256 primus
868 2221 894 2247 in
909 2221 1058 2249 certamine
1069 2240 1077 2254 ,

699 2268 789 2295 [lieres
803 2266 903 2294 sacrati
918 2266 1049 2300 nominis,

697 2315 797 2341 Adesto
811 2313 962 2341 desideriis.

732 2360 820 2394 Caput
836 2359 922 2386 nudas
935 2358 1083 2393 lapidibus.

697 2404 764 2432 ϐωιί
781 2408 854 2439 patet
869 2403 994 2431 introitus
1002 2424 1009 2436 ,

697 2450 789 2478 Jesum
803 2453 918 2477 stantem
933 2449 1106 2482 consideras,

698 2497 817 2524 Securus
829 2496 920 2522 hostes
934 2495 1044 2522 toleras.

732 2541 822 2572 Orasti
836 2541 912 2569 ﬂexis
927 2541 1041 2575 genibus

779 2598 896 2627 VARME
916 2596 1118 2624 LECTIONES.

819 2646 866 2661 “38
880 2644 933 2671 Ms.
955 2642 1033 2670 Corb.
1049 2642 1202 2671 immanitas
1217 2650 1267 2669 ms.
1288 2641 1354 2668 Vict.
1367 2640 1506 2668 humilitas

444 2674 525 2711 clienti
542 2674 783 2710 Ἲινοᾜιιέῖσυτῡ.
800 2681 868 2708 Filia
887 2688 935 2705 ms.
961 2678 1029 2706 Vict.
1058 2678 1169 2705 Domina
1209 2677 1253 2694 “"
1268 2677 1322 2704 Ms.
1345 2676 1425 2704 Corb.
1441 2674 1529 2711 Verbo
1555 2674 1693 2708 peccantis
1710 2682 1771 2711 ἰηες.

1719 92 1771 124 951

1252 151 1304 181 Pro
1319 154 1436 181 inimicis
1451 156 1582 185 cernuus,

1251 200 1303 227 Pro
1319 200 1479 235 supplicanti
1494 201 1601 227 servulo

1251 247 1403 278 lnterccde,
1422 251 1447 273 te
1462 246 1578 281 postulo.

1286 292 1325 319 Τιι
1334 312 1342 325 ,
1359 296 1464 327 martyr
1478 291 1654 318 invictissime
1663 306 1672 323 ι

1250 384 1313 412 Pius
1328 384 1423 412 adesto
1438 384 1538 412 famulo
1556 384 1601 400 ¹⁵⁹¹

1251 429 1288 456 Te
1303 430 1460 464 deprecanti
1479 430 1582 458 sedulo.

1263 494 1266 497 .
1285 476 1335 509 Qui
1350 477 1446 504 sitiens
1460 477 1633 512 martyrium,

1221 536 1225 539 -
1248 523 1333 550 Prece
1346 523 1454 550 siccasti
1468 523 1591 556 fluvium,

1250 568 1341 603 Regna
1358 574 1452 602 petens
1466 569 1603 603 coelestia,

1249 613 1362 647 Capitali
1376 614 1522 641 sententia.

1289 659 1409 687 Dissoive
1424 667 1509 686 nexus
1525 659 1668 686 criminum
1679 678 1687 691 ,

1250 703 1302 730 Per
1312 703 1403 731 Jesum
1418 703 1555 732 Christum
1570 704 1727 737 Dominum,

1251 750 1286 777 Ut
1300 754 1388 778 tecum
1402 751 1428 777 in
1445 750 1604 789 coelestibus

1250 797 1414 825 Sanctorum
1430 798 1528 834 jungar
1541 798 1667 826 coetibus.

1290 842 1427 875 Vincenti,
1444 848 1548 879 martyr
1559 843 1673 878 inclyte,

1250 887 1390 915 Carbones
1405 895 1522 916 vernans
1535 889 1667 923 sanguine
1676 908 1684 921 ,

1253 933 1356 961 Caelum
1375 938 1467 962 tenens
1482 934 1509 961 in
1523 941 1636 962 munere
1646 954 1654 967 ,

1253 979 1306 1008 Pro
1320 987 1363 1007 me
1375 981 1481 1015 precari
1494 984 1598 1016 satage.

1275 1025 1416 1053 \Laurenti
1430 1046 1437 1059 ,
1456 1025 1532 1053 miles
1547 1024 1688 1060 pertinax,

1252 1071 1282 1098 in
1299 1071 1352 1098 fide
1362 1072 1406 1106 pie
1418 1076 1562 1099 contumax
1574 1090 1581 1103 ,

1251 1118 1300 1145 Cui
1315 1118 1341 1144 in
1360 1118 1422 1152 igne
1436 1116 1551 1149 militas,

1250 1163 1337 1191 Orare
1350 1170 1399 1197 pro
1413 1169 1455 1189 me
1469 1162 1588 1189 studeas.

1287 1207 1452 1235 Cunctorum
1466 1211 1553 1235 cmtus
1573 1211 1739 1241 martyrum,

1251 1253 1351 1281 Curam
1373 1257 1532 1288 spernentes
1548 1252 1593 1267 ‘5"
1613 1259 1775 1287 corporum,

1251 1298 1306 1327 Cui.
1316 1298 1426 1326 funditis
1440 1297 1598 1332 sanguinem
1611 1317 1619 1330 ,

1252 1345 1329 1372 Hunc
1344 1344 1464 1372 reddatis
1478 1343 1649 1379 placabilem.

1287 1390 1425 1426 Sylvester
1438 1389 1619 1423 admirabilis,

1251 1435 1427 1464 Confessione
1440 1435 1538 1463 nobilis
1546 1455 1553 1467 ,

1251 1482 1339 1517 Caput
1352 1481 1441 1510 factus
1454 1481 1583 1508 Ecclesiae
1595 1500 1602 1512 ,

1251 1527 1408 1555 Orationem
1424 1526 1571 1561 respicere.

1288 1571 1315 1597 In
1331 1572 1393 1598 sede
1407 1570 1478 1597 Petri
1494 1571 1598 1604 positus
1611 1589 1619 1602 ,

1253 1618 1316 1652 Ejus
1331 1618 1439 1652 quidem
1453 1617 1570 1644 vicarius
1582 1636 1590 1648 ,

1251 1664 1337 1698 Ipsius
1351 1670 1463 1689 consors
1476 1661 1585 1697 gloriae,

1251 1708 1317 1736 Coeli
1332 1707 1452 1743 gaudens
1466 1709 1492 1734 in
1506 1707 1635 1734 culmine.

1289 1754 1361 1782 Meos
1374 1753 1482 1782 intende
1497 1753 1627 1788 gemitus,

1254 1801 1319 1828 Tuis
1332 1800 1451 1835 juvando
1465 1799 1589 1835 precibus
1602 1818 1610 1831 ,

1253 1846 1304 1879 Qui
1320 1846 1448 1873 talentum
1465 1844 1628 1879 multiplicas
1639 1864 1648 1878 ,

1255 1891 1289 1918 Ut
1303 1895 1348 1917 tuo
1365 1890 1421 1924 regi
1436 1889 1554 1924 placeas.
1577 1917 1579 1919 ν

1288 1935 1413 1970 Grcgori,
1433 1936 1530 1969 praesul
1543 1935 1657 1969 optime,

1254 1980 1348 2008 Totius
1361 1980 1409 2008 ﬂos
1424 1980 1552 2007 Ecclesiae
1564 2000 1571 2011 ,

1254 2026 1355 2053 Domus
1370 2025 1419 2052 Dei
1434 2024 1626 2052 candelabrum
1640 2042 1647 2054 ,

1255 2071 1290 2099 Ut
1303 2076 1397 2106 parcat
1413 2077 1477 2104 roga
1493 2069 1647 2097 Dominum.

1290 2118 1406 2146 Martine
1419 2117 1494 2144 sidus
1508 2115 1616 2147 Galliae,

1255 2166 1391 2194 Virtutum
1404 2163 1512 2190 fervens
1524 2169 1652 2195 munere,

1255 2212 1341 2246 Quem
1361 2210 1443 2245 regis.
1465 2228 1472 2235 .
1495 2228 1502 2235 .
1524 2228 1532 2235 .
1555 2226 1562 2234 .

1255 2257 1309 2284 Fac
1325 2255 1371 2271 “9‘
1385 2259 1412 2282 ut
1425 2258 1565 2281 succurrat
1582 2252 1724 2279 Dominus.

1291 2301 1467 2329 Sacerdotum
1479 2298 1627 2332 confessio,

1255 2348 1447 2377 Confessorum
1461 2348 1548 2376 oratio
1558 2367 1566 2380 ,

1256 2400 1360 2428 Summi
1374 2399 1444 2434 regis
1456 2396 1612 2432 conspectui

1256 2445 1357 2473 Oll‘erte
1372 2451 1465 2479 preces
1479 2442 1570 2469 famuli
1584 2440 1642 2468 “9".

1294 2492 1361 2519 Vere
1377 2490 1439 2518 felix
1456 2489 1598 2520 Felicitas,

1257 2537 1321 2572 Quae
1337 2537 1423 2572 prima
1440 2536 1510 2562 inter
1523 2534 1589 2561 alias
1600 2553 1608 2563 ν

1559 2637 1605 2654 ¹³⁸⁹
1625 2636 1676 2664 Ms.
1696 2637 1778 2664 (τοι-[ιε

147 2709 547 2755 ρδξέάηῖίξνὼί
563 2719 615 2747 Ms.
720 2718 760 2745 Tu
785 2721 888 2750 martyr
906 2713 1096 2755 invictissime:
1110 2714 1170 2755 pius
1192 2713 1289 2740 adesse
1314 2718 1363 2739 etc.
1381 2720 1429 2755 ηιξ..
1444 2709 1526 2755 ‘Vict.
1542 2714 1569 2736 tu
1583 2714 1693 2755 Illlttl'llyl‘
1709 2709 1782 2755 ituri,

143 2743 462 2788 étiéi'i.h€,"iii.§h¥§§ii'
477 2743 710 2789 mitissini'erpius
726 2743 830 2789 :adesto
843 2743 893 2789 εξε.
931 2749 978 2789 ’⁸1⁸³
992 2748 1056 2775 Ma.‘
1070 2743 1146 2789 Carb:
1165 2753 1309 2789 cernentes
1321 2756 1371 2789 mi.
1394 2745 1466 2789 Vict;
1474 2749 1623 2789 supneutes
1635 2743 1692 2789 Ilyeg.
1718 2751 1775 2789 scr-

142 2778 708 2826 ié'ziié§""§55'1i1}.'
726 2778 883 2822 Victam-gis
907 2784 1117 2812 catitccumcnus
1130 2785 1171 2811 fac
1209 2784 1254 2800 ⁸⁸⁷⁸
1274 2783 1326 2810 Ms.
1344 2782 1424 2809 Carb.
1447 2780 1550 2809 Famuli
1565 2788 1614 2807 ms.
1635 2778 1703 2806 Vict.
1718 2787 1778 2806 scr-

146 2827 201 2853 VUit
