3906 6058
326 188 438 248 935

327 300 413 360 0b
442 295 730 357 charitatis
757 291 1030 355 meritum,

330 392 446 449 Hoc
472 400 625 446 tenes
652 382 1015 458 privilegium.

1078 557 1270 633 [spicis
1287 595 1304 623 ,

332 667 572 722 Terrena
601 666 794 715 cuneta
821 652 1075 726 despicis,

329 756 484 826 Apud
509 756 683 825 ipsum
714 764 814 804 nos
840 747 1066 816 adiuva,

328 847 387 904 In
417 845 573 914 cujus
598 843 801 915 gaudes
831 837 924 871 ’m
953 835 1145 909 gloria.

415 938 461 996 0
488 937 656 993 Maria
682 930 1021 1005 Magdalene;

330 1020 560 1088 Festina
585 1041 741 1097 opem
772 1023 1017 1088 tradere,

331 1122 432 1178 Cui
459 1121 689 1190 primum
717 1131 776 1171 se
802 1112 999 1169 obtulit

330 1216 601 1277 Christus,
634 1229 756 1270 cum
784 1218 1015 1265 mortem
1044 1205 1251 1262 interit.

402 1304 662 1362 Columba
694 1300 917 1371 simplex
952 1298 1166 1363 animo,

336 1399 527 1457 Oranti
551 1395 719 1454 adsis.
748 1393 998 1455 obsecro,

333 1493 467 1561 Quae
492 1504 689 1553 corona
720 1482 968 1555 Martyrii

334 1583 654 1653 Amplexum
678 1577 817 1649 petis
846 1572 1085 1629 Domini.

407 1673 611 1730 Omnes
637 1677 866 1725 sacratae
890 1665 1151 1734 virgines,

335 1764 595 1820 Ferentes
616 1768 814 1831 sponso
838 1755 1136 1825 lampades,

338 1854 500 1910 Vasis
527 1858 775 1908 tenentes
801 1847 979 1903 oleum
1004 1885 1020 1910 ,

338 1947 515 2003 “eum
539 1942 793 2015 quaeratis
819 1937 1183 1995 coinmodum.

410 2039 611 2095 Sancta
644 2035 953 2092 sanctorum
983 2030 1205 2093 concio,

851 2116 1107 2203 OltATlO
1145 2131 1261 2200 XLI
1300 2128 1414 2196 ιιοδ.

855 2273 923 2312 AD
956 2256 1167 2312 causa?!
1204 2266 1412 2308 nomint.

415 2374 614 2434 Sancta
657 2382 789 2431 crux
821 2364 944 2438 ιδνδ,
986 2381 1085 2443 per
1113 2380 1281 2441 quam
1316 2366 1474 2424 nobis
1506 2364 1571 2420 ad
1611 2358 1927 2417 memoriam

345 2485 477 2525 crux
529 2467 618 2522 illa
663 2464 959 2528 reducitur,
1004 2462 1057 2516 in
1097 2476 1202 2531 qua
1246 2457 1502 2514 Dominus
1548 2463 1733 2508 noster
1771 2449 1930 2506 Jesus

345 2561 595 2618 Christus
631 2574 729 2613 nos
769 2570 866 2626 per
901 2562 1130 2609 mortem
1172 2565 1325 2606 suam
1364 2565 1393 2603 a
1430 2556 1601 2603 morte
1635 2554 1837 2600 aeterna
1872 2541 1930 2595 in

347 2667 509 2723 quam
548 2663 736 2704 omnes
768 2646 860 2682 ¹⁵⁰⁰
892 2645 1088 2699 misere
1115 2641 1494 2704 tendebamus,
1538 2638 1605 2693 ad
1633 2637 1802 2691 vitam
1834 2632 1929 2666 ¹¹⁵⁰¹

348 2751 607 2798 aeternam
638 2738 729 2773 ¹⁸⁰¹
753 2751 915 2807 quam
942 2732 1217 2810 peccando
1240 2731 1666 2803 perdideramus,
1700 2722 1933 2781 resusci-

350 2832 523 2896 tavit;
556 2828 743 2892 adoro,
776 2840 1007 2881 veneror
1029 2833 1083 2879 et
1108 2823 1349 2895 gloriﬁco
1375 2822 1428 2877 iu
1461 2831 1513 2876 te
1540 2833 1759 2875 crucem
1783 2816 1931 2872 illam

351 2937 516 2994 quam
550 2919 703 2976 nobis
734 2925 1110 2989 repraesentes,
1141 2924 1196 2971 et
1224 2916 1278 2969 in
1310 2913 1398 2968 illa
1427 2910 1675 2968 eumdem
1705 2909 1935 2965 misera-

353 3023 525 3069 torem
554 3010 840 3066 Dominum
880 3019 1154 3072 neutrum,
1185 3016 1241 3063 et
1272 3021 1393 3077 qua:
1423 3018 1518 3075 per
1543 3002 1687 3057 illam
1723 2999 1935 3057 miseri-

351 3102 590 3158 corditer
623 3109 878 3172 Operatus
919 3110 1022 3155 est.
1062 3098 1107 3155 0
1146 3113 1277 3153 crux
1325 3095 1571 3153 amabilis
1611 3095 1665 3149 in
1710 3108 1816 3164 qua
1852 3096 1937 3148 est

352 3192 535 3258 salus,
573 3193 680 3246 vita
710 3199 763 3246 et
806 3190 1132 3246 resurrectio
1162 3187 1372 3244 nostra!
1415 3187 1459 3244 0
1491 3188 1692 3257 lignum
1731 3183 1934 3254 pretio-

353 3301 508 3351 sum,
542 3299 638 3355 per
666 3283 808 3354 quod
845 3283 1035 3338 salvati
1061 3290 1117 3338 et
1159 3281 1367 3336 liberati
1409 3279 1623 3334 sumus!
1655 3291 1688 3332 ο
1726 3277 1936 3344 signum

354 3377 744 3441 venerandum,
790 3384 886 3444 per
919 3375 1061 3444 quod
1096 3375 1204 3429 Deo
1239 3372 1437 3444 signati
1468 3371 1681 3425 smnus!
1724 3366 1769 3424 0
1802 3383 1937 3422 crux

352 3469 609 3540 gloriosa,
639 3468 692 3522 in
723 3483 828 3537 qua
860 3467 971 3521 sola
1000 3465 1216 3535 gloriari
1246 3479 1344 3518 nos
1372 3462 1609 3531 oportet!

427 3559 544 3614 Non
589 3558 733 3612 enim
776 3572 837 3611 es
878 3555 970 3587 ¹⁸⁰³
1013 3553 1353 3624 suscipienda
1402 3550 1699 3607 secundum
1737 3547 1934 3604 crude-

355 3653 509 3718 lium,
536 3650 628 3720 qui
668 3658 721 3705 te
749 3649 1034 3704 mitissimo
1060 3647 1152 3684 ³⁸⁸⁸
1178 3653 1527 3718 paraverunt,
1561 3641 1940 3714 insipientissi-

357 3757 502 3798 mam
533 3740 901 3811 impietatem;
938 3739 1034 3794 sed
1069 3738 1362 3794 secundum
1394 3734 1512 3806 ejus
1544 3736 1633 3807 qui
1664 3745 1718 3791 te
1750 3730 1941 3804 spon'te

356 3834 597 3906 suscepit
629 3833 1086 3905 sapientissimum
1126 3831 1399 3903 pietatem.
1431 3828 1568 3884 Nam
1598 3827 1672 3883 illi
1703 3843 1809 3883 non
1838 3841 1938 3899 po-

358 3933 580 3981 tuerunt
615 3924 839 3996 aliquid,
873 3925 975 3979 nisi
1012 3923 1103 3978 illo
1131 3923 1403 3993 sapienter
1429 3921 1809 3991 permittente;
1840 3932 1940 3975 nec

358 4018 476 4088 ipse
503 4017 796 4087 quidquam
825 4014 1111 4080 sustinuit,
1142 4015 1245 4069 nisi
1287 4028 1346 4069 se
1387 4010 1809 4071 misericorditer
1844 4023 1936 4064 vo-

358 4107 522 4164 lente.
560 4107 640 4163 llli
670 4117 725 4164 te
756 4106 1076 4177 elegerunt,
1123 4112 1181 4159 ut
1220 4120 1317 4175 per
1355 4114 1406 4159 te
1433 4103 1608 4160 scelus
1644 4100 1940 4173 impietatis

361 4215 473 4257 suae
494 4208 899 4271 perpetrarent;
925 4198 1016 4254 ille
1042 4207 1093 4252 te
1120 4197 1301 4267 elegit,
1332 4209 1391 4252 ut
1413 4212 1512 4268 per
1536 4209 1588 4253 te
1608 4212 1743 4268 opus
1768 4197 1942 4267 picta:-

361 4295 433 4350 tis
466 4309 578 4350 suae
608 4300 1028 4378 consummaret.
1068 4290 1180 4357 llli,
1214 4299 1273 4345 ut
1312 4304 1410 4359 per
1448 4299 1502 4345 te
1536 4287 1742 4357 justum
1779 4289 1942 4344 morti

363 4384 666 4448 traderent;
700 4382 811 4447 ille,
839 4390 897 4437 ut
918 4397 1013 4453 per
1041 4391 1093 4437 te
1121 4389 1431 4452 peccatores
1452 4397 1483 4437 a
1505 4389 1679 4436 morte
1706 4389 1942 4437 erueret.

362 4475 462 4543 Illi,
501 4482 559 4531 ut
596 4476 760 4530 vitam
787 4475 1192 4539 interﬁcerent;
1226 4474 1336 4539 ille,
1365 4484 1426 4530 ut
1452 4483 1679 4531 mortem
1708 4476 1942 4546 perime-

363 4576 467 4622 ret.
498 4566 600 4630 llli,
628 4576 688 4621 ut
714 4564 1048 4621 Salvatorem
1081 4566 1437 4631 damnarent;
1472 4565 1592 4631 ille,
1631 4574 1689 4621 ut
1720 4567 1944 4621 damna-

365 4667 450 4713 tos
478 4657 735 4712 salvaret.
765 4656 866 4721 llli,
899 4665 960 4711 ut
985 4656 1350 4711 viviﬁcantem
1385 4657 1802 4723 mortilicarent;
1832 4658 1938 4721 ille,

696 181 778 240 ~s.
806 175 1108 245 ANSELMI
1144 166 1495 232 caurum.
1538 139 1858 220 metuar.
1893 139 1936 214 o

2045 196 2048 207 ,
2074 148 2255 213 PARS
2282 148 2345 207 ιι.
2375 131 2833 205 -ΡΛΒῘΕΝΕΤ,
2876 142 2963 200 ετ
2993 137 3237 199 ASCET.

1448 277 1566 336 Una
1599 273 1816 346 quidem
1844 268 2154 329 communio
2169 306 2185 332 ,

1443 368 1568 423 Mihi
1602 365 1822 437 quidem
1856 361 1952 396 “‘1'
1983 357 2314 422 succurrite,

329 481 495 556 274
533 450 670 536 Cum
708 450 982 531 Christum
1028 470 1212 524 mente
1250 472 1381 521 con-
1446 460 1516 515 Et
1553 458 1831 513 Christum
1861 450 2200 509 intercedire.

1514 552 1644 608 Esto
1661 589 1678 616 ,
1704 547 1943 610 Christe,
1966 539 2239 613 propitius
2254 576 2272 603 ,

1443 645 1596 715 Quos
1623 639 1789 697 fundo
1814 636 1937 692 vide
1962 632 2201 706 gemitus
2227 666 2244 693 .

1447 744 1514 800 Et
1539 754 1699 811 quem
1730 731 1929 793 creasti
1962 730 2220 793 dextera,

1442 834 1526 891 Ab
1547 830 1698 887 onmi
1729 824 1870 883 malo
1896 822 2067 878 libera

1515 922 1615 990 Qui
1647 917 1819 980 nasci.
1846 912 2005 977 mori,
2037 913 2285 979 surgere,

1442 1015 1503 1072 In
1532 1012 1729 1069 caelum
1754 1007 1839 1063 vis
1863 1002 2178 1065 ascendere,

1445 1109 1510 1164 Et
1536 1112 1782 1162 sanctum
1811 1098 1981 1155 mittis
2007 1093 2271 1166 Spiritum
2291 1133 2305 1159 ,

1444 1201 1529 1256 Me
1555 1197 1753 1254 munda
1779 1192 1939 1248 sorde
1965 1187 2279 1245 criminum.

1517 1290 1690 1347 Judex
1716 1284 1866 1342 orbis
1892 1295 2014 1337 cum
2039 1274 2256 1332 veneris
2274 1313 2291 1340 ,

1448 1380 1750 1440 Mercedem
1777 1378 1910 1432 dare
1939 1368 2180 1432 famulis,

1447 1475 1585 1530 Cum
1611 1470 1805 1528 ovibus
1834 1466 1889 1521 in
1915 1462 2172 1524 dextera,

1448 1565 1565 1621 Non
1592 1577 1716 1619 cum
1746 1556 1916 1614 haedis
1939 1566 2028 1608 me
2054 1549 2277 1606 colloca.

1520 1658 1658 1713 Para
1682 1665 1877 1723 panem
1902 1642 2179 1707 Ecclesia,

1447 1745 1706 1816 Regendo
1732 1754 1853 1797 eam
1877 1742 2101 1808 protege
2118 1771 2134 1795 ν

1451 1838 1584 1908 Quae
1608 1836 1735 1891 dum
1764 1826 1958 1902 partim
1989 1820 2272 1885 dividitur,

1456 1935 1514 1988 tn
1546 1930 1656 1984 ﬁne
1679 1922 1909 1995 simplex
1933 1915 2196 1975 creditur.

1532 2023 1794 2079 Romamn
1816 2011 1966 2071 sedis
1993 2008 2270 2065 dominum
2291 2030 2311 2069 ,

1954 2125 2001 2184 Α
2029 2117 2118 2175 ille
2147 2113 2423 2187 sapienter
2449 2117 2506 2167 et
2532 2102 2983 2166 misericorditer.
3017 2090 3132 2155 Non
3160 2102 3289 2166 ergo
3314 2102 3399 2161 es,
3426 2110 3461 2150 o
3488 2098 3627 2151 crus

3489 118 3617 177 936

2561 261 2784 332 Sibiqne
2809 270 3029 331 gregem
3057 252 3367 316 subditum;

2559 353 2711 421 Quos
2738 345 3015 405 redemisti
3040 341 3333 414 sanguine,

2559 440 2807 512 Digneris
2829 451 3046 508 semper
3073 447 3285 506 regere.

2630 532 2793 589 Istius
2820 530 2923 585 loci
2950 525 3269 599 prmsulem,

2554 623 2616 703 [In
2648 630 2740 678 tua
2769 620 2872 677 ﬁde
2899 616 3181 679 stabilem,

2559 713 2679 771 Tuo
2706 718 2968 768 conserva
2996 705 3227 779 populo,

2561 804 2823 860 Munitum
2858 799 3038 856 crucis
3068 795 3282 867 clypeo.

2632 891 2931 948 Animabus
2959 885 3198 942 ﬁdelium

2560 985 2674 1040 ista
2703 982 2826 1037 luce
2853 977 3196 1039 carentium,

2563 1077 2644 1133 Ad
2671 1074 2885 1130 laudem
2916 1071 2996 1127 tui
3024 1073 3328 1140 perpetem;

2562 1168 2847 1226 Eternam
2883 1178 3019 1235 para
3050 1158 3319 1230 requiem.

2631 1260 2786 1331 Agne
2812 1256 2906 1313 Dei
2936 1252 3254 1313 mitissime,

2562 1354 2663 1423 Qui
2694 1350 2953 1408 mundum
2982 1351 3180 1419 purgas
3207 1339 3471 1406 crimine,

2561 1447 2790 1511 Exaudi,
2808 1458 3002 1515 parce,
3036 1439 3231 1509 adiuva
3249 1476 3267 1503 ,

2561 1540 2821 1596 Miserere
2844 1545 2900 1592 et
2922 1535 3113 1590 libera.

2632 1625 2874 1691 Christe,
2910 1627 3019 1693 via,
3052 1625 3169 1689 lux,
3202 1622 3437 1686 veritas,

2562 1721 2659 1778 Dei
2689 1717 2947 1790 splendor
2972 1723 3029 1770 et
3056 1713 3295 1769 charitas

2575 1814 2736 1868 Soter
2764 1807 2923 1866 simul
2950 1813 3008 1862 et
3029 1803 3219 1861 ousion
3235 1842 3251 1867 ,

2577 1903 2751 1974 Alpba
2777 1906 2835 1955 ‘et
2863 1911 3084 1969 omega,
3114 1893 3358 1965 eleyson.
3420 1886 3623 1944 Amen:

2032 2204 2129 2243 ¹⁸⁰⁸
2166 2202 2529 2267 admirabilis,
2565 2195 2879 2255 aestimanda
2922 2191 3217 2248 secundum
3258 2187 3625 2242 intentionem

2027 2298 2268 2358 'cru'delis
2298 2291 2653 2366 insipientia,
2680 2287 2776 2345 sed
2806 2284 3105 2341 secundum
3129 2279 3381 2338 eﬁ'ectum
3412 2278 3629 2332 miseris

2030 2390 2216 2448 cordis
2257 2385 2559 2457 sapientiae.

2105 2477 2387 2549 Quomodo
2413 2474 2578 2545 igitur
2605 2480 2659 2528 te
2696 2469 2789 2503 ¹⁸⁰⁶
2825 2463 3101 2523 laudabo?
3130 2461 3372 2531 Qualiter
3398 2468 3451 2513 te
3476 2458 3626 2513 exal—

2032 2572 2199 2630 tabo?
2238 2569 2357 2637 Quo
2385 2566 2576 2623 aﬂ‘eetu
2619 2573 2671 2620 te
2711 2558 2927 2618 orabo?
2965 2558 3080 2626 Qua
3105 2556 3439 2625 iucunditate
3477 2551 3528 2604 in
3575 2560 3629 2606 te

2034 2661 2355 2736 gloriabor?
2378 2659 2484 2716 Per
2514 2667 2566 2713 te
2592 2654 2835 2711 infernus
2863 2650 3145 2722 spoliatur,
3174 2656 3230 2704 et
3254 2645 3504 2702 omnibus
3525 2642 3631 2712 pe‘r

2035 2763 2091 2813 te
2124 2751 2421 2823 redemptis
2459 2749 2765 2805 obturatur.
2803 2743 2908 2800 Per
2940 2751 2993 2798 te
3028 2741 3300 2795 daemones
3329 2744 3630 2799 terrentur,

2036 2845 2493 2916 cumprimuntur,
2538 2840 2830 2895 vincuntur
2870 2844 2925 2891 et
2970 2830 3379 2890 conculcantitr.
3423 2826 3529 2881 Per
3578 2830 3632 2881 te

2035 2938 2268 2993 inubdds
2304 2940 2617 2999 renovatur,
2665 2938 2831 3000 atque
2854 2927 3081 2983 veritate
3110 2924 3163 2978 in
3208 2937 3275 2976 eo
3322 2920 3536 2974 lucente
3577 2926 3635 2972 et

2028 3027 2240 3098 iustitia
2282 3032 2544 3097 regnante
2579 3024 2892 3079 decoratur.
2925 3016 3031 3074 Per
3075 3026 3126 3071 te
3154 3015 3385 3069 humana
3430 3018 3634 3064 natura

2037 3117 2312 3189 peccatrix
2348 3124 2434 3171 est
2468 3112 2764 3185 iustificata
2788 3152 2802 3177 ,
2845 3110 3100 3165 damnata
3142 3103 3345 3159 salvata
3369 3143 3383 3166 ,
3432 3099 3631 3154 ancilla

2038 3210 2245 3284 peccati
2286 3216 2341 3265 et
2371 3206 2566 3261 tartari
2597 3204 2826 3259 liberata
2848 3241 2864 3268 ,
2893 3208 3103 3256 murtua
3154 3194 3499 3250 resuscitata.
3527 3189 3633 3244 Per

2040 3281 2093 3356 te
2118 3300 2314 3355 civitas
2335 3296 2424 3351 illa
2450 3295 2605 3350 beata
2632 3295 2684 3349 in
2709 3291 2864 3349 caelis
2887 3293 3226 3346 restauratur
3248 3294 3305 3339 et
3325 3281 3629 3354 perﬁcitur.

2037 3392 2141 3448 Per
2170 3401 2220 3445 te
2251 3385 2391 3443 Deus
2420 3387 2512 3441 Dei
2542 3384 2711 3441 Filius
2737 3398 2835 3453 pro
2862 3382 3018 3437 nobis
3049 3377 3217 3434 voluit
3242 3375 3483 3431 obedienc
3504 3376 3631 3427 esse

1965 3501 2010 3562 Β
2038 3485 2188 3540 Patri
2222 3490 2385 3553 usque
2413 3481 2481 3535 ad
2529 3488 2746 3533 mortem
2790 3475 3046 3549 (Philipp.
3086 3488 3147 3537 ιι,
3187 3472 3244 3539 8,
3290 3468 3377 3537 9);
3410 3474 3633 3536 propter

2044 3574 2186 3657 quod
2221 3572 2487 3630 exaltatus
2526 3569 2733 3639 accepit
2770 3582 2976 3628 nomen,
3019 3562 3157 3636 quod
3192 3569 3267 3615 est
3298 3572 3453 3627 super
3479 3568 3632 3608 omne

2043 3656 2250 3722 nomen.
2289 3664 2390 3719 Per
2421 3671 2475 3718 te
2513 3662 2714 3733 paravit
2743 3661 2989 3714 thronum
3024 3671 3177 3712 suum
3206 3649 3379 3723 (Paul.
3427 3663 3506 3714 tr,
3548 3647 3629 3717 8),

2044 3764 2100 3811 et
2126 3753 2451 3809 instauravit
2477 3765 2702 3821 regnum
2732 3764 2911 3803 suum.

2117 3841 2162 3900 Ο
2190 3859 2322 3898 crux
2341 3882 2355 3909 ,
2384 3856 2504 3911 qua:
2534 3840 2602 3895 ad
2632 3848 2739 3893 tam
2770 3834 3058 3892 ineffabilia
3122 3832 3265 3889 bona
3293 3845 3356 3887 es
3382 3828 3549 3886 electa
3575 3834 3635 3883 et

2045 3941 2381 4006 praeparata,
2411 3931 2637 3987 laudant
2674 3938 2730 3985 et
2762 3927 3010 3982 exaltant
3037 3934 3090 3980 te
3115 3938 3221 3980 non
3254 3932 3364 3978 tam
3395 3922 3634 3976 humana

2044 4024 2160 4081 sive
2190 4022 2431 4093 angelica
2461 4035 2614 4076 mens
2633 4028 2688 4075 et
2710 4018 2914 4090 lingua,
2944 4026 3105 4087 quam
3129 4028 3295 4085 opera
3319 4026 3438 4083 qua!
3457 4020 3554 4082 νεῖ
3577 4018 3635 4066 te

2046 4122 2176 4176 sunt
2198 4111 2369 4168 facta!
2402 4109 2447 4167 0
2471 4121 2548 4177 tu,
2576 4111 2629 4166 in
2657 4125 2761 4181 qua
2785 4118 2840 4166 et
2860 4124 2960 4179 per
2979 4122 3142 4179 quam
3167 4114 3253 4162 est
3275 4105 3421 4160 salus
3446 4112 3500 4157 et
3516 4103 3635 4158 vita

2047 4205 2206 4262 mea!
2239 4203 2285 4262 0
2315 4212 2394 4271 tu,
2422 4204 2477 4259 in
2501 4218 2607 4274 qua
2639 4212 2695 4259 et
2734 4195 3021 4274 per‘quam
3061 4208 3146 4255 est
3183 4208 3354 4255 totum
3380 4206 3437 4251 et
3475 4208 3640 4251 omne

2045 4300 2244 4356 bonum
2275 4313 2454 4354 meum
2470 4297 2735 4366 “°",absit
2752 4296 2878 4351 mihi
2897 4294 3117 4366 gloriari
3145 4293 3248 4347 nisi
3272 4294 3326 4346 in
3344 4291 3416 4347 te!
3434 4287 3637 4361 (Galat.

2046 4399 2123 4456 vt,
2154 4390 2269 4463 ﬂ.)
2323 4389 2457 4446 Nam
2511 4391 2657 4461 quid~
2696 4388 2829 4445 mihi
2877 4386 3119 4457 concipi,
3159 4385 3333 4450 nasci,
3375 4383 3555 4437 vivere
3578 4388 3643 4436 et

2048 4482 2304 4537 omnibus
2350 4480 2510 4550 huius
2552 4482 2677 4536 vitae
2717 4479 2874 4535 bonis
2916 4477 3121 4548 perfrui
3168 4476 3389 4548 prodest
3424 4473 3541 4539 ⁸⁸⁸⁸,
3579 4480 3642 4526 et

2048 4584 2237 4646 postea
2275 4574 2330 4629 in
2365 4574 2638 4629 infernum
2669 4571 3044 4628 descendere?
3085 4569 3284 4639 Utique
3311 4568 3357 4623 si
3396 4566 3474 4621 sic
3502 4562 3640 4618 mihi

2050 4673 2217 4730 esset,
2243 4663 2437 4719 melius
2463 4662 2555 4695 ¹⁸⁰⁹
2578 4661 2710 4717 mihi
2736 4671 2856 4717 erat
2881 4662 2925 4717 si
2952 4676 3052 4716 nec
3075 4666 3368 4729 conceptus
3392 4654 3640 4710 luissem.

364 4757 426 4802 ut
454 4753 697 4802 mortuos
721 4744 1038 4802 viviﬁcaret.
1071 4745 1149 4801 llli
1179 4747 1495 4817 insipienter
1522 4758 1577 4803 ct
1614 4746 1943 4813 crudeliter;
1977 4755 2019 4811 (ς
2056 4754 2120 4808 Et
2144 4748 2293 4809 certe
2321 4754 2400 4808 sic
2429 4767 2630 4819 essem,
2663 4752 2706 4807 si
2747 4766 2844 4822 ρει-
2875 4760 2928 4805 ie
2957 4751 3269 4820 mdempms
3303 4759 3410 4801 ηοη
3436 4756 3639 4799 esseab

1652 4860 1887 4916 VARUE
1928 4862 2337 4920 LECTIONES.

434 4972 529 5008 m‘
555 4971 662 5028 Ms.
708 4970 864 5026 Corb.
892 4970 1107 5027 Gaudet
1172 4987 1269 5026 ms.
1323 4970 1455 5026 Vict.

1496 4971 1701 5043 gaudes
1805 4974 1895 5008 l‘"
1923 4973 2028 5029 Ms.
2052 4973 2210 5029 Corb.
2238 4973 2367 5030 Mihi
2393 4972 2608 5043 quidem
2632 4989 2730 5028 ms.
2780 4970 2917 5029 Vict.
2938 4970 3089 5043 mihi
3116 4969 3278 5027 simul

3386 4964 3480 5001 ms
3513 4965 3642 5022 ςοι,

360 5043 476 5102 lata
492 5053 569 5101 est
601 5059 718 5098 cum
748 5040 879 5097 Mss.
911 5041 1048 5097 Tltu.
1079 5041 1205 5097 267.
1240 5041 1396 5096 Corb.
1432 5036 1554 5097 ltili.
1598 5041 1733 5097 Vict.
1766 5043 1816 5097 K
1827 5044 1995 5099 [£16.
2018 5044 2144 5099 Bec.
2174 5044 2241 5099 0.
2276 5045 2389 5100 Sun
2409 5036 2590 5100 Cerm.
2617 5062 2648 5097 a
2673 5043 2854 5098 Pratis
2884 5041 3010 5098 545.
3050 5040 3278 5096 Val-lue.
3304 5049 3354 5095 et
3376 5036 3526 5092 Flor.
3556 5036 3643 5092 Ad

363 5124 608 5195 sanctam
656 5114 887 5195 Crucem
926 5113 1264 5168 Dmninicam
1293 5130 1418 5167 mss.
1468 5112 1602 5195 Tit-tt.
1639 5125 1685 5167 et
1733 5114 1890 5195 (λψρ,
1914 5115 1995 5170 Ad
2056 5125 2313 5195 sanctam
2352 5131 2570 5171 crucem
2618 5115 2945 5169 adorandum
2991 5129 3116 5168 mu.
3152 5110 3282 5167 Vict.
3322 5108 3558 5165 Val-lue.
3591 5115 3643 5161 et

362 5185 517 5243 Flor.
546 5184 733 5242 Oratio
759 5184 826 5239 ad
852 5194 1093 5239 sanctam
1129 5197 1344 5238 crucem
1370 5199 1497 5237 mss.
1524 5183 1646 5239 Bec.
1679 5196 1724 5239 et
1763 5183 1825 5240 S.
1849 5184 2032 5240 Carna.
2062 5184 2252 5241 Oratio
2283 5183 2351 5240 de
2395 5194 2582 5240 sancta
2610 5183 2783 5243 Cruce
2857 5183 2949 5215 ³³⁸⁸
2980 5185 3181 5238 Sancta
3203 5181 3374 5247 Crux,
3410 5193 3639 5249 perimi-

365 5222 517 5243 .τ.υ..
547 5222 733 5242 ιιι-..ν
759 5222 826 5239 ..υ
852 5222 1093 5239 suum..."
1130 5222 1344 5238 ...νηη-
1371 5222 1497 5237 ......
1524 5222 1646 5239 μιν.
1679 5222 1724 5239 ν.
1763 5222 1825 5240 υ.
1851 5222 1941 5239 ιη.
1960 5222 2032 5240 ....
2064 5222 2215 5240 νη...
2283 5222 2351 5240 νυ
2395 5222 2582 5240 δαημς,
2612 5222 2747 5238 mu.

365 5256 577 5314 ΤΙιιιαηο
600 5252 645 5311 Ο
673 5264 858 5310 SGIICla
881 5253 1048 5336 CW}.
1076 5267 1176 5323 Per
1209 5251 1356 5336 ._:'_°°_
1377 5254 1433 5308 In
1461 5268 1563 5335 qua
1586 5269 1782 5336 omnes.
1804 5271 1931 5310 mss.
1958 5252 2015 5308 S.
2054 5222 2304 5310 Germret
2348 5253 2587 5309 Val-(uc.
2628 5264 2676 5307 et
2706 5222 2853 5311 ιε’ῖον.
2883 5255 2936 5309 in
2967 5222 3374 5323 EJQR‘BHJQ
3410 5222 3642 5299 ’ίῖδί

2392 5326 2419 5336 .,
2532 5334 2540 5336 μ
2609 5323 2700 5336 ..μ
2752 5323 2795 5336 ι.
2984 5325 2992 5335 .
3244 5331 3254 5336 -
3470 5335 3474 5336 ,
3577 5316 3642 5336 -.ι

366 5336 476 5407 tam
498 5316 1142 5407 mterttammss.vit3m’.'
1209 5321 1303 5355 ¹⁸⁰³
1331 5316 1873 5407 Αοῃιιῖἱεεεξορξχιιξεηῃ
1924 5339 2086 5395 quam
2141 5341 2265 5381 mss.
2301 5326 2542 5379 omittunt
2609 5323 2702 5355 ⁸⁸⁰⁸
2752 5323 2867 5379 Non
2909 5316 3052 5378 enim
3102 5339 3162 5378 es
3206 5331 3305 5377 etc.
3365 5335 3525 5390 usque
3568 5316 3642 5372 ad

366 5397 647 5478 Quomodo
677 5395 964 5478 igitur‘ms.
1006 5393 1068 5449 S.
1100 5392 1276 5478 Cena.
1322 5394 1485 5478 omit...
1513 5394 1641 5478 ’ίξξνδ
1671 5392 1957 5478 Mitissimo
1997 5411 2137 5465 agno
2168 5405 2494 5465 paraverunt
2531 5409 2659 5447 mss.
2723 5395 2888 5449 amitt.
2922 5407 3062 5478 agno
3128 5393 3220 5425 ¹⁸⁰⁸
3250 5392 3343 5458 Es,
3371 5406 3404 5446 ο
3447 5397 3639 5443 sancta

2179 5465 2212 5478 η
2278 5464 2312 5478 n
2520 5473 2530 5478 -
2583 5462 2621 5478 Ir
2668 5463 2680 5478 ι
2713 5464 2725 5478 ι
2894 5475 2903 5478 -
2984 5462 3018 5478 τι
3246 5460 3278 5478 δ-
3339 5474 3347 5478 ι
3414 5476 3459 5478 ,,_
3539 5454 3635 5478 ηιη

370 5434 647 5463 unum“...
677 5434 692 5449 .
734 5434 827 5449 ..ιη
867 5434 964 5449 η...
1006 5434 1068 5449 υ.
1102 5434 1276 5449 ν-.
1671 5434 1955 5452 .......,.,......
1997 5434 2025 5448 ..
2070 5434 2137 5450 ..υ
2188 5434 2494 5450 mune.-."
2533 5434 2580 5447 ..

370 5475 525 5527 ernx,
558 5434 879 5519 nusjmitt.
907 5479 940 5519 ο
966 5473 1156 5520 sancta
1186 5472 1314 5518 crux
1392 5462 1486 5495 ¹⁶⁰⁶
1513 5463 1679 5533 Igitur
1719 5472 1770 5521 te
1819 5481 1951 5521 crux
1996 5434 2122 5519 mas.
2272 5464 2449 5520 Germ.
2484 5434 3102 5518 ea'i'"ét.12'é'."¥z"li"i5r.
3154 5434 3635 5518 anati'."’cr'u£""i'7"“

369 5533 1830 5635 9.333'.‘f.l'.?."“?:.t“2?Mi:.t?
1875 5535 2253 5635 .‘fiif’e'ut
2281 5537 2512 5635 terra:
2538 5550 2663 5590 ἠδε-
2701 5536 2869 5589 ουιίη·
2917 5516 3136 5604 rem
3292 5516 3502 5585 “ua”-
3528 5516 3647 5582 "’“i'

374 5606 653 5673 prodesset
729 5604 818 5636 ¹⁸⁰⁰
852 5604 908 5657 Si
933 5606 1010 5659 sic
1038 5605 1167 5658 mihi
1202 5617 1365 5673 esset,
1394 5606 1584 5659 melius
1615 5622 1737 5659 mss.
1769 5606 1829 5661 S.
1875 5604 2050 5661 Germ.
2082 5607 2126 5661 si
2177 5604 2291 5675 sic,
2327 5605 2513 5660 melius
