3906 6058
287 287 390 339 937

1699 283 2111 338 ORATIONES.

3431 289 3533 344 338

358 398 474 466 Quo
495 413 624 468 ergo
653 399 848 454 alfectu
878 399 1145 470 gloriabor
1173 402 1222 454 in
1254 413 1332 466 te,
1359 401 1475 456 sine
1499 415 1602 470 qua
1641 401 1729 430 ¹⁵¹⁰
1758 416 1862 454 non
1895 404 1938 454 Δ
1965 397 2133 466 cipes,
2163 399 2468 452 daemonum
2537 399 2724 452 timent
2770 399 3044 455 satellites.
3096 400 3173 456 'I‘u
3217 403 3422 470 perdita
3465 420 3552 460 re-

284 489 454 564 solum
487 491 616 544 mihi
659 489 800 544 nulla
841 501 984 545 esset
1021 491 1226 560 gloria,
1275 491 1368 544 sed
1411 491 1628 560 insuper
1665 499 1869 544 mtcrne

283 597 368 636 me
401 581 491 613 ¹⁸¹¹
529 583 833 650 possideret
874 581 1159 636 infernalis
1195 583 1372 636 luctus
1407 582 1495 612 ¹⁵¹²
1525 591 1580 636 et
1619 579 1869 636 miseria?

282 669 396 738 Qua
441 671 802 725 delectatione
836 670 928 702 ’⁸⁸³
971 671 1310 742 jncundabor
1357 672 1410 726 in
1455 681 1507 726 te
1531 711 1546 734 ,
1577 685 1674 740 per
1706 685 1868 740 quam

281 777 379 830 pro
421 759 514 792 1'“
541 761 804 826 servitute
853 770 1181 814 tartarorum
1203 801 1217 824 ,
1253 759 1540 814 hmreditas
1583 759 1714 812 mihi
1744 759 1866 812 data

279 860 365 906 est
399 851 550 923 regni
597 851 896 906 cmlorum?
933 850 1050 918 Quo
1099 851 1294 920 gaudio
1344 851 1660 922 gratulabor
1691 850 1742 902 in
1781 859 1865 912 te,

282 943 399 998 sine
435 958 540 1012 qua
575 941 812 998 futurum
853 953 970 996 erat
1013 955 1072 997 ut
1101 943 1380 996 horrerem
1429 956 1514 994 me
1545 941 1626 994 vel
1656 941 1724 993 ad
1756 955 1870 992 mo—

281 1047 522 1090 mentum
562 1051 714 1103 esse,
744 1043 799 1090 et
841 1050 938 1104 per
965 1049 1126 1104 quam
1165 1043 1418 1102 exspecto
1456 1033 1580 1102 quia
1625 1033 1869 1102 gaudebo

275 1141 368 1180 me
398 1127 451 1180 in
496 1135 756 1181 aeternum
799 1125 939 1179 bene
976 1123 1142 1178 esse?
1186 1123 1320 1176 Nam
1359 1124 1458 1178 etsi
1505 1123 1681 1178 adhuc
1731 1123 1870 1176 inter

277 1229 428 1284 spem
455 1224 506 1270 et
529 1225 733 1270 metum
761 1215 872 1269 Deo
893 1215 1160 1279 serviam;
1188 1221 1369 1268 certus
1393 1223 1571 1267 tamen
1597 1227 1714 1268 sum
1740 1211 1862 1280 quia

280 1308 349 1362 ad
380 1308 497 1361 haec
537 1307 700 1370 bona,
735 1307 780 1362 si
813 1306 1017 1376 gratias
1051 1307 1289 1377 agendo,
1335 1297 1566 1358 amando
1589 1345 1604 1368 ,
1639 1303 1866 1358 vivendo

279 1397 334 1452 iu
369 1406 418 1451 to
447 1397 722 1466 gloriabor
755 1397 872 1461 ιω,
904 1411 1002 1466 per
1029 1406 1080 1450 te
1105 1395 1438 1465 perveniam.

347 1485 433 1541 Sit
465 1487 645 1556 itaque
673 1501 770 1555 per
798 1495 848 1538 te
883 1496 936 1540 et
965 1487 1016 1540 in
1051 1494 1102 1540 te
1129 1484 1298 1556 gloria
1333 1499 1449 1540 mea
1468 1525 1484 1550 ,
1517 1485 1589 1537 sit
1613 1499 1707 1552 per
1734 1493 1786 1538 te
1816 1493 1870 1536 et

277 1580 330 1634 in
363 1587 416 1634 te
441 1593 566 1632 vera
597 1593 724 1647 spes
751 1593 893 1634 mea.
924 1577 1028 1632 Per
1071 1585 1122 1632 te
1161 1584 1382 1646 peccata
1415 1589 1536 1628 mea
1567 1575 1864 1642 deleantur,

273 1683 371 1738 per
403 1677 456 1724 te
501 1669 680 1723 anima
709 1683 827 1724 mea
875 1683 906 1722 a
941 1668 1050 1722 vita
1094 1667 1262 1722 veteri
1301 1665 1675 1728 mortifioetur,
1715 1674 1770 1718 et
1803 1665 1854 1719 in

1973 495 2206 552 stauras,
2224 497 2520 544 restaurata
2542 505 2832 544 conservas
2848 529 2862 556 ,
2887 500 3199 546 consecrata
3231 495 3557 562 sanetilicas,

1972 577 2249 633 destructa
2323 593 2585 648 reparas,
2635 577 2844 632 infirma
2889 588 2944 632 ct
2997 579 3164 634 fracta
3217 583 3551 646 consolidas,

1975 667 2209 722 dolentia
2239 667 2324 698 ¹⁸¹¹
2371 665 2636 732 laetiﬁcas,
2660 667 3004 722 dauuoniacis
3031 668 3236 723 artibus
3269 669 3423 726 laesos
3449 673 3555 726 sat-

1975 758 2180 813 viticas.

2047 849 2102 902 In
2131 849 2224 878 “’"
2275 850 2562 918 prmscntia
2608 858 2696 902 tua
2741 847 2982 902 infernus
3029 849 3230 918 gemit,
3281 849 3554 903 dmmoncs

1971 947 2266 1006 pavescant
2287 950 2340 992 ct
2366 939 2592 1008 fugiunt,
2625 953 2770 992 mors
2829 939 3218 1004 contremiscit,
3253 940 3430 993 omnis
3461 939 3554 972 ¹⁵¹³

1972 1027 2142 1079 virtus
2159 1027 2428 1080 contraria
2449 1027 2675 1082 audiens
2703 1037 2950 1082 sanctum
2978 1041 3174 1082 nomen
3213 1037 3358 1081 tuum
3386 1029 3554 1098 perti-

1971 1118 2160 1171 mescit
2203 1117 2314 1170 "".
2356 1117 2510 1172 Sicut
2552 1119 2693 1172 enim
2729 1119 2996 1190 magnalia
3019 1117 3146 1174 Jesu
3181 1119 3406 1186 Christi,
3452 1123 3543 1192 qui

1972 1209 2092 1261 viva
2117 1220 2199 1262 est
2223 1209 2400 1264 hostia
2433 1209 2546 1273 ηπ,
2575 1210 2984 1280 prmpondcrant
3003 1250 3019 1273 ,
3051 1225 3362 1282 magnaque
3387 1219 3442 1265 et
3469 1211 3554 1266 in-

1969 1300 2480 1368 comprehensibilia
2505 1311 2630 1356 sunt.
2675 1302 2790 1366 u"“;
2835 1303 2912 1357 sic
2948 1303 3158 1358 Iaudem
3191 1313 3342 1358 tuam
3371 1312 3428 1358 et
3446 1305 3558 1360 vir-

1971 1400 2138 1444 tutem
2168 1403 2313 1444 tuam
2351 1391 2496 1446 nulla
2543 1409 2782 1462 unquam
2811 1394 3118 1451 mortalium
3164 1395 3254 1426 ‘5"
3297 1411 3550 1466 promere

1969 1492 2144 1550 potest
2163 1483 2341 1554 lingua
2367 1502 2380 1538 :
2405 1484 2510 1540 illic
2530 1487 2672 1541 enim
2695 1495 2778 1542 cst
2791 1487 3037 1542 Christus
3061 1488 3268 1544 fructus
3293 1499 3416 1545 tuus
3439 1489 3558 1544 dulo

1966 1575 2236 1638 cissimus,
2253 1591 2368 1644 Ipse
2380 1577 2479 1632 flos
2498 1586 2620 1630 tuus
2639 1575 3056 1646 pulcherrimus,
3075 1579 3342 1634 odortuus
3355 1580 3558 1635 suavis-

1967 1664 2164 1730 simus,
2224 1678 2450 1722 ornatus
2491 1677 2613 1720 tuus
2651 1667 3094 1737 prctiosissimus.
3143 1668 3304 1724 Dulce
3327 1659 3550 1738 lig‘num,

275 1775 470 1815 novam
511 1761 678 1815 vitam
715 1760 942 1830 justitia:
987 1757 1359 1814 resuscitetur.
1405 1755 1547 1822 Fac,
1596 1757 1854 1822 obsecro,
1890 1749 1934 1804 Β
1961 1752 2116 1808 dulce
2146 1769 2384 1824 pomum,
2410 1755 2566 1812 dulce
2586 1771 2740 1810 onus.
2768 1755 2844 1808 Tu
2899 1753 3045 1821 felix,
3094 1757 3208 1812 sola
3248 1757 3553 1812 sustinuisti

275 1849 362 1906 fac
391 1861 448 1905 ut
477 1851 614 1907 sicut
643 1867 730 1907 me
771 1853 823 1906 in
849 1852 1119 1922 baptismo
1151 1849 1422 1906 mandasti
1446 1863 1475 1902 a
1503 1849 1773 1918 peccatis,
1805 1849 1859 1902 in

274 1939 477 2010 quibus
505 1938 580 1994 fui
611 1951 904 2010 conceptus
933 1949 987 1995 et
1015 1949 1172 1994 natus
1197 1981 1210 2002 ,
1245 1939 1316 1994 ita
1364 1953 1449 1992 me
1478 1939 1764 1994 remundes
1795 1939 1862 1990 ab

272 2033 354 2087 eis
383 2048 503 2103 qua:
542 2033 790 2088 contraxi
820 2041 1104 2102 postquam
1143 2047 1262 2085 sum
1305 2039 1526 2084 renatus
1557 2047 1570 2084 ε
1600 2039 1658 2084 ιιι
1684 2044 1782 2099 per
1811 2037 1862 2082 te
1887 2063 1894 2068 -

273 2123 340 2178 ad
368 2138 430 2178 ea
475 2123 614 2177 bona
659 2123 972 2191 perveniam
1017 2121 1084 2176 ad
1114 2135 1234 2190 quae
1279 2121 1440 2176 homo
1483 2129 1567 2175 est
1607 2127 1860 2182 creatus,

273 2219 567 2278 praestante
598 2212 784 2265 eodem
825 2210 1056 2265 Domino
1094 2217 1280 2265 nostro
1306 2207 1434 2263 Jcsu
1475 2207 1690 2264 Christo
1715 2249 1730 2272 ,
1771 2209 1860 2278 qui

273 2301 346 2354 sit
372 2301 688 2356 benedictus
715 2302 768 2356 in
795 2299 1010 2355 saecula.
1043 2299 1238 2354 Amen.

775 2389 1030 2450 ORATIO
1058 2389 1194 2446 XLII
1245 2391 1288 2422 “
1301 2387 1362 2444 ³⁸.

771 2500 838 2538 ΑΙ)
897 2497 1136 2538 εΑΝοτΑιι
1159 2497 1388 2538 οιιυοειι.

427 2573 513 2628 Ea:
539 2571 836 2644 Appendice
863 2573 992 2626 edit.
1025 2569 1308 2626 Cerberon.
1339 2571 1422 2626 hic
1458 2581 1752 2625 revocatur.

345 2664 460 2721 Ave
493 2679 625 2720 crux
656 2663 1143 2734 gloriosissima,et
1172 2661 1413 2716 omnium
1443 2661 1710 2728 lignorum
1742 2677 1862 2730 pre-

273 2755 570 2814 tiosissima
599 2766 656 2812 et
695 2755 1130 2825 splendidissima
1157 2797 1172 2822 ,
1211 2769 1330 2824 quae
1369 2761 1512 2809 tactu
1544 2753 1852 2810 Conditoris

288 2847 461 2902 nostri
509 2861 569 2902 es
631 2846 966 2901 sanctiﬁcata
1021 2853 1075 2902 et
1127 2843 1242 2912 ejus
1303 2845 1692 2916 pretiosissima
1737 2859 1863 2900 san-

289 2939 452 3008 guine
508 2947 809 2994 cruentata.
872 2936 1024 2992 Felix
1081 2950 1398 3006 permancs,
1467 2946 1520 2992 et
1569 2951 1860 3006 permane-

277 3035 362 3090 bis
417 3033 471 3087 in
515 3029 712 3086 sarcula
743 3047 758 3084 :
787 3043 906 3099 qua:
951 3027 998 3084 si
1031 3043 1138 3082 non
1170 3027 1224 3080 in
1253 3027 1493 3096 paradisi
1523 3026 1712 3082 tellure
1741 3036 1860 3082 orta

277 3123 450 3190 fuisti,
479 3137 586 3178 non
609 3122 806 3177 decore
829 3119 1102 3174 frondium
1131 3117 1470 3188 propriarum
1495 3126 1590 3208 aut
1621 3118 1860 3188 pulchri-
1885 3100 1930 3156 C-

280 3217 468 3272 tudine
499 3214 744 3270 foliorum
783 3213 914 3278 “"7,
959 3211 1073 3268 fere
1118 3211 1379 3282 dignitate
1425 3209 1696 3268 fructuum
1723 3254 1741 3278 ,
1765 3217 1860 3270 sed

277 3308 602 3365 castissimis
639 3307 898 3362 membris
937 3305 1081 3376 regis
1130 3306 1343 3369 arterni,
1371 3319 1491 3375 qua:
1531 3306 1859 3372 sustinuisti,

279 3399 408 3454 dum
436 3411 597 3453 omne
627 3395 1204 3452 rcdimeretsazculum.
1234 3394 1389 3450 Modo
1433 3409 1540 3450 non
1569 3395 1742 3450 solum
1772 3403 1859 3450 tua

277 3491 454 3546 virtus
479 3489 743 3560 Splendet,
771 3503 959 3543 verum
979 3487 1071 3519 ¹⁶¹⁸
1096 3487 1260 3544 etiam
1279 3503 1472 3544 nomen
1496 3497 1646 3544 tuum
1667 3496 1862 3544 cuncto

280 3569 730 3652 pretiosissimum
758 3589 841 3634 est
863 3579 956 3611 "'9
977 3579 1198 3634 mundo.
1232 3577 1416 3634 Terris
1437 3587 1492 3634 et
1519 3579 1719 3634 aethere
1749 3579 1854 3634 ful-

281 3685 397 3742 ges,
443 3669 698 3725 saeculum
739 3668 936 3738 reples,
981 3666 1252 3722 infernum
1298 3669 1594 3737 perlustras
1625 3669 1738 3721 ηπ.
1781 3669 1857 3726 'I‘e

281 3760 536 3830 angelica:
565 3759 832 3813 mirantur
869 3765 1200 3828 potestates,
1239 3758 1420 3812 mundi
1453 3757 1680 3812 adorant
1708 3757 1858 3826 prin-

1965 1843 2224 1897 talentum
2249 1845 2450 1899 mundi.
2472 1846 2808 1916 Quapropter
2829 1848 3028 1916 emptio
3067 1847 3211 1901 nulla
3242 1847 3294 1902 in
3345 1857 3398 1904 te
3437 1848 3550 1910 ¹⁵²⁹⁸,

1963 1937 2134 2004 pretia
2153 1935 2293 1990 nulla
2321 1948 2446 1991 sunt
2477 1953 2572 2006 pro
2599 1948 2670 2004 te,
2703 1939 3022 2008 appretiatio
3045 1939 3188 1993 nulla
3213 1954 3382 2008 super
3406 1949 3476 1995 te.
3493 1939 3554 1994 In

1963 2029 2370 2098 comparatione
2405 2031 2479 2083 tui
2523 2045 2713 2084 aurum
2743 2039 2825 2084 est
2865 2038 2922 2083 ut
2963 2029 3158 2100 stipula
3183 2072 3196 2092 ,
3230 2046 3456 2102 gemma:
3493 2041 3557 2089 ut

1965 2115 2178 2183 favilla,
2224 2127 2366 2174 etut
2400 2129 2609 2176 stercus
2633 2120 2810 2174 omnis
2849 2120 3040 2188 gloria.
3091 2121 3182 2177 Sol
3229 2132 3284 2178 ct
3313 2121 3539 2185 nebula.

1963 2208 2090 2264 luna
2117 2219 2172 2263 et
2195 2209 2396 2274 sidera,
2425 2219 2481 2264 et
2502 2218 2692 2265 cuncta
2723 2217 3136 2280 qumtranseunt
3167 2211 3260 2265 tibi
3294 2227 3399 2268 non
3425 2223 3553 2268 sunt

1963 2297 2211 2369 :cqualia.
2246 2299 2362 2354 Non
2391 2300 2536 2354 orbis
2560 2308 2742 2368 partes
2785 2300 3177 2366 quadriformcs
3201 2309 3308 2356 tam
3340 2302 3550 2359 felicem

1965 2393 2144 2448 ferunt
2164 2395 2412 2448 arborem
2435 2394 2486 2448 in
2518 2395 2720 2458 radice,
2755 2394 2808 2448 in
2837 2395 3034 2460 fructu,
3061 2394 3344 2462 infrondc,
3373 2400 3426 2452 in
3451 2395 3548 2453 flo-

1965 2498 2044 2548 re,
2085 2486 2140 2540 in
2171 2495 2360 2542 sancto
2391 2486 2656 2558 germine.

2032 2576 2240 2632 Idcirco
2277 2591 2375 2648 ego
2419 2592 2608 2632 servus
2660 2585 2782 2632 tuus
2837 2577 3044 2632 inutilis
3097 2579 3188 2611 ¹⁵¹⁹
3239 2579 3546 2640 cantando.

1961 2667 2227 2738 gemenda
2263 2675 2428 2736 atque
2452 2665 2796 2720 lamentando
2823 2665 2914 2696 ’³³⁸
2942 2675 3260 2735 prosternor
3297 2677 3426 2724 ante
3455 2669 3546 2700 ¹⁸³¹

1961 2767 2312 2830 conspectum
2374 2767 2548 2822 tuum,
2570 2767 2622 2812 et
2653 2756 2718 2810 ad
2751 2757 2801 2812 t'e
2831 2773 2928 2814 oro
2964 2757 3054 2790 ¹⁵³²
3083 2769 3244 2828 atque
3286 2761 3550 2815 confiteor

1965 2849 2058 2882 ¹⁸³³
2100 2847 2240 2916 tibi,
2302 2863 2435 2903 crux
2463 2848 2769 2902 veneranda
2798 2889 2812 2912 ,
2839 2863 2936 2919 per
2983 2847 3077 2880 ¹⁸³⁸
3135 2847 3289 2917 cujus
3335 2850 3547 2922 lignum

1961 2938 2275 3010 redemptus
2298 2953 2418 2992 sum
2469 2936 2591 3002 ¹⁸³⁵,
2619 2937 2773 3006 cujus
2798 2939 2953 3008 signo
3007 2953 3126 2993 sum
3169 2939 3544 3004 confirmatus,

1961 3030 2116 3098 cujus
2141 3029 2340 3085 vexillo
2369 3044 2488 3084 sum
2513 3029 2776 3092 munitus,
2807 3027 2961 3096 cujus
2979 3029 3195 3082 nomine
3223 3045 3342 3084 sum
3365 3029 3549 3086 defen-

1962 3136 2074 3184 sus,
2101 3119 2258 3190 cujus
2287 3121 2485 3174 virtute
2523 3134 2666 3174 nunc
2696 3135 2865 3190 usque
2892 3121 3134 3176 salvatus
3183 3130 3234 3178 te
3279 3125 3466 3190 adoro,
3497 3133 3550 3178 te

1965 3212 2176 3276 invoco,
2205 3219 2260 3264 te
2315 3209 2578 3280 deprecor
2614 3209 2727 3262 "".
2766 3209 2844 3264 Tu
2882 3225 2942 3265 es
2963 3211 3108 3266 salus
3156 3211 3248 3243 ’⁸³⁷
3297 3227 3438 3276 mea.
3492 3222 3546 3268 tu

1964 3304 2154 3368 virtus,
2173 3311 2226 3356 tu
2247 3301 2530 3370 protectio,
2553 3310 2608 3354 tu
2639 3315 2825 3354 murus
2857 3300 2967 3365 "’3",
2999 3309 3052 3356 tu
3082 3301 3322 3356 defensio
3353 3300 3466 3368 “",
3493 3311 3547 3356 tu

1963 3393 2219 3464 gaudium
2261 3405 2442 3445 meum
2485 3390 2576 3422 ’"°
2601 3397 2657 3444 et
2693 3389 2993 3444 consolatio
3025 3405 3143 3444 mea
3181 3388 3294 3442 “M.
3339 3390 3392 3444 In
3435 3391 3544 3445 vita

1964 3483 2064 3540 ista
2093 3497 2180 3538 me
2219 3481 2455 3552 positum
2480 3479 2626 3534 salva
2653 3496 2668 3544 ;
2711 3494 2796 3534 me
2837 3479 2888 3534 in
2915 3480 3180 3550 angustiis
3208 3480 3299 3513 ¹⁸⁸¹
3328 3495 3544 3546 recrea;

1966 3575 2018 3626 in
2055 3571 2295 3626 adversis
2335 3568 2619 3634 conforta;
2673 3569 2725 3622 in
2766 3569 3166 3625 infirmitatibus
3203 3569 3537 3634 eorrobora;

1965 3663 2016 3716 in
2041 3673 2215 3718 morte
2244 3676 2274 3714 a
2305 3661 2642 3717 dmmonibus
2675 3659 2980 3722 melibera;
3011 3676 3040 3714 a
3071 3671 3244 3716 morte
3274 3661 3366 3693 ¹⁸⁸³
3393 3671 3549 3716 mter-

1964 3769 2032 3806 na
2082 3769 2170 3807 me
2220 3751 2313 3783 ¹⁸⁵⁸
2374 3751 2628 3804 subtrahe
2657 3767 2670 3802 :
2697 3750 2915 3818 januam
2955 3753 3190 3821 paradisi
3240 3754 3415 3822 pande
3445 3795 3457 3818 ,
3492 3763 3546 3807 et

1558 3969 1790 4026 VARUE
1831 3965 2226 4026 LECTIONES.

353 4161 444 4194 ι⁵¹⁰
485 4159 613 4214 Sine
657 4171 764 4226 quo
803 4172 926 4210 mss.
979 4153 1096 4208 sine
1139 4166 1248 4226 qua
1325 4151 1414 4226 "fl

277 4229 341 4288 S.
407 4229 584 4286 Germ.
651 4221 930 4282 infernalis
1006 4223 1306 4284 cruciatus,
1369 4221 1563 4274 luctus.

277 4315 380 4372 pro
421 4317 519 4354 ms.
580 4297 637 4352 S.
685 4295 808 4378 Ger.
875 4309 970 4378 per
1015 4307 1180 4378 quem
1236 4307 1350 4372 pro.
1383 4291 1650 4378 .Ii:ls.!n
1685 4301 1752 4378 ire

1523 4149 1750 4206 Etcrnc
1777 4163 1864 4205 me
1896 4164 1996 4202 ms.
2025 4147 2086 4202 S.
2131 4145 2254 4202 Ger.
2303 4153 2508 4201 mtcrna
2563 4163 2649 4202 me

1689 4221 1777 4254 ¹δ¹³
1833 4219 1947 4286 Qua
2012 4217 2299 4288 dilectione
2363 4232 2657 4288 mssaqua
2705 4221 3001 4274 delectione

1813 4291 2012 4360 glorior
2075 4303 2216 4360 mss.
2263 4287 2316 4339 in
2368 4295 2418 4339 te
2476 4287 2750 4360 gloriabor

2751 4150 2840 4182 ⁸⁵η
2889 4149 3170 4206 Infernalis
3223 4152 3396 4210 luctus
3439 4170 3538 4210 ms.

3104 4222 3194 4254 ⁵⁵³⁸
3225 4224 3334 4296 Per
3377 4241 3541 4296 quam

2869 4291 2957 4320 ¹⁵¹⁶
3017 4291 3146 4346 Herc
3207 4291 3542 4350 Oratio—col-

279 4353 389 4426 ἷάῑξι
439 4353 512 4424 est
554 4385 670 4421 cum
723 4367 824 4420 Ms.
873 4353 1350 4432 'San-Gerurnneusi
1383 4359 1491 4432 3457
1563 4362 1650 4392 ¹¹⁵¹⁷
1685 4353 2105 4432 Pulchritndiue
2129 4353 2500 4432 foliorumms'.
2545 4359 2944 4426 pulchritudine
2967 4360 3161 4432 ﬂorum
3239 4363 3328 4394 ¹⁵¹⁸
3355 4365 3543 4432 Splen-
3605 4395 3612 4400 -

281 4443 391 4504 det,
443 4454 630 4494 verum
677 4453 776 4489 ms.
845 4433 1170 4504 resplendet_
1199 4431 1398 4484 lumine
1429 4431 1628 4504 _claroi,
1662 4433 1856 4504 )‘et‘um

1954 4427 2042 4460 “"9
2073 4426 2536 4498 Preciosissimum
2595 4437 2675 4482 est
2723 4443 2799 4482 ms
2833 4431 3106 4498 prcciosus
3129 4441 3212 4486 est
3287 4426 3540 4488 "’°"I‘er-

281 4497 464 4565 ris'et
514 4509 714 4563 aethera
763 4497 967 4576 fulges,
1013 4501 1268 4576 saeculum
1303 4499 1536 4576 rapies,
1599 4500 1893 4576 infernum
1921 4498 2220 4576 perlustras
2248 4497 2548 4576 “uram/ure
2589 4498 2780 4576 omittit

2905 4499 2994 4530 ¹⁸¹³
3041 4500 3257 4554 Infirma
3311 4515 3366 4557 et
3417 4519 3542 4558 con-

283 4583 452 4635 fracta
500 4565 1105 4640 consolidasfdolcnda
1151 4587 1248 4623 ms.
1302 4565 1544 4624 infirmos
1585 4585 1762 4634 sanas,
1811 4565 2044 4624 dolentia
2121 4567 2214 4597 ¹³²¹
2248 4565 2548 4640 Salyificas.
2589 4566 2646 4619 Iu
2687 4583 2784 4620 ms.
2844 4568 3148 4632 salvifiras,
3191 4583 3434 4628 mortuus
3463 4577 3542 4626 vi-

283 4651 500 4714 vificas,
530 4659 584 4702 ct
619 4635 820 4702 cuncta
862 4645 1004 4698 bona
1032 4641 1285 4714 tedifleas.
1315 4640 1372 4694 In
1453 4641 1544 4714 mf
1573 4642 1849 4714 Daemones
1897 4645 2297 4714 pavescunt,_ct
2332 4635 2564 4714 fugiunt,
2599 4653 2745 4690 mors
2773 4640 3165 4706 contremiscit,
3209 4644 3387 4696 omnis
3437 4661 3536 4698 ms.

281 4705 499 4774 memon
535 4719 688 4787 fugit,
721 4710 1242 4787 rnors_exp_avescit,
1275 4719 1336 4787 et
1385 4711 1563 4765 omnis
1639 4710 1732 4787 ξδ’*
1775 4705 2308 4787 Virtusucontraria',
2359 4705 2590 4787 audiens
2633 4716 2880 4787 sanctum
2927 4723 3122 4787 nomen
3155 4705 3318 4765 tuum
3371 4715 3540 4784 perti-

283 4791 480 4844 mescit
515 4781 618 4841 ms:
654 4785 924 4841 contraria
969 4782 1137 4834 virtus
1182 4781 1370 4835 audire
1421 4791 1472 4836 te
1521 4781 1856 4850 pertimescit

1958 4779 2052 4810 ⁸³³⁸
2091 4777 2194 4843 Qui
2243 4775 2367 4828 viva
2435 4783 2519 4830 cst
2575 4775 2752 4848 hostia
2805 4794 2905 4830 ms.
2957 4781 3048 4848 qui
3085 4782 3134 4834 in
3175 4790 3230 4836 te

3287 4785 3540 4852 pependit

284 4861 376 4891 tm
417 4858 873 4928 Pi-zepomlcrant,
917 4865 1216 4928 magnaque
1254 4859 1307 4904 et
1349 4847 1908 4928 incomprehensibilia
1942 4855 2164 4928 manent
2206 4861 2308 4928 ius.
2355 4854 2572 4928 manent
2614 4847 3176 4928 incomprehensibilia
3253 4847 3542 4928 mfNulla

281 4915 876 4998 unquamunortaliuru
917 4915 1034 4973 ms:
1060 4915 1200 4998 nulla
1241 4921 1484 4998 mortalis
1531 4915 1650 4952 ἰω
1697 4919 2033 4998 Quapropter
2078 4917 2280 4998 emptio
2347 4915 2488 4968 nulla
2540 4926 2622 4996 cst
2670 4917 2725 4998 in
2765 4915 2845 4998 te,
2894 4928 3235 4998 aequaaqua
3277 4923 3348 4998 ηιξ
3391 4939 3412 4976 ;
3461 4922 3542 4975 ld-

281 4993 464 5064 cireo,
509 5008 640 5062 etc.,
685 5013 782 5049 ms.
819 4993 1158 5064 Irmcdomit‘tit

283 5071 448 5124 tando
483 5065 579 5122 ins.
634 5067 843 5120 omittit.

283 5141 576 5194 adoramus
661 5137 752 5167 ¹⁵³³
810 5135 988 5200 Atque
1037 5131 1295 5186 confiteor
1342 5147 1442 5186 ms.
1502 5133 1690 5185 omittit

282 5209 558 5264 adoranda
579 5251 593 5270 ,

283 5279 555 5334 defensus.
577 5317 588 5332 .
608 5319 621 5331 .

286 5349 500 5404 salvati.
518 5387 531 5400 .
549 5385 562 5399 .

677 5277 933 5331 salvatus.
956 5313 968 5326 .
986 5311 1002 5327 .

1258 4990 1350 5022 ¹⁵²⁹
1399 4991 1510 5060 Ego
1555 5005 1746 5046 servus
1795 4987 1927 5042 tuus
1963 4987 2167 5042 inutilis
2205 5001 2304 5040 ms.
2343 4999 2440 5038 nos
2481 4987 2621 5040 servi
2660 4987 2888 5060 inutiles
2952 4989 3066 5060 7”"
3105 4987 3280 5060 Atque
3335 4991 3540 5045 lamen-

940 5061 1030 5092 ’⁸⁸⁸
1075 5059 1397 5116 Prosternor
1444 5057 1570 5116 ante
1614 5078 1714 5114 ms.
1769 5060 2160 5128 prosternimus
2211 5069 2400 5124 preces
2445 5064 2570 5110 ante
2657 5057 2746 5089 ³⁵³³
2791 5057 2870 5110 Ει.
2899 5059 2966 5111 ad
3021 5070 3070 5114 te
3113 5057 3211 5114 oro
3257 5077 3358 5114 ms.
3398 5069 3452 5112 ct
3491 5069 3542 5112 te

1805 5129 1899 5160 "3‘
1951 5129 2266 5182 Veneranda
2295 5167 2309 5187 ,
2362 5140 2456 5192 pcr
2501 5141 2600 5179 ma.
2649 5129 2990 5192 veneranda,
3035 5131 3255 5184 colenda
3298 5139 3354 5184 et
3398 5129 3546 5184 Crux

642 5221 749 5278 per,
814 5195 916 5234 ’δ’δ’
947 5203 1272 5278 Redemptus
1310 5217 1428 5256 sum
1459 5219 1574 5278 _ms.
1617 5201 1874 5278 redempti
1923 5213 2110 5252 sumus
2187 5195 2473 5278 '“ﬁl‘Slun
2513 5197 2808 5278 ﬁrmatus...
2837 5234 2854 5250 .

1044 5281 1095 5325 te
1125 5265 1322 5335 adoro,
1369 5281 1420 5325 te
1459 5273 1683 5332 invoco,
1737 5265 2226 5340 tealcprecornrs.
2255 5265 2548 5340 _tirmati..._
2587 5267 2868 5320 muniti...

2901 5213 3016 5250 sum
3082 5199 3385 5252 munitus...
3421 5214 3542 5252 smn

2911 5267 3116 5321 defensi
3152 5283 3215 5322 ac
3245 5271 3540 5338 protecti...

615 5359 666 5402 te
694 5349 1016 5406 adoramus,
1059 5353 1110 5394 te
1143 5342 1484 5406 invocamus,
1523 5352 1579 5394 et
1609 5351 1660 5394 te
1697 5336 2046 5410 deprecamur
2122 5337 2210 5366 ³⁵³⁷
2248 5336 2332 5410 _Tt_t
2375 5349 2433 5410 es
2474 5337 2620 5390 salus
2663 5353 2759 5410 rm.
2789 5345 2873 5410 _tu_
2907 5345 3023 5410 c_sto
3047 5339 3214 5410 salus
3247 5336 3258 5338 ἡ
3291 5339 3384 5370 ’⁵³⁸
3425 5339 3542 5392 filu-

287 5435 380 5474 rus
409 5435 506 5470 ms.
559 5432 745 5470 murus
777 5423 960 5469 noster
993 5405 1425 5481 inexpugnabilis
1472 5405 1596 5442 7””
1631 5405 1881 5465 Defensio
1919 5425 2036 5462 mca
2083 5425 2181 5462 ms.
2219 5405 2470 5481 defensio
2521 5405 2708 5481 nostra
2787 5405 2877 5438 ⁸⁵³⁸
2909 5405 3174 5481 Caudium
3208 5423 3390 5481 meum
3441 5425 3540 5462 ms.

285 5473 538 5560 gaudium
577 5497 816 5560 nostrum
866 5485 984 5560 _"f‘
1015 5473 1464 5560 CousoEitionmea
1494 5499 1592 5533 ms.
1621 5481 1935 5560 consolatio
1961 5489 2142 5532 nostra
2217 5477 2309 5508 ’δ’δ’
2332 5473 2392 5556 In
2415 5477 2588 5530 vita...
2633 5475 2686 5528 in
2710 5477 2951 5560 angustis
2982 5493 3101 5559 τηε.⁸
3123 5479 3238 5543 lux,
3269 5473 3376 5560 vja,
3409 5481 3542 5542 vita,

283 5545 436 5613 arma
470 5569 656 5612 nostra
697 5556 1082 5614 invictissima,
1127 5551 1376 5606 liberatio
1429 5563 1643 5612 nostra,
1678 5552 1976 5618 redemptio
2021 5559 2077 5602 et
2107 5546 2432 5603 resurrectio
2469 5555 2672 5602 nostra.
2715 5545 2924 5620 Invita:
2963 5548 3140 5620 spatio
3187 5545 3396 5620 positos
3426 5565 3544 5620 nos

285 5630 455 5694 salva,
493 5629 545 5682 in
576 5625 881 5698 angustiis“
923 5625 1013 5698 ΝΤ
1051 5621 1220 5678 Morte
1252 5637 1280 5675 a
1312 5622 1644 5676 dmmonibus
1684 5637 1768 5674 me
1807 5616 1996 5685 libera,
2043 5634 2074 5672 a
2117 5629 2290 5674 morte
2313 5633 2412 5671 ms.
2447 5625 2618 5671 morte
2646 5629 2743 5670 nos
2785 5616 2972 5671 libera.
3007 5617 3115 5673 Nos
3141 5616 3545 5675 a'daemonibus

283 5701 455 5768 eripe,
488 5715 518 5754 ιι
552 5695 726 5752 morte
801 5696 893 5728 ³⁵⁸⁸
921 5695 1144 5749 Ᾱίιενηει
1179 5709 1262 5746 Inc
1289 5709 1386 5744 ms.
1421 5699 1682 5761 perpetua
1705 5707 1790 5746 me

531 5793 801 5851 PA'mOL.
836 5787 1102 5848 CLVIII.

2979 5777 3100 5878 30.
