3906 6058
364 271 467 329 939

678 271 733 327 S.
775 271 1073 327 ANSELMI
1106 270 1451 325 CANTUAR.
1492 266 1809 323 ARCIIIEP.
1848 265 1934 321 ΟΡ

2043 261 2216 317 PARS
2257 262 2316 316 II.
2347 293 2412 302 -—
2448 262 2815 356 ΡᾹΠᾸΞΝΕΤ.
2849 261 2934 317 ΕΤ
2961 261 3200 316 ASCET.

3501 258 3629 320 940

363 383 705 453 Redemptori
734 396 854 437 meo
877 381 1101 436 Domino
1123 379 1246 435 Iesu
1282 381 1518 442 Christo,
1553 379 1646 449 qui
1680 378 1770 410 "“
1794 378 1847 432 in
1878 388 1930 432 te
1960 384 2004 440 Α
2036 375 2123 445 pio
2142 374 2433 442 iacentem,
2465 390 2791 446 recognosco
2823 375 2988 429 filium
3022 385 3168 429 tuum
3199 376 3250 429 in
3296 376 3493 446 templo
3520 377 3643 433 ιΙο-

369 479 659 533 crueitlxus
694 473 786 507 ¹³⁵⁶
815 473 1102 543 pependit,
1142 482 1262 543 post
1288 473 1426 527 hanc
1478 473 1644 527 vitam
1687 472 1939 528 miseram

365 571 459 606 ηδτ
488 585 573 625 me
604 567 867 636 coniunge
892 565 1001 618 ¹⁸⁴⁸ο
1028 567 1218 620 Amen-

639 656 801 727 275
838 655 1094 713 ORATIO
1130 657 1289 711 XLIII
1330 655 1426 729 [οι.
1468 656 1654 728 XLII].

867 760 936 799 AD
973 760 1182 801 CBUCEM
1222 761 1325 800 θοιι
1335 761 1428 799 INI.

361 838 436 895 De
455 847 635 893 sancta
674 852 855 900 cruce,
899 846 946 890 et
994 836 1143 890 beata
1182 835 1395 906 Virgine
1418 876 1432 902 ,
1475 844 1523 890 et
1554 835 1685 890 bono
1710 835 1936 905 latrone.

428 926 590 982 Salve
611 941 742 980 crux
768 935 953 979 sancta
973 965 987 988 ,
1013 924 1160 979 salus
1184 933 1238 978 et
1265 924 1376 979 vita
1401 938 1541 978 mea.
1572 922 1732 978 Salve
1760 938 1893 977 crux
1920 962 1936 988 ,

359 1033 520 1089 quam
580 1019 770 1071 adorat
831 1026 887 1071 et
937 1016 1209 1071 desiderat
1265 1017 1539 1071 exercitus
1598 1015 1933 1086 angelorum.

360 1112 521 1168 Salve
554 1122 687 1165 crux
708 1150 723 1176 ,
754 1124 916 1179 quam
962 1109 1150 1164 adorat
1195 1116 1250 1163 et
1292 1109 1507 1163 invocat
1535 1109 1712 1163 omnis
1736 1108 1937 1162 chorus

365 1212 695 1259 sanctorum.
731 1200 776 1258 Ο
806 1214 933 1256 vere
972 1210 1158 1256 saneta
1184 1208 1240 1254 et
1266 1200 1595 1255 venerabilis
1619 1214 1775 1254 crux.
1800 1199 1938 1252 Ecce

358 1301 612 1362 peccator
637 1301 693 1347 et
722 1291 907 1346 infelix
942 1291 1128 1357 homo,
1157 1300 1282 1346 ante
1314 1301 1397 1355 te,
1428 1300 1483 1345 et
1515 1292 1568 1355 in
1600 1298 1652 1344 te
1679 1289 1938 1344 crucifixo

360 1393 557 1446 manet,
588 1385 835 1453 quamvis
873 1382 1161 1454 indignus;
1200 1382 1293 1437 sed
1326 1397 1424 1452 pro
1449 1382 1683 1452 peccatis
1722 1380 1834 1435 suis
1862 1380 1938 1434 ita

358 1484 440 1529 est
465 1474 682 1537 anxius,
716 1482 777 1527 ut
808 1473 920 1527 fere
948 1474 1158 1529 nesciat
1193 1473 1321 1543 quid
1350 1487 1511 1541 agere
1539 1472 1752 1526 debeat.
1786 1470 1938 1525 Desi-

359 1566 512 1619 derat
545 1564 688 1619 enim
720 1573 771 1619 te
799 1564 1063 1631 adorare;
1102 1564 1197 1622 sed
1240 1578 1347 1618 non
1379 1564 1542 1618 audet
1580 1561 1763 1617 oculos
1792 1562 1859 1616 ad
1890 1571 1941 1616 te

359 1660 562 1714 levare.
592 1657 931 1712 Desiderium
958 1656 1174 1726 quidem
1202 1656 1403 1712 bunum
1432 1655 1598 1710 habet
1639 1654 1692 1709 in
1720 1662 1808 1719 te;
1844 1653 1939 1708 sed

2043 476 2287 530 centem;
2336 466 2429 520 sed
2472 467 2523 519 in
2571 465 2717 519 nullo
2747 466 2863 521 loco
2905 481 3028 519 eum
3067 467 3270 520 certius
3316 484 3597 537 cognosco
3625 511 3642 531 ,

2042 570 2205 625 quam
2235 556 2286 609 in
2326 571 2486 610 cruce
2520 557 2861 625 pendentem.
2912 556 2988 609 Ibi
3035 556 3180 610 enim
3221 556 3449 626 ipsemet
3474 560 3541 611 de
3577 576 3644 613 se

2044 654 2271 698 testatur
2294 645 2479 700 dicens
2514 643 2764 710 :Mulier,
2793 661 2909 699 ecce
2942 645 3085 714 ﬁlius
3134 655 3253 700 tuus
3296 647 3494 719 (ibid.).
3526 649 3644 706 Hic

2042 750 2192 805 ergo,
2218 733 2342 790 felix
2375 744 2550 790 mater
2575 746 2630 791 et
2656 736 2801 791 omni
2832 736 2986 791 laude
3014 736 3196 805 digna,
3223 739 3312 792 luc
3350 740 3641 795 intercede
3668 802 3673 805 τ

2040 842 2139 897 pro
2169 842 2257 881 me
2289 827 2488 882 misero
2513 829 2651 894 apud
2681 828 2854 897 ipsum
2884 830 2999 898 qui.
3021 828 3148 883 dum
3178 844 3237 884 se
3268 831 3436 886 lilium
3470 842 3636 888 tnmn
3666 822 3669 825 ’

2041 918 2303 979 nominat,
2327 920 2722 988 quodammodo
2750 935 2810 974 se
2834 920 3132 975 debitorem
3166 920 3388 993 obligat,
3416 932 3476 977 ut
3501 939 3639 993 pre-

2038 1025 2129 1065 ces
2164 1019 2285 1065 tuas
2310 1025 2431 1065 cum
2462 1026 2647 1065 amore
2668 1011 2946 1080 suscipiat.
2986 1013 3080 1068 Dic
3128 1013 3201 1067 illi
3237 1014 3415 1084 itaque
3440 1034 3455 1069 :
3480 1016 3635 1085 Fili,

2039 1100 2140 1153 iste
2170 1108 2426 1169 peccator
2447 1098 2646 1153 clamat
2678 1101 2745 1153 ad
2769 1114 2877 1167 me,
2905 1112 2959 1155 et
2989 1102 3410 1173 lacrymabiliter
3434 1105 3636 1175 deprc-

2038 1199 2196 1243 catur
2245 1198 2301 1242 ut
2348 1189 2678 1243 intercedam
2726 1205 2824 1258 pro
2857 1206 2921 1246 eo
2949 1192 3089 1261 apud
3121 1203 3203 1259 te,
3235 1206 3503 1263 quatenus
3535 1213 3633 1252 re-

2041 1280 2227 1334 mittas
2254 1281 2303 1335 ei
2332 1291 2553 1349 peccata
2595 1296 2689 1335 sua
2713 1322 2728 1342 ,
2754 1296 2874 1350 qua:
2918 1282 3236 1353 insipienter
3260 1288 3533 1343 commisit
3568 1289 3633 1345 in

2042 1378 2116 1423 te.
2143 1367 2341 1423 Verum
2385 1379 2499 1435 est,
2531 1368 2757 1424 Domine
2800 1371 2904 1437 mi,
2933 1388 3118 1427 verum
3163 1385 3248 1430 cst
3298 1388 3465 1432 certe.
3515 1380 3635 1450 Ego

2040 1475 2164 1515 rens
2213 1462 2474 1516 confiteor
2503 1476 2687 1515 coram
2724 1471 2795 1526 te,
2828 1462 2967 1519 Deus
2989 1504 3004 1528 ,
3044 1474 3100 1520 et
3139 1481 3321 1521 coram
3349 1468 3633 1526 Genitricc

2043 1562 2133 1606 tua
2161 1553 2288 1622 quia
2320 1554 2387 1606 ab
2417 1552 2641 1607 infantia
2694 1564 2811 1609 mea
2850 1569 3020 1625 usque
3068 1572 3212 1612 nunc
3246 1559 3467 1616 veniens
3498 1571 3633 1618 ante

2043 1641 2329 1712 gloriosam
2372 1657 2590 1697 erucem
2635 1650 2778 1696 luant
2825 1652 2880 1698 et
2931 1657 3132 1702 sancta:
3184 1650 3484 1719 majestatis
3520 1661 3633 1707 tua:

362 1751 563 1807 nullum
593 1752 845 1805 meritum
876 1750 1041 1805 sentit
1071 1750 1123 1802 in
1155 1764 1232 1813 se,
1257 1764 1356 1818 pro
1384 1764 1491 1817 quo
1515 1747 1749 1802 confidat
1772 1746 1840 1801 de
1865 1755 1937 1801 te.

2043 1741 2389 1802 conspectum
2443 1749 2582 1799 non,
2616 1743 2673 1789 ut
2719 1736 2912 1801 debui,
2945 1739 3108 1806 veni,
3157 1726 3452 1811 supplicavi
3479 1786 3496 1806 ,
3529 1761 3632 1801 nec

362 1845 550 1898 Maneo
580 1843 761 1912 itaque
809 1843 862 1897 in
911 1850 1201 1911 conspectu
1246 1850 1337 1894 tuo
1374 1840 1613 1911 trepidus
1639 1848 1693 1894 et
1715 1838 1937 1904 dubius;

362 1940 436 1992 ita
468 1944 527 1988 ut
553 1949 737 1989 coram
770 1944 821 1988 te
868 1942 1016 1988 stare
1063 1932 1379 1987 erubescam
1404 1971 1419 1996 ,
1451 1939 1508 1985 ct
1543 1945 1573 1985 a
1609 1938 1661 1985 te
1688 1929 1943 1985 recedere

369 2027 756 2093 pertimescam.
796 2023 1059 2079 llortatur
1089 2037 1175 2077 me
1219 2031 1364 2077 stare
1413 2031 1540 2077 ante
1586 2029 1941 2092 conspectum

364 2126 516 2170 tuum
545 2115 802 2170 memoria
847 2113 1041 2169 divinae
1067 2122 1121 2168 et
1151 2122 1255 2167 tum
1279 2112 1528 2183 pietatis;
1563 2112 1657 2168 sed
1689 2112 1943 2167 dehorta-

362 2218 451 2263 tur
493 2222 581 2261 me
622 2205 954 2261 conscientia
996 2204 1320 2260 miserabilis
1354 2213 1408 2259 et
1452 2205 1766 2269 inveterata:
1807 2217 1943 2259 mea:

361 2297 679 2368 iniquitatis.
711 2296 907 2351 Arctor
942 2309 1158 2365 quoque
1199 2295 1437 2365 graviter
1473 2295 1541 2349 ab
1578 2295 1646 2349 iis
1690 2293 1899 2349 duobus
1924 2332 1940 2358 ,

360 2389 565 2459 etquid
600 2386 794 2459 eligam
844 2385 956 2442 fere
1004 2385 1211 2456 ignoro.
1242 2385 1389 2456 Elogi
1422 2393 1604 2439 tamen
1643 2385 1817 2455 magis
1840 2399 1939 2454 op—

326 2506 331 2512 -
363 2488 594 2549 portuno
621 2477 931 2548 conSpectui
964 2487 1057 2531 tuo
1084 2477 1390 2546 importune
1417 2477 1694 2538 assistere,
1725 2474 1940 2530 etiamsi

363 2572 560 2625 debeas
581 2584 667 2624 me
686 2568 956 2623 occidere.
982 2564 1172 2620 Melius
1199 2573 1275 2619 est
1303 2565 1445 2619 enim
1477 2565 1605 2619 mihi
1628 2565 1762 2618 mori
1785 2565 1941 2634 juxta

363 2673 436 2725 te,
462 2676 618 2730 quam
644 2659 808 2714 vivere
843 2656 988 2729 (Jan.
1025 2672 1079 2711 tv
1106 2698 1120 2724 ,
1152 2655 1208 2726 8)
1255 2655 1413 2727 longe
1447 2670 1477 2711 a
1524 2664 1607 2722 te;
1637 2655 1764 2723 quia
1795 2655 1940 2710 nulla

362 2766 509 2805 mors
541 2748 746 2804 homini
775 2747 927 2819 pejor
954 2756 1067 2811 est',
1096 2762 1257 2817 quam
1293 2760 1416 2799 cmn
1453 2746 1614 2801 homo
1640 2745 1799 2816 longe
1826 2760 1855 2799 a
1888 2754 1942 2800 te

363 2852 447 2897 est
475 2883 493 2901 ο

433 2930 758 3002 Suppliciter
795 2945 926 3000 ergo
976 2929 1237 2999 deprecor
1272 2937 1324 2985 te
1347 2969 1362 2996 ,
1397 2928 1560 2985 chara
1602 2926 1857 2999 maiestas
1884 2934 1941 2983 et

363 3040 554 3097 magna
584 3024 824 3079 cbaritas
845 3064 860 3090 ,
886 3022 976 3094 qui
1008 3023 1210 3093 pendes
1236 3023 1290 3077 in
1315 3037 1497 3088 cruce,
1530 3031 1588 3077 ut
1615 3021 1936 3091 importuni-
1964 3062 2010 3126 ε

362 3124 526 3171 tatem
558 3128 734 3170 meam
778 3129 883 3168 non
914 3112 1219 3184 importune
1243 3111 1508 3182 suscipias
1535 3152 1550 3178 ,
1597 3111 1692 3167 sed
1735 3111 1802 3165 ad
1847 3126 1941 3165 ne.

360 3206 670 3261 cessitatem
718 3219 893 3259 meam
937 3214 1237 3276 opportune
1265 3213 1320 3261 et
1354 3204 1784 3264 misericorditer
1824 3219 1940 3260 res-

359 3296 550 3366 picias.
581 3295 658 3350 Tu
685 3310 743 3351 es
771 3297 912 3351 enim
940 3311 1064 3367 spes
1088 3280 1249 3364 mea:
1272 3306 1327 3352 tu
1357 3297 1621 3368 refugium
1649 3310 1852 3361 meum,
1882 3306 1937 3351 tu

360 3388 729 3443 misericordia
764 3402 903 3442 mea.
945 3386 1202 3443 Miserere
1228 3388 1413 3458 igitur,
1445 3388 1860 3452 miserere‘mei,
1885 3397 1941 3442 et

360 3478 495 3533 doce
519 3494 604 3532 me
622 3477 890 3547 quomodo
913 3477 1141 3532 adorare
1170 3485 1221 3532 te
1244 3477 1492 3542 debeam,
1512 3486 1567 3532 et
1592 3479 1863 3547 quomodo
1886 3486 1940 3533 te

360 3568 585 3640 diligere
615 3567 843 3623 valeam.
883 3566 1141 3635 Quamvis
1168 3569 1406 3636 peccatis
1437 3570 1569 3625 meis
1594 3570 1938 3639 exigentibus

365 3656 601 3711 nesciam
650 3654 920 3727 quomodo
974 3664 1026 3710 te
1052 3655 1281 3712 adorare
1318 3672 1380 3712 ac
1408 3657 1630 3725 diligere
1674 3659 1934 3725 debeam;

365 3757 542 3801 tamen
570 3747 671 3802 hoc
692 3753 776 3801 est
799 3760 977 3802 meum
1000 3746 1348 3814 desiderium,
1374 3758 1432 3802 ut
1460 3756 1510 3804 te
1537 3749 1756 3804 adorem
1781 3760 1836 3804 et
1859 3748 1939 3804 di-

364 3838 548 3909 ligam.
587 3837 824 3894 Obsecro
886 3847 968 3903 te,
996 3851 1124 3894 vere
1164 3838 1269 3909 piis
1310 3837 1632 3895 exaudibilis
1656 3836 1809 3904 Iesu,
1840 3853 1939 3909 per

361 3944 578 3986 omnem
610 3930 951 3986 dilectionem
999 3946 1165 4001 quam
1220 3931 1386 3987 babes
1434 3933 1486 3986 in
1518 3932 1738 3988 homine
1761 3971 1779 3996 ,
1809 3933 1938 3988 dum

365 4020 564 4088 pendes
593 4020 646 4074 in
681 4019 860 4090 ligno,
912 4028 971 4075 ut
1012 4020 1116 4076 hoc
1164 4022 1361 4077 bonum
1414 4021 1723 4091 specialiter
1769 4020 1939 4076 facias

362 4124 485 4164 cum
511 4122 671 4167 servo
704 4116 831 4170 tuo.
857 4121 927 4166 ne
967 4117 1114 4164 stare
1159 4108 1211 4163 in
1259 4116 1549 4178 conspectu
1590 4118 1683 4164 tuo
1722 4116 1779 4165 et
1810 4118 1938 4165 ante

359 4212 578 4253 crucem
608 4204 754 4251 tuam
794 4212 880 4253 me
905 4196 1196 4269 aliquando
1228 4198 1420 4254 taedeat
1463 4207 1557 4253 aut
1597 4199 1811 4270 pigeat,
1843 4199 1939 4256 sed

360 4282 542 4359 potius
571 4287 801 4345 delectet
844 4296 901 4343 et
946 4287 1172 4360 placeat.
1213 4289 1451 4347 Delectet
1495 4290 1731 4347 animam
1759 4306 1937 4348 meam

2045 1827 2287 1881 adoravi.
2328 1826 2434 1882 Sed
2464 1838 2520 1882 tu
2542 1867 2560 1895 ,
2588 1829 2675 1883 cui
2711 1831 2986 1900 proprium
3020 1844 3104 1889 est
3129 1851 3351 1907 parcere
3378 1846 3435 1893 et
3464 1839 3633 1893 mise-

2044 1918 2176 1983 reri,
2200 1933 2266 1974 ne
2293 1920 2557 1990 respicias
2580 1920 2924 1989 fragilitatem
2953 1939 3204 1993 meamet
3225 1928 3628 1985 immunditiam

2044 2032 2220 2072 meam
2256 2019 2580 2088 pessimam,
2619 2022 2714 2075 sed
2759 2021 2972 2077 dimitte
3007 2021 3263 2092 quidquid
3291 2021 3631 2093 negligenter

2044 2105 2274 2176 deliqui;
2302 2107 2427 2176 quia
2458 2117 2510 2161 tn
2542 2124 2603 2185 es
2633 2125 2756 2179 spes
2807 2126 2924 2166 mea
2966 2110 3080 2166 sola
3123 2120 3178 2166 et
3225 2127 3382 2176 vera,
3427 2123 3482 2166 et
3516 2130 3627 2166 non

2044 2195 2218 2251 habeo
2266 2196 2317 2248 in
2348 2195 2454 2252 alio
2497 2197 2745 2253 liduciam
2775 2214 2982 2265 meam,
3023 2199 3126 2255 nisi
3178 2199 3231 2253 in
3274 2208 3327 2255 te
3367 2200 3482 2256 solo
3516 2200 3628 2255 Dc?)

2044 2285 2166 2340 vivo
2193 2294 2249 2341 et
2274 2302 2424 2342 vero.
2492 2288 2495 2293 ’

2115 2375 2217 2431 Dat
2245 2376 2409 2431 etiam
2456 2377 2588 2432 mihi
2633 2377 2890 2449 grandem
2941 2377 3228 2443 fiduciam,
3256 2392 3469 2432 summe
3516 2377 3627 2432 Rc-

2042 2464 2292 2534 demptor
2318 2479 2467 2521 meus
2491 2506 2506 2532 ,
2536 2465 2624 2519 illa
2674 2466 2760 2536 pia
2795 2477 2851 2523 et
2884 2467 3055 2522 dulcis
3084 2467 3291 2529 oratio,
3334 2482 3495 2536 quam
3520 2482 3623 2536 pro

2041 2554 2485 2623 crucifigentibus
2515 2563 2566 2608 te
2596 2556 2735 2625 apud
2763 2554 2981 2611 Patrem
3011 2556 3218 2621 fecisti,
3249 2556 3434 2610 dicens
3462 2570 3480 2609 :
3509 2555 3622 2609 Pa-

2042 2653 2122 2697 ter
2160 2645 2368 2714 ignosce
2410 2645 2550 2707 illis.
2605 2647 2728 2717 quia
2782 2648 3016 2704 nesciunt
3067 2647 3194 2718 quid
3234 2647 3433 2718 faciunt
3464 2644 3621 2717 (Luc.

2039 2749 2203 2798 χχιιι,
2228 2735 2341 2806 54).
2366 2734 2466 2802 Qui
2489 2736 2632 2791 enim
2664 2738 2744 2792 sic
2767 2738 3005 2793 exorasti
3033 2753 3131 2808 pro
3156 2739 3261 2793 tuis
3286 2736 3626 2793 crucifixori-

2040 2824 2162 2891 bus,
2180 2826 2421 2895 nunquid
2438 2841 2543 2881 non
2565 2828 2749 2883 orabis
2769 2843 2866 2899 pro
2889 2830 2993 2885 tuis
3007 2829 3418 2885 adoratoribus?
3443 2829 3511 2884 Et
3530 2831 3625 2899 qui

2039 2917 2094 2972 in
2119 2932 2278 2972 cruce
2307 2922 2623 2975 recordatus
2646 2935 2706 2975 es
2740 2921 3105 2992 indulgentiae,
3129 2921 3367 2990 nunquid
3395 2921 3449 2975 in
3475 2921 3619 2975 caelo

2039 3010 2240 3066 oblitus
2269 3026 2329 3066 es
2356 3012 2778 3068 misericordiae?
2804 3011 3059 3069 Miserere
3080 3052 3098 3078 ,
3127 3028 3333 3083 quaeso,
3365 3012 3621 3075 Domine,

2044 3101 2304 3157 miserere
2326 3102 2434 3157 mei
2462 3103 2603 3158 servi
2632 3103 2746 3168 tui;
2787 3111 2843 3159 et
2874 3102 2956 3159 vel
3002 3112 3056 3159 tu
3089 3105 3334 3176 ignosce,
3360 3104 3448 3158 vel
3480 3108 3623 3176 apud

2042 3193 2256 3247 Patrem
2286 3192 2560 3248 intercede
2591 3203 2649 3248 ut
2685 3193 2943 3265 ignoscat.
2979 3194 3209 3266 Propter
3245 3195 3349 3251 hoc
3386 3211 3622 3265 namque

2042 3296 2236 3338 maneo
2261 3299 2445 3338 coram
2475 3293 2548 3348 te,
2572 3293 2626 3338 et
2648 3285 2816 3339 adoro
2841 3293 3087 3339 sanctam
3110 3300 3326 3341 crucem
3350 3294 3495 3339 tuam
3524 3301 3625 3355 per

2040 3389 2203 3443 quam
2255 3374 2528 3430 redemisti
2574 3376 2851 3430 mttndum.
2885 3376 3058 3431 Credo
3103 3392 3337 3446 namque
3365 3388 3421 3431 et
3445 3375 3619 3430 conﬁ-

2042 3475 2159 3521 teor
2183 3467 2308 3536 quia
2338 3481 2435 3537 per
2472 3451 2827 3523 elevationem
2867 3476 2923 3522 et
2968 3469 3342 3524 extensionem
3375 3467 3621 3537 corporis

2040 3558 2119 3613 tui
2150 3558 2204 3613 in
2236 3556 2379 3629 ligno
2412 3559 2626 3614 traxisti
2653 3574 2842 3615 omnes
2882 3561 2948 3614 ad
2997 3570 3050 3615 te
3078 3560 3170 3630 qui
3216 3567 3362 3614 recte
3389 3558 3618 3627 diligunt

2041 3658 2113 3706 te.
2145 3650 2323 3707 Trabe
2360 3652 2522 3722 igitur
2552 3668 2673 3719 me,
2706 3652 3045 3717 dulcissime,
3076 3652 3337 3716 Domine,
3365 3652 3513 3705 trahe
3538 3668 3620 3704 me

2040 3752 2094 3798 et
2122 3743 2450 3799 desiderium
2500 3759 2679 3799 meum
2714 3754 2828 3814 post
2871 3754 2919 3798 te
2971 3744 3150 3817 (Cant.
3183 3760 3233 3811 ι,
3266 3744 3355 3813 5);
3409 3752 3467 3798 ut
3517 3758 3619 3813 ego

2039 3840 2270 3895 sentiam
2299 3840 2549 3895 virtutem
2577 3840 2755 3895 crucis
2779 3830 2881 3895 tua:
2911 3839 2963 3894 in
2990 3854 3098 3895 me.

2111 3930 2374 4003 sentiam,
2404 3932 2654 3987 Salvator
2680 3945 2861 3998 meus,
2890 3931 3145 3986 virtutem
3190 3939 3246 3986 et
3273 3930 3494 3985 odorem
3522 3930 3615 3999 qui

2039 4028 2123 4075 est
2153 4021 2220 4075 de
2245 4035 2404 4075 cruce
2434 4030 2550 4085 tua,
2588 4020 2729 4076 sicut
2760 4020 3026 4075 sentiebat
3069 4019 3209 4074 latro
3242 4019 3331 4073 ille
3349 4018 3442 4088 qui
3465 4018 3613 4072 dice-

2039 4112 2134 4168 bat
2159 4125 2176 4165 :
2206 4111 2445 4176 Domine,
2469 4122 2722 4166 memento
2754 4113 2898 4176 mei,
2923 4113 3049 4166 dum
3082 4112 3278 4167 veneria
3312 4112 3367 4166 in
3402 4128 3619 4182 regnum

2041 4213 2187 4258 tuum
2213 4202 2395 4275 (Joan.
2437 4218 2602 4268 χχιιι,
2629 4200 2742 4274 42).
2791 4200 3011 4259 Viderat
3052 4202 3279 4258 forsitan
3326 4202 3464 4257 latro
3516 4202 3621 4256 iste

2041 4302 2095 4349 te
2121 4300 2280 4348 antea
2301 4308 2476 4350 caecos
2514 4294 2934 4360 illuminantem,
2964 4295 3048 4352 vel
3078 4304 3320 4351 mortuos
3344 4295 3616 4351 suscitan-

358 4380 414 4434 in
441 4385 728 4450 conspectu
763 4386 854 4433 tuo
881 4376 1110 4435 ﬁdeliter
1133 4378 1423 4446 assistere;
1453 4388 1508 4437 et
1532 4379 1742 4451 placeat
1764 4381 1935 4438 oculis
1966 4396 2014 4456 ι)
2041 4391 2148 4440 tem
2171 4423 2189 4450 ,
2213 4393 2268 4440 et
2295 4399 2401 4440 non
2428 4385 2747 4442 adoraverat
2785 4394 2859 4442 te.
2889 4385 3041 4442 Tune
3083 4400 3216 4442 vero
3240 4394 3445 4456 quanto
3469 4385 3620 4440 videt

358 4469 668 4526 Divinitatis
690 4477 794 4525 tua:
837 4470 1262 4526 misericorditer
1298 4470 1351 4526 in
1398 4486 1484 4527 me
1512 4471 1798 4541 reapicere.
1839 4473 1939 4528 De-

358 4558 523 4614 lectet
547 4575 634 4614 me
679 4560 860 4630 lugere
896 4560 1168 4617 miseriam
1199 4575 1407 4626 meam,
1436 4570 1490 4619 et
1525 4562 1737 4632 placeat
1759 4563 1936 4619 omni-

360 4649 615 4720 potentia:
641 4658 746 4705 tua:
772 4660 983 4709 vertere
1021 4653 1075 4707 in
1124 4652 1381 4722 gaudium
1423 4653 1702 4715 tristitiam
1731 4668 1929 4711 meam.

433 4740 673 4799 Delectet
694 4753 874 4803 autem
900 4757 988 4799 me
1011 4745 1285 4801 recordari
1310 4744 1413 4801 hoc
1443 4747 1584 4817 quod
1611 4747 1851 4815 pendens
1875 4745 1928 4800 in

359 4848 524 4890 cruce
550 4835 845 4891 benedictae
884 4835 1078 4906 virgini
1124 4838 1282 4892 matri
1314 4847 1417 4893 tua:
1443 4839 1624 4894 dixisti
1655 4853 1671 4894 :
1702 4837 1929 4903 Mulier,

357 4943 471 4982 ecce
496 4926 639 4997 ﬁlius
665 4936 785 4983 tuus
808 4926 989 4999 (Joan.
1022 4944 1137 4995 χιιι,
1159 4927 1275 4998 26).
1308 4929 1375 4985 Ει
1404 4945 1545 4986 nunc
1565 4969 1579 4996 ,
1611 4945 1818 5000 quaeso,
1840 4928 1933 4985 be-

358 5015 673 5089 nignissime
699 5016 942 5083 Domine,
974 5018 1062 5074 die
1087 5019 1217 5073 mihi
1240 5033 1404 5074 servo
1431 5030 1558 5076 tuo:
1585 5019 1777 5085 Homo,
1801 5034 1931 5075 ecce

356 5105 499 5161 Deus
520 5115 665 5172 tuus,
686 5118 817 5161 ecce
836 5107 1142 5177 redemptor
1163 5116 1305 5162 tuus.
1331 5106 1407 5163 Te
1428 5123 1663 5179 quoque,
1683 5109 1931 5174 obsecro,

354 5198 507 5268 virgo
525 5198 665 5253 inter
688 5212 876 5253 omnes
902 5197 1155 5255 mulieres
1170 5199 1473 5267 benedicta,
1506 5209 1564 5255 ut
1589 5200 1738 5256 dicas
1760 5200 1888 5255 mibi
1915 5218 1929 5253 :

357 5290 528 5347 llomo
549 5329 565 5356 ,
593 5304 722 5347 ecce
763 5290 905 5348 ﬁlius
934 5307 1088 5348 meus
1110 5332 1125 5357 ,
1156 5305 1282 5348 ecce
1314 5291 1563 5348 Salvator
1585 5301 1729 5348 tuus.
1762 5291 1931 5347 Video

356 5382 550 5452 quippe
574 5424 589 5448 ,
621 5382 944 5438 venerabilis
973 5383 1218 5451 domina,
1247 5383 1415 5439 lilium
1448 5393 1597 5440 tuum
1644 5385 1697 5439 in
1733 5399 1930 5453 prtese—

2043 4479 2095 4527 te
2123 4474 2358 4543 pendere
2385 4474 2439 4529 in
2467 4474 2631 4546 ligno,
2665 4476 2856 4531 adorat
2882 4483 2935 4530 te
2964 4477 3150 4532 dicens
3184 4494 3197 4531 :
3230 4475 3480 4543 Domine,
3509 4492 3618 4529 me-

2039 4572 2212 4617 mento
2238 4564 2372 4630 mei,
2403 4564 2528 4618 dum
2575 4565 2772 4621 veneris
2810 4566 2865 4621 in
2895 4582 3109 4638 regnum
3139 4577 3306 4622 luunt.
3339 4566 3454 4622 Hoc
3489 4567 3619 4622 fecit

2038 4652 2093 4705 in
2124 4653 2271 4708 illum
2301 4670 2434 4711 crux
2464 4664 2553 4710 tua
2573 4694 2589 4719 ,
2627 4656 2770 4726 quod
2796 4672 2902 4713 non
2929 4668 3216 4727 potuerunt
3242 4658 3427 4715 facere
3445 4660 3617 4715 mira-

2038 4743 2157 4798 cula
2198 4752 2306 4798 tua.
2361 4745 2551 4800 Verius
2595 4755 2650 4801 et
2694 4747 2985 4816 perfectius
3020 4750 3272 4818 cognovit
3316 4749 3420 4804 iste
3463 4757 3516 4804 te
3560 4750 3614 4802 in

2035 4851 2198 4892 cruce
2225 4839 2581 4907 pendentem,
2622 4853 2786 4910 quam
2829 4840 2881 4896 in
2926 4841 3126 4911 templo
3175 4842 3490 4907 docentem,
3520 4851 3616 4897 aut

2038 4927 2298 4984 miracula
2327 4926 2630 4983 facientem.
2664 4928 2709 4985 Ο
2734 4939 2940 4999 quanta
2968 4942 3052 4986 est
3074 4931 3248 4987 virtus
3277 4931 3457 4987 crucis
3484 4939 3614 4995 tua),

2036 5028 2237 5089 quanta
2270 5030 2354 5076 est
2378 5020 2544 5091 gloria
2578 5021 2859 5090 pendentis
2891 5022 2944 5076 in
2988 5023 3166 5095 ligno!
3197 5023 3362 5078 Latro
3388 5024 3494 5079 iste
3522 5025 3614 5079 ubi

2037 5114 2170 5169 vidit
2195 5122 2344 5168 tuum
2374 5114 2573 5186 lignum
2593 5155 2608 5179 ,
2636 5130 2758 5169 mox
2800 5115 3053 5186 cognovit
3086 5125 3234 5171 tuum
3266 5130 3525 5186 regnum;
3556 5125 3613 5171 et

2037 5204 2126 5257 ubi
2158 5212 2208 5258 te
2232 5203 2465 5274 pendere
2490 5205 2730 5274 aspexit,
2763 5205 2834 5259 ibi
2859 5206 3004 5275 quod
3044 5221 3300 5277 regnares
3322 5204 3611 5261 intellexit.

2037 5294 2083 5351 Ο
2110 5303 2344 5365 quantus
2373 5296 2506 5351 odor
2550 5297 2617 5352 de
2643 5312 2804 5353 cruce
2831 5299 3036 5362 exibatt
3062 5299 3153 5369 qui
3176 5313 3392 5353 omnem
3417 5297 3611 5352 inlide-

2036 5386 2338 5443 litatem‘ab
2378 5403 2444 5445 eo
2492 5389 2797 5459 repellebat.
2834 5389 2877 5445 0
2910 5406 3071 5461 quam
3111 5391 3270 5462 digne
3300 5389 3527 5448 vocabat
3559 5401 3611 5447 te

1624 5498 1861 5555 VARIE
1899 5499 2300 5557 LECTIONES.
3207 5548 3212 5561 .

550 5583 666 5640 Meo
694 5588 919 5662 Domino
958 5590 1005 5644 J.
1045 5591 1104 5646 C.
1137 5593 1224 5660 qui
1252 5610 1349 5647 ms.
1393 5602 1598 5657 nostro,
1631 5593 1721 5662 qui
1799 5592 1891 5625 ’⁸⁸⁸
1917 5591 2222 5647 Cruciftxus
2250 5609 2347 5648 ms.
2386 5594 2627 5650 confixus
2704 5594 2794 5627 ""
2823 5595 3069 5653 Miseram
3097 5612 3191 5650 ms.
3242 5593 3607 5650 miserrimam

365 5648 452 5679 ³⁸⁸⁸
484 5648 563 5701 Me
593 5654 856 5725 conjuuge
880 5676 973 5712 im.
1009 5678 1104 5715 nos
1129 5648 1393 5731 clonjnnge
