3906 6058
269 349 365 400 9-H

1687 334 2094 390 ORATIONES.

3431 341 3537 393 95-2

272 459 553 514 υοιηεηυηι
599 471 792 518 suum,
833 455 923 525 qui
967 452 1233 507 veraciter
1279 451 1482 506 sciebat
1533 465 1588 503 sc
1633 466 1845 504 servum
1880 452 1920 506 Α
1951 459 2110 517 atque
2161 457 2347 502 contra
2409 451 2588 503 omnia
2643 449 2868 504 adversa
2910 459 3284 507 tutamentum.
3344 457 3536 512 Amen.

271 560 450 614 tuum;
485 549 609 621 quia
650 548 824 603 oculis
858 546 972 601 suis
997 543 1308 598 intuebatur
1339 543 1601 612 pretium,
1627 557 1734 612 quo
1763 559 1848 596 re-

269 638 511 692 ditnebas
541 638 752 706 penitus
779 636 1034 689 mundum
1063 633 1395 686 universum.

338 731 443 790 Sed
469 732 594 800 quid
625 730 760 783 bone
783 728 906 782 .lesu
926 770 938 792 ,
969 725 1124 794 quid,
1149 723 1455 778 dulcissime
1487 723 1734 787 Domine,
1767 737 1848 775 re-

268 821 530 889 smndisti
560 821 752 874 latroni
799 828 850 872 te
893 817 1067 871 oranti
1113 815 1164 868 in
1209 814 1407 868 cruce?
1439 812 1615 867 Hodie
1646 830 1845 868 mecum

266 911 369 964 eris
392 912 444 964 in
466 912 713 980 paradiso
750 909 899 978 (ibid.
931 923 1007 970 Ix,
1035 905 1146 974 43).
1175 905 1236 958 Et
1260 905 1386 974 quid
1412 905 1514 960 hoc
1539 912 1622 960 est
1645 945 1658 970 ,
1691 919 1724 958 ο
1755 920 1846 959 rex

267 1000 678 1054 desiderabilis?
705 999 784 1078 Tu
806 997 972 1052 clavis
994 994 1267 1066 amigeris,
1295 1003 1348 1049 et
1379 994 1690 1063 paradisum
1724 1009 1847 1063 pro-

269 1091 460 1145 mittis.
498 1091 576 1144 Tu
630 1090 831 1160 pendes
857 1089 909 1141 in
938 1088 1080 1157 ligno
1105 1094 1207 1150 ,σοι
1243 1086 1435 1140 latroni
1468 1085 1641 1140 dicis:
1677 1085 1848 1140 Hodie

268 1197 469 1236 mecum
499 1183 601 1236 eris
627 1182 679 1234 in
708 1183 975 1250 paradiso.
1006 1179 1092 1244 Et,
1118 1194 1150 1233 0
1173 1179 1500 1234 desiderium
1535 1179 1842 1233 animarum

267 1273 358 1328 ubi
397 1282 479 1328 est
506 1272 810 1343 paradisus,
847 1271 972 1341 quia
1004 1271 1142 1326 dicis
1172 1271 1364 1324 latroni
1395 1288 1408 1323 :
1447 1269 1616 1324 Hodie
1643 1288 1842 1324 merum

265 1363 370 1417 eris
405 1363 459 1416 in
487 1362 758 1430 paradiso.
793 1362 875 1414 An
909 1360 1188 1429 paradisus
1240 1370 1411 1416 tecum
1457 1370 1558 1424 est,
1585 1372 1638 1415 et
1666 1362 1755 1414 ubi
1791 1373 1842 1415 tu

265 1451 372 1517 vis,
401 1452 688 1521 paradisus
719 1450 838 1504 est?
859 1450 939 1503 An
970 1459 1024 1504 tu
1057 1449 1426 1504 indubitanter
1456 1451 1741 1519 paradisus
1762 1466 1840 1514 es,

266 1541 394 1611 quia
435 1550 544 1595 tam
593 1541 926 1596 confidenter
964 1523 1282 1610 promittis':
1315 1539 1485 1594 Hodie
1511 1557 1712 1593 mecum
1741 1542 1841 1593 eris

264 1631 320 1684 in
349 1633 635 1701 paradiso?
671 1631 864 1696 Credo,
898 1631 1141 1694 Domine,
1187 1631 1350 1686 credo
1392 1641 1539 1685 certe
1578 1632 1718 1700 quod
1752 1633 1840 1686 ubi

267 1730 321 1776 tu
345 1722 446 1785 vis,
475 1732 529 1776 et
550 1721 638 1775 ubi
669 1731 725 1776 tu
755 1735 834 1784 cs,
865 1719 937 1774 ibi
969 1720 1254 1789 paradisus
1277 1730 1389 1785 est;
1415 1729 1468 1774 et
1495 1734 1615 1776 esse
1642 1731 1838 1784 tecum,

264 1811 368 1866 hoc
417 1820 500 1866 est
537 1826 656 1866 esse
704 1811 757 1864 in
801 1810 1074 1879 paradiso.
1107 1809 1371 1877 Quoniam
1407 1811 1730 1866 venerabilis
1757 1812 1846 1866 ille
1875 1788 1920 1845 Β

261 1902 541 1958 confessor
568 1911 624 1958 et
665 1903 932 1973 gloriosus
973 1911 1186 1974 martyr
1219 1912 1394 1958 tecum
1423 1901 1523 1956 fuit
1550 1918 1646 1973 per
1675 1913 1844 1958 totum

261 1993 388 2047 illud
411 1993 588 2058 hodie,
621 2003 677 2048 et
705 2001 892 2062 postea
921 1991 1068 2047 omni
1099 2001 1360 2062 tempore.
1385 1991 1430 2048 Ο
1455 2008 1616 2063 quam
1643 1980 1843 2050 bonum

259 2091 345 2136 est
372 2097 494 2138 esse
523 2083 727 2138 tecum!
771 2082 816 2138 Ο
842 2097 1002 2152 quam
1053 2083 1193 2137 beati
1233 2093 1360 2138 sunt
1405 2083 1503 2149 illi,
1542 2085 1632 2153 qui
1665 2093 1842 2140 tecum

259 2175 416 2226 sunt!
452 2172 526 2226 Illi
550 2187 675 2228 vere
701 2182 826 2227 sunt
851 2173 902 2227 in
925 2173 1199 2244 paradiso,
1232 2189 1360 2230 vere
1394 2185 1518 2230 sunt
1554 2175 1605 2229 in
1638 2177 1839 2244 regnis,

258 2261 348 2329 qui
381 2271 554 2316 tecum
585 2271 712 2316 sunt
747 2264 851 2318 fide
877 2271 932 2317 et.
961 2261 1269 2318 dilectione.

327 2349 471 2405 Crux
504 2359 615 2416 tua,
647 2351 896 2415 Domine,
949 2352 1258 2422 paradisum
1297 2353 1562 2421 promittit
1597 2364 1649 2408 et
1679 2369 1838 2424 para-

257 2444 436 2498 disum
491 2446 698 2500 tribuit.
744 2445 811 2499 Et
859 2445 978 2500 ideo
1032 2444 1351 2514 suppliciter
1403 2447 1572 2502 adoro
1622 2462 1835 2503 crucem

257 2545 424 2599 tuam,
467 2535 630 2592 adoro
676 2545 730 2591 te
766 2536 819 2589 in
849 2549 1028 2599 cruce,
1067 2545 1122 2591 et.
1153 2549 1368 2591 crucem
1408 2537 1461 2592 in
1493 2547 1563 2593 te.
1597 2537 1837 2606 Denique

254 2625 423 2681 adoro
471 2641 689 2682 crucem
728 2634 948 2697 propter
997 2627 1318 2695 pendentem
1353 2627 1406 2680 in
1437 2642 1620 2682 cruce.
1651 2627 1834 2682 Adoro

254 2731 414 2787 quem
471 2717 614 2772 latro
664 2718 964 2780 adorabat,
1017 2726 1071 2772 et
1123 2731 1220 2772 oro
1260 2716 1402 2773 sicut
1456 2717 1544 2773 ille
1599 2720 1830 2774 orabat:

254 2807 498 2873 Domine,
519 2818 774 2862 memento
795 2808 915 2871 mei,
943 2808 1070 2870 dum
1109 2808 1306 2863 veneris
1336 2808 1392 2862 in
1418 2825 1629 2879 regnum
1661 2820 1829 2866 tuum.

253 2898 600 2968 Recognosce
623 2898 674 2952 in
704 2909 808 2962 me,
841 2898 1005 2969 276
1032 2898 1281 2962 Domine,
1333 2899 1475 2954 hanc
1504 2901 1828 2967 orationem,

251 2988 394 3044 sicut
417 2987 772 3056 recognovisti
789 3000 908 3041 eam
923 2987 974 3040 in
997 2986 1218 3042 latrone.
1238 2985 1464 3058 Suscipe
1477 2987 1617 3044 hanc
1633 2991 1832 3046 oratio-

252 3091 376 3132 nem
408 3092 439 3132 a
461 3091 620 3132 servo
651 3085 764 3142 tuo,
797 3077 940 3131 sicut
964 3077 1248 3148 suscepisti
1276 3092 1394 3133 eam
1423 3094 1454 3134 a
1486 3078 1687 3135 famulo
1713 3090 1826 3139 tuo.
1857 3125 1900 3148 η

250 3166 518 3222 Memento
548 3168 655 3223 mei
683 3169 751 3223 de
777 3183 960 3250 regno,
1005 3168 1147 3224 sicut
1177 3169 1324 3225 fuisti
1351 3184 1559 3226 memor
1585 3171 1726 3228 illius
1760 3173 1827 3229 de
1856 3163 1900 3183 “¹

251 3255 527 3327 ligno.Dié
559 3257 742 3328 igitur,
765 3258 870 3322 die,
900 3272 1103 3328 quaso,
1131 3257 1382 3326 Domine,
1412 3260 1499 3316 dic
1523 3275 1681 3318 servo
1711 3273 1821 3330 tuo,

247 3349 338 3405 dic
366 3351 562 3408 animae
598 3369 731 3410 mete
759 3374 772 3409 :
808 3355 980 3411 Hodie
1012 3373 1214 3412 mecum
1242 3357 1346 3412 eris
1372 3357 1428 3410 in
1462 3359 1733 3427 paradiso,
1765 3369 1826 3414 ut

246 3456 348 3512 ego
377 3442 709 3502 confortatus
739 3448 1082 3504 desiderabili
1132 3457 1223 3502 tua
1261 3447 1620 3518 promissione
1648 3449 1822 3505 fideli-

247 3539 335 3588 ter
367 3547 712 3602 permaneant
745 3537 798 3591 in
830 3547 921 3592 tua
954 3537 1057 3592 fide
1081 3545 1136 3593 et
1158 3537 1465 3603 dilectione,
1495 3538 1823 3610 Redemptor

247 3639 422 3692 meus,
452 3629 722 3684 mediator
753 3629 846 3683 Dei
873 3638 929 3684 et
965 3630 1274 3694 hominum;
1303 3630 1395 3699 qui
1425 3645 1546 3685 cum
1573 3630 1734 3687 Patre
1767 3643 1823 3688 et

247 3711 450 3782 Spiritu
475 3724 666 3770 sancto
697 3716 832 3771 vivis
858 3726 914 3771 et
953 3731 1150 3786 regnas
1175 3717 1319 3773 Deus
1346 3719 1398 3772 in
1424 3718 1618 3774 saecula
1649 3734 1820 3775 saecu-

244 3799 436 3858 lorum.
472 3805 664 3861 Amen.

630 3892 887 3952 ORATIO
920 3895 1080 3950 XLIV
1109 3895 1203 3968 [οι.
1234 3895 1438 3968 XLIII].

756 4000 825 4038 AD
863 4000 1073 4041 CRUCBI
1113 3999 1322 4040 OOIINI.

724 4073 868 4130 Laus
894 4087 1093 4132 sancta:
1145 4079 1336 4132 crucis.

311 4162 442 4232 Ave,
473 4179 607 4220 crux
631 4176 842 4232 sancta,
884 4169 1059 4222 virtus
1105 4177 1313 4238 nostra.
1341 4169 1474 4235 Ave,
1514 4183 1647 4225 crux
1685 4171 1814 4227 ado-

239 4257 431 4324 randa,
475 4257 590 4314 laus
635 4269 689 4315 et
732 4260 905 4327 gloria
955 4269 1159 4315 nostra.
1191 4262 1325 4329 Ave,
1367 4277 1521 4326 crux,
1556 4264 1811 4319 auxilium

235 4358 294 4406 et
339 4349 603 4419 refugium
647 4362 912 4408 nostrum.
960 4353 1095 4417 Ave,
1135 4369 1292 4417 crux,
1346 4356 1646 4413 consolatio
1690 4372 1810 4413 om-

2241 599 2248 608 ,
2339 539 2596 599 ORATIO
2631 541 2769 597 XLV
2811 540 2904 613 [οι.
2944 541 3146 615 xuvq

2464 647 2530 684 AD
2571 647 2777 686 οιιιιοεςιι
2816 648 3022 688 DOMINI.

2306 719 2536 774 Elevatio
2573 724 2640 774 ad
2674 733 2913 775 sanctam
2953 739 3180 776 crurum.

2025 810 2188 864 Salva
2221 828 2325 875 me,
2354 823 2538 867 sancta
2565 828 2852 882 crux,qu:c
2872 793 2926 867 in
2956 829 3182 884 corpore
3203 817 3402 874 Christi
3446 822 3536 877 dc-

1951 903 2125 956 dicata
2148 912 2293 967 es,et
2321 917 2384 956 ex
2419 903 2782 958 membrorum
2821 903 2934 972 ejus
2971 920 3233 977 compage
3278 917 3534 979 tanquam

1951 992 2254 1062 margaritis
2269 1001 2476 1058 ornata;
2493 1009 2610 1063 qum
2625 994 2870 1063 praetium
2887 1006 3128 1050 nostrum
3147 1010 3360 1068 portare
3376 1002 3534 1072 digna

1953 1079 2096 1135 fuisti
2146 1089 2201 1135 et
2226 1083 2388 1136 vitam
2433 1092 2687 1139 aeternam
2736 1085 2891 1141 nobis
2933 1087 3180 1143 attulisti.
3215 1089 3339 1144 Jesu
3373 1092 3530 1158 bone,

1947 1177 2142 1238 praesta
2162 1171 2291 1226 mihi
2306 1180 2472 1241 utper
2491 1173 2701 1244 signum
2717 1185 2769 1229 et
2792 1177 3185 1245 reparationem
3202 1169 3533 1236 sanctaecru-

1947 1258 2157 1323 cis,‘me
2180 1262 2249 1314 ab
2277 1263 2530 1317 omnibus
2561 1263 2898 1319 inimicorum
2918 1266 3313 1326 incursionibus
3335 1270 3533 1328 liberes

1946 1357 2002 1401 et
2034 1357 2121 1402 tua
2152 1350 2389 1406 bonitate
2417 1367 2737 1421 conserves,
2783 1365 3002 1424 peccata
3028 1357 3288 1426 dimittas,
3316 1363 3530 1416 veniam

1947 1439 2286 1510 indulgentiae
2325 1443 2562 1506 tribuas;
2615 1445 2706 1514 qui
2752 1446 2888 1502 vivis
2928 1457 2982 1502 et
3006 1464 3198 1519 regnas
3228 1450 3390 1516 Deus,
3421 1462 3526 1507 etc.

2339 1532 2594 1590 ORATIO
2631 1533 2792 1590 XLVI
2833 1536 2923 1608 [οι.
2965 1537 3149 1612 XLV].

2281 1659 2348 1695 AD
2387 1657 2628 1697 SANCTAM
2664 1660 2916 1700 VIRGINEI
2958 1663 3182 1702 MARIAM.

1949 1729 2098 1782 Cum'
2130 1733 2486 1788 recordatione
2530 1737 2835 1790 meritorum
2880 1741 3133 1806 ejusdem,
3178 1752 3226 1794 et
3266 1743 3524 1797 malorum

2584 1818 2902 1860 nostrorum.

2018 1890 2063 1944 0
2091 1890 2402 1946 beatissima
2442 1902 2499 1948 et
2532 1895 2874 1950 sanctissima
2918 1913 3132 1968 semper
3161 1901 3312 1972 virgo
3336 1902 3522 1966 Maria,

1945 1993 2074 2033 ecce
2121 1991 2239 2035 asto
2307 1996 2543 2036 mmrens
2591 1995 2717 2038 ante
2769 1983 2957 2040 faciem
3014 1989 3229 2056 pictatis
3282 2001 3407 2057 tum,
3471 2004 3525 2046 et

1945 2068 2249 2125 confundor
2288 2071 2450 2128 nimis
2487 2088 2586 2143 pro
2639 2074 3131 2132 abominationibus
3171 2090 3521 2150 peccatorum

1945 2177 2210 2227 meorum,
2255 2164 2454 2232 quibus
2489 2164 2744 2221 deformis
2789 2166 2965 2224 factus
2993 2185 3112 2223 sum
3153 2179 3208 2224 et
3248 2173 3522 2229 horribilis

1943 2268 2131 2308 coram
2168 2254 2280 2328 Deo
2323 2265 2378 2310 et
2405 2265 2477 2322 te,
2515 2267 2569 2312 et
2609 2258 2814 2327 angelis
2857 2258 2974 2327 ejus
3009 2271 3065 2315 ct
3104 2264 3307 2318 sanctis
3346 2267 3522 2320 omni-

1942 2344 2064 2398 bus.
2125 2343 2440 2414 Expavesco
2499 2347 2853 2404 vehementer
2896 2351 3162 2419 judicium
3214 2363 3518 2412 extremum

1939 2436 2326 2505 damnationis,
2356 2441 2572 2510 quando
2613 2443 2903 2512 unicuique
2950 2444 3211 2500 divinitus
3244 2447 3514 2514 reddetur,

1936 2540 2086 2597 prout
2108 2533 2262 2600 gessit
2291 2532 2396 2586 sive
2433 2534 2646 2592 bonum.
2687 2535 2793 2588 sive
2828 2535 3024 2588 malum
3047 2534 3132 2606 (Il
3160 2534 3282 2591 Cor.
3316 2553 3370 2602 v,
3402 2539 3514 2611 10).

1937 2621 2002 2676 Et
2029 2625 2153 2694 quia
2197 2634 2420 2695 propter
2452 2627 2556 2683 hoc
2585 2627 2742 2680 timor
2779 2637 2828 2680 et
2867 2637 3061 2682 tremor
3090 2639 3333 2684 venerunt
3363 2649 3518 2702 super

1935 2727 2036 2777 me,
2081 2723 2129 2768 et
2155 2725 2492 2770 contexerant
2525 2731 2604 2770 me
2627 2716 2848 2770 tenebra:
2875 2714 3048 2787 (Psal.
3092 2732 3202 2783 Liv,
3236 2720 3313 2789 6),
3347 2721 3516 2776 malo-

1935 2817 2054 2857 rum
2093 2813 2310 2860 actuum
2358 2820 2624 2873 meorum,
2672 2815 2728 2861 et
2776 2807 2991 2862 intueor
3029 2823 3115 2862 me
3159 2808 3429 2880 leprosum
3460 2820 3514 2866 et

1935 2892 2298 2960 immundum;
2353 2895 2556 2951 idcirco
2583 2909 2668 2950 me
2701 2895 2920 2967 dignum
2948 2897 3062 2952 scio
3096 2900 3340 2968 separari
3367 2917 3397 2954 a
3425 2916 3514 2956 so-

1932 2981 2131 3039 cietate
2166 2983 2424 3052 fidelium,
2465 2999 2602 3054 quos
2629 2998 2659 3038 a
2695 2999 2782 3039 me
2820 2985 3306 3044 discernitcandor
3333 2997 3390 3046 et
3413 3006 3510 3060 pu-

1933 3069 2067 3126 rilas
2113 3073 2418 3128 castitatis:
2451 3083 2734 3144 propterea
2781 3073 2916 3130 ﬂens
2950 3087 3005 3130 et
3037 3077 3268 3147 ejulans,
3317 3080 3508 3150 deprc-

1931 3175 2044 3225 eor,
2103 3161 2348 3230 Domine,
2404 3173 2671 3234 quatenus
2719 3182 2749 3219 a
2794 3181 2882 3221 me
2929 3169 3221 3236 quatriduo
3267 3185 3507 3250 mortuo,

1929 3251 2252 3308 intolerabili
2315 3255 2487 3310 fetore
2543 3256 2654 3325 jam
2711 3257 2888 3325 pleno,
2945 3258 3140 3314 faciem
3197 3270 3342 3316 tuam
3395 3280 3503 3318 non

1925 3352 2172 3410 avertas;
2231 3345 2326 3400 sed
2395 3347 2577 3416 potius
2643 3349 2878 3418 aspicias
2918 3365 3080 3420 quam
3123 3354 3271 3423 gravi
3324 3355 3504 3413 ulcere

1925 3447 2214 3503 percussus
2253 3451 2397 3501 sum,
2437 3446 2492 3493 et
2531 3439 2842 3495 consideres
2884 3441 3119 3510 qualiter
3163 3460 3250 3500 me
3292 3445 3498 3503 caelesti

1924 3524 2282 3581 medicamine
2323 3542 2503 3593 cures,
2549 3537 2713 3599 atque
2741 3529 2879 3584 Filio
2923 3539 3012 3585 tuo
3051 3533 3279 3591 Domino
3316 3547 3502 3594 nostro

1921 3614 2050 3671 Iesu
2081 3617 2321 3683 Christo,
2356 3618 2508 3688 cujus
2541 3629 2594 3675 tu
2627 3630 2801 3678 mater
2838 3637 2898 3677 es
2942 3633 2998 3679 et
3040 3626 3133 3696 qui
3163 3628 3229 3682 de
3258 3637 3310 3684 te
3339 3640 3499 3684 natus

1922 3717 2026 3777 est,
2052 3725 2138 3765 me
2167 3712 2518 3766 emundatum
2545 3715 2822 3769 restituas.
2867 3715 2946 3770 Tu
2993 3718 3136 3772 enim
3186 3721 3349 3785 nosti,
3400 3725 3497 3776 mi-

1921 3805 2353 3859 sericordissima
2392 3807 2599 3875 regina,
2647 3811 2791 3877 quod
2828 3809 2894 3862 ad
2922 3809 3026 3865 hoc
3056 3822 3180 3866 nata
3207 3829 3288 3881 es,
3317 3826 3373 3870 ut
3401 3833 3497 3886 per

1921 3901 1976 3948 te
1999 3902 2318 3950 nasceretur
2354 3895 2494 3948 idem
2539 3895 2798 3952 Dominus
2825 3907 3010 3954 noster
3036 3900 3197 3957 Jesus
3222 3903 3490 3970 Christus.

1919 4000 2080 4041 verus
2130 3985 2292 4053 Deus,
2357 3999 2520 4041 verus
2570 3985 2752 4052 homo,
2823 3987 2876 4042 in
2940 4003 3100 4058 quem
3147 3994 3494 4052 verat-issimc

1918 4078 2104 4144 credo,
2146 4085 2208 4132 et
2258 4077 2327 4132 de
2368 4075 2524 4146 cujus
2556 4077 2760 4146 pietate
2781 4093 2888 4134 non
2930 4081 3186 4151 despero;
3221 4093 3279 4138 ut
3303 4093 3356 4139 et
3383 4087 3494 4156 ipse

1916 4171 2010 4239 qui
2059 4177 2182 4224 erat
2223 4167 2483 4224 Conditor
2540 4169 2843 4236 hominum,
2903 4174 3058 4228 fieret
3111 4185 3166 4230 et
3209 4176 3486 4241 Salvator;

1918 4268 2078 4328 teque
2112 4257 2271 4313 talem
2303 4257 2530 4313 haberet
2555 4267 2809 4325 matrem,
2844 4275 2964 4330 quae
2990 4277 3089 4331 pro
3117 4270 3490 4334 peccatoribus

1915 4351 2309 4416 interveniens,
2361 4348 2658 4420 perfectam
2705 4351 2982 4407 obtineres
3019 4354 3070 4407 ei
3117 4355 3366 4412 salutem.
3409 4360 3486 4412 'l'n

232 4439 385 4496 nium
421 4443 803 4508 maerentium;
841 4444 1008 4509 salve,
1032 4459 1187 4510 crux,
1224 4445 1448 4499 victoria
1478 4457 1532 4500 et
1562 4461 1684 4516 spes
1715 4463 1810 4502 no-
1835 4454 1889 4515 ι)
1915 4449 2120 4507 autem,
2164 4441 2383 4496 domina
2421 4449 2600 4494 mater
2647 4439 2787 4508 ejus,
2824 4439 2975 4510 virgo
3023 4441 3077 4496 in
3115 4453 3294 4512 partu,
3337 4445 3490 4517 virgo

234 4543 377 4598 atra;
439 4533 589 4588 salve
632 4549 788 4601 crux,
839 4534 1089 4592 defensio
1123 4544 1178 4590 et
1219 4536 1331 4591 vita
1370 4546 1572 4592 nostra.
1625 4537 1807 4604 Salve,

233 4637 388 4691 crux,
441 4625 741 4695 redemptio
777 4635 832 4682 et
859 4625 1110 4681 liberatio
1154 4636 1362 4682 nostra.
1415 4628 1598 4693 Salve,
1649 4645 1805 4693 crux,

233 4729 442 4786 signum
473 4717 682 4785 salutis,
713 4727 876 4788 atque
925 4719 1358 4791 inexpugnabilis
1403 4736 1590 4776 murus
1617 4730 1804 4777 contra

231 4823 447 4865 omnem
501 4811 756 4866 virtutem
816 4811 1043 4866 inimici.
1094 4811 1179 4867 Sit
1231 4813 1361 4867 mihi
1404 4827 1537 4868 crux
1593 4828 1807 4884 semper

230 4915 356 4972 spes
377 4901 802 4958 Christianitatis
840 4917 992 4957 mete.
1025 4901 1108 4957 Sit
1133 4902 1264 4957 mihi
1293 4919 1427 4958 crux
1456 4905 1802 4968 resurrectio,

230 4995 423 5050 mortis
446 5009 596 5051 mere.
627 4992 710 5048 Sit
732 4995 861 5049 mihi
888 5009 1019 5048 crux
1059 4993 1366 5062 triumphus
1410 4979 1668 5048 adversus
1699 4993 1804 5048 da:-

229 5099 435 5142 mones.
496 5088 580 5143 Sit
634 5087 763 5142 mihi
797 5101 930 5141 crux
974 5093 1148 5139 mater
1208 5083 1594 5140 consolationis
1647 5099 1798 5140 meat.

231 5175 312 5229 Sit
364 5177 496 5231 mihi
574 5193 707 5233 crux
781 5177 993 5247 requies
1068 5175 1432 5230 tribulationis
1501 5191 1650 5229 meae.
1719 5176 1803 5233 Sit

228 5265 361 5319 mihi
405 5281 538 5322 crux
582 5268 803 5324 baculus
843 5267 1140 5322 senectutis
1177 5280 1331 5320 meze.
1373 5263 1456 5319 Sit
1494 5265 1625 5320 mihi
1665 5281 1800 5321 crux

226 5354 494 5410 medicina
519 5359 882 5426 aegrotationis
910 5371 1062 5412 meae.
1097 5355 1180 5410 Sit
1209 5355 1342 5410 mihi
1375 5370 1506 5408 crux
1535 5356 1799 5425 protectio

226 5445 488 5503 nuditatis
515 5463 666 5504 mete.
701 5447 785 5504 Sit
821 5449 954 5504 mihi
997 5463 1128 5502 crux
1163 5445 1462 5502 consolatio
1487 5447 1613 5500 vita:
1639 5460 1795 5500 mea).

225 5537 308 5593 Sit
339 5537 474 5592 mihi
525 5554 661 5596 crux
701 5541 753 5595 in
791 5541 1042 5596 omnibus
1067 5539 1334 5610 angustiis
1362 5539 1496 5593 meis
1519 5537 1792 5593 solatium.

225 5625 310 5681 Sit
353 5629 488 5684 mihi
534 5644 666 5684 crux
716 5630 1011 5686 remedium
1048 5631 1101 5686 in
1144 5628 1583 5684 tribulationibus
1633 5627 1790 5683 meis.

225 5713 311 5770 Sit
334 5717 464 5773 mihi
483 5735 616 5776 crux
641 5721 693 5776 in
725 5721 1126 5775 infirmitatibus
1150 5720 1283 5774 meis
1309 5717 1788 5800 medicamentum,

1913 4542 2041 4588 ante
2063 4540 2298 4602 partum,
2337 4542 2391 4587 et
2427 4531 2582 4602 virgo
2607 4540 2727 4600 post
2750 4541 2987 4601 partum.
3029 4533 3088 4588 In
3117 4543 3168 4590 te
3191 4547 3372 4592 manet
3399 4540 3483 4594 in-

1913 4633 2056 4679 tacta
2097 4625 2343 4690 castitas,
2393 4623 2565 4692 pudor
2606 4623 2837 4695 integer,
2874 4638 2928 4683 et
2966 4629 3119 4683 firma
3156 4634 3481 4688 constantia.

1908 4713 2038 4780 Quae
2085 4713 2284 4768 laetaris
2345 4713 2486 4783 quod
2531 4714 2683 4785 virgo
2729 4719 3044 4789 concepisti,
3081 4727 3137 4775 et
3178 4722 3322 4791 quod
3357 4727 3480 4779 οωιι

1911 4805 2192 4860 Dominum
2230 4804 2394 4859 castis
2435 4803 2734 4860 visceribus
2783 4810 3035 4878 portasti,
3067 4818 3122 4864 et
3154 4813 3299 4882 quod
3328 4815 3481 4884 Virgo

1908 4903 2120 4962 partum
2169 4892 2413 4959 edidisti,
2453 4900 2509 4947 et
2555 4895 2700 4962 quod
2736 4911 2796 4951 es
2834 4898 2902 4953 ab
2933 4899 3125 4968 angelo
3161 4901 3414 4965 salutata,
3449 4923 3476 4955 τι

1908 4985 2112 5056 Spiritu
2149 4996 2342 5042 sancto
2365 4987 2688 5044 obumbrata
2729 4988 2886 5059 (Luc.
2914 5005 2952 5055 ι,
2981 4991 3092 5061 55).
3119 4991 3186 5046 Ει
3211 4993 3354 5061 quod
3381 5009 3476 5046 an-

1905 5075 2074 5145 gelica
2105 5076 2374 5130 nuntiavit
2407 5077 2638 5146 put-itas,
2685 5076 2971 5134 ineffabilia
3004 5080 3230 5148 perfecit
3273 5083 3471 5144 Deitas,

1903 5176 2064 5236 atque
2117 5167 2290 5223 Deum
2341 5167 2490 5224 illum
2543 5170 2764 5241 gignere
2818 5171 3084 5236 meruisti,
3133 5175 3224 5242 qui
3276 5185 3470 5230 cuncta

1903 5261 2050 5316 nasci
2083 5275 2183 5316 suo
2215 5268 2346 5316 nutu
2375 5263 2668 5318 concessit.

1971 5349 2072 5416 Tu,
2102 5351 2337 5415 domina,
2372 5353 2659 5408 miraberis
2699 5363 2754 5408 et
2792 5353 3032 5422 corporis
3072 5354 3147 5408 tui
3181 5355 3464 5429 integrita-

1901 5449 2030 5508 tem,
2062 5450 2116 5498 et
2149 5451 2443 5512 conceptus
2476 5442 2882 5509 fecunditatem,
2909 5452 2964 5498 et
2999 5445 3268 5515 gaudebas
3304 5459 3453 5504 tuum

1896 5533 2136 5602 paritura
2170 5542 2475 5602 parentem,
2509 5536 2790 5591 Dominum
2821 5543 3060 5591 nostrum
3088 5534 3270 5594 Jesum
3297 5541 3452 5598 Citri-

1896 5633 2082 5680 stum:
2112 5625 2320 5683 duobus
2358 5627 2504 5683 enim
2557 5629 2739 5699 gavisa
2781 5643 2843 5684 es
2887 5631 3216 5687 muneribus.
3252 5634 3459 5690 Miraris

1895 5719 2035 5786 quod
2064 5719 2216 5791 virgo
2242 5721 2520 5790 peperisti,
2563 5728 2618 5775 et
2647 5721 2845 5776 laetaris
2869 5722 3010 5792 quod
3043 5723 3458 5796 Redemptorem
