3906 6058
472 70 511 141 ν

406 267 512 325 943

728 266 1112 321 S.'ANSEL.\iI
1158 264 1504 320 CANTUAR.
1538 263 1852 318 ARCIIIEI’.
1887 264 1985 319 ΟΡΙ

2091 264 2254 319 PARS
2296 265 2356 319 ll.
2408 296 2475 304 —--
2510 266 2874 322 ΡΛΒᾸΞΝΕΤ.
2914 270 2999 324 ΕΤ
3042 272 3279 327 ASCET.

3576 275 3705 331 9“

406 380 593 436 mundi
642 381 879 444 edidisti,
919 379 1102 435 Jesum
1133 379 1407 434 Christum
1437 360 1630 435 Filium
1684 380 1797 435 Dei.
1844 378 1986 446 Qua-
2014 385 2060 440 Α
2091 378 2327 447 cupisco.
2369 378 2449 433 'l'u
2479 395 2624 447 vero,
2669 382 2907 448 domina,
2940 385 3197 440 omnibus
3236 387 3301 440 iis
3330 388 3697 458 adjutoribus

406 481 654 542 propter.
725 471 1014 525 incll‘ahiIis
1084 471 1473 527 misericordia:
1535 472 1761 541 regina,
1824 473 1985 527 credo

405 564 546 633 quod
599 546 810 616 uon‘es
860 577 1029 615 vacua
1070 577 1100 616 a
1138 564 1436 618 Visceribus
1470 563 1709 633 pictatis,
1743 578 1864 632 qua:
1894 579 1986 633 ge-

406 652 568 707 nuisti
603 651 776 720 ipsum
826 651 1028 706 fontem
1083 653 1266 707 totius.
1299 653 1362 707 Et
1402 669 1522 723 qum
1559 654 1768 709 lactasti
1807 654 1986 725 magni

403 744 617 801 consilii
648 732 932 814 Angelum,
971 754 1124 814 potes
1159 756 1214 800 et
1247 747 1377 800 mihi
1409 762 1529 801 esse
1557 747 1736 817 magni
1774 745 1985 801 consilii

402 836 645 904 angulus,
674 834 717 888 si
742 849 841 903 pro
869 849 954 889 me
980 835 1291 905 depreceris
1324 837 1415 891 Dei
1443 837 1661 902 Filium,
1694 839 1784 908 qui
1807 852 1905 908 per
1935 844 1987 894 te

403 924 636 993 mundo,
685 923 738 980 in
762 940 926 981 carne
966 928 1239 997 apparuit,
1271 935 1331 982 ut
1369 944 1528 998 quem
1555 930 1812 985 latentem
1845 930 1985 999 apud

402 1017 618 1071 Patrem
677 1017 1008 1087 incognitum
1050 1017 1284 1073 habebat
1337 1020 1590 1085 mundus,
1634 1029 1984 1090 apparentem

405 1124 501 1178 per
545 1122 768 1163 carnem
816 1117 1158 1179 agnosceret,
1220 1118 1275 1165 et
1319 1111 1562 1181 agnitum
1612 1112 1882 1175 crederet,
1931 1121 1982 1166 et

403 1198 673 1253 credendo
700 1199 751 1252 in
776 1213 899 1254 eum
931 1199 1236 1255 salvaretur
1258 1216 1351 1270 per
1396 1200 1577 1256 fidem.
1610 1202 1709 1269 Qui
1739 1218 1838 1256 suo
1869 1204 1985 1258 ine-

405 1288 662 1343 narrabili
715 1304 941 1345 munere
997 1291 1251 1361 prmstitit
1297 1302 1356 1347 ut
1391 1302 1582 1348 natura
1631 1295 1860 1348 lmmana
1917 1295 1984 1350 ad

406 1380 816 1437 similitudinem
869 1383 951 1437 sui
1002 1384 1218 1439 condita
1266 1384 1558 1449 Creatoris,
1588 1386 1865 1440 dissimilis
1890 1402 1985 1455 per

402 1481 684 1541 peccatum
726 1479 781 1526 et
814 1480 1047 1527 mortem
1087 1472 1277 1529 effecta
1327 1489 1667 1545 nequaquam
1702 1476 1753 1529 in
1782 1484 1982 1530 aeterna

402 1563 749 1618 damnatione
798 1563 1030 1632 periret;
1064 1565 1158 1619 sed
1202 1563 1346 1617 illam
1390 1579 1485 1634 per
1511 1574 1563 1619 te
1588 1580 1684 1621 sua
1716 1565 1981 1620 immensa

404 1652 611 1720 pietate
638 1661 947 1721 repararet,
973 1662 1027 1706 et
1058 1661 1113 1707 ut
1147 1661 1202 1707 tu
1238 1668 1375 1708 nova
1401 1664 1453 1708 et
1482 1655 1800 1711 intemerata
1831 1656 1982 1728 virgo

405 1742 612 1797 facinus
640 1743 879 1812 antiqua:
906 1742 1166 1814 viraginis
1194 1745 1466 1813 expiares.

473 1835 636 1905 277
664 1834 709 1891 Ο
732 1835 1107 1891 admirandam
1128 1836 1325 1892 divina:
1338 1838 1760 1908 dispensationis
1788 1854 1982 1911 opera-

404 1925 649 1981 tionem?
679 1927 757 1982 Tu
788 1926 1069 1983 benedicta
1111 1928 1254 1984 inter
1295 1944 1487 1986 omnes
1514 1930 1768 1987 mulieres
1806 1934 1981 1989 virum

404 2032 509 2071 non
540 2018 872 2088 cognovisti;
920 2025 977 2073 et
1016 2028 1191 2074 mater
1213 2036 1294 2086 es,
1320 2029 1378 2076 et
1409 2031 1533 2091 post
1571 2021 1767 2079 Filium
1797 2035 1982 2082 natum

402 2108 555 2180 virgo
598 2108 966 2179 permansisti.
1013 2109 1164 2165 lianc
1214 2110 1374 2167 fidem
1420 2122 1666 2190 sanctam
1696 2125 1982 2185 postquam

403 2201 642 2270 suscepi,
690 2200 931 2267 domina,
971 2217 1077 2256 non
1124 2215 1343 2273 semper
1369 2212 1520 2259 recto
1560 2205 1778 2261 tramite
1813 2207 1980 2271 tenui,

402 2291 656 2361 quoniam
689 2291 972 2362 praeceptis
1011 2292 1128 2360 ejus
1158 2307 1266 2347 non
1308 2293 1544 2349 obedivi.
1573 2293 1782 2362 Quibus
1812 2297 1856 2351 si
1891 2312 1983 2365 pa-

404 2398 523 2438 rere
549 2382 900 2449 studuissem,
955 2396 1039 2437 me
1074 2384 1140 2437 ad
1181 2393 1231 2438 te
1276 2384 1599 2441 clamantem
1628 2387 1789 2443 facile
1832 2389 1985 2443 audi-

403 2488 513 2538 res,
560 2489 721 2545 quem
759 2474 972 2545 placere
1017 2474 1126 2531 lilio
1155 2484 1248 2529 tuo
1295 2476 1486 2533 scires.
1517 2480 1587 2533 At
1613 2479 1740 2548 quia
1770 2481 1984 2535 seduxit

405 2580 490 2622 me
516 2566 688 2621 hostis
727 2567 1009 2636 antiquus,
1050 2576 1105 2621 et
1132 2568 1349 2635 sagittis
1376 2569 1491 2624 suis
1544 2572 1849 2627 vulneravit
1876 2589 1981 2639 me,

401 2664 457 2711 et
476 2657 716 2711 vestibus
742 2656 988 2710 candidis
1015 2656 1185 2722 exuit,
1212 2663 1376 2725 atque
1404 2658 1571 2729 nigris
1596 2670 1650 2714 et
1671 2660 1987 2731 lacrymosis

403 2760 469 2801 ac
505 2748 778 2803 semiustis
827 2750 949 2820 igne
995 2762 1344 2822 peccatorum
1393 2768 1634 2809 meormn
1669 2756 1864 2821 induit,
1908 2755 1986 2811 ἰός

403 2838 551 2894 circo
608 2840 941 2899 deformibus
998 2845 1239 2901 vestibus
1267 2845 1487 2901 indutus
1538 2848 1815 2916 apparebo
1867 2847 1983 2903 tibi.

406 2930 722 3001 Propterea,
784 2935 1206 2992 clementissima
1260 2938 1446 3009 regina
1498 2948 1555 2995 et
1611 2939 1861 3005 domina,
1921 2956 1987 2996 ne

404 3033 721 3081 contemnas
777 3041 891 3093 me;
942 3027 1036 3084 sed
1092 3042 1302 3084 memor
1350 3028 1658 3100 fragilitatis
1711 3032 1982 3097 humanae,

402 3129 580 3169 annue
610 3130 678 3170 ne
705 3115 999 3186 desperans
1047 3116 1271 3189 fugiam,
1312 3121 1407 3175 sed
1453 3129 1762 3191 exspectem
1793 3137 1994 3181 conso-.

404 3206 661 3263 lationem
694 3216 861 3274 tuam,
909 3223 1072 3279 quam
1120 3218 1250 3266 tunc
1294 3211 1512 3267 evenire
1543 3215 1801 3284 probabo,
1836 3214 1880 3268 si
1918 3228 1981 3268 ea

404 3311 525 3366 qua:
547 3307 675 3353 sunt
704 3298 758 3353 in
791 3313 876 3354 me
922 3300 1170 3357 incendia
1212 3302 1500 3357 criminum
1531 3312 1585 3357 et
1614 3303 1981 3373 iniquitatium,

404 3397 460 3444 et
506 3392 777 3460 praecipue
831 3391 1045 3447 illarum
1104 3392 1302 3462 quibus
1355 3391 1771 3463 infatigabiliter
1823 3409 1982 3459 uror,

406 3483 665 3552 paulatim
714 3484 764 3537 in
813 3499 898 3538 me
941 3484 1173 3539 deficere
1220 3493 1308 3538 tua
1360 3484 1564 3538 virtute
1602 3494 1764 3553 atque
1812 3486 1985 3539 imbre

408 3576 860 3631 intercessionum
908 3584 1123 3630 tuarum
1173 3578 1446 3646 exstingui
1494 3576 1547 3631 in
1575 3578 1740 3634 corde
1786 3587 1987 3634 meoet

405 3680 633 3737 corpore
655 3681 992 3737 perseusero.

477 3756 523 3813 Ο
569 3758 643 3812 mi
682 3758 921 3823 domina,
961 3759 1091 3828 quid
1119 3759 1322 3826 dicam,
1356 3759 1440 3815 vel
1487 3759 1614 3830 quid
1660 3758 1900 3814 faciam?
1929 3759 1984 3813 In

410 3849 646 3907 tenebris
664 3866 805 3916 sum,
834 3860 888 3906 ct
911 3850 1092 3907 lumen
1119 3852 1243 3908 caeli
1274 3867 1381 3907 non
1408 3853 1586 3908 video.
1615 3852 1731 3918 Quo
1754 3853 1861 3918 ibo,
1892 3862 1984 3906 aut

405 3955 509 4011 quo
569 3957 602 3996 a
659 3940 796 4011 [acie
852 3938 947 3995 filii
1009 3942 1083 3995 tui
1144 3940 1441 4011 judicantis
1495 3942 1743 4011 fugiam?
1810 3940 1981 4011 (.PsaI.

409 4046 674 4097 cxxxvnt,
692 4030 772 4101 5.)
801 4029 918 4085 Non
946 4031 1013 4084 ad
1037 4075 1040 4080 .
1066 4030 1331 4095 orientem
1360 4039 1454 4084 aut
1479 4030 1782 4099 meridiem,
1808 4030 1891 4085 vel
1918 4032 1986 4085 ad

407 4136 657 4178 occasum
685 4131 779 4176 aut
817 4122 885 4176 ad
929 4122 1256 4195 aquilonem,
1301 4120 1479 4176 vel'in
1509 4120 1777 4191 profundo
1804 4122 1985 4193 abyssi

408 4214 582 4271 habeo
622 4212 906 4284 eﬂ‘ugium;
954 4214 1149 4282 ubique
1196 4213 1338 4268 filius
1379 4221 1522 4278 tuus,
1569 4214 1768 4282 ubique
1819 4223 1984 4280 totus,

407 4305 610 4376 ubique
650 4319 908 4375 praesens,
954 4304 1152 4373 ubique
1195 4303 1508 4358 discernens
1546 4311 1602 4358 et
1641 4304 1823 4358 omnia
1847 4303 1986 4372 judi-

2012 3077 2057 3138 C

2093 469 2282 524 melior
2325 478 2381 525 et
2425 471 2694 526 excelsior
2737 487 2828 538 es;
2876 474 3004 542 quia
3055 475 3170 530 istis
3217 486 3273 531 et
3302 477 3422 533 aliis
3468 482 3697 535 sanctis

2087 557 2360 623 omnibus,
2395 558 2558 613 etiam
2607 560 2874 630 angelicis
2910 563 3211 633 spiritibus,
3258 581 3356 620 nec
3389 584 3498 624 uon
3530 571 3690 639 regi-

2088 649 2189 704 bus
2226 657 2281 706 et
2324 653 2679 720 potestatibus
2727 656 2944 719 mundi,
2987 657 3275 723 divitibus,
3317 664 3688 730 pauperibus,

2087 739 2339 807 dominis,
2366 743 2559 808 servis,
2588 744 2885 814 majoribus
2909 756 2965 800 et
2993 748 3293 805 minoribus
3325 752 3544 807 domina
3578 771 3685 822 es,

2087 840 2142 885 et
2181 833 2323 901 quod
2371 844 2596 903 possunt
2641 851 2831 891 omnes
2880 839 2967 893 isti
3019 848 3220 906 tecum,
3271 852 3325 895 tu
3373 844 3486 898 sola
3515 856 3686 915 potes

2086 925 2206 978 sine
2232 924 2336 980 illis
2377 927 2648 981 (minibus.
2679 929 2860 996 Quare
2887 930 2992 984 hoc
3020 942 3173 1001 potes
3197 933 3221 961 ⁸³
3247 935 3383 1002 Quia
3413 948 3591 994 mater
3617 956 3685 995 es

2088 1011 2386 1071 Salvatoris
2413 1019 2604 1081 nostri,
2643 1035 2839 1090 sponsa
2890 1023 3005 1088 Dei,
3036 1025 3218 1095 regina
3249 1029 3373 1082 ςαξΙὶ
3409 1040 3464 1084 et
3487 1039 3679 1097 terrae,

2085 1112 2141 1158 et
2180 1106 2421 1161 omnium
2466 1108 2876 1165 elementorum.
2930 1112 3006 1167 Te
3047 1130 3178 1185 ergo
3221 1119 3466 1187 requiro,
3500 1121 3570 1174 ad
3625 1132 3683 1176 te

2086 1194 2356 1265 confugio,
2389 1207 2443 1253 et
2474 1207 2524 1251 tu
2573 1214 2658 1252 me
2703 1216 2799 1269 per
2825 1204 3006 1257 omnia
3051 1205 3295 1275 adjuves,
3348 1209 3682 1277 suppliciter

2086 1293 2228 1352 peto.
2259 1284 2335 1340 Te
2364 1294 2596 1355 tacente,
2638 1290 2817 1345 nullus
2859 1293 3056 1359 orabit,
3109 1295 3286 1351 nullus
3307 1296 3538 1365 juvabit.
3595 1301 3680 1356 'l'e

2085 1383 2297 1441 orante,
2335 1391 2524 1433 omnes
2553 1380 2808 1445 orabunt,
2846 1397 3037 1438 omnes
3055 1383 3342 1452 juvabunt.

2156 1462 2349 1519 Millics
2374 1475 2601 1522 centena
2650 1469 2819 1524 millia
2852 1471 3130 1527 hominum
3162 1476 3368 1545 (regina
3399 1478 3674 1550 piissima)

2085 1556 2151 1611 ad
2183 1564 2234 1612 te
2262 1556 2520 1621 clamant.
2551 1568 2606 1615 et
2633 1575 2822 1616 omnes
2849 1562 3166 1630 salvantur;
3195 1576 3252 1621 et
3289 1582 3392 1638 ego
3418 1570 3677 1627 clamabo

2084 1647 2150 1702 ad
2179 1655 2252 1711 te,
2298 1658 2351 1703 et
2379 1663 2485 1703 non
2533 1650 2877 1706 auxiliabor?
2918 1653 3144 1709 forsitan
3195 1672 3334 1722 non;
3387 1660 3516 1727 quia
3560 1661 3676 1717 illis

2015 1736 2059 1791 Β
2084 1738 2337 1795 omnibus
2380 1754 2497 1795 sum
2529 1740 2679 1811 pejor
2720 1750 2774 1797 et
2819 1744 3106 1812 pessimus.
3159 1746 3296 1813 Quid
3328 1750 3499 1807 inde?
3536 1751 3676 1807 Pro-
3750 1775 3765 1787 -

2084 1839 2270 1900 pterca
2312 1846 2418 1885 non
2451 1834 2661 1888 tacebo.
2695 1834 2947 1890 Clamans
2981 1837 3146 1907 igitur
3191 1840 3464 1898 vociferor
3489 1846 3563 1900 ad
3591 1856 3672 1901 te.

2085 1919 2313 1991 Egregia
2352 1923 2522 1993 virgo,
2564 1931 2619 1978 et
2650 1925 2893 1993 piissima
2943 1928 3196 1998 domina,
3229 1946 3392 2001 parce
3432 1936 3571 1990 mihi
3615 1947 3675 1991 et

2085 2012 2282 2066 exaudi
2322 2026 2428 2068 me.
2465 2014 2671 2070 Exaudi
2701 2016 2984 2084 miserum,
3010 2028 3065 2072 et
3089 2018 3268 2078 solare
3310 2037 3674 2093 maerentem;

2086 2103 2340 2174 recollige
2361 2116 2660 2173 errantem,
2688 2107 2868 2164 refove
2890 2110 3292 2180 desperantem.
3321 2113 3464 2170 Sana
3495 2117 3552 2172 in
3581 2135 3672 2175 me

2085 2208 2206 2262 quae
2233 2196 2501 2264 conspicis
2528 2196 2774 2263 vulnera,
2810 2213 2908 2268 per
2948 2209 3037 2255 tua
3067 2213 3256 2258 sancta
3284 2206 3670 2273 medicamina,

2088 2287 2384 2356 tollensque
2411 2303 2441 2341 a
2470 2303 2556 2343 me
2585 2291 2800 2345 sordida
2827 2292 3159 2362 indumenta,
3184 2297 3373 2352 viridia
3402 2309 3459 2354 et
3487 2300 3673 2369 splen-

2085 2380 2209 2434 dida
2242 2382 2456 2451 porrige
2485 2383 2831 2448 vestimenta,
2861 2386 3059 2455 quibus
3102 2403 3188 2443 me
3216 2399 3534 2446 renovatum
3574 2408 3667 2449 re-

2087 2482 2386 2541 praesentes
2438 2473 2547 2526 fdio
2597 2483 2688 2528 tuo
2717 2473 2945 2532 Domino
3002 2488 3187 2535 nostro
3237 2478 3369 2537 Jesu
3425 2483 3668 2548 Christo.

2089 2563 2215 2617 Esto
2258 2562 2389 2617 mihi
2428 2573 2616 2618 contra
2658 2565 2933 2622 diabolum
2975 2570 3140 2625 turris
3166 2569 3517 2638 fortitudinis,
3545 2590 3674 2630 mu-

2090 2669 2182 2708 rus
2247 2652 2698 2724 inexpugnabilis,
2750 2656 3034 2713 brachium
3093 2659 3445 2723 defensionis.
3505 2663 3665 2721 l‘llum

2087 2755 2274 2799 contra
2328 2760 2413 2800 me
2462 2746 2774 2802 saevientem
2824 2750 3061 2821 suscipe,
3114 2760 3170 2806 et
3219 2767 3288 2808 ne
3332 2769 3417 2809 rue
3464 2755 3672 2813 viribus

2090 2835 2408 2890 imbecillem
2455 2837 2653 2892 astutia
2696 2854 2792 2893 sua
2828 2839 3120 2909 confodiat,
3174 2851 3231 2897 tu
3278 2843 3675 2903 invincihiliter

2090 2940 2348 2998 repugna.
2397 2926 2492 2982 ille
2538 2929 2766 2986 callidus
2803 2940 2888 2987 est
2932 2941 2988 2988 et
3015 2932 3409 3001 fraudulentus,
3461 2949 3520 2992 et
3566 2955 3672 2994 non

2091 3018 2280 3072 metuit
2328 3033 2569 3090 pugnare
2604 3030 2807 3076 .contra
2838 3021 3044 3090 fortes,
3090 3026 3184 3080 sed
3235 3027 3467 3096 majores
3526 3030 3672 3085 vires

2089 3106 2250 3163 infert
2282 3109 2596 3165 tentationis
2634 3120 2821 3166 contra
2849 3112 3058 3169 validos
3097 3129 3254 3185 quam
3282 3126 3481 3172 contra
3514 3119 3669 3174 infir-

2087 3186 2224 3255 mos.
2262 3202 2340 3256 Tu
2373 3212 2571 3268 tamen,
2601 3204 2839 3261 ctelestis
2868 3207 3201 3271 auxiliatrix,
3232 3225 3353 3279 quae
3398 3213 3538 3265 nosti
3564 3213 3665 3268 do-

2086 3293 2329 3349 lositatcs
2357 3295 2492 3364 ejus,
2527 3296 2607 3351 sic
2629 3312 2921 3355 commune
2945 3301 3114 3356 robur
3141 3300 3279 3377 ejus,
3311 3311 3370 3356 ut
3403 3320 3488 3359 me
3517 3305 3663 3359 nulla

2088 3383 2256 3452 ipsius
2322 3385 2514 3439 callida
2593 3388 2864 3457 suggestio
2937 3390 3172 3461 decipiat
3222 3395 3504 3459 tentando;
3569 3397 3669 3451 sed

2086 3488 2208 3528 cum
2241 3474 2429 3531 nititur
2456 3476 2725 3547 decipere,
2758 3478 2873 3548 ipse
2916 3482 3197 3548 contusus,
3241 3499 3309 3539 cx
3350 3493 3435 3537 tua
3465 3486 3664 3539 virtute

2086 3576 2375 3635 superatus
2412 3566 2680 3632 discedat,
2716 3578 2773 3624 et
2808 3585 2910 3641 ego
2956 3572 3196 3628 misellus
3233 3584 3320 3628 tua
3352 3573 3669 3632 defensione

2087 3665 2385 3728 protectus,
2427 3674 2458 3715 a
2505 3670 2593 3715 tua
2626 3658 2829 3731 filiique
2881 3661 2956 3717 tui
3002 3663 3164 3720 laude
3214 3680 3493 3736 nunquam
3521 3669 3669 3736 quie-

2087 3765 2254 3805 scam.

2158 3841 2287 3907 Fac,
2316 3857 2349 3897 o
2380 3842 2501 3899 felix
2535 3842 2753 3899 domina
2783 3851 2839 3899 et
2869 3845 3017 3900 omni
3045 3845 3208 3902 laude
3231 3847 3572 3917 dignissima,
3607 3859 3669 3904 ut

2086 3948 2185 4004 ego
2232 3935 2462 3990 famulus
2506 3944 2631 3990 tuus
2674 3935 2767 4005 qui
2810 3936 2862 3990 in
2912 3946 3021 3992 tota
3068 3937 3409 4009 longaevitate
3451 3939 3663 3995 dierum

2088 4039 2328 4080 meorum
2361 4026 2743 4083 miserabiliter
2770 4042 2869 4097 per
2902 4028 3133 4099 abrupta
3160 4040 3507 4101 peccatorum
3534 4046 3666 4087 cor-

2090 4114 2194 4179 rui,
2228 4130 2372 4170 nunc
2409 4115 2465 4169 in
2505 4116 2767 4171 extremis
2796 4118 3004 4187 positus
3033 4117 3249 4185 diebus,
3294 4135 3450 4190 agam
3491 4122 3668 4191 peni-

2092 4208 2318 4262 tentiam
2353 4221 2453 4277 pro
2498 4208 2735 4277 peccatis
2778 4209 2913 4265 meis
2938 4224 3275 4283 quaecunque
3320 4212 3462 4283 gessi
3494 4214 3548 4268 in
3571 4228 3668 4269 eo-

2087 4300 2366 4371 gjtatione,
2418 4302 2714 4368 voluntate,
2761 4304 3076 4372 operatione
3118 4314 3176 4361 et
3218 4304 3561 4377 negligentia.
3593 4306 3667 4363 Et

408 4410 568 4462 cans,
618 4403 676 4452 et
716 4410 879 4466 super
923 4394 1164 4451 caelestia
1210 4394 1480 4449 habitans.
1506 4376 1628 4462 ‘Qui
1679 4393 1725 4448 si
1762 4410 1847 4449 me
1892 4410 1987 4464 pro
2021 4418 2065 4474 ο
2090 4391 2338 4461 quamvis
2365 4392 2688 4457 diutissime,
2733 4390 2835 4450 hoc
2861 4402 2964 4460 est,
3007 4396 3076 4452 ab
3099 4376 3327 4453 exordio
3349 4376 3473 4452 vita:
3503 4410 3662 4466 mea,

409 4485 548 4541 meis
597 4483 807 4540 actibus
861 4483 1009 4554 juste
1050 4482 1415 4553 judicaverit,
1470 4482 1803 4552 eapediisset
1854 4483 1984 4538 mihi

410 4575 583 4644 magis
623 4583 683 4629 ut
710 4582 1006 4643 conceptus
1054 4589 1158 4627 non
1207 4588 1406 4638 essem,
1460 4583 1554 4627 aut
1608 4583 1766 4628 natus
1799 4573 1983 4628 statim

410 4663 759 4720 iuteriissem.
801 4662 913 4718 Nec
943 4663 1043 4717 hoc
1086 4663 1214 4718 mibi
1245 4665 1508 4733 prolicere
1537 4666 1830 4734 potuisset,
1862 4665 1989 4734 quia

410 4757 465 4810 in
506 4753 746 4825 peccatis
796 4761 925 4808 tunc
973 4762 1267 4823 conceptus
1296 4763 1350 4809 et
1398 4763 1582 4820 natus,
1617 4765 1671 4811 et
1737 4755 1853 4811 sine
1895 4756 1987 4810 ba-

411 4846 609 4917 ptismo
629 4854 873 4903 mortuus
887 4844 1090 4916 absque
1111 4845 1271 4901 dubio
1292 4846 1591 4915 periissem.
1625 4847 1737 4916 Ego
1758 4861 1989 4916 namque

410 4940 478 4996 de
503 4936 879 5008 peccatoribus
907 4947 1200 5007 conceptus
1225 4946 1280 4992 et
1307 4947 1467 4993 natus
1496 4948 1773 5007 peccator,
1810 4938 1990 5007 bapti-

411 5040 565 5088 zatus
592 5041 649 5086 et
675 5028 935 5095 salvatus,
966 5029 1160 5084 iterum
1208 5038 1462 5099 peccator
1513 5028 1708 5085 factus'
1731 5045 1872 5084 sum.
1924 5029 1990 5083 Et

411 5137 517 5180 non
581 5120 704 5178 talis
754 5130 816 5176 ut
871 5130 1053 5188 antea,
1099 5122 1198 5178 sed
1251 5121 1519 5177 sordidior
1567 5129 1623 5175 et
1668 5121 1986 5184 innnanior;

410 5216 665 5285 quoniam
734 5214 858 5271 talis
923 5230 1043 5271 sum
1101 5213 1318 5285 qualem
1380 5213 1616 5285 pejorem
1676 5229 1780 5269 non
1830 5215 1991 5270 habet

412 5306 665 5361 mundus.
721 5304 848 5361 Ideo
898 5304 1060 5360 talem
1111 5303 1413 5374 adjutorem
1469 5304 1708 5373 requiro,
1773 5305 2015 5373 qualem.

412 5404 532 5467 post
557 5396 725 5453 tilium
749 5406 898 5451 tuum
929 5397 1191 5465 potiorem
1219 5405 1275 5451 et
1299 5398 1576 5451 meliorem
1609 5396 1852 5452 invenire
1883 5411 1987 5450 non

412 5495 590 5554 potest
623 5488 875 5543 mundus.
927 5487 1101 5544 Habet
1128 5486 1275 5543 orbis
1304 5488 1595 5558 apostolos,
1630 5489 1988 5558 patriarchas,

415 5578 724 5645 prophetas,
775 5590 1064 5649 martyres,
1109 5579 1469 5646 confessurus,
1512 5581 1771 5649 virgines,
1821 5581 1992 5637 bonos

420 5678 476 5720 et
513 5669 744 5731 optimos
789 5669 1078 5738 adjutores,
1116 5686 1253 5742 quos
1280 5686 1379 5743 ego
1425 5672 1646 5743 supplex
1674 5686 1832 5728 orare
1862 5687 1989 5729 con-

2094 4493 2265 4549 usque
2296 4480 2348 4533 in
2389 4478 2530 4535 hanc
2558 4480 2768 4546 horam,
2799 4485 3259 4552 perseveraverim
3305 4485 3358 4540 in
3387 4485 3519 4556 ipsis
3545 4500 3671 4557 qua

2093 4571 2232 4641 coepi
2279 4571 2546 4640 peccatis;
2598 4581 2654 4626 tu
2703 4581 2909 4638 tamen,
2939 4572 3204 4628 ctelorum
3250 4575 3455 4644 regina,
3481 4575 3672 4632 obtine

2093 4663 2235 4732 apud
2259 4662 2738 4719 clementissimum
2773 4663 2941 4720 filium
2973 4676 3146 4732 tuum,
3170 4676 3229 4722 ut
3257 4666 3394 4721 ultra
3436 4682 3544 4723 non
3576 4684 3665 4723 re-

2091 4760 2218 4820 gnet
2247 4751 2502 4821 iniquitas
2547 4752 2601 4807 in
2642 4768 2748 4818 me,
2779 4753 2877 4809 sed
2921 4754 3092 4810 virtus
3116 4754 3443 4813 divinitatis.
3477 4757 3673 4813 Virtu-

2092 4853 2206 4897 tum
2249 4853 2305 4898 et
2332 4845 2639 4901 orationum
2690 4846 2847 4916 copia
2882 4862 2966 4904 me
3011 4848 3297 4917 justifieet,
3348 4849 3576 4916 mundet
3609 4860 3674 4907 et

2092 4935 2321 5001 muniat,
2363 4945 2418 4992 et
2447 4951 2543 5004 per
2579 4936 2802 4993 semitas
2840 4937 3064 5007 justitize
3087 4939 3409 4997 deducendo
3458 4942 3529 4997 ad
3572 4944 3670 5000 bo-

2092 5043 2219 5082 num
2267 5029 2685 5096 perseverantiae
2739 5031 3003 5107 perducat
3035 5041 3092 5088 et
3141 5033 3424 5102 provehat.
3468 5035 3525 5089 In
3579 5052 3673 5092 ex-

2093 5119 2281 5175 tremis
2322 5135 2538 5190 quoque
2584 5122 2709 5177 vitae
2755 5123 2989 5191 positum
3027 5123 3170 5179 nulla
3204 5140 3291 5181 me
3330 5124 3536 5180 oblivio
3577 5128 3673 5184 hc-

2090 5208 2259 5273 betet,
2302 5209 2501 5280 linguae
2539 5209 2772 5267 offcium
2809 5210 3009 5268 nullius
3049 5215 3315 5282 passionis
3343 5214 3535 5270 vitium
3570 5216 3668 5270 im-

2091 5298 2293 5367 pediat.
2332 5298 2665 5370 Expletoque
2690 5300 2897 5355 dierum
2925 5316 3169 5357 meorum
3221 5317 3470 5367 numero,
3501 5311 3672 5374 atque

2091 5387 2331 5456 perfecto
2371 5388 2423 5442 in
2449 5404 2536 5443 me
2571 5388 2823 5444 Ecclesia:
2849 5399 3039 5445 sancto
3073 5390 3401 5457 ministerio,
3449 5406 3670 5448 merear

2094 5484 2294 5553 suscipi
2317 5484 2386 5540 ab
2408 5481 2600 5552 angelo
2624 5481 2781 5548 lueis,
2806 5492 2861 5538 et
2885 5483 3105 5539 liberari
3135 5484 3205 5540 ab
3232 5483 3424 5555 angelo
3453 5485 3674 5550 mortis,

2094 5591 2159 5631 ac
2183 5576 2413 5645 perferri
2438 5584 2564 5631 ante
2587 5574 2822 5631 tribunal
2847 5576 3074 5645 piissimi
3097 5577 3318 5647 judicia,
3347 5577 3438 5633 ubi
3468 5591 3567 5649 per
3596 5587 3674 5644 te,

2094 5672 2334 5740 domina,
2359 5661 2652 5743 percipiam
2679 5664 2913 5741 quietem
2926 5672 3073 5744 pacis
3084 5671 3207 5728 vitae
3218 5681 3454 5728 uernae.
3478 5672 3673 5731 Amen.
