3906 6058
177 260 291 317 945

555 379 822 435 ORATIO
855 379 1037 434 XLVII
1073 380 1171 454 [οι.
1211 379 1418 453 XLVI].

529 487 594 524 AD
632 487 873 530 SANCTAM
912 487 1165 526 VIRGINEM
1209 487 1432 526 ΜΛΒΙΛΗΙ.

261 561 577 618 Bcatissima
625 563 718 618 Dei
750 563 984 634 genitrix
1011 573 1066 620 et
1095 566 1245 634 virgo
1287 574 1548 636 perpetua
1584 565 1770 630 Maria,

182 655 492 711 sacrarium
539 656 780 710 omnium
827 657 1111 722 virtutum,
1167 657 1434 728 gignendo
1486 657 1772 713 Dominum

181 747 454 800 virtutum
484 755 539 800 et
581 761 764 817 regem
814 747 998 818 gloria:
1047 747 1343 813 Christum,
1383 764 1479 820 per
1521 751 1769 806 eumdem

185 837 362 891 Deum
406 845 460 890 et
487 836 772 892 Dominum
819 849 1065 893 nostrum
1095 837 1279 894 Jesum
1302 839 1581 896 Christum
1611 857 1768 912 quem

184 929 437 982 meruisti
482 945 772 999 generare,
826 931 918 985 tibi
977 931 1044 986 ad
1101 941 1362 986 mternam
1411 933 1662 1005 gloriam,
1719 947 1772 990 et

117 1005 128 1020 ’
183 1017 346 1070 nobis
391 1017 460 1070 ad
489 1027 746 1082 aeternam
795 1019 1045 1084 salutem,
1079 1035 1272 1089 precor
1317 1037 1415 1091 per
1470 1031 1614 1077 tuam
1663 1024 1772 1078 cle-

183 1108 448 1161 mentiam
475 1107 770 1180 snﬂ‘ragare
800 1109 930 1164 mihi
961 1111 1107 1164 omni
1139 1112 1510 1168 misericordia
1547 1114 1774 1186 indigno

181 1200 328 1267 apud
372 1199 604 1255 divinam
651 1201 1010 1270 majestatem,
1060 1205 1503 1276 cxorabilemque
1553 1215 1602 1260 te
1647 1223 1768 1276 pre-

181 1290 342 1344 cibus
375 1292 502 1343 tanti
531 1293 832 1360 peccatoris
855 1295 1119 1362 praebere,
1159 1295 1397 1366 domina,
1437 1311 1504 1351 ne
1529 1296 1765 1363 diﬂ‘eras,

179 1397 250 1435 ex
296 1397 399 1451 qua
431 1393 483 1437 et
513 1385 864 1440 beatitudinis
909 1383 1139 1441 felicitas
1181 1397 1236 1441 et
1283 1388 1582 1459 redemptio
1611 1392 1768 1446 nobis

181 1474 354 1528 venit.
403 1474 677 1545 Siquidem
710 1476 950 1540 omnino,
999 1476 1215 1532 Deifera
1269 1481 1612 1535 sanctissima
1659 1481 1768 1536 Ma-

183 1564 290 1624 ria,
318 1563 569 1632 indignus
595 1579 712 1618 sum
756 1574 806 1618 te
836 1566 988 1620 adire
1031 1577 1339 1634 precatum;
1377 1571 1469 1624 sed
1517 1571 1764 1626 fiduciam

181 1653 299 1719 spei
333 1669 465 1707 mea:
510 1655 758 1708 attribuit
804 1657 1107 1711 recordatio
1146 1657 1437 1712 multorum
1485 1659 1760 1716 Christum

1613 263 2016 321 ORATIONES.

1803 388 1850 444 Α
1891 405 1900 412 ,

3352 267 3456 328 946

2209 379 2464 436 ORATIO
2505 379 2714 436 XLVIII
2755 382 2846 456 [οι.
2881 385 3105 460 XLVII].

2203 485 2269 524 AD
2319 486 2560 524 SANCTAM
2607 487 2861 527 \‘IIlGINEM
2910 491 3133 531 MARIAII.

1897 601 1902 606 ρ
1949 563 2148 618 Sancta
2176 571 2231 617 et
2259 563 2492 634 gloriosa
2530 563 2624 618 Dei
2654 565 2907 635 genitrix,
2943 583 3262 640 semperque
3300 574 3453 641 virgo

1876 655 2062 720 Maria,
2112 669 2230 726 quae
2262 656 2462 711 mundo
2513 657 2760 712 meruisti
2791 674 3052 729 generare
3091 661 3450 732 Salvatorem,

1873 748 2068 804 exaudi
2099 764 2186 804 me
2210 757 2266 803 et
2305 749 2565 805 miserere
2595 751 2698 806 mei
2727 768 2871 808 nunc
2909 765 2964 809 et
2988 771 3203 827 semper
3232 767 3454 827 prepter

1877 839 2133 893 honorem
2163 841 2365 894 sanctae
2394 847 2450 893 et
2479 840 2947 898 excellentissima:
2973 845 3298 916 virginitatis
3323 839 3449 902 ture.

1876 928 1952 984 Te
1991 930 2253 1000 deprecor
2281 930 2583 998 humiliter,
2634 942 2750 988 esto
2795 935 2924 990 mihi
2979 936 3325 1010 salvatrixget
3354 939 3450 994 ad-

1868 1019 2038 1089 jutrix
2082 1022 2224 1092 apud
2267 1023 2438 1078 Demn
2469 1026 2917 1096 omnipotentem,
2953 1037 3011 1082 ut
3055 1030 3171 1098 ipse
3208 1045 3294 1087 me
3332 1031 3454 1101 pius

1871 1119 2056 1179 pastor
2083 1117 2138 1165 et
2161 1110 2413 1182 princeps
2443 1115 2595 1182 pacis
2624 1129 2653 1168 a
2685 1125 3036 1186 peccatorum
3063 1134 3308 1175 meorum
3333 1136 3450 1175 ma—

1872 1201 2005 1255 culis
2031 1202 2307 1270 emundet,
2353 1211 2408 1258 et
2436 1204 2504 1258 ab
2549 1204 2748 1261 inferni
2792 1209 3029 1264 tenebris
3057 1210 3275 1280 eripiat,
3305 1219 3362 1267 et
3386 1213 3454 1266 ad

1871 1291 2036 1344 vitam
2081 1291 2341 1361 perducat
2369 1302 2645 1351 aeternam.
2679 1294 2744 1350 Et
2776 1297 2867 1367 qui
2896 1313 2992 1368 per
3037 1306 3111 1366 te,
3147 1300 3452 1356 castissima

1871 1382 2043 1453 virgo,
2089 1384 2236 1438 venit
2279 1384 2332 1438 in
2383 1385 2527 1440 hunc
2555 1387 2838 1454 mundum,
2872 1397 2928 1444 et
2957 1390 3251 1445 humanum
3283 1405 3454 1460 genus

1869 1491 1968 1530 suo
2006 1475 2271 1546 sanguine
2302 1475 2554 1543 salvavit,
2580 1485 2635 1532 et
2669 1478 2864 1534 inferni
2890 1479 3129 1536 claustra
3160 1482 3454 1550 destruxit,

1868 1572 1922 1618 ct
1962 1563 2203 1619 cmlcstis-
2227 1565 2375 1632 regni
2408 1565 2604 1635 januas
2630 1569 2872 1636 aperuit;
2919 1569 3008 1626 ille
3037 1586 3122 1626 me
3165 1586 3266 1640 per
3293 1573 3456 1628 mise-

1869 1655 2155 1710 ricordiam
2186 1671 2338 1710 suam
2363 1657 2572 1712 salvare
2612 1666 2667 1712 et
2697 1675 3026 1716 conservare
3067 1661 3351 1732 dignetur;
3400 1674 3456 1719 et

185 1753 352 1813 teque
402 1746 734 1817 negantium,
777 1747 868 1816 qni
921 1747 1136 1802 tandem
1183 1752 1430 1805 conversi
1479 1752 1767 1820 pristinam
1801 1738 1993 1813 Βιιοει
2041 1745 2202 1800 ﬁnem
2252 1745 2414 1815 huius
2465 1748 2591 1801 vitae
2641 1747 2892 1818 labentis,
2954 1750 3190 1820 aliquam
3243 1761 3454 1822 partem

93 1843 108 1851 '
183 1847 503 1892 meruerunt
547 1853 642 1908 per
670 1849 758 1894 tua
807 1839 1062 1912 suﬂ'ragia
1111 1857 1224 1896 suae
1257 1845 1460 1899 mentis
1493 1845 1772 1916 integrita-

184 1937 315 1986 tem,
343 1927 468 1982 licet
499 1929 599 1982 sim
632 1929 860 1998 amplius
888 1940 1162 1999 peccator,
1193 1949 1355 2002 quam
1385 1936 1557 2004 possit
1587 1937 1768 2006 lingua

187 2030 310 2069 mea
335 2015 582 2071 confiteri
612 2035 624 2069 :
653 2019 788 2086 proh
816 2019 968 2074 dolor
993 2021 1006 2074 l
1035 2020 1184 2091 plura
1219 2032 1346 2077 sunt
1375 2034 1593 2092 peccata
1625 2041 1768 2090 mea,

183 2123 348 2177 quam
381 2109 470 2162 vix
509 2125 732 2164 numero
761 2111 971 2179 possint
1011 2113 1416 2184 comprehendi.
1474 2116 1538 2169 Et
1576 2131 1766 2185 quam-

180 2199 267 2252 vis
295 2196 687 2266 professionem
720 2200 1146 2258 Christianitatis
1175 2204 1350 2259 minus
1387 2216 1536 2260 recte
1578 2209 1766 2262 obser-

183 2287 427 2341 vaverim
453 2297 572 2357 post
618 2291 968 2359 baptismum,
997 2303 1174 2347 tamen
1215 2309 1488 2363 nunquam
1519 2295 1570 2348 in
1597 2311 1764 2367 nega-

186 2376 352 2430 tionis
380 2377 587 2432 foveam
617 2379 779 2434 corde
807 2381 886 2434 vel
917 2395 1012 2436 ore
1041 2381 1225 2436 incidi.
1257 2381 1624 2452 Onmipotenti
1655 2384 1767 2440 Deo

185 2469 410 2540 gratias,
443 2469 535 2538 qui
569 2485 658 2524 me
712 2471 884 2526 tenuit
926 2472 1030 2526 tuis
1061 2472 1267 2528 sanctis
1293 2474 1651 2529 orationibus.
1684 2475 1765 2530 Ad

185 2560 292 2614 hoc
334 2570 386 2614 te
429 2560 570 2615 Deus
616 2560 762 2626 fecit,
795 2571 854 2616 ut
888 2577 1192 2632 speramus,
1239 2564 1328 2619 sui
1374 2573 1647 2630 matrem;
1708 2575 1776 2620 ut;

185 2659 362 2706 mater
407 2651 522 2706 fieri
573 2652 798 2708 deberes
831 2654 1073 2708 omnium
1123 2655 1180 2709 in
1228 2667 1352 2712 eum
1406 2657 1762 2725 credentium,

185 2757 293 2810 quo
319 2758 378 2797 se
414 2751 630 2810 patrem
649 2743 934 2812 nosjussit
967 2745 1228 2802 vocitare.

257 2832 396 2898 Quid
440 2848 678 2901 unquam
725 2845 903 2903 potest
931 2837 1146 2906 dignius
1189 2839 1471 2905 aestimari,
1509 2855 1671 2910 quam
1705 2850 1762 2896 ut

184 2924 262 2980 sis
309 2933 484 2980 mater
527 2941 757 2996 quorum
787 2927 1034 2985 Christus
1083 2932 1336 3002 dignatur
1361 2949 1482 2989 esse
1529 2943 1683 3004 pater
1708 2945 1763 2990 et

185 3015 372 3070 frater.
422 3016 538 3088 Ipse
571 3033 824 3089 namque,
857 3031 1080 3090 propter
1103 3037 1256 3078 suam
1303 3025 1574 3080 insolitam
1609 3027 1760 3081 boni-

188 3115 374 3173 tatem,
401 3109 652 3164 omnibus
691 3119 948 3180 paternos
977 3113 1236 3182 praebebit
1259 3115 1531 3185 profectus
1557 3161 1571 3182 ,
1613 3119 1658 3172 si
1687 3128 1760 3184 te,

186 3197 422 3262 domina,
455 3201 688 3256 senserit
735 3213 1011 3258 maternos
1060 3221 1166 3259 non
1210 3205 1479 3275 denegare
1515 3205 1760 3263 allectus.

185 3287 304 3355 Quo
333 3305 566 3359 namque
593 3291 753 3347 modo
789 3293 918 3348 mihi
963 3309 1068 3350 non
1097 3295 1426 3362 miserearis,
1458 3306 1630 3352 mater
1661 3299 1766 3352 mi-

182 3380 538 3435 sericordiae?
565 3381 661 3438 Ubi
691 3393 774 3438 est
799 3383 903 3438 nisi
935 3385 986 3438 in
1019 3385 1149 3451 Deo,
1180 3394 1236 3440 et
1263 3385 1314 3440 in
1344 3397 1418 3450 te,
1445 3401 1569 3456 spes
1599 3402 1716 3441 mea
1741 3388 1776 3441 'r

187 3469 327 3539 Ergo
355 3467 472 3526 sine
515 3479 568 3526 te
615 3473 748 3526 nihil
792 3475 1009 3543 pietatis
1036 3487 1152 3542 est,
1196 3475 1438 3546 nihilque
1478 3477 1762 3546 bonitatis,

188 3561 314 3630 quia
363 3571 538 3617 mater
571 3563 789 3619 virtutis
831 3574 886 3620 et
928 3567 1188 3621 virtutum
1219 3583 1280 3635 es
1309 3569 1572 3624 omnium.
1620 3569 1764 3637 Qua-

189 3661 406 3723 propter
430 3653 624 3722 adjuva
655 3669 759 3719 mc,
792 3655 1032 3720 domina,
1069 3673 1280 3726 quaeso;
1321 3647 1612 3729 quia'nihil
1642 3661 1759 3715 sum

187 3753 244 3798 et
272 3745 337 3797 ad
378 3745 603 3798 nihilum
654 3761 740 3799 me
788 3756 1077 3802 venturum
1129 3749 1296 3822 278
1344 3751 1478 3816 scio,
1529 3753 1633 3805 nisi
1682 3753 1764 3806 di-

189 3835 370 3904 gneris
399 3851 484 3891 me
536 3835 811 3906 adjuvare.
843 3839 1054 3908 Adjuva
1101 3856 1186 3894 mc
1227 3857 1380 3912 ergo,
1411 3858 1510 3897 nec
1550 3843 1640 3898 uni
1674 3847 1766 3898 de-

191 3939 349 3996 neges
377 3927 721 3992 beneﬁcium,
755 3931 896 3999 quod
928 3931 1183 3986 omnibus
1214 3933 1432 3989 confers
1460 3934 1620 3987 etiam
1656 3950 1761 3988 non

189 4025 392 4085 rogata.
425 4015 540 4071 Non
575 4019 748 4073 habeo
793 4035 900 4088 quo
927 4035 1147 4090 pergam
1183 4021 1434 4077 solatium
1461 4025 1585 4078 vita:
1623 4040 1766 4094 qna:-

189 4121 338 4171 rens,
383 4109 484 4162 nisi
534 4111 598 4163 ad
633 4127 792 4180 quam
845 4127 1033 4168 omnes
1076 4115 1151 4168 rei
1201 4113 1536 4183 confugiunt.
1585 4116 1664 4170 Ad
1714 4126 1765 4172 te

190 4195 461 4268 confugio,
507 4199 632 4268 quia
667 4211 718 4254 te
765 4200 908 4257 ﬁlius
956 4213 1080 4257 tuus
1110 4203 1368 4259 Dominus
1399 4213 1583 4258 noster
1607 4205 1765 4261 Jcsns

189 4288 438 4343 Christus
471 4291 706 4358 providit
752 4294 906 4349 nobis
949 4293 1213 4360 refugium
1259 4305 1380 4365 post
1426 4311 1508 4352 se.
1537 4297 1764 4367 Suscipe

191 4393 296 4442 me,
323 4395 526 4448 oraque
564 4397 685 4435 eum
725 4393 992 4454 quatenus
1021 4402 1105 4440 me
1133 4387 1294 4440 talem
1327 4387 1524 4442 efficiat
1548 4390 1760 4458 qualem
1798 4424 1842 4478 Ι)

195 4483 274 4523 me
294 4467 446 4537 jubet
478 4471 625 4538 fieri;
661 4488 759 4528 nec
785 4475 984 4530 diutius
1015 4479 1155 4530 sinat
1191 4479 1362 4544 decipi
1398 4482 1760 4549 sugchIioni-

191 4558 289 4614 bus
307 4560 630 4626 daemonum,
663 4565 756 4618 sed
802 4564 963 4618 faciat
987 4583 1082 4620 sua
1117 4567 1336 4636 pietate,
1369 4581 1564 4640 tuaque
1595 4571 1762 4626 inter-

192 4651 434 4707 cessione
477 4667 564 4706 me
609 4654 686 4708 sic
737 4653 838 4708 frui
897 4659 1176 4726 temporali
1221 4660 1352 4724 vita,
1405 4675 1512 4728 quo
1557 4661 1758 4728 possim

191 4749 445 4795 {sternam
476 4745 752 4813 consequi,
809 4745 922 4806 ipso
961 4747 1274 4815 auxiliante,
1320 4751 1408 4820 qui
1443 4767 1563 4804 cum
1595 4751 1759 4807 Patre

190 4841 242 4886 et
269 4832 470 4903 Spiritu
519 4846 706 4890 sancto
736 4837 867 4891 vivit
895 4847 948 4892 ct
992 4851 1174 4909 regnat
1204 4857 1300 4910 per
1338 4843 1520 4896 omnia
1561 4843 1756 4898 saecula

191 4925 522 4980 seculorum.
556 4927 750 4981 Amen.

1873 1845 2087 1892 aeternae
2111 1837 2460 1893 beatitudinis
2503 1840 2755 1908 precibus
2788 1841 2895 1896 tuis
2931 1842 2986 1897 in
3025 1851 3338 1900 sanctorum
3369 1860 3456 1901 so-

1873 1927 2068 1983 cietate
2100 1927 2386 1982 concedat.

2155 2016 2340 2073 ORA'I'
2345 2015 2411 2072 10
2453 2017 2616 2074 XLIX
2657 2018 2751 2092 [οι.
2786 2019 3017 2096 XLVIII]
3053 2023 3166 2078 ⁸³⁸⁸.

2295 2123 2359 2161 ω
2397 2123 2614 2162 usuusu
2653 2124 2742 2164 DEI
2779 2125 3022 2166 uA'rnsu.
3119 2097 3128 2118 “

1942 2197 2245 2268 Singularis
2290 2197 2490 2265 meriti,
2543 2199 2659 2256 sola
2707 2202 2827 2258 sine
2875 2203 3146 2274 exemplo,
3195 2211 3370 2261 mater
3399 2217 3456 2262 et

1870 2289 2023 2357 virgo
2065 2287 2256 2355 Maria,
2311 2304 2475 2358 quam
2507 2291 2649 2347 Deus
2693 2293 2766 2348 ita
2813 2301 2996 2350 mente
3021 2303 3078 2350 et
3117 2307 3347 2366 corpore
3371 2297 3456 2351 in-

1868 2379 2123 2433 violatam
2154 2379 2447 2434 custodivit
2488 2381 2602 2448 πω,
2632 2391 2693 2436 ut
2715 2383 2876 2454 digna
2911 2383 3200 2452 existeres,
3229 2400 3299 2442 ex
3339 2401 3448 2456 qua

1869 2475 1970 2530 sibi
2003 2485 2204 2534 nostra:
2241 2475 2628 2546 redemptionis
2661 2477 2892 2545 pretium
2931 2478 3027 2534 Dei
3051 2477 3221 2534 Filius
3250 2492 3453 2549 corpus

1868 2577 2117 2639 aptaret:
2159 2571 2384 2626 obsecro
2421 2579 2504 2634 te,
2555 2568 3091 2637 misericordissima,
3141 2585 3239 2640 per
3284 2584 3450 2639 quam

1867 2671 2013 2717 totus
2039 2661 2279 2717 salvatus
2306 2670 2388 2717 est
2418 2660 2668 2725 mundus,
2700 2659 2974 2715 intercede
3003 2674 3102 2730 pro
3145 2674 3234 2714 me
3263 2659 3453 2716 miser-

1869 2752 2006 2806 rimo
2039 2751 2129 2784 ⁸⁵⁸⁸
2159 2761 2214 2808 et
2241 2751 2454 2808 cunctis
2485 2749 2863 2820 iniquitatibus
2891 2749 3098 2806 ftedato
3132 2749 3248 2816 ηδ’,
3279 2759 3338 2805 ut
3365 2750 3452 2804 vel

1858 2841 1972 2912 jam
2013 2843 2176 2897 donet
2234 2841 2493 2897 Dominus
2539 2839 2742 2895 infelici
2787 2838 2984 2894 animm
3031 2854 3167 2895 meae
3210 2853 3453 2895 amorem

1865 2934 2137 3003 puritatis,
2199 2932 2445 2988 affectum
2509 2931 2809 2996 munditize,
2865 2937 3106 2985 tenorem
3161 2930 3448 2985 castitatis.

1867 3027 1980 3096 Ego
2011 3025 2176 3090 enim,
2205 3041 2304 3095 ego
2331 3023 2540 3089 infelix,
2573 3024 2676 3094 ego
2707 3023 2870 3077 totius
2899 3021 3246 3086 innocentiaa,
3284 3021 3450 3075 totius

1869 3104 2239 3172 sanctimonia:
2287 3116 2519 3186 gratiam
2583 3113 2834 3182 perdidi;
2892 3127 2992 3182 ego
3049 3111 3304 3182 templum
3357 3111 3452 3165 Dei

1866 3217 2113 3264 sanctum
2147 3205 2518 3276 multipliciter
2541 3203 2757 3259 violavi.
2794 3202 2903 3258 Sed
2937 3203 3067 3272 quid
3096 3217 3230 3273 ago,
3261 3203 3452 3258 obsce-

1866 3301 2068 3355 nitatcs
2107 3311 2257 3352 meas
2306 3295 2551 3351 referens
2591 3293 2813 3348 auribus
2859 3291 3125 3346 iilibatis?
3155 3289 3446 3356 Horresco,

1865 3391 2106 3454 domina,
2163 3389 2456 3452 horresco;
2520 3394 2576 3440 et
2625 3393 2884 3454 argucnte
2941 3397 3027 3438 me
3087 3381 3450 3446 consicientia,

1866 3480 2008 3536 male
2033 3479 2210 3534 nudus
2240 3493 2424 3533 coram
2468 3485 2520 3530 te
2560 3473 2844 3530 erubesco.
2876 3473 2973 3529 Cui
3005 3488 3135 3528 vero
3169 3473 3450 3527 moribun-

1865 3571 1967 3625 dus
2006 3567 2226 3624 oll‘eram
2269 3566 2461 3620 vulnus
2501 3565 2726 3619 meum?
2761 3564 2844 3618 Ad
2873 3579 3034 3634 quem
3065 3563 3174 3628 ibo,
3221 3571 3277 3618 et
3307 3561 3451 3631 apud

1865 3674 2022 3730 quem
2046 3657 2336 3728 deploraho
2365 3655 2606 3710 dolorem
2639 3668 2848 3719 meum,
2875 3662 2968 3708 aut
2995 3653 3211 3723 quando
3234 3651 3452 3706 aliunde

1866 3763 2078 3818 sperem
2117 3747 2380 3801 beneficia
2427 3745 2698 3810 sanitatis,
2749 3745 2794 3799 si
2841 3745 2971 3798 mihi
3003 3743 3272 3798 clauditur
3316 3741 3448 3796 illud

1869 3839 2085 3894 tmicum
2123 3835 2529 3892 reclinatorium
2575 3843 2794 3889 :eternzc
2829 3835 3091 3902 pietatis?
3123 3833 3258 3887 Audi
3295 3849 3446 3903 ergo,

1868 3929 2108 3993 domina,
2154 3927 2277 3981 audi
2307 3925 2561 3996 propitia,
2601 3926 2724 3979 audi
2763 3935 2818 3979 et
2843 3925 3036 3979 exaudi
3073 3925 3244 3979 civem
3269 3925 3450 3993 pcrdi-

1869 4030 1978 4074 tum
2009 4020 2076 4074 de
2102 4029 2250 4075 sorte
2277 4017 2608 4073 haereditatis
2637 4023 2740 4071 tuae
2769 4011 2866 4048 "5’
2897 4024 3018 4087 post
3043 4016 3200 4085 longa
3223 4015 3445 4080 exsilia,

1869 4120 1991 4181 post
2025 4109 2182 4181 longa
2209 4108 2473 4179 suspiria,
2507 4115 2630 4178 post
2661 4123 2802 4162 sazva
2830 4105 3084 4176 ludibria,
3115 4113 3237 4176 post
3270 4105 3435 4160 [nulla

1868 4201 2156 4272 supplicia,
2209 4207 2570 4257 revertentem
2616 4197 2710 4231 ’⁵⁸⁵
2740 4199 2806 4253 ad
2848 4197 3014 4252 ubera
3059 4195 3447 4252 consolationis

1871 4301 1992 4348 ιυίε.

1939 4382 2155 4438 Memini
2193 4390 2250 4435 et
2276 4382 2590 4438 meminisse
2627 4380 3078 4456 delectabileest,
3120 4377 3354 4448 qualiter
3379 4380 3446 4431 ad

1869 4471 2356 4530 commendandum
2407 4471 2622 4526 miseris
2671 4471 2763 4502 ’⁵⁸³
2823 4469 3042 4525 unicum
3091 4466 3446 4540 patrocinium

1872 4575 2043 4633 tuum,
2073 4564 2286 4619 cuidam
2313 4572 2403 4618 tuo
2437 4577 2596 4618 servo
2619 4561 2796 4632 agenti
2824 4561 2878 4614 in
2910 4561 3170 4616 extremis
3199 4558 3445 4612 revelasti

1870 4655 2223 4712 memorabile
2267 4669 2460 4709 nomen
2507 4663 2678 4708 tuum.
2709 4653 3002 4724 Apparens
3030 4651 3173 4706 enim
3205 4651 3276 4713 ei,
3323 4666 3446 4704 cum

1867 4757 2012 4802 esset
2039 4749 2091 4800 in
2122 4746 2404 4816 angustiis,
2449 4756 2499 4800 et
2533 4747 2814 4814 requirens
2857 4755 3034 4799 utrum
3067 4755 3121 4799 te
3153 4743 3245 4776 ¹⁸⁵⁶
3271 4759 3447 4812 agno-

1867 4849 2063 4904 sceret,
2097 4853 2218 4892 cum
2267 4837 2374 4902 ille,
2421 4839 2648 4900 minime,
2679 4837 2913 4902 domina,
2955 4846 3189 4890 tremens
3221 4849 3446 4902 respon-

1865 4932 2034 4996 deret,
2067 4940 2118 4984 tu
2154 4929 2202 4984 ei
2229 4945 2328 4998 pro
2365 4929 2696 4999 benignitate
2729 4936 2816 4982 tua
2842 4943 3003 4996 quam
3037 4926 3252 4992 blande,
3281 4941 3440 4993 quam

1464 5083 1696 5140 VARUE
1731 5083 2133 5140 LECTIONES.

264 5219 350 5253 ""9
381 5197 586 5300 collata
620 5233 692 5277 est
746 5240 866 5277 cum
921 5222 1023 5300 Ms.
1065 5223 1398 5300 Qibliolltecre
1440 5225 1832 5300 Sun-Germani
1861 5241 1905 5300 la
1941 5223 2392 5300 _Pmtis_nume_ro
2731 5222 2919 5300 legitur
2947 5221 3080 5300 inter
3105 5220 3278 5300 alarias
3329 5237 3450 5271 ονιμ

193 5293 354 5345 tiones
387 5291 496 5344 sine
523 5295 994 5368 nomine_aucloris
1027 5335 1039 5348 .
1065 5294 1128 5346 Et
1158 5311 1274 5368 cum
1307 5293 1410 5368 Ms.
1457 5295 1688 5349 Vat-(uc.
1726 5296 1815 5368 tibi
1853 5292 2414 5368 legitursubﬁomine
2449 5292 2687 5368 Maurilii
2737 5287 2982 5356 Episcopi
3017 5287 3449 5368 ‘Ifo‘lft‘omngemu

195 5361 282 5394 '"°
299 5361 534 5428 Corpore
553 5363 1186 5430 custodivitms.corpore
1214 5365 1524 5419 inviolatam
1549 5364 1844 5420 custodivit
1891 5357 2300 5418 “"Il-liscrrimo
2323 5377 2421 5415 ms.
2451 5363 2647 5416 misero
2659 5369 2944 5430 peccatore
3017 5357 3113 5430 "ff
3125 5357 3443 5430 Etudissimn

195 5447 288 5504 ms.
322 5431 538 5483 tiedato.
568 5447 666 5504 ms.
708 5431 940 5504 Vat-(uc.
967 5433 1130 5488 foedo.
1164 5434 1321 5487 Omni
1362 5437 1599 5502 pondere
1627 5445 1970 5504 peccatorum
2004 5439 2352 5504 praegravatur
2373 5447 2498 5504 uias.
2543 5433 2782 5486 omittunt
2823 5431 2932 5482 ha'c

3027 5427 3118 5460 ¹⁵⁵³
3153 5427 3442 5482 Ilteredita-

199 5501 262 5552 tis
304 5516 413 5552 suae
440 5515 564 5552 mss.
617 5501 948 5556 han-editatis
981 5514 1084 5557 une
1160 5503 1250 5534 ‘5“
1277 5497 1408 5556 Post
1437 5497 1855 5579 SiEVﬂhll-ltlibl'la,
1887 5497 2016 5572 post."
2044 5497 2435 5579 tnttlta‘llagitia
2473 5509 2830 5579 revertentem
2866 5514 2964 5579 ms.
2985 5509 3120 5579 .post
3159 5497 3312 5566 longa
3335 5515 3438 5579 rsu-

195 5569 358 5642 sniria
387 5579 506 5642 post
541 5573 712 5642 multa
739 5573 996 5640 supplicia
1035 5581 1394 5627 revertentem
1421 5591 1515 5626 ms.
1562 5573 1790 5627 Val-lue.
1827 5567 1947 5642 post
1973 5587 2111 5626 smva
2145 5567 2372 5628 ludibria
2407 5581 2527 5639 post
2561 5569 2720 5624 multa
2773 5567 3031 5637 supplicia
3081 5578 3464 5624 revertentem.

199 5639 284 5670 *⁸⁸⁵
320 5640 483 5694 Nobis
534 5639 748 5696 miseris
779 5639 900 5695 mss.
931 5645 1094 5696 omiu.
1141 5645 1293 5699 nobis
1337 5643 1428 5675 ’⁵⁷⁵⁸
1463 5643 1634 5699 Unum
1672 5653 1720 5698 te
1751 5639 1846 5697 ms.
1880 5653 2054 5697 utrum
2089 5651 2138 5696 te
