3906 6058
346 158 585 216 .947.

691 199 697 207 .
746 156 805 214 S.
846 158 1147 215 ANSELMI
1184 158 1534 213 CANTUAR.
1578 158 1900 215 ARCIIIEP.
1938 158 1998 215 0]

2132 159 2313 217 rans
2341 160 2400 215 ιι.
2429 194 2493 202 -
2535 159 2897 217 ιδΑιιμιεΝιετ.
2937 162 3025 218 ET
3062 161 3302 233 ASCE'l‘.

3598 167 3719 223 9‘3

423 270 769 328 familiariter
811 280 887 336 tu,
919 271 1158 334 domina,
1192 270 1377 325 dixisti
1410 270 1543 325 "":
1577 270 1691 342 Ego
1717 288 1833 326 sum
1857 273 2012 328 mise-
2040 275 2088 333 Α
2116 273 2258 327 riosa
2311 274 2423 340 “‘9,
2477 274 2688 330 meritis
2731 273 3162 347 qualemcunque
3212 277 3436 347 recipiat
3487 288 3711 335 vestem

425 364 668 420 ricordiar
696 372 882 418 mater.
912 361 1066 432 Apud
1095 375 1255 430 quem
1284 376 1414 434 ergo
1440 363 1646 429 miseri,
1678 365 1819 435 apud
1840 378 2002 435 quem

378 481 389 552 ζ
425 456 651 515 desolati
684 454 884 511 rectius
919 453 1327 523 ingemiscimus
1364 454 1707 524 deplorantes
1750 455 1891 511 mala
1929 463 2006 512 to-

380 543 391 609 f
425 552 532 603 tius
576 544 900 602 calamitatis
937 552 993 599 et
1036 543 1270 599 miseriae
1309 553 1528 612 nostrae,
1571 560 1733 616 quam
1782 545 1922 615 apud
1954 554 2007 602 te

357 632 375 709 ξ
404 652 606 709 veram
635 643 691 692 et
716 634 1074 691 indubitatam
1121 644 1348 690 matrem
1380 635 1810 692 misericordiae?
1836 634 2007 694 Mater

364 708 630 796 ‘r’sancta,
662 738 840 784 mater
884 730 1066 795 unica,
1098 737 1275 784 mater
1303 729 1648 786 immaculata
1686 730 1802 798 ηδε,
1830 739 2008 786 mater

419 822 758 891 incorrupta,
787 830 963 875 mater
1010 820 1420 887 misericordiae,
1461 829 1639 879 mater
1684 820 1903 890 pietatis
1949 830 2008 876 et

418 909 788 982 indulgentias,
839 910 987 980 aperi
1037 910 1215 964 sinum
1265 910 1484 980 pietatis
1530 918 1584 966 et
1608 910 1825 982 suscipe
1854 924 2005 965 mor-

421 1015 575 1060 tuum
623 1003 680 1059 in
726 1004 984 1075 peccatis.
1022 1002 1198 1067 Ecce,
1249 1000 1491 1068 doluiua,
1538 1002 1680 1057 filius
1725 1002 2004 1072 prodigus,

420 1096 595 1150 nudus
632 1105 688 1151 et
722 1093 941 1149 attritus
970 1090 1062 1124 ¹⁸⁵⁹
1088 1092 1337 1163 pedibus,
1379 1093 1445 1147 de
1486 1091 1606 1147 loco
1644 1092 1910 1158 horroris,
1938 1093 2005 1148 de

419 1184 617 1241 nebula
662 1184 1018 1239 immunditiis
1062 1193 1125 1238 et
1147 1181 1337 1236 fetoris
1385 1182 1645 1252 suspirat,
1691 1181 1911 1246 clamat,
1951 1192 2008 1238 et

418 1275 914 1347 appellatmatrcm
946 1290 1052 1330 non
1082 1275 1366 1330 immemor
1391 1273 1601 1344 quoties
1626 1289 1749 1329 eum
1781 1274 2002 1338 foveris,

421 1368 641 1435 texeris,
678 1367 1029 1424 excusaveris
1072 1367 1211 1437 apud
1248 1366 1490 1420 Patrem.
1538 1364 1606 1422 Et
1653 1365 1869 1435 quidem
1917 1364 2005 1421 ille

420 1440 699 1525 piissimus
726 1467 892 1528 atque
921 1457 1341 1529 benignissimus
1375 1465 1552 1526 pater,
1602 1465 1656 1510 tu
1690 1463 1798 1511 tam
1829 1457 2003 1514 dulcis

417 1558 475 1603 et
501 1549 685 1604 suavis
710 1559 904 1603 mater.
930 1550 1199 1620 Agnosce,
1231 1546 1535 1613 benedicta,
1558 1545 1699 1604 lilios
1722 1558 1842 1604 tuos
1866 1563 2004 1621 quos

2110 365 2427 434 nuptialem.
2480 366 2742 438 Denique,
2786 368 2915 424 etsi
2950 382 3059 423 non
3109 368 3381 437 merebor,
3426 371 3537 427 imo
3568 376 3707 442 quia

2108 465 2216 505 non
2272 451 2524 507 merebor
2582 452 2813 507 vicinius
2879 452 3141 523 accedere
3207 464 3370 525 atque
3432 456 3712 515 interesse

2106 543 2374 611 ﬂorigeris
2422 554 2584 614 atque
2635 544 2923 601 odoriferis
2983 546 3168 618 gloriae
3227 560 3424 606 vestra“:
3479 552 3706 618 choris;

2107 636 2320 691 eminus
2366 636 2560 691 saltem
2590 636 2801 708 positus
2831 647 2885 694 et
2935 638 3091 710 longe
3136 643 3464 701 constitutus
3509 645 3706 703 videre

2107 742 2321 783 merear
2354 736 2410 782 et
2450 728 2639 784 audire
2669 744 2958 798 processus
3003 741 3244 799 vestros,
3311 744 3565 809 tympana
3601 754 3705 793 ve-

2106 830 2241 884 stra,
2274 829 2572 878 concentus
2613 822 2705 854 ¹⁸⁷⁰
2733 833 2962 890 vestros,
2998 834 3055 881 et
3088 826 3349 896 quidquid
3395 828 3526 884 illud
3572 830 3700 903 gleo

2106 912 2202 968 rite
2250 921 2306 968 et
2356 912 2737 971 exsultatiouis
2762 915 2888 983 erit,
2927 920 3141 986 quando
3190 917 3554 990 tripudiabitis
3605 936 3696 979 se-

2105 1013 2337 1074 quentes
2363 1019 2562 1076 aguum
2588 1021 2914 1077 quocunque
2940 1008 3084 1064 ierit.
3505 1066 3524 1078 ,

2177 1090 2480 1163 Singularis
2521 1095 2696 1165 virgo,
2733 1110 2945 1151 summa
2975 1107 3032 1152 et
3056 1106 3323 1168 perpetua
3349 1100 3530 1172 virgo,
3575 1103 3693 1158 sola

2107 1192 2282 1238 mater
2309 1192 2366 1239 et
2392 1183 2562 1254 virgo,
2592 1195 2780 1240 sancta
2807 1184 2997 1252 Maria,
3036 1187 3089 1241 in
3116 1188 3224 1242 line
3243 1189 3506 1245 orationis
3532 1206 3693 1255 mea,

2105 1273 2158 1327 in
2201 1282 2446 1330 extremo
2477 1273 2638 1344 hujus
2668 1275 3281 1348 fatuae-supplicationis
3314 1279 3406 1315 ¹⁸⁷¹
3437 1281 3696 1353 indignus

2106 1363 2199 1396 ’δ”
2226 1365 2330 1421 hoc
2357 1382 2524 1421 unum
2572 1382 2724 1437 rogo,
2776 1366 2879 1424 hoc
2918 1374 3105 1435 unum,
3131 1384 3328 1440 precor
3363 1379 3419 1426 et
3463 1372 3693 1428 obsecro

2107 1456 2200 1488 ’³⁷³
2237 1456 2290 1511 in
2333 1457 2552 1513 nomine
2601 1458 2786 1515 dilecti
2834 1459 2933 1515 lilii
2982 1461 3081 1528 tui,
3135 1461 3274 1517 dona
3308 1463 3442 1518 mihi
3493 1465 3698 1521 misero

2098 1546 2282 1618 iugem
2322 1559 2379 1605 et
2421 1544 2715 1618 perennem
2754 1552 3076 1608 memoriam
3114 1555 3427 1611 suavissimi
3453 1557 3694 1615 nominis

419 1638 577 1694 unice
603 1639 830 1695 dilectus
853 1639 1161 1709 unigenitus
1185 1647 1308 1693 tuus
1336 1653 1444 1693 non
1468 1639 1686 1694 erubuit
1711 1638 1805 1672 ¹⁶⁶⁰
1829 1641 2006 1697 nomi-
2037 1630 2082 1686 Β
2109 1639 2207 1695 tui.
2243 1640 2327 1695 Sit
2350 1641 2507 1697 cibus
2529 1641 2897 1713 dulcissimus,
2924 1644 3080 1702 cibus
3101 1647 3463 1704 suavissimus
3493 1650 3695 1706 anim

418 1743 548 1783 nare
590 1728 789 1784 fratres
830 1743 976 1783 suos.
1019 1729 1090 1783 Et
1112 1729 1158 1784 si
1188 1743 1287 1798 pro
1319 1729 1411 1784 illo
1440 1733 1731 1786 innocente
1767 1731 1877 1787 lilio
1910 1742 2004 1788 tuo

415 1815 678 1872 crucillxo
724 1817 1076 1888 pertransivit
1103 1818 1316 1888 gladius
1364 1819 1602 1874 animam
1653 1828 1800 1874 tuam
1847 1819 2000 1889 (Luc.

417 1924 479 1974 ιι,
514 1907 629 1978 35),
660 1908 933 1978 quomodo
975 1922 1141 1978 super
1166 1908 1395 1965 mortuis
1441 1910 1533 1942 ¹⁸⁶⁸
1561 1910 1614 1964 ίη
1654 1921 1878 1980 peccato
1905 1927 2004 1982 pu-

415 1998 558 2067 pillis
588 1999 698 2055 tuis
728 2007 780 2054 te
810 2000 1124 2065 continere;
1164 1999 1439 2071 quomodo
1467 2016 1703 2073 unquam
1734 2005 2003 2060 maternis

418 2090 511 2122 ³⁸⁸³
538 2088 758 2146 ﬂetibus
792 2099 848 2146 et
888 2090 1165 2163 lacrymis,
1202 2107 1236 2146 ο
1280 2092 1518 2157 domina,
1568 2093 1773 2163 poteris
1800 2102 2003 2165 tempe—

417 2182 583 2240 rare?
633 2183 1038 2250 Abstrahimur,
1101 2184 1408 2255 diripimur,
1461 2186 1833 2256 captivamur;
1890 2201 2000 2242 non

414 2283 501 2331 est
520 2275 614 2345 qui
635 2285 793 2332 eruat
820 2274 934 2347 ηδ’,
965 2291 1073 2332 non
1102 2285 1186 2333 est
1208 2277 1299 2347 qui
1325 2276 1559 2332 redimat
1602 2277 1715 2344 “'5‘,
1750 2278 1844 2348 qui
1873 2293 2003 2334 con-

411 2375 602 2440 surgat
639 2368 874 2425 diluculo
907 2378 964 2425 et
992 2369 1255 2439 spondeat
1304 2369 1399 2401 ⁸⁵⁸⁸
1441 2384 1541 2440 pro
1573 2368 1750 2425 nobis.
1805 2370 1998 2441 Surge.

414 2457 532 2525 pia;
581 2472 763 2526 surge,
796 2450 1069 2531 propitia;
1099 2458 1244 2514 intra
1285 2459 1587 2515 sacrarium
1612 2459 1999 2525 exauditionis,

412 2558 470 2603 et
508 2549 756 2619 expande
804 2564 1000 2605 manus
1052 2550 1431 2607 immaculatas
1476 2561 1602 2607 ante
1649 2551 1821 2609 altare
1868 2551 1997 2608 illud

416 2653 639 2696 aureum
670 2640 920 2697 humana:
964 2641 1438 2701 reconciliationis.
1477 2644 1594 2700 Erit
1628 2659 1726 2715 per
1750 2652 1803 2699 te
1833 2644 2000 2715 impe-

418 2730 612 2788 trabile
656 2733 801 2800 quod
843 2748 938 2803 per
968 2742 1021 2789 te
1052 2734 1367 2805 ingerimus,
1415 2734 1522 2789 erit
1550 2750 1648 2806 per
1678 2743 1731 2789 te
1764 2750 1997 2791 excusa-

413 2820 520 2877 bile
556 2821 650 2854 ¹⁸⁶⁸
684 2823 829 2893 quod
857 2823 1127 2879 timemus.
1160 2823 1271 2882 Nec
1291 2825 1383 2880 diu
1412 2827 1612 2895 poterit
1642 2834 1694 2881 te
1719 2827 1994 2882 sustinere

412 2929 511 2985 pro
539 2915 697 2971 nobis
722 2914 1136 2987 supplicantem,
1181 2931 1341 2986 quem
1373 2926 1427 2971 tu
1458 2919 1757 2988 saepissime
1799 2933 1995 2973 conso-

2108 1745 2262 1787 mem.
2312 1732 2468 1789 Adsit
2504 1734 2636 1789 milii
2684 1736 2738 1791 in
2780 1735 3057 1805 periculis,
3108 1736 3255 1793 adsit
3297 1739 3353 1795 in
3401 1742 3690 1811 angustiis.

2107 1823 2248 1879 adsit
2295 1825 2350 1879 in
2395 1825 2664 1897 principio
2715 1827 2916 1883 laetitiae
2966 1843 3119 1885 mete.
3156 1828 3215 1884 Si
3262 1828 3409 1885 enim
3461 1831 3567 1888 hoc
3597 1833 3693 1889 Dei

2105 1922 2247 1975 dono
2271 1931 2327 1975 et
2358 1930 2451 1977 tuo
2485 1936 2702 1978 mereor
2726 1921 2822 1956 ¹⁸⁷⁴
2859 1922 3133 1989 obtinere,
3174 1924 3489 1982 nullatenus
3519 1936 3694 1991 certe,

2103 2026 2382 2082 nunquam
2436 2011 2679 2071 funditus
2727 2029 2922 2071 vereor
2976 2015 3145 2087 279
3195 2016 3446 2073 interire.
3497 2017 3697 2073 Aderit

2103 2101 2248 2156 enim
2294 2118 2512 2173 semper
2558 2105 2694 2160 milii
2735 2106 2913 2177 gratia
2961 2118 3074 2171 tua,
3100 2107 3279 2165 aderit
3324 2107 3606 2163 miseratio
3639 2117 3696 2163 et

2105 2196 2375 2265 protectio
2401 2206 2511 2251 tua.
2540 2197 2608 2253 Et
2633 2199 2680 2254 si
2708 2200 2763 2255 in
2790 2198 3061 2256 infernum
3084 2201 3178 2234 “7'
3203 2201 3488 2258 demersus
3512 2201 3695 2271 fuero,

2102 2299 2169 2339 eo
2208 2300 2294 2341 me
2326 2287 2600 2356 requires,
2631 2299 2686 2343 et
2711 2289 2838 2344 inde
2873 2305 2960 2346 me
2988 2292 3247 2347 extrahes
3274 2291 3389 2357 ⁸⁸⁷⁸,
3419 2302 3478 2347 et
3498 2292 3697 2348 reddes

2099 2375 2211 2432 lilio
2240 2386 2353 2444 tuo,
2378 2379 2471 2449 qui
2502 2393 2590 2435 me
2616 2381 2849 2436 redemit
2865 2389 2921 2436 et
2946 2381 3078 2437 lavit
3107 2383 3375 2453 sanguine
3396 2398 3519 2448 suo,
3543 2381 3677 2439 Iesu

2100 2470 2321 2527 Christo
2354 2471 2584 2528 Domino
2626 2482 2814 2531 nostro
2854 2473 2968 2541 “",
3011 2475 3103 2545 qui
3134 2490 3258 2532 cunt
3291 2475 3458 2533 Patro
3484 2487 3541 2533 οι
3568 2474 3696 2547 δρί-

2099 2560 2210 2617 ritu
2235 2570 2428 2619 sancto
2449 2563 2580 2619 vivit
2598 2573 2655 2619 et
2677 2574 2869 2636 regnat
2895 2564 3041 2622 Deus
3072 2565 3190 2620 “"8.

2487 2671 2748 2730 ORATIO
2780 2674 2821 2729 L
2865 2673 2964 2747 [aL
2989 2674 3179 2749 XLIX]
3208 2676 3301 2709 tm

2419 2780 2486 2818 AD
2523 2781 2762 2822 εΑΝοτΑιι
2792 2783 3050 2824 VIBGINEII
3079 2784 3306 2824 IABIAII.

2097 2846 2230 2902 Cum
2267 2849 2623 2906 recordatione
2661 2863 2993 2921 peccatorum
3014 2894 3030 2918 ,
3091 2854 3162 2907 ad
3199 2854 3537 2909 excitandus
3589 2865 3692 2911 tor.

2793 2938 2995 2991 parem.

411 2984 522 3060 lata
564 3018 647 3070 es,
695 2984 866 3062 dulcis
917 3016 1120 3074 mater,
1166 2984 1430 3062 infantem
1478 2984 1817 3079 vagientem.
1860 3009 1991 3077 Quae
2019 2984 2066 3046 (ἶ
2170 3007 2387 3083 Sancta,
2410 3021 2465 3066 et
2486 2984 3174 3085 intersanctospostDeum
3192 3016 3530 3086 singulariter
3565 3034 3693 3074 sau-

409 3108 539 3167 ει·εο
576 3098 848 3167 potentior
890 3099 1100 3156 meritis
1131 3099 1200 3156 ad
1249 3098 1570 3171 placandam
1603 3102 1737 3156 iram
1761 3100 1989 3170 iudicis,

406 3198 570 3261 quam
600 3197 655 3243 tu
686 3202 809 3258 quae
852 3190 1097 3245 meruisti
1143 3199 1320 3247 mater
1341 3204 1462 3246 esse
1497 3192 1736 3263 ejusdem
1763 3191 1994 3248 Redem-

408 3272 581 3355 ptoris
628 3288 684 3337 et
721 3280 967 3350 judicia?
1013 3281 1091 3337 Nc
1126 3284 1340 3340 dubites
1392 3284 1523 3348 "‘7,
1578 3284 1795 3340 domina
1837 3302 1990 3352 mea;

360 3364 363 3367 ’
406 3370 523 3438 ipse
548 3369 694 3424 enim
724 3381 807 3426 est
827 3386 889 3425 os
915 3388 1097 3427 meum
1126 3382 1178 3429 et
1218 3388 1348 3428 caro
1376 3388 1518 3436 mea.
1545 3374 1786 3431 Salutare
1812 3390 1992 3432 meum

407 3468 461 3511 et
485 3459 655 3527 gloria
681 3474 802 3514 mea
829 3460 944 3527 ³⁸⁸⁸,
975 3462 1092 3530 ipse
1117 3471 1282 3532 caput
1313 3471 1582 3531 nostrum,
1614 3465 1725 3535 ipse
1755 3469 1992 3537 cognovit

404 3549 710 3617 ﬁgmentum
735 3560 970 3604 nostrum
991 3551 1163 3623 (Psal.
1190 3567 1287 3620 cn,
1315 3554 1427 3624 14).

480 3639 654 3696 Decus
678 3641 969 3710 virginum,
1002 3643 1221 3699 domina
1264 3645 1528 3717 gentium,
1559 3648 1743 3719 regina
1773 3649 1991 3721 angelo-

408 3746 551 3796 rum,
577 3730 699 3789 fons
728 3734 1035 3802 hortorum,
1079 3736 1285 3793 ablutio
1313 3748 1686 3809 peccatorum,
1718 3750 1905 3798 sancta
1933 3753 1991 3799 et

406 3834 662 3893 perpetua
725 3825 875 3897 virgo
929 3826 1120 3895 Maria,
1162 3845 1421 3888 succurre
1469 3831 1696 3900 misero,
1758 3834 1988 3890 subveni

406 3914 649 3985 perdito;
690 3926 749 3972 ut
788 3917 881 3986 qui
911 3920 1046 3989 jam,
1092 3920 1226 3989 proh
1259 3921 1450 3977 dolor!
1484 3938 1593 3978 non
1632 3925 1796 3979 audet
1823 3938 1991 3996 ange-

403 4004 565 4062 licam
597 4005 745 4062 illam
783 4020 1007 4078 sperare
1048 4010 1242 4065 stolam
1293 4011 1640 4082 virginalem;
1688 4014 1815 4079 tuis,
1871 4014 1986 4084 glo-

2096 3100 2415 3169 cta,Maria,
2439 3112 2613 3159 mater
2640 3104 2975 3161 admirabilis
2992 3106 3333 3178 virginitatis,
3358 3106 3515 3179 virgo
3544 3123 3691 3163 ama-

2099 3193 2223 3250 bilis
2251 3192 2613 3260 fecunditatis,
2635 3209 2756 3264 qua:
2778 3195 2974 3252 Filium
2995 3196 3258 3253 Altissimi
3282 3197 3539 3268 genuisti,
3570 3214 3695 3269 qua:

2102 3284 2316 3352 perdito
2343 3284 2773 3355 humanogeueri
2792 3285 3129 3344 Salvatorem
3153 3287 3432 3359 peperisti,
3467 3290 3691 3343 Domina

2101 3375 2429 3446 praefulgens
2453 3385 2602 3432 tanta
2625 3379 2939 3446 sanctitate,
2974 3379 3507 3452 superemineus’m
3531 3389 3692 3435 tanta

2099 3464 2388 3536 dignitate,
2426 3482 2589 3537 quam
2625 3468 2815 3538 utique
2849 3479 3056 3524 certum
3096 3479 3181 3526 est
3215 3485 3321 3525 non
3370 3471 3564 3526 minori
3597 3472 3688 3504 ¹⁸⁸ι

2095 3556 2374 3624 praeditam
2402 3570 2525 3613 esse
2556 3556 2651 3590 ηδ’
2689 3559 2931 3627 potentia
2956 3570 3011 3615 et
3040 3561 3265 3631 pietate.
3297 3558 3440 3627 Tibi,
3468 3577 3504 3616 o
3529 3562 3690 3633 geni-

2097 3647 2201 3702 trix
2226 3647 2379 3714 vitae,
2415 3663 2448 3704 ο
2488 3657 2664 3704 mater
2701 3650 2928 3718 salutis,
2974 3667 3009 3706 ο
3068 3653 3324 3724 templum
3372 3653 3596 3724 pietatis
3634 3664 3693 3711 ct

2096 3739 2508 3806 misericordiae,
2540 3740 2637 3796 tibi
2664 3756 2783 3797 sesc
2823 3752 3053 3798 conatur
3087 3753 3416 3813 praesentare
3451 3747 3687 3801 misera-

2096 3831 2222 3887 bilis
2253 3832 2430 3887 anima
2456 3847 2596 3896 mea,
2626 3836 2830 3889 morbis
2861 3825 3116 3890 vitiorum
3137 3835 3414 3904 languida,
3438 3838 3686 3894 vulneri-

2099 3926 2200 3981 bus
2229 3924 2529 3980 facinorum
2563 3926 2655 3958 ’⁸⁸³
2687 3928 2890 3991 scissa,
2922 3927 3193 3984 ulceribus
3223 3929 3552 3999 ﬂagitiorum
3590 3929 3689 3964 ’³⁸⁵

2103 4015 2344 4085 putrida,
2376 4015 2469 4071 tibi
2500 4016 2692 4073 nititur
2735 4027 2996 4089 quantum
3025 4019 3344 4076 moribunda
3383 4021 3527 4078 valet
3550 4037 3691 4095 sup—

1677 4123 1914 4181 VARUS
1952 4122 2357 4181 LECTIONES.

476 4234 566 4266 ¹⁵⁸⁷
624 4232 704 4288 'l'u
754 4235 968 4289 domina
1017 4234 1201 4291 dixisti
1263 4252 1362 4290 ms.
1401 4238 1551 4290 omit.
1607 4246 1662 4290 tu
1706 4238 1968 4293 domiua'
2056 4240 2149 4272 ³⁸⁸⁸
2208 4237 2408 4294 Sancta
2471 4250 2646 4295 mater
2708 4242 3050 4298 immaculata
3107 4260 3209 4298 ms.
3256 4254 3438 4300 sancta
3500 4256 3685 4303 mater

404 4304 597 4383 unica,
631 4305 1213 4383 _mater__immaculata
1269 4306 1439 4383 mater
1502 4306 1815 4383 incorrupta
1882 4317 2058 4383 mater
2120 4310 2507 4383 misericordia
2555 4328 2654 4383 ius.
2713 4310 2949 4383 Val-(uc.
2993 4323 3166 4368 mater
3226 4316 3536 4383 incorrupta
3577 4320 3687 4372 mi-

401 4374 716 4453 sericordia:
791 4374 884 4412 ⁸⁸⁸⁸
922 4374 1092 4453 Nudis
1126 4386 1182 4431 et
1223 4376 1426 4453 attritis
1471 4393 1574 4430 ms.
1612 4374 1788 4453 nudus
1816 4388 1873 4433 et
1915 4379 2134 4436 attritus
2208 4379 2301 4411 ¹⁸⁶⁰
2328 4377 2444 4434 Non
2482 4380 2755 4453 erubescit
2769 4397 2904 4453 _t1ts._
2941 4399 3046 4437 non
3084 4384 3303 4439 erubuit
3397 4374 3488 4417 “5‘
3532 4387 3686 4453 Quo-

399 4446 563 4501 modo
618 4459 782 4520 super
835 4447 1060 4501 mortuis
1108 4463 1207 4501 ms.
1246 4445 1488 4520 Val-lue.
1521 4448 1821 4520 ⁸ςιιιοιιιθόο
1885 4463 2121 4520 unquam
2180 4464 2343 4520 super
2402 4453 2630 4505 mortuis
2746 4450 2835 4481 ¹⁵⁶²
2872 4451 3152 4518 Quomodo
3219 4457 3480 4510 maternis
3542 4445 3683 4511 ἶπες.

400 4514 696 4596 quomodo.
734 4531 1009 4596 unquam:
1039 4517 1338 4596 maternis“
1384 4515 1492 4596 1"“
1518 4514 1633 4571 Neu
1693 4525 1777 4596 est
1831 4518 1923 4596 qui
1977 4514 2142 4574 'eruat
2182 4514 2297 4596 no'n.
2328 4529 2415 4596 est
2448 4521 2540 4596 qui
2598 4521 2826 4596 redimiit
2870 4514 2966 4575 his.
3010 4520 3248 4596 Val-(uc.
3291 4541 3396 4596 non
3447 4536 3534 4580 est
3582 4529 3683 4596 qui

400 4592 560 4637 eruat
606 4585 697 4661 qui
748 4587 997 4661 redimat,
1044 4594 1148 4641 etc.
1254 4585 1498 4661 "‘{lﬂou
1536 4596 1620 4641 est
1654 4586 1747 4657 qui
1805 4585 2034 4642 rédimat
2070 4607 2179 4661 Ama.
2207 4590 2297 4661 qui
2336 4585 2533 4661 eripiat
2606 4590 2700 4661 ἔθευ
2743 4591 2809 4643 Et
2848 4594 3171 4661 respondeat
3208 4611 3308 4648 ms.
3351 4585 3685 4652 Vat-Iac.'et

401 4654 731 4723 respondeat
802 4653 896 4685 ‘5“
925 4655 1027 4709 Per
1056 4663 1109 4710 te
1151 4656 1465 4712 excusabile
1494 4672 1620 4717 mss.
1665 4653 1815 4713 certe
1863 4659 2177 4716 excusabile
2205 4659 2295 4692 ’⁸⁸⁷
2335 4653 2444 4714 Nec
2488 4660 2702 4716 dubites
2738 4677 2865 4714 mss.
2905 4653 2973 4717 ne
3010 4663 3226 4721 dubites
3304 4665 3396 4698 ³⁸⁵⁸
3424 4665 3688 4723 Salutare

401 4738 585 4779 tneutn
605 4731 659 4778 ct
686 4722 853 4794 gloria
884 4740 1002 4779 mea
1033 4742 1159 4780 mss.
1192 4727 1305 4779 [tuac
1336 4726 1507 4781 omitt.
1587 4726 1678 4759 ¹⁵⁶⁹
1710 4726 1839 4782 Tuis
1861 4728 2114 4799 gloriosis
2141 4745 2267 4783 mss.
2304 4730 2426 4788 tuis.
2460 4729 2693 4852 gloriosa
2768 4730 2859 4763 ¹⁵⁷⁰
2895 4730 3085 4787 Vestra
3116 4744 3171 4788 ct
3202 4745 3502 4791 concentus
3549 4722 3690 4792 mss.

402 4795 571 4847 ontitt.
613 4801 670 4848 et
743 4793 833 4825 “’7‘
864 4794 1283 4852 Sunulicationis
1324 4812 1456 4852 meae
1484 4813 1583 4851 ms.
1625 4795 1851 4851 Val-(uc.
1890 4798 2059 4852 omitt.
2101 4814 2234 4852 mea:
2340 4799 2433 4832 ³⁵⁷³⁸
2493 4800 2720 4852 ndicnus
2750 4815 2875 4852 mss.
2902 4801 3130 4852 indicum
3219 4805 3311 4837 ι⁸⁷³
3351 4804 3520 4852 Raeti-
3549 4822 3687 4852 me.

402 4795 571 4847 mm'tt.
613 4793 705 4848 ct’
864 4794 1283 4875 Supplicationis
1324 4812 1456 4852 meae
1484 4813 1583 4851 ms.
1625 4793 2059 4875 Val-lucfongitt.
2084 4814 2257 4875 meai
2340 4799 2433 4832 ³⁵⁷³⁸
2463 4793 2720 4870 indignus
2750 4815 2875 4875 nisa.
2902 4801 3130 4871 indigna:
3219 4805 3311 4837 ¹⁸⁷³
3349 4804 3521 4875 Rogo,
3549 4822 3687 4875 pre-

399 4878 499 4942 cor
526 4873 581 4942 et
610 4862 1027 4942 supplicjomss.
1060 4881 1215 4942 rogo,
1248 4866 1362 4942 hoc
1391 4882 1555 4921 unum
1591 4882 1787 4937 precor
1814 4884 1928 4942 ms._
1953 4866 2180 4942 Val-lue.
2216 4868 2327 4942 Hoc
2356 4884 2519 4942 unum
2553 4862 2701 4937 rogo,
2757 4871 2859 4926 hoc
2916 4862 3078 4925 unum
3139 4889 3331 4942 precor
3365 4862 3691 4931 etBbsecm

403 4935 500 5009 ξιτξ
525 4932 583 5009 S_i
613 4932 758 4988 enim
805 4934 929 5009 Dei.
952 4944 1006 5009 et
1038 4932 1317 5009 donotuo
1351 4937 1451 4990 hoc
1477 4932 1690 5009 mereor
1719 4952 1845 4990 mss.
1886 4937 1929 4991 si
1957 4938 2100 5009 etaim
2145 4940 2247 4991 hoc
2286 4940 2379 4993 Dei
2411 4940 2559 4994 dono
2586 4932 2642 4993 ei
2681 4932 2772 4992 tuo
2806 4955 3029 5009 mereor
3102 4932 3195 4977 “'7'
3226 4946 3281 4999 In
3309 4945 3521 4999 inferno
3548 4963 3686 5001 mu.

399 5006 454 5058 in
489 5003 762 5058 infernum
834 4998 932 5038 ’⁵⁷⁸
958 5004 1086 5059 lude
1115 5007 1371 5060 extrahes
1400 5023 1528 5060 mss.
1559 5007 1683 5060 inde
1717 5021 1804 5060 me
1826 5008 2084 5062 extrahes
2158 5009 2248 5047 ³⁵⁷⁷
2286 5009 2415 5064 .lesu
2456 5009 2673 5063 Christo
2695 4998 2923 5065 Domino
2965 5022 3151 5068 nostro
3179 4998 3304 5069 nias.
3334 4998 3493 5069 Jesus
3520 4998 3690 5071 cuii:

397 5085 517 5130 stus
557 5074 835 5148 Dominus
859 5083 1046 5148 noster
1122 5076 1217 5107 “"3
1264 5077 1329 5148 lit
1372 5085 1562 5148 regnat
1594 5077 1737 5148 Deus
1778 5092 1882 5148 rma.
1937 5075 2169 5148 Val-(uc.
2214 5090 2269 5133 ct
2311 5088 2504 5148 regnat
2544 5079 2685 5134 Deus
2735 5094 2833 5148 per
2880 5082 3062 5134 omnia
3112 5085 3293 5139 secula
3345 5086 3684 5140 seculorum.

394 5149 572 5199 Amen
672 5144 765 5177 ‘m
795 5144 1000 5199 Collata
1021 5156 1097 5197 est
1128 5161 1245 5199 cum
1275 5145 1406 5200 Mss.
1440 5144 1580 5200 Vict.
1608 5144 1732 5199 Klt.
1766 5147 1854 5200 l6.
1876 5156 1924 5202 et
1950 5146 2064 5201 RR.
2103 5149 2160 5203 5.
2198 5148 2323 5203 Bec.
2352 5144 2418 5202 0.
2451 5147 2608 5202 Corb.
2638 5144 2759 5203 166.
2797 5147 2931 5203 Tim.
2978 5150 3103 5206 267.
3136 5153 3384 5208 Cartlms.
3432 5153 3684 5209 Val-Iac.

393 5224 449 5294 et
471 5210 623 5295 Flor.
656 5214 739 5269 Ad
768 5214 1088 5295 Ball-ariam
1120 5213 1556 5295 Virgi‘nemhcum
1588 5216 2468 5295 recordationepeccatorumams.
2503 5217 2640 5295 V_ict._
2673 5218 2726 5295 ᾇ.
2750 5219 3106 5295 μάλεαιιςιειηι
3140 5223 3417 5295 )lirginem
3447 5223 3543 5278 Dei
3567 5223 3689 5279 Gc-

398 5280 650 5357 nitricem
680 5301 805 5357 mss.
844 5282 985 5357 Vict.
1015 5285 1104 5357 l6.
1130 5295 1180 5339 ct
1200 5284 1572 5357 Florapratio
1596 5287 1664 5341 ad
1686 5295 1932 5342 sanctam
1961 5280 2186 5341 Mariam
2213 5304 2312 5343 ms.
2345 5287 2501 5343 Corb.
2534 5280 2802 5357 Incipiunt
2827 5288 3115 5346 Orationes
3140 5280 3319 5349 Basia:
3348 5294 3547 5348 Mariae.
3569 5311 3685 5349 vis.

399 5351 535 5406 Tim.
561 5354 750 5427 oratio
773 5356 946 5424 prima
973 5355 1039 5410 ad
1076 5366 1323 5412 sanctam
1354 5355 1579 5411 Mariam
1605 5371 1728 5411 cum
1758 5372 1916 5427 mens
1959 5367 2218 5427 gravatur
2249 5371 2484 5427 torpore.
2516 5357 2582 5411 In
2609 5351 2708 5412 nis.
2747 5355 2977 5413 Val-luc.
3018 5373 3157 5416 caret
3194 5363 3346 5417 titulo
3449 5363 3543 5395 "3°
3570 5362 3693 5417 Su-

399 5425 722 5497 perveniens
777 5441 904 5497 mare.
937 5440 1103 5497 super
1129 5442 1324 5482 nomen
1347 5427 1594 5481 eminens
1619 5443 1741 5481 mss.
1772 5425 1926 5482 Becc.
1960 5425 2098 5482 Vict.
2126 5428 2179 5482 ⁵5.
2205 5425 2386 5483 Carth.
2429 5439 2475 5483 et
2510 5427 2741 5482 Val-lue.
2768 5431 3184 5497 supereminens
3259 5433 3348 5465 ¹⁸⁸¹
3381 5432 3499 5487 Non
3532 5436 3689 5489 mori

399 5504 525 5541 russ.
556 5492 736 5546 Carth.
773 5493 910 5566 Vict.
943 5492 1260 5551 etVal-luc.
1308 5512 1414 5566 non
1447 5497 1643 5550 minori
1723 5497 1814 5529 ¹⁸⁸²
1848 5497 2172 5553 Przeclaram
2219 5514 2339 5554 esse
2369 5515 2492 5552 mss.
2533 5498 2813 5566 prreditam
2835 5492 2976 5554 'esse
3052 5502 3145 5534 ¹⁵⁸³
3178 5502 3499 5557 Vulneribus
3546 5501 3691 5557 faci-

404 5572 594 5611 norum
623 5577 719 5614 ms.
773 5560 908 5619 Vict.
955 5567 1038 5621 16.
1071 5568 1339 5625 ulceribus
1387 5565 1688 5622 facinorum
1770 5568 1862 5602 “‘9”
1898 5568 2181 5627 Ulceribus
2209 5560 2545 5640 flagitiorum
2567 5584 2662 5621 ms.
2717 5566 2847 5622 Vict.
2882 5569 2965 5624 lli.
2999 5573 3309 5629 vulneribus
3338 5573 3685 5643 ﬂagitiorum
