3906 6058
302 223 407 280 939

1715 220 2126 280 "RATIONES.

3461 220 3566 276 950

281 337 510 406 plicare,
541 343 599 388 ut
626 335 934 405 potentibus
967 334 1072 388 tuis
1109 335 1316 389 meritis
1343 345 1400 390 ct
1435 335 1537 404 piis
1561 336 1668 390 luis
1695 335 1872 406 preei-
1901 343 1950 398 Α
1979 333 2220 400 domina,
2255 329 2545 388 erubesces
2591 345 2718 401 erga
2769 332 3020 388 miserum
3055 329 3331 386 allectum
3390 333 3563 388 insita:

287 426 654 498 bus'digneris
706 439 830 479 eam
886 439 1100 478 sanare.
1150 423 1242 480 Sic
1293 425 1460 489 enim,
1509 425 1595 495 pia
1633 425 1872 491 domina,

279 517 510 571 alienata
541 515 634 550 ³⁸³⁵
655 523 740 568 est
767 529 798 567 a
819 528 878 568 se
895 513 1234 566 immanitate
1251 513 1510 581 stuporis,
1541 522 1598 567 ut
1625 513 1713 568 vix
1743 529 1872 570 sen-

276 623 400 662 sum
428 609 626 662 habeat
649 605 890 661 enormis
915 605 1206 675 languoris.
1233 605 1326 660 Sic
1348 605 1600 660 sordibus
1623 613 1678 660 et
1699 605 1872 660 fetore

285 699 548 762 foedatur,
579 709 638 751 ut
669 699 856 750 timeat
883 712 952 750 ne
979 697 1047 750 ab
1070 695 1182 764 ipsa
1206 696 1519 750 misericors
1545 696 1726 752 vultus
1749 703 1872 751 tuus

273 795 580 854 avertatur;
647 788 728 842 sic
779 787 1008 842 tabescit
1059 787 1396 856 desperando
1453 797 1732 855 respectus
1791 789 1868 842 tui

273 880 721 945 conversionem,
759 887 820 932 ut
853 878 1016 932 etiam
1051 893 1114 931 os
1163 878 1502 932 Obmutescat
1533 879 1626 912 "5°
1653 879 1722 933 ad
1748 894 1868 934 ora-

275 972 506 1026 tionem.

347 1059 573 1118 Péccata
601 1077 740 1128 mea,
799 1062 1052 1131 nequitiae
1099 1076 1254 1124 mete,
1285 1062 1330 1116 si
1371 1062 1586 1118 habetis
1627 1065 1862 1119 animam

273 1169 454 1210 meam
515 1165 700 1210 vestro
759 1169 968 1208 veneno
1043 1162 1405 1224 peremptam;
1473 1154 1560 1210 vel
1616 1169 1713 1210 cur
1784 1156 1864 1211 sic

273 1247 369 1280 “"1
396 1247 578 1302 facitis
608 1261 726 1302 cum
753 1254 931 1300 vestra
966 1246 1210 1302 fmditate
1237 1247 1585 1310 horrendam,
1613 1256 1668 1301 ιιι
1696 1248 1860 1302 mise-

269 1336 414 1391 ratio
440 1351 546 1392 uon
571 1337 742 1405 possit
767 1337 1010 1406 aSpicere
1055 1337 1198 1392 illam
1223 1338 1246 1392 ?
1283 1336 1338 1393 Si
1367 1338 1600 1393 obruitis
1631 1339 1680 1392 ei
1711 1353 1861 1408 spem

269 1427 634 1482 exauditionis
657 1437 837 1483 vestra
878 1427 1050 1492 mole,
1083 1427 1168 1483 vel
1199 1443 1298 1483 cur
1328 1429 1610 1484 Obstruitis
1633 1429 1738 1484 illis
1767 1429 1861 1462 "3"

269 1533 460 1574 vocem
489 1519 755 1574 orationis
775 1519 942 1576 vestri
969 1520 1214 1590 pudore?
1239 1519 1297 1574 Si
1333 1529 1570 1575 mentem
1601 1519 1718 1590 ejus
1763 1534 1856 1575 ve-

275 1611 380 1666 stri
411 1611 620 1667 fecistis
639 1625 824 1688 amore
849 1612 1178 1679 dementem,
1217 1612 1302 1666 vel
1353 1627 1454 1667 cur
1496 1627 1712 1668 sensum
1742 1610 1858 1679 ejus

268 1711 460 1758 vestro
509 1701 756 1758 redditis-
777 1711 992 1772 torpore
1041 1717 1146 1758 non
1201 1704 1524 1758 sentientem
1569 1704 1696 1757 "'9?
1743 1703 1856 1758 lleu

267 1792 444 1862 pudor
491 1791 762 1847 sordentis
807 1792 1134 1862 iniquitatis,
1183 1794 1238 1846 in
1289 1793 1578 1862 przesentia
1633 1793 1858 1850 nitentis

267 1883 576 1939 sanctitatis
603 1883 724 1937 “ml
758 1883 873 1939 Heu
901 1883 1149 1939 confusio
1167 1883 1458 1939 immunda:
1483 1884 1854 1949 conscientia,

267 1973 324 2026 in
363 1981 655 2042 conspectu
707 1973 963 2045 fulgentia
1009 1973 1314 2030 munditiae!
1363 1973 1410 2030 Ο
1461 1983 1516 2029 ιιι
1573 1975 1856 2032 benedicta

265 2079 432 2132 super
465 2063 748 2129 mulieres,
790 2079 910 2134 quae
943 2063 1163 2134 angelos
1213 2065 1302 2114 ιψ
1351 2065 1522 2120 vincis
1593 2067 1851 2134 puritate,

265 2161 488 2209 sanctos
516 2167 744 2224 superas
767 2155 1002 2224 pietate;
1035 2155 1258 2210 anhelat
1295 2156 1652 2211 moribundus
1693 2158 1854 2226 spiri-

273 2253 361 2297 tus
386 2244 454 2297 ad
479 2249 644 2298 tanta:
685 2244 1036 2314 benignitatis
1069 2253 1404 2312 respectum;
1443 2245 1538 2300 sed
1577 2246 1854 2301 erubescit

261 2335 330 2386 ad
365 2334 502 2388 tanti
530 2332 724 2390 nitoris
754 2343 1128 2404 conspectum.
1159 2333 1370 2406 Rogare
1392 2336 1538 2391 enim
1572 2345 1645 2398 te,
1685 2337 1854 2392 domi-

260 2439 354 2490 na,
381 2424 658 2488 desidero,
698 2433 758 2478 ut
815 2425 1180 2481 miserationis
1233 2437 1338 2480 tum
1387 2435 1640 2495 respectu
1689 2441 1852 2482 cures

261 2515 450 2584 plagas
481 2523 537 2570 et
569 2514 748 2570 ulcera
775 2526 1122 2584 peccatorum
1163 2531 1439 2584 meorum;
1473 2519 1568 2572 sed
1615 2517 1850 2572 confun-

257 2609 363 2662 dor
388 2624 573 2664 coram
607 2619 658 2664 te
686 2609 756 2663 ob
786 2609 1014 2664 fetorem
1042 2619 1110 2665 οι·
1124 2610 1313 2664 sordes
1365 2625 1576 2664 eorum.
1615 2609 1844 2679 Horreo,

256 2699 508 2764 domina,
559 2713 824 2770 apparere
853 2699 948 2754 tibi
986 2701 1038 2754 in
1086 2701 1440 2757 immunditiis
1495 2711 1554 2756 et
1593 2701 1844 2756 horrori-

254 2789 356 2844 bus
391 2791 548 2855 meis,
575 2805 645 2844 ne
674 2799 726 2844 tu
743 2791 966 2846 horreas
995 2806 1080 2846 me
1097 2805 1195 2860 pro
1230 2792 1342 2858 eis,
1373 2801 1428 2848 et
1467 2807 1574 2848 non
1599 2807 1842 2863 possum,

261 2897 341 2936 va:
367 2881 520 2946 mihi,
549 2880 718 2935 videri
744 2882 860 2935 sine
881 2882 962 2936 eis
981 2917 998 2934 .

323 2969 370 3026 Ο
399 2968 718 3038 perturbata
743 2965 860 3019 uml
887 2983 922 3023 ο
935 2968 1158 3026 confusa
1177 2973 1435 3041 peccandi
1456 2961 1800 3028 conditio‘um
1819 2971 1841 3026 ι

257 3059 334 3112 lin
363 3030 560 3130 quippe
587 3073 707 3124 vos,
736 3069 960 3129 peccata
1001 3075 1140 3126 mea,
1163 3030 1434 3133 quomodo
1483 3065 1840 3134 discerpendo
1866 3030 1908 3096 ο

253 3150 571 3214 distrahitis,
603 3151 953 3207 distrahendo
981 3153 1292 3220 corroditis,
1343 3155 1684 3212 corrodendo
1727 3164 1841 3212 tor-

253 3241 434 3310 quetis
461 3243 756 3309 praecordia
781 3243 936 3297 mea?
983 3244 1184 3300 Eadem
1209 3244 1354 3300 enim
1379 3253 1597 3315 peccata
1619 3261 1762 3313 mea,
1805 3263 1840 3302 o

256 3332 504 3398 Domina,
536 3333 784 3401 cognosci
809 3349 840 3388 a
866 3344 920 3391 te
945 3337 1203 3406 cupiunt,
1221 3345 1440 3406 propter
1465 3337 1832 3406 curationem,

255 3437 514 3494 apparere
541 3425 632 3480 tibi
651 3423 864 3496 fugiunt
881 3425 995 3492 ³⁵³⁵,
1010 3435 1230 3497 prepter
1249 3427 1706 3483 exsecrationem:
1729 3443 1836 3482 non

253 3517 396 3570 enim
421 3527 686 3572 sanantur
723 3517 818 3550 "9'
841 3518 960 3574 sine
989 3519 1366 3582 confessione,
1409 3533 1510 3576 nec
1533 3521 1838 3590 produntur

255 3607 371 3662 sine
399 3608 492 3642 ¹⁸⁹⁸
525 3609 870 3666 confusione.
900 3610 958 3665 Si
981 3611 1228 3666 celantur
1250 3651 1264 3676 ,
1291 3621 1420 3668 sunt
1471 3612 1792 3667 insanabilia
1818 3630 1834 3677 ;

253 3697 296 3752 si
347 3699 618 3766 videntur,
666 3708 793 3754 sunt
835 3700 1198 3756 detestabilia.
1255 3700 1434 3757 Urunt
1479 3717 1566 3756 me
1620 3701 1834 3770 dolore,

256 3799 460 3844 terrent
493 3805 580 3844 me
612 3791 824 3847 timore.
861 3789 1000 3846 Mole
1031 3807 1120 3846 me
1143 3791 1412 3858 obruunt,
1473 3793 1716 3862 pondere
1751 3808 1836 3848 me

253 3891 526 3950 premunt,
551 3883 756 3951 pudore
789 3897 876 3939 me
897 3881 1268 3938 confundunt.

329 3971 374 4027 0
408 3957 496 4038 tu,
527 3973 736 4043 illa‘pie
769 3983 995 4044 potens,
1027 3981 1084 4028 et
1109 3981 1358 4044 potenter
1393 3973 1481 4043 pia
1523 3964 1696 4027 'Maria
1719 4014 1734 4039 ,
1767 3973 1836 4028 de

256 4081 360 4136 qua
391 4077 544 4124 ortus
559 4069 772 4125 estfons
789 4069 1200 4135 misericordiae,
1221 4083 1286 4124 ne
1297 4069 1604 4137 contineas,
1619 4085 1832 4141 precor,

257 4167 364 4211 tam
389 4173 574 4213 veram
601 4161 1032 4216 misericordiam
1060 4202 1076 4226 ,
1102 4161 1190 4216 ubi
1217 4170 1326 4216 tam
1355 4177 1538 4216 veram
1585 4164 1835 4232 agnoscis

253 4249 548 4306 miseriam.
580 4250 636 4306 Si
666 4253 812 4306 enim
836 4251 1254 4322 egoconfundor
1283 4253 1335 4307 in
1359 4254 1695 4308 obscenitate
1731 4255 1834 4309 ini-

252 4341 474 4410 quitatis
533 4355 667 4398 mea;
717 4341 786 4398 ad
823 4341 1084 4413 fulgorem
1139 4351 1244 4396 tute
1307 4343 1644 4406 sanctitatis,
1701 4352 1828 4400 tune

1979 426 2069 456 ³³³⁷
2103 423 2361 494 pietatis?
2395 421 2452 477 Si
2487 437 2586 492 ego
2607 423 2870 478 conliteor
2909 421 3204 490 nequitiam
3243 437 3440 484 meam,
3473 431 3554 476 tn-

1976 531 2044 570 nc
2067 513 2366 584 abnegabis
2393 513 2782 583 benignitatem
2803 521 2948 566 tuam
2973 513 2996 566 ἲ
3024 513 3269 581 Simajor
3295 513 3557 568 esttnisc-

1973 607 2054 662 ria
2085 619 2200 660 mea
2229 620 2396 674 quam
2426 605 2557 660 mihi
2597 605 2880 674 expediat,
2923 603 3102 660 eritne
3147 604 3324 658 minor
3347 605 3559 660 miseri-

1973 697 2156 754 cordia
2187 705 2276 752 tua
2302 713 2464 769 quam
2493 706 2544 752 te
2571 697 2797 752 deccat?
2819 695 3030 762 Quanto
3057 696 3222 761 enim,
3253 710 3286 750 o
3314 695 3555 762 domina,

1977 789 2154 860 magis
2183 787 2378 844 delicta
2409 802 2528 840 mea
2555 789 2606 842 in
2647 795 2941 856 conspectu
2975 786 3070 841 Dei
3093 795 3146 840 et
3171 795 3262 842 tuo
3294 786 3552 850 sordent;

1973 889 2125 936 tanto
2157 883 2328 950 magis
2365 879 2484 950 ejus
2509 879 2793 934 curatione
2840 877 2932 912 ¹⁶⁹⁸
2973 887 3030 934 et
3083 887 3176 933 tua
3199 869 3582 932 subventione'

1971 983 2154 1044 egent.
2180 971 2324 1028 Sana
2360 987 2520 1042 ergo,
2561 971 3016 1036 clementissima,
3069 970 3467 1033 infirmitatem;
3501 977 3554 1024 et

1969 1060 2195 1125 delebis,
2225 1073 2346 1131 quae
2375 1047 2692 1123 te‘olfendit,
2717 1058 3042 1114 fmditatem.
3061 1056 3254 1122 Aufer,
3277 1056 3552 1125 benignis-

1968 1153 2125 1219 sima,
2145 1152 2488 1223 languorem,
2513 1161 2567 1208 et
2597 1167 2700 1206 non
2731 1152 2938 1206 senties
2987 1165 3148 1220 quem
3189 1150 3381 1204 horres
3409 1147 3549 1204 feto-

1969 1260 2084 1300 rem
2113 1260 2128 1299 :
2161 1244 2268 1310 fac,
2299 1245 2575 1316 piissime,
2607 1252 2663 1298 ut
2685 1258 2792 1298 non
2837 1243 2908 1298 sit
2937 1241 3080 1312 quod
3127 1240 3311 1295 doleat
3338 1239 3466 1304 "’9;
3493 1247 3552 1294 ct

1965 1349 2072 1388 non
2099 1333 2202 1387 erit
2223 1335 2368 1402 quod
2384 1332 2682 1388 sinceritati
2702 1341 2806 1386 tuae
2825 1331 2987 1386 sorde
3013 1339 3066 1384 at
3083 1329 3194 1382 '°°°.
3225 1329 3370 1396 Fac,‘
3383 1327 3554 1384 domi-

1964 1445 2068 1495 na;
2094 1427 2288 1482 exaudi
2345 1440 2458 1491 me,
2495 1426 2737 1482 domina.
2780 1425 2922 1480 Sana
2975 1423 3213 1480 animam
3248 1419 3548 1493 peccatoris

1962 1519 2105 1576 servi
2136 1519 2234 1584 tui,
2267 1501 2363 1588 per
2383 1518 2644 1574 virtutem
2666 1517 2938 1572 benedicti
2967 1516 3176 1572 fructus
3205 1516 3416 1571 ventris
3445 1514 3544 1580 tui,

1961 1611 2054 1680 qui
2091 1609 2242 1666 sedet
2267 1611 2320 1666 in
2343 1611 2568 1667 dextera
2611 1609 3004 1682 omnipotentis
3031 1609 3212 1664 Patris
3233 1609 3314 1664 sui
3331 1647 3348 1674 ,
3372 1623 3546 1676 super-

1891 1684 1934 1744 Β
1961 1703 2244 1758 laudabilis
2273 1713 2321 1758 et
2365 1701 2784 1773 supergloriosus
2813 1703 2868 1756 in
2889 1701 3084 1756 srrcula
3114 1701 3277 1773 (Dan.
3310 1715 3393 1756 Ill.
3421 1699 3540 1770 55).

2381 1789 2637 1847 ORATIO
2679 1789 2745 1844 Ll
2775 1789 2870 1862 [οι.
2903 1789 2971 1863 L]
3003 1790 3116 1844 ¹⁶⁰¹.

2313 1898 2380 1936 ΑΙ)
2407 1897 2650 1938 ΒΑΝϐἸᾺΜ
2681 1897 2932 1937 νιιιθιδιεδι
2957 1895 3162 1936 IMR“!
3179 1921 3195 1937 ο

2351 1972 2484 2027 Cum
2501 1989 2644 2034 mem
2669 1973 2854 2027 timore
2874 1973 3149 2043 premitur.

2029 2067 2194 2136 Virgo
2223 2065 2315 2102 ³⁸⁸³
2335 2065 2538 2120 mundo
2562 2064 2910 2133 venerabilis,
2926 2073 3106 2120 mater
3127 2065 3366 2120 humano
3379 2077 3542 2136 gene-

1958 2160 2002 2214 ri
2031 2159 2302 2224 amabilis,
2333 2157 2534 2214 femina
2559 2157 2768 2228 angelis
2800 2156 3084 2224 mirabilis,
3121 2155 3288 2212 Maria
3309 2155 3538 2214 sanctis-

1955 2250 2090 2305 sima
2115 2289 2128 2316 ,
2161 2247 2318 2317 cujus
2349 2250 2506 2306 beata
2541 2247 2854 2319 virginitate
2889 2247 3067 2302 omnis
3113 2254 3366 2300 sacratur
3388 2246 3534 2300 inte-

1951 2343 2136 2414 gritas,
2169 2341 2326 2412 cujus
2353 2341 2588 2412 glorioso
2638 2349 2794 2410 partu
2826 2339 3006 2394 omnis
3025 2337 3264 2394 salvatur
3289 2335 3534 2392 fecundi-v

1951 2445 2054 2488 tas.
2087 2434 2311 2489 Domina
2343 2449 2536 2504 magna
2569 2433 2680 2497 ²⁶⁰³,
2705 2432 2790 2488 cui
2820 2432 3024 2501 gratias
3052 2430 3164 2502 agit
3190 2429 3380 2484 concio
3409 2428 3532 2484 laeta

1945 2526 2221 2594 justorum
2247 2567 2262 2591 ,
2291 2526 2358 2580 ad
2383 2541 2546 2596 quam
2577 2525 2713 2596 fugit
2743 2525 2930 2580 territa
2961 2523 3116 2578 turba
3151 2522 3244 2558 ¹⁶⁰δ
3291 2535 3528 2576 reorum.

1947 2613 2030 2669 Ad
2057 2624 2127 2678 te,
2159 2625 2463 2685 praepotens
2489 2623 2542 2668 et
2567 2615 2882 2672 misericors
2908 2613 3122 2669 domina
3142 2655 3156 2678 ,
3195 2626 3295 2681 ego
3336 2625 3530 2680 pecca-

1947 2713 2034 2760 tor
2063 2714 2120 2760 ct
2169 2705 2356 2776 utique
2403 2705 2565 2760 nimis
2593 2713 2847 2774 peccator
2899 2701 2992 2734 ¹⁶⁰⁵
3023 2701 3218 2756 anxius
3243 2699 3518 2770 confugio.

1945 2796 2147 2852 Videas
2169 2796 2314 2852 enim
2331 2810 2436 2862 me,
2459 2795 2697 2860 domina,
2722 2806 2849 2850 ante
2878 2792 3108 2848 districti
3125 2789 3324 2860 judicis
3353 2791 3532 2845 omni-

1943 2897 2217 2960 potentem
2246 2887 2520 2957 justitiam
2547 2926 2564 2955 ,
2601 2894 2656 2944 et
2686 2887 3037 2943 considerans
3065 2883 3158 2938 irae
3189 2881 3305 2950 ejus
3333 2880 3528 2938 intole-

1943 2983 2174 3038 rabilem
2209 2979 2642 3044 vehementiam,
2686 2977 2964 3048 perpendo
3009 2985 3352 3046 peccatorum
3380 2986 3530 3028 meo-

1941 3089 2061 3130 rum
2085 3073 2552 3136 enormitatem,et
2573 3070 2893 3140 condignam
2921 3075 3312 3123 tormentorum
3335 3065 3528 3120 imma-

1941 3167 2187 3222 nitatem.
2221 3163 2396 3218 Tanto
2426 3163 2590 3234 igitur
2611 3202 2626 3226 ,
2661 3161 2876 3216 domina
2915 3156 3358 3218 clementissima,
3393 3157 3522 3210 bor-

1939 3254 2346 3318 roreturbatns,
2371 3261 2522 3306 tanto
2545 3265 2742 3322 pavore
2765 3251 3109 3320 perterritus,
3130 3245 3286 3316 cujus
3313 3247 3528 3303 enixius

1939 3345 2242 3416 implorabo
2265 3341 2743 3405 interventionem,
2765 3354 2927 3409 quam
2957 3335 3110 3406 cujus
3131 3345 3318 3392 uterus
3339 3339 3526 3392 ωιυτιξὶ

1937 3435 2073 3490 fovit
2141 3433 2661 3490 reconciliationem.
2709 3429 2862 3487 Unde
2889 3431 3134 3486 securius
3178 3427 3418 3484 velocem
3471 3423 3526 3476 in

1937 3528 2264 3584 necessitate
2284 3527 2694 3582 subventioncm
2721 3522 2970 3593 sperabo,
2985 3537 3146 3592 quam
3167 3523 3308 3574 unde
3324 3519 3524 3573 mundo

1937 3618 2268 3689 processisse
2297 3616 2736 3687 propitiationem
2761 3614 2918 3670 scio?
2944 3613 3052 3666 Aut
3089 3609 3246 3679 cujus
3267 3609 3524 3664 interces-

1937 3711 2020 3764 sio
2045 3709 2260 3763 facilius
2290 3721 2382 3762 reo
2409 3707 2622 3761 veniam
2663 3703 2998 3774 impetrabit,
3031 3717 3194 3772 quam
3224 3715 3344 3770 qua:
3371 3699 3520 3754 illum

1937 3801 2246 3871 generalem
2270 3807 2325 3853 et
2355 3798 2683 3868 singularem
2715 3796 2928 3866 justum
2973 3795 3205 3850 ultorem
3225 3803 3280 3847 et
3303 3792 3517 3846 miseri-

1936 3891 2152 3944 cordem
2180 3887 2504 3942 indultur-cm
2531 3885 2794 3940 lactavit?
2837 3883 2986 3940 Sicut
3019 3896 3288 3950 namque,
3320 3880 3519 3935 leatis-

1937 3981 2092 4046 sima,
2125 3978 2458 4047 impossibile
2485 3986 2571 4032 est
2611 3985 2670 4030 ιιι
2694 3975 2806 4030 luce
2835 3975 3026 4030 merita
3059 3973 3154 4030 tibi
3189 3981 3300 4026 tam
3335 3971 3522 4040 singu-

1937 4071 2068 4126 laria
2095 4071 2252 4126 nobis
2283 4079 2388 4124 tam
2415 4067 2722 4124 necessaria
2755 4065 3132 4131 obliviscaris;
3167 4064 3270 4128 sic,
3298 4061 3519 4116 mitissi-

1935 4175 2044 4226 ma,
2075 4159 2393 4214 incredibile
2422 4167 2506 4213 est
2527 4167 2583 4210 ιιι
2613 4155 3038 4234 supplicantibus
3059 4152 3269 4208 miseris
3301 4151 3393 4182 ²⁶⁰⁰
3413 4167 3518 4204 non

1935 4253 2262 4308 miserearis.
2325 4251 2469 4305 Bene
2520 4249 2718 4319 quippe
2770 4249 2920 4304 novit
2971 4245 3234 4311 mundus,
3290 4257 3390 4298 nec
3419 4257 3518 4296 nos

1936 4345 2118 4400 mundi
2165 4353 2480 4415 peccatores
2525 4342 2791 4396 ullatenus
2839 4340 3180 4396 dissimulare
3229 4337 3319 4371 ⁸⁵⁸⁷
3381 4335 3518 4406 pati-

537 4505 542 4508 _
1516 4432 1748 4488 VARIAE
1787 4435 2194 4491 LECTIONES.

325 4523 418 4554 ⁸⁵⁸⁵
443 4523 690 4578 Alienata
719 4539 819 4577 ms.
859 4521 996 4577 Vict.
1033 4524 1122 4578 16.
1153 4523 1329 4576 aliena
1409 4523 1500 4556 ⁸⁵⁸⁸
1525 4523 1644 4578 Jam
1675 4527 2014 4582 obmutescat
2053 4544 2178 4580 mss.
2226 4527 2564 4579 obmutescat
2639 4524 2730 4556 ³⁵⁸⁷
2763 4521 2870 4578 Cur
2904 4523 2983 4578 sic
3028 4537 3154 4576 mss.
3189 4523 3269 4575 vel
3311 4537 3408 4576 cur
3433 4525 3514 4580 sic

256 4595 344 4626 ⁸³⁸⁸
377 4594 486 4648 Cur
536 4595 794 4648 obruistis
829 4593 932 4648 illis
976 4609 1100 4648 mss.
1136 4593 1218 4648 vel
1249 4609 1348 4648 cur
1376 4589 1657 4649 Obstruitis
1706 4595 1776 4649 illi

1877 4599 1968 4630 "‘9
2007 4597 2294 4654 Orationes
2341 4595 2505 4650 vestri
2547 4593 2786 4663 pudore?
2839 4594 2882 4647 si
2915 4602 3151 4663 mentem
3198 4590 3330 4663 ejus;
3351 4597 3514 4650 vestri

255 4663 458 4720 fecistis
482 4677 673 4734 amore
706 4664 1034 4730 dementem,
1072 4679 1170 4718 cur
1199 4663 1548 4734 obstruxistis
1579 4664 1651 4717 illi
1683 4681 1869 4720 vocem
1901 4669 2171 4722 oratiOnis
2198 4667 2364 4720 vestri
2391 4661 2635 4734 pudore?
2681 4673 2916 4719 mentem
2952 4661 3068 4728 ejus
3102 4664 3264 4716 vestri
3311 4661 3516 4734 fecistis

253 4749 434 4808 amore
459 4733 764 4808 dementem
788 4775 801 4800 ,
831 4749 927 4808 cur
953 4749 1176 4808 sensum
1213 4733 1330 4804 ejus
1361 4735 1526 4808 vestri
1553 4734 1777 4790 redditis
1806 4745 2021 4808 torpore
2049 4753 2154 4790 non
2175 4733 2558 4808 servientem?
2595 4734 3028 4808 mss.__orationis
3055 4734 3221 4787 vestri
3265 4733 3514 4808 pudore?

252 4805 293 4860 si
330 4811 564 4858 mentem
594 4803 712 4871 ejus
737 4803 1150 4874 vestr-ifeeistis
1177 4821 1362 4859 amore
1386 4805 1692 4858 dementem
1717 4849 1732 4872 ,
1763 4807 1845 4860 vel
1887 4803 1984 4862 cur
2005 4823 2222 4861 sensum
2253 4806 2368 4874 ejus
2411 4817 2594 4860 vestro
2620 4805 2843 4860 redditis
2873 4811 3088 4871 torpore
3129 4818 3238 4857 non
3273 4803 3512 4874 sentieno

255 4875 393 4944 tum?
465 4875 558 4944 “79°
603 4873 994 4944 humanitatis,
1051 4875 1336 4944 praiset'ttia
1389 4877 1611 4930 nitentis
1657 4877 1907 4932 sanitatis
1955 4895 2082 4930 nisa.
2112 4873 2440 4944 iniquitatis
2481 4876 2534 4927 in
2585 4877 2870 4944 pra-sentia
2929 4873 3151 4928 nitentis
3191 4873 3509 4944 sanctitatis

255 4944 341 4976 "’9‘
368 4943 468 5011 Qui
491 4943 727 5014 Angelos
757 4959 880 4998 mss.
923 4957 1041 5013 quae
1069 4943 1300 5014 Angelos
1377 4945 1468 4977 ³⁵⁸⁸
1503 4945 1546 4998 0
1575 4947 1886 5014 perturbata
1918 4963 2041 5000 mss.
2085 4942 2272 4998 νέοι]
2287 4949 2336 4999 ti.
2365 4953 2414 4998 et
2447 4942 2679 4998 Valluc.
2707 4944 3112 5014 0-pcrturbatio
3187 4942 3280 4974 ¹⁸⁹³
3305 4943 3514 5014 Praepa-

249 5016 433 5084 venda
455 5011 694 5069 conditio
722 5031 847 5084 mss.
879 5011 1135 5084 peccandi
1159 5011 1413 5084 conditio
1490 5011 1587 5045 ηπ
1627 5017 1906 5084 Apparare
1945 5021 2039 5070 tibi
2081 5017 2288 5084 lugiunt
2329 5031 2454 5068 mss.
2493 5029 2754 5084 apparere
2779 5011 2898 5067 tibi
2931 5011 3356 5084 refuginntmsa.
3394 5011 3514 5065 Val-

256 5085 359 5140 luc.
385 5083 538 5139 Flor.
571 5099 765 5155 parere
790 5080 890 5138 tibi
917 5081 1131 5155 fugiunt.
1205 5083 1300 5115 ‘m
1325 5083 1442 5139 Non
1474 5080 1736 5138 sanantur
1769 5103 1868 5141 ms.
1919 5087 2049 5140 Vict.
2089 5080 2176 5139 lli.
2214 5096 2259 5138 et
2291 5085 2444 5138 Flor.
2476 5080 2581 5138 non
2623 5087 2766 5138 enim
2803 5091 3064 5138 sanantur
3139 5083 3232 5114 “'6
3254 5080 3364 5136 Nec
3371 5097 3508 5204 1ψο-

256 5157 446 5204 duntur
473 5156 591 5204 sine
619 5171 719 5204 ms.
757 5153 941 5204 Cartlt.
976 5171 1076 5204 nec
1121 5153 1423 5204 nerdumnr
1453 5155 1572 5204 sine
1647 5155 1738 5189 “’7
1777 5157 2038 5204 Effectum
2079 5156 2256 5204 itrsilm
2283 5171 2408 5204 mss.
2435 5153 2684 5204 allectum
2716 5155 2890 5204 insita!
2931 5167 3058 5204 mss.
3091 5151 3248 5204 Corb.
3291 5161 3338 5204 cl
3418 5153 3508 5204 ὅτι.

250 5157 446 5238 duntur
467 5151 591 5238 sine
619 5171 719 5238 τιιὲ
757 5151 1076 5236 Cartlt._nec
1117 5153 1423 5238 perduntur
1453 5155 1610 5236 sine.
1647 5155 1738 5189 ⁸⁵⁸⁷
1777 5157 2042 5236 Effectum
2079 5156 2256 5238 insita:
2283 5153 2890 5238 mss..affectutuAiusit:e
2925 5167 3058 5238 mss.
3091 5151 3248 5204 Corb.
3291 5161 3338 5204 ct
3365 5151 3486 5238 yid

253 5227 338 5280 l5.
367 5235 416 5280 et
459 5224 607 5278 Flor.
636 5223 831 5278 all'ectu
864 5223 1042 5277 insita:

1139 5223 1212 5255 ⁸⁹⁸
1241 5223 1410 5295 Magis
1438 5225 1718 5297 curatione
1745 5241 1869 5281 mss.
1903 5227 2075 5297 magis
2105 5221 2221 5297 ejus
2253 5225 2536 5297 curatione
2611 5225 2702 5297 “3'
2733 5223 3056 5297 Quotldolct
3084 5237 3209 5274 mss.
3241 5221 3507 5297 q_uo_t_l__do-

251 5295 356 5349 lcat
411 5295 526 5365 ξω
553 5293 680 5365 Tute
703 5295 884 5349 sordet
911 5311 1033 5347 mss.
1067 5303 1171 5347 tua:
1199 5289 1418 5348 sordeat
1495 5294 1584 5365 9"“
1610 5295 1818 5349 (Iollam
1849 5313 1967 5350 cum
1993 5289 2232 5365 prwfutis
2260 5294 2388 5346 Mss.
2419 5295 2740 5350 Alternatim
2769 5293 2836 5365 ad
2867 5293 3175 5365 Matrem‘et
3215 5289 3283 5365 ad
3315 5289 3508 5365 Filium

253 5382 374 5418 mss.
409 5362 614 5417 Thuan.
647 5363 836 5418 Oratio
861 5365 1096 5418 secunda
1124 5365 1190 5416 ad
1222 5375 1466 5418 sanctam
1493 5363 1741 5425 Mariam.
1767 5383 1890 5420 cum
1921 5359 2076 5420 mons
2105 5359 2429 5418 sollicitatur
2451 5365 2646 5419 timore
2667 5381 2766 5417 ms.
2797 5363 2920 5416 Bcc.
2957 5361 3144 5415 Oratio
3172 5359 3238 5415 ad
3259 5363 3505 5418 candent.

252 5451 368 5488 cum
399 5433 1128 5532 mens'sollicitattggtiutore
1161 5451 1258 5488 ms.
1295 5433 1527 5488 Val-lue.
1555 5435 1740 5532 Ortaatoiio
1761 5437 1839 5532 .ad
1881 5436 2103 5490 Beatam
2131 5443 2180 5488 et
2215 5434 2502 5532 glorioslatu
2535 5443 2944 5532 etnperpetuam
2974 5431 3245 5532 \’irﬁi:t$tt
3283 5431 3384 5486 De'r
3406 5432 3508 5532 6's-

253 5505 500 5532 ..tnntnn...
561 5504 759 5532 -ηκῖηηι
1049 5503 1201 5532 ,μζ-...Λ
1229 5521 1332 5532 ιι..-
1399 5505 1547 5532 ..ἰ-κη
1808 5507 1986 5532 ’.μιῇ-,ι
2033 5520 2221 5532 ...ιη-..ι
2259 5521 2332 5532 ..η
2431 5503 2444 5516 ‘
2472 5521 2528 5532 ι...
2627 5505 2802 5532 Ληιιηη
2844 5517 2960 5532 man
3206 5511 3318 5532 ιιι-ιη
3353 5511 3440 5532 ι...-
3463 5518 3504 5532 ..ι

253 5501 762 5576 nitricem‘Mariam
836 5503 1201 5576 ‘Ff‘ithirgo
1229 5521 1352 5557 mss.
1399 5505 1548 5576 virgo
1629 5505 1720 5554 ιρδοδ
1758 5505 1988 5576 Domina
2033 5501 2357 5576 tuagna‘nts.
2396 5501 2804 5576 lt'lorabomina
2844 5517 2960 5576 mea
3039 5505 3054 5576 ξ

3085 5501 3132 5534 ⁰δ
3160 5501 3318 5556 Tetra
3353 5503 3506 5555 turba

253 5591 370 5628 mss.
397 5573 586 5628 territa
619 5575 772 5627 turba
851 5575 942 5605 “‘°‘
981 5571 1159 5627 Nimis
1186 5571 1534 5642 peccatorum
1575 5591 1700 5628 mss.
1735 5575 1897 5629 nimis
1941 5571 2194 5642 pct'eatnr
2271 5573 2362 5606 ¹⁶⁰⁶
2393 5573 2832 5642 Supplicantibus
2875 5573 3088 5628 miseris
3113 5589 3210 5626 ms.
3261 5571 3388 5626 Vict.
3421 5573 3506 5626 ltl.

255 5644 676 5712 Supplicautibus
705 5645 798 5702 tibi
837 5645 1052 5702 miseris

1131 5645 1218 5679 “3‘”
1263 5645 1617 5703 Dissimulare
1646 5661 1770 5700 mss.
1820 5644 1950 5698 Vict.
1989 5645 2040 5698 5.

2080 5656 2126 5698 rt
2175 5643 2266 5698 Υιιί
2296 5643 2400 5698 lac.
2446 5643 2771 5698 dissimulari
