3906 6058
361 193 460 249 951

684 192 743 250 S.
782 193 1083 249 ANSELMI
1117 190 1468 247 CANTUAR.
1502 186 1822 244 ARCHIEP.
1863 183 2013 241 OPP.
2047 183 2227 239 PARS
2261 183 2327 239 ll.
2363 214 2433 225 —
2473 183 2840 239 ΡΑΒΑΕΝΕΤ.
2883 182 2973 238 ET
3012 182 3256 240 ASCET.

3508 182 3629 237 952

360 321 484 362 mur
505 284 525 363 :7
554 307 710 370 satis,
737 308 978 378 inquam,
1017 321 1050 361 ο
1081 305 1318 369 domina,
1347 304 1481 359 satis
1509 304 1775 366 novimus,
1831 301 1925 376 qui
1955 306 2003 364 Α
2030 299 2317 355 reconcilio
2346 312 2565 354 servum
2588 308 2736 354 tuum
2766 298 2879 354 ﬁlio
2918 307 3012 354 tuo
3050 299 3160 353 ¹⁶¹⁸.
3193 297 3293 364 Qui
3320 313 3405 353 me
3431 297 3628 366 injicio

321 441 328 454 ι
361 396 537 453 Filius
558 399 802 463 hominis,
826 397 907 452 vel
938 397 1090 465 cujus
1117 397 1355 453 hominis
1384 396 1523 450 ﬁlius
1551 396 1645 428 ¹⁶⁰⁸
1668 396 1932 450 ιεειιὶιεαιο

358 508 480 546 sum
501 490 674 561 facere
705 491 845 560 quod
890 490 1112 557 perierat
1128 488 1290 560 '(Luc.
1333 505 1428 543 χιι
1452 529 1468 555 ,
1510 488 1578 545 10
1603 490 1643 562 ).
1684 488 1933 559 Nunquid

358 594 488 649 ergo
518 588 593 641 ιιι,
621 578 834 633 domina
848 593 987 653 mea,
1014 587 1187 632 mater
1209 580 1321 647 spei
1336 595 1486 647 meae,
1517 580 1756 648 nunquid
1793 580 1933 634 obli-

357 667 581 722 visceris
609 674 686 732 tu,
716 666 841 721 odio
871 667 1014 733 mei,
1049 670 1192 737 quod
1242 670 1441 724 mundo
1482 678 1591 722 tam
1626 669 1933 725 misericor-

356 757 502 812 diter
527 765 613 813 est
633 757 964 822 iutintatum,
1020 771 1127 812 tam
1165 758 1398 814 feliciter
1420 759 1777 830 divulgatum,
1823 769 1932 815 tam

356 857 603 904 amanter
642 849 1050 919 amplexatum?
1091 850 1183 905 Ille
1217 850 1389 906 bonus
1417 851 1557 906 ﬁlius
1581 852 1814 907 hominis
1844 852 1936 884 ¹⁶⁹⁹

354 937 504 992 venit
528 938 796 1008 perditum
827 938 1038 995 salvare
1062 947 1276 1009 sponte,
1325 950 1378 994 et
1407 950 1582 995 mater
1613 941 1705 995 Dei
1742 941 1938 1010 poterit

354 1026 620 1096 perditura
651 1028 971 1085 clamantem
1009 1045 1114 1084 non
1133 1044 1325 1084 curare
1344 1029 1369 1082 ?
1390 1028 1566 1084 Bonus
1580 1030 1669 1085 ille
1683 1030 1822 1084 ﬁlius
1841 1030 1937 1084 bo-

356 1118 519 1173 minis
547 1119 903 1175 venitvocare
922 1131 1233 1189 peccantem
1260 1120 1327 1173 ad
1354 1122 1701 1190 paenitentiam
1717 1120 1864 1192 (Luc.
1881 1137 1933 1186 v,

354 1206 447 1273 32)
470 1208 636 1279 280
655 1226 669 1275 ;
691 1218 744 1264 et
764 1210 905 1266 bona
930 1221 1104 1267 mater
1117 1221 1425 1267 contemnet
1447 1212 1536 1245 ¹⁶¹⁰
1558 1223 1864 1282 precantem
1883 1216 1934 1267 in

358 1296 449 1330 ¹⁶¹¹
476 1299 797 1367 poenitentia
824 1300 955 1354 ‘5“?
985 1301 1098 1365 ille,
1123 1301 1365 1370 inquam,
1396 1302 1570 1357 bonus
1602 1302 1765 1369 Deus,
1789 1304 1936 1360 mitis

357 1384 541 1452 homo,
594 1388 907 1444 misericors
954 1390 1125 1445 Filius
1168 1391 1285 1457 Dei,
1337 1392 1458 1461 pius
1490 1392 1660 1447 Filius
1705 1394 1937 1450 hominis

354 1480 1032 1551 venitquterereerrantem
1066 1495 1404 1553 peccatorem
1428 1502 1443 1549 ;
1470 1494 1525 1540 et
1541 1493 1593 1538 tu
1611 1485 1747 1540 bona
1766 1497 1939 1541 mater

354 1571 496 1640 ejus,
544 1582 741 1643 potens
788 1584 963 1629 mater
1013 1574 1148 1639 Dei,
1205 1573 1431 1643 repellcs
1472 1576 1731 1629 miserum
1780 1592 1939 1631 oran-

357 1672 465 1716 tem
482 1662 509 1716 ‘!

426 1752 568 1810 Ecce
589 1754 756 1821 enim,
781 1770 814 1810 ο
852 1754 1015 1827 Virgo
1036 1798 1052 1822 ,
1097 1762 1259 1814 homo
1288 1756 1354 1813 de
1384 1772 1489 1826 qua
1537 1765 1694 1812 natus
1734 1756 1825 1788 ²⁸¹³
1853 1764 1938 1813 est

356 1845 497 1901 Deus
515 1844 687 1923 homo,
718 1855 775 1900 ut
798 1847 1102 1902 salvaretur
1120 1857 1373 1919 peccator
1392 1849 1574 1913 homo,
1602 1862 1732 1902 ecce
1753 1863 1935 1903 coram

355 1938 498 1993 bono
520 1935 629 1992 ﬁlio
657 1924 770 2006 tuo,
805 1928 1071 1993 etcoram
1115 1939 1255 1995 bona
1292 1948 1465 1993 matre
1502 1938 1619 2005 ejus
1648 1938 1742 1969 ¹⁶¹⁸
1766 1940 1940 2009 pteui-

357 2035 434 2083 tet
465 2037 521 2084 et
540 2028 848 2093 conﬁtetur,
871 2031 1039 2101 gemit
1058 2038 1113 2085 et
1136 2040 1257 2085 orat
1284 2039 1539 2101 peccator
1560 2031 1739 2084 homo.
1768 2029 1940 2087 Obse-

356 2131 452 2174 cro
476 2132 606 2192 ergo
629 2134 724 2175 vos
754 2120 872 2185 ³⁸η,
896 2120 1036 2176 bone
1064 2119 1290 2175 Domine
1318 2130 1374 2176 et
1392 2120 1533 2176 bona
1566 2120 1804 2188 domina,
1833 2120 1935 2177 ob-

357 2223 515 2266 secro
554 2226 669 2278 vos,
697 2211 785 2281 pie
820 2211 898 2267 ﬁli
926 2220 981 2267 et
1015 2211 1105 2282 pia
1135 2222 1310 2266 mater
1332 2211 1446 2277 ω’,
1474 2211 1702 2267 obsecro
1726 2227 1823 2266 vos
1839 2226 1937 2281 per

361 2303 505 2358 hanc
531 2302 702 2375 ipsam
731 2304 1018 2360 veritatem
1040 2344 1054 2369 ,
1102 2318 1199 2374 per
1225 2305 1366 2360 hanc
1412 2302 1738 2373 singularem
1784 2318 1935 2373 spem

358 2402 702 2464 peccatorum
735 2405 790 2450 ut
818 2397 959 2451 sicut
996 2395 1088 2428 ¹⁶¹⁷
1123 2411 1246 2451 vere
1283 2404 1342 2451 tu
1368 2410 1427 2451 es
1476 2395 1616 2451 ﬁlius
1640 2394 1776 2463 ejus,
1802 2405 1857 2451 et
1880 2404 1936 2450 tu

356 2493 530 2539 mater
556 2481 672 2553 ejus
695 2493 753 2539 ut
779 2484 1016 2541 salvetur
1039 2494 1295 2556 peccator
1314 2525 1330 2551 ,
1380 2484 1461 2540 sie
1489 2485 1570 2541 sic
1621 2484 1940 2540 absolvatur

358 2574 453 2608 ³⁸⁸⁸
478 2584 535 2631 et
553 2586 774 2630 curetur
803 2576 895 2608 ¹⁶¹⁹
916 2616 932 2639 ,
963 2586 1184 2631 sanetur
1202 2585 1258 2631 et
1288 2574 1526 2630 salvetur
1549 2575 1933 2643 bic.peccator.

357 2662 558 2718 Probet
584 2664 637 2718 in
674 2678 766 2729 se,
797 2664 989 2732 probet
1024 2664 1112 2720 hic
1153 2674 1341 2720 vester
1367 2672 1625 2734 peccator
1647 2664 1774 2734 quia
1811 2679 1938 2720 vere

358 2755 514 2819 estis,
544 2754 744 2810 sentiat
764 2756 816 2809 in
847 2770 906 2810 se
926 2757 1051 2826 quia
1080 2765 1303 2826 propter
1326 2756 1554 2811 salutem
1584 2766 1928 2826 peccatorum

358 2844 493 2899 estis
521 2852 575 2898 tu
604 2842 745 2898 ﬁlius
766 2883 781 2909 ,
808 2853 865 2898 et
893 2853 949 2899 tu
981 2855 1171 2899 mater.
1214 2845 1406 2901 Vester
1435 2855 1583 2900 certe
1634 2845 1726 2877 ¹⁶²⁰
1753 2846 1937 2901 ambo-

359 2951 478 2989 rum
505 2944 779 3006 peccator.
804 2934 936 2991 Cum
959 2936 1102 2992 enim
1131 2937 1350 3006 peccavi
1398 2938 1451 2991 in
1503 2937 1693 3003 ﬁlium,
1722 2937 1934 2991 irritavi

2037 391 2173 445 inter
2216 390 2306 423 ¹⁶²⁵
2336 391 2471 445 duas
2494 400 2602 445 tam
2634 391 2926 446 immensas
2944 391 3174 461 pietates
3200 390 3315 453 ‘5".
3346 406 3450 446 non
3483 390 3631 444 inci-

2036 481 2157 535 dam
2200 480 2253 534 in
2297 481 2433 536 duas
2487 489 2598 535 tam
2641 488 2889 550 potentes
2952 481 3290 536 severitates.
3337 480 3481 559 Bone
3516 480 3625 546 ﬁli,

2035 570 2174 625 bona
2214 580 2409 637 mater,
2443 586 2548 627 non
2597 570 2728 626 mibi
2763 570 2835 625 sit
2863 571 3064 626 frustm
3082 571 3225 641 quod
3258 570 3523 626 conﬁteor
3550 570 3630 625 de

2036 660 2190 715 vobis
2214 662 2352 714 hanc
2388 661 2672 716 veritatem
2696 701 2710 725 ,
2753 674 2853 715 nec
2873 660 3189 716 erubescam
3212 660 3358 730 quod
3379 675 3537 730 spero
3563 661 3629 715 in

1990 796 1998 803 .
2037 748 2190 803 vobis
2234 749 2374 804 hanc
2430 750 2707 819 pietatem.
2746 751 2884 804 Amo
2930 750 3073 804 enim
3126 749 3410 804 veritatem
3452 764 3629 818 quam

2036 839 2303 895 conﬁteor
2322 840 2390 896 de
2424 841 2599 909 vobis,
2629 851 2685 898 et
2698 842 2960 912 deprecor
2988 840 3244 912 pietatem
3269 857 3432 912 quam
3457 857 3628 913 spero

2038 930 2092 983 in
2120 929 2293 986 vobis.

2107 1022 2226 1090 Dic,
2264 1025 2651 1092 mundijudex,
2687 1027 2771 1081 cui
2805 1027 3040 1096 parces?
3071 1027 3185 1090 Dic.
3209 1027 3394 1082 mundi
3422 1027 3513 1059 ⁸⁸³⁷
3537 1042 3627 1083 re-

2038 1112 2399 1176 conciliatrix,
2425 1130 2585 1184 quem
2615 1125 2671 1171 tu
2703 1116 3079 1173 reconciliabis
3115 1134 3129 1171 :
3181 1117 3226 1172 si
3256 1127 3333 1182 tu,
3366 1118 3623 1183 Domine,

2038 1202 2295 1268 damnas;
2326 1212 2381 1259 et
2405 1214 2481 1271 tu,
2518 1206 2738 1261 domina
2765 1245 2781 1271 ,
2818 1207 3079 1263 averteris
3115 1206 3209 1240 *⁸⁸⁸
3232 1208 3623 1263 homunculum

2037 1294 2175 1349 bona
2198 1303 2381 1350 vestra
2405 1309 2528 1351 eum
2556 1311 2760 1362 arnore,
2793 1297 2933 1352 mala
2956 1313 3053 1355 sua
3075 1313 3200 1354 cum
3232 1313 3469 1355 nnerore
3524 1299 3623 1332 “"

2038 1382 2430 1443 conﬁtentem?
2458 1386 3031 1461 Salvatorsingularis,
3059 1390 3318 1458 diequem
3345 1390 3623 1446 salvabis?

2040 1471 2244 1528 Salutis
2275 1483 2469 1541 mater,
2500 1476 2587 1531 dic
2619 1491 2718 1546 pro
2738 1492 2846 1547 quo
2874 1478 3101 1534 orabis?
3145 1480 3190 1536 si
3221 1489 3300 1547 te,
3353 1478 3621 1543 Domine,

2038 1564 2406 1634 praecipiente,
2436 1576 2493 1623 et
2518 1576 2591 1633 te,
2624 1567 2875 1632 domina,
2930 1552 3308 1625 co'usentiente
3367 1570 3482 1637 ¹⁶³⁶,
3510 1578 3625 1626 tor-

1968 1672 2012 1726 Β
2040 1664 2217 1710 menta
2240 1665 2439 1710 vexant
2465 1666 2803 1725 peccatorem
2823 1674 2882 1714 se
2902 1670 3301 1724 exsecrantem,
3341 1675 3437 1715 vos
3455 1659 3625 1714 obse—

2040 1755 2315 1811 crantem;
2345 1751 2393 1802 sl
2417 1745 2661 1803 infernus
2702 1748 2961 1817 absorbet
2985 1765 3135 1827 reum
3159 1765 3218 1806 se
3243 1759 3614 1813 accusantem,

2039 1849 2134 1891 vos
2162 1835 2576 1906 deprecantem;
2620 1839 2667 1893 si
2699 1846 2902 1894 tartara
2940 1840 3202 1895 devorarat
3232 1855 3523 1918 pauperem
3566 1840 3623 1894 in

2039 1943 2098 1983 se
2119 1928 2515 1998 desperantem,
2542 1932 2596 1985 in
2626 1931 2779 1987 vobis
2804 1941 3135 2002 sperantem.

2110 2017 2271 2086 Deus,
2298 2020 2391 2088 qui
2420 2018 2598 2075 factus
2632 2035 2691 2078 es
2725 2021 2867 2077 ﬁlius
2896 2021 3111 2077 femina:
3151 2032 3370 2093 propter
3408 2024 3625 2080 miseri-

2038 2108 2275 2163 cordiam
2303 2125 2318 2175 ;
2348 2107 2570 2175 femina,
2609 2125 2729 2180 quae
2755 2110 2898 2168 facta
2929 2127 2990 2168 es
3026 2122 3202 2168 mater
3254 2114 3348 2168 Dei
3396 2124 3624 2184 propter

2041 2201 2474 2257 misericordiam
2507 2203 2624 2269 ιω,
2649 2213 2740 2258 aut
2768 2204 3098 2260 miseremini
3154 2205 3359 2268 miseri,
3392 2215 3448 2258 tu
3496 2222 3625 2274 par-

2042 2290 2240 2354 cendo,
2276 2298 2329 2343 tu
2354 2290 2796 2359 interveniendo;
2825 2303 2919 2348 aut
2940 2294 3210 2350 ostendite
3259 2296 3327 2349 ad
3357 2309 3496 2364 quos
3540 2303 3624 2348 tu-

2040 2378 2146 2434 tius
2189 2379 2391 2450 fugiam
2440 2382 2931 2449 misericordiores,
2973 2394 3031 2439 et
3079 2394 3379 2441 monstrate
3418 2384 3510 2416 ““
3569 2386 3621 2439 in

2038 2471 2232 2539 quibus
2258 2472 2461 2528 certius
2512 2474 2782 2530 conﬁdam
2827 2476 3163 2546 potentiores
3210 2476 3322 2529 ¹⁶³³.
3363 2476 3423 2531 Si
3472 2477 3620 2532 enim

2037 2569 2140 2628 est,
2175 2561 2283 2645 imo
2308 2562 2447 2632 quia
2463 2572 2544 2618 est
2573 2573 2681 2618 tam
2723 2579 2915 2636 magna
2962 2581 3081 2620 mea
3127 2565 3406 2635 iniquitas,
3432 2578 3487 2623 et
3507 2576 3621 2622 tam

2036 2652 2251 2708 modica
2280 2652 2412 2709 ﬁdes
2451 2653 2545 2687 ¹⁶⁸⁸
2571 2669 2713 2722 mea,
2747 2665 2854 2710 tam
2880 2656 3057 2725 tepida
3089 2656 3330 2713 charitas
3351 2672 3487 2723 mea,
3506 2666 3618 2713 tam

2037 2741 2185 2798 fatua
2215 2744 2390 2799 oratio
2417 2759 2571 2812 mea,
2592 2736 2716 2799 'tam
2766 2746 3088 2818 imperfecta
3137 2747 3437 2803 satisfactio
3477 2764 3620 2815 mea,

2039 2842 2098 2888 ut
2130 2849 2237 2887 non
2265 2849 2478 2889 merear
2516 2834 2838 2891 delictorum
2873 2837 3087 2892 veniam
3111 2875 3125 2903 ,
3160 2852 3262 2893 nec
3283 2836 3474 2891 salutis
3500 2851 3625 2906 gra-

2040 2926 2198 2993 tiam;
2228 2927 2332 2983 hoc
2353 2936 2437 2982 est
2467 2928 2641 2998 ipsum
2667 2929 2810 2999 quod
2826 2929 3066 3001 supplico
3096 2918 3202 2984 :‘ut
3222 2931 3276 2985 in
3311 2944 3420 3000 quo
3450 2928 3625 2985 meri-

357 3033 623 3092 matrem;
652 3040 755 3082 nec
774 3025 973 3082 offendi
1005 3035 1255 3093 matrem,
1295 3027 1411 3082 sine
1436 3027 1629 3098 injuria
1660 3027 1774 3081 ﬁlii.
1797 3026 1936 3094 Quid
1964 3010 2006 3067 (ἶ
2041 3030 2094 3075 la
2125 3034 2244 3075 mea
2284 3021 2418 3077 mihi
2448 3021 2539 3055 ³⁸⁸⁵
2568 3023 2763 3080 Videtis
2795 3040 2903 3079 non
2941 3022 3205 3090 sufﬁcere.
3238 3025 3290 3078 in
3313 3037 3378 3078 εο
3402 3023 3627 3078 miseri‘

359 3130 489 3187 ergo
517 3117 685 3172 facies
738 3119 1034 3189 peccator?
1073 3117 1192 3185 Quo
1232 3119 1398 3190 igitur
1436 3118 1610 3190 fugies
1648 3119 1938 3189 peccator?

358 3207 491 3275 Quis
517 3208 660 3264 enim
685 3216 739 3264 te
777 3210 868 3242 ⁸⁸⁸⁸
898 3208 1270 3265 reconciliabit
1296 3209 1428 3277 ﬁlio,
1462 3210 1684 3265 inimica
1706 3218 1880 3266 matre
1904 3227 1920 3273 ;

359 3300 463 3368 Qui
519 3300 618 3356 tibi
643 3302 736 3335 ⁸⁸¹¹
756 3301 993 3372 placabit
1026 3311 1252 3357 matrem
1291 3302 1430 3356 irato
1473 3301 1630 3356 ﬁlio?
1672 3302 1768 3356 sed
1802 3309 1859 3355 et
1889 3303 1935 3356 si

357 3393 518 3449 ambo
546 3394 749 3463 pariter
767 3392 956 3450 oﬁ‘eus'i
980 3394 1136 3460 estis,
1185 3408 1365 3447 nonne
1385 3402 1440 3448 et
1461 3393 1620 3447 ambo
1644 3391 1937 3447 clementes

362 3484 541 3539 estis?
574 3483 769 3555 l-‘ugiat
795 3498 928 3554 ergo
963 3483 1057 3517 ¹⁶⁸³
1096 3496 1220 3537 reus
1247 3482 1382 3552 justi
1411 3481 1505 3536 Dei
1545 3481 1613 3535 ad
1643 3481 1785 3549 piant
1824 3498 1939 3535 nta-

364 3584 502 3630 trem
533 3573 904 3628 misericordis
935 3572 1052 3627 Dei.
1080 3572 1335 3642 Rcfugiat
1360 3586 1484 3626 reus
1504 3570 1721 3626 oﬁ‘ensae
1750 3572 1940 3626 matris

363 3665 432 3721 ad
472 3665 619 3736 pium
673 3662 841 3719 ﬁlium
898 3649 1145 3735 benignae
1202 3665 1412 3719 matris.
1461 3664 1681 3735 lngerat
1726 3677 1786 3718 se
1819 3677 1941 3720 reus

363 3755 646 3826 utriusque
703 3755 846 3810 inter
876 3763 1190 3825 utrumque,
1239 3754 1447 3825 injiciat
1483 3771 1543 3811 se
1587 3756 1731 3810 inter
1789 3754 1936 3824 pium

364 3847 532 3901 tilium
557 3855 614 3902 et
650 3855 878 3902 matrem
913 3838 1079 3919 piam.
1134 3847 1227 3904 l’ie
1279 3847 1523 3915 Domine,
1575 3862 1735 3916 parce
1781 3862 1941 3902 servo

364 3938 553 3994 matris
577 3948 707 4005 tuae;
732 3938 820 4009 pia
875 3938 1112 4002 domina,
1145 3952 1307 4009 parre
1332 3951 1491 3993 servo
1530 3936 1624 3991 ﬁlii
1663 3937 1768 4003 tui;
1800 3938 1940 3992 bone

363 4031 461 4098 ﬁli,
507 4030 661 4102 placa
718 4038 949 4086 matrem
1003 4040 1147 4087 tuam
1194 4044 1352 4086 servo
1401 4039 1521 4095 tuo;
1554 4031 1691 4085 bona
1747 4037 1941 4090 mater.

2041 3113 2237 3169 cordia:
2259 3122 2452 3169 vestra:
2486 3115 2775 3187 dignentur
2819 3131 2924 3172 non
2971 3114 3229 3170 deﬁcere.
3262 3112 3493 3179 Precor,
3520 3113 3627 3169 ita-

2041 3221 2166 3275 que,
2190 3220 2403 3275 precor,
2428 3207 2682 3262 exaudite
2709 3222 2814 3272 me,
2846 3207 2940 3264 sed
2975 3215 3194 3290 propter
3227 3221 3321 3262 vos
3344 3220 3454 3260 non
3494 3219 3623 3274 pro-

2040 3309 2165 3367 pter
2188 3312 2293 3363 me,
2310 3312 2410 3369 per
2430 3299 2684 3368 pietatem
2715 3314 2820 3368 qua
2850 3299 3159 3365 exundatis,
3184 3314 3280 3369 per
3297 3305 3623 3369 potestatem

2042 3403 2147 3457 qua
2178 3389 2491 3457 abundatis,
2514 3400 2574 3444 ut
2609 3391 2837 3446 evadam
2886 3390 3106 3447 meritos
3148 3374 3364 3447 dolores
3400 3390 3624 3444 damna-

2045 3489 2242 3548 torum,
2265 3490 2321 3537 et
2358 3482 2567 3539 intrare
2602 3483 2695 3516 ⁸⁸³⁸
2722 3498 2938 3540 merear
2983 3484 3047 3539 in.
3068 3485 3260 3554 gaudia
3299 3483 3626 3548 beatorum,

2043 3579 2096 3625 te
2124 3570 2293 3625 Deum
2323 3570 2661 3639 laudaturus,
2681 3573 2777 3642 qui
2804 3589 2859 3627 es
2923 3573 3226 3628 benedictus
3271 3582 3322 3626 et
3347 3570 3625 3641 superiac-

2037 3661 2230 3716 dabitis
2261 3662 2316 3716 in
2369 3663 2564 3718 stacqu
2595 3664 2757 3734 (Dan.
2790 3679 2849 3719 ιιι
2875 3703 2889 3729 ,
2915 3663 3011 3734 52)
3041 3663 3381 3720 smculorum.
3420 3664 3623 3719 Amen.

2470 3751 2728 3808 ORATIO
2743 3753 2826 3808 ιιι
2850 3752 3052 3827 [01.1.1]
3080 3753 3192 3807 ηδτ.

2396 3860 2464 3898 ΑΙ)
2494 3860 2734 3900 δΔΝΩΤΑΙ
2759 3860 3016 3902 γιιιθιιηειι
3026 3882 3029 3883 ν
3041 3860 3265 3900 ἈΔΒΙΔΙ.

2215 3936 2347 3991 Cum
2369 3937 2704 3991 meditatione
2729 3948 2776 3991 et
2798 3936 2956 3992 laude
2991 3939 3295 3992 meritorum
3317 3935 3452 4006 ejus.

2122 4024 2314 4093 Maria,
2341 4034 2394 4080 tu
2425 4025 2515 4082 illa
2543 4040 2737 4097 magna
2759 4026 2950 4096 Maria,
2978 4035 3034 4083 tu
3064 4026 3155 4083 illa
3182 4026 3416 4083 maxima
3436 4025 3623 4082 beata~

1638 4194 1871 4249 VARUE
1913 4185 2314 4249 LECTIONES.

439 4327 547 4398 ¹⁶⁶⁶ί
563 4325 811 4398 Hominis
839 4326 981 4381 ﬁlius
998 4396 1006 4398 Α
1023 4326 1169 4398 venit
1182 4324 1436 4398 ms_._Vict.
1454 4325 1541 4381 l6.
1563 4328 1800 4383 hominis
1817 4327 1982 4396 ﬁlius,
2003 4331 2057 4386 id
2081 4338 2186 4393 est,
2212 4329 2288 4384 tui
2306 4328 2496 4398 ipsius,
2515 4329 2662 4383 venit
2678 4326 3100 4398 ,7“°°Bonus_i_llc
3116 4327 3256 4382 ﬁlius
3270 4324 3618 4398 ho_mini_sms.

378 4397 509 4452 Vict.
530 4397 617 4451 16.
636 4396 847 4459 omittit,
867 4396 1101 4451 hominis
1152 4395 1244 4427 ¹⁶¹⁰
1263 4395 1432 4450 Mater
1444 4406 1869 4452 contemnetmss
1885 4393 2075 4455 .Miiter
2093 4400 2184 4453 Dei
2203 4393 2514 4455 contemnet
2529 4416 2653 4453 mss.
2672 4397 2802 4452 Vict.
2824 4398 2907 4452 16.
2929 4408 2976 4451 et
2988 4396 3223 4450 Val-(uc.
3246 4393 3456 4449 etFlor.
3478 4395 3625 4448 bona

367 4477 541 4522 mater
560 4467 648 4520 Dei
677 4475 987 4539 contemnet
1060 4466 1149 4498 "”
1165 4464 1486 4539 Peccantem
1518 4468 1570 4521 in
1593 4484 1717 4522 mss.
1736 4479 2043 4539 precantem
2121 4470 2282 4524 “‘"ln
2304 4469 2618 4539 ptenitentia
2642 4485 2745 4539 ms1
2755 4466 2908 4539 Flor.
2928 4468 2981 4522 in
3001 4467 3371 4539 pregitentiam
3438 4464 3531 4539 “_“
3547 4464 3631 4517 De

369 4553 478 4605 quo
507 4545 668 4609 natus
695 4536 1052 4609 msstdequa
1080 4546 1242 4591 natus
1319 4536 1410 4567 “”
1438 4536 1634 4609 Coram
1664 4534 1889 4609 te_:bona
1922 4550 2095 4595 matre
2123 4539 2240 4609 ejus
2265 4534 2387 4595 mss.
2424 4538 2605 4594 Carth.
2634 4548 2693 4609 et
2728 4536 2960 4609 Yolfluc.
2987 4534 3035 4590 ἐι
3066 4535 3217 4591 Flor.
3259 4550 3443 4609 coram
3474 4534 3628 4589 bona

370 4614 547 4680 matre
569 4606 710 4680 ejus
762 4605 852 4637 ¹⁶¹⁸
880 4606 1120 4680 Obsecro
1142 4621 1238 4660 vos
1260 4622 1388 4680 mss.
1418 4606 1574 4680 _l’ict_.
1603 4617 1661 4680 et
1707 4606 1938 4664 Vat-(uc.
1981 4605 2218 4680 Obsecro
2265 4625 2397 4680 ergo
2446 4624 2557 4680 _vo_s
2582 4678 2589 4680 _
2656 4608 2749 4680 “‘“i
2780 4606 2876 4680 Pie
2906 4616 3094 4680 mater
3139 4623 3271 4680 mss.
3286 4607 3423 4680 __pia_
3446 4613 3631 4660 mater

373 4674 467 4706 “‘7
499 4674 565 4727 Et
592 4685 650 4727 ut
669 4674 808 4728 sicut
834 4692 959 4728 mss.
984 4676 1204 4730 utsicut
1277 4675 1369 4707 ³⁸⁸⁸
1404 4677 1495 4731 Sic
1516 4677 1829 4733 absolvatur
1854 4680 2126 4736 mss.Vict.
2154 4674 2408 4735 Carthfet
2446 4676 2677 4733 Val-luo.
2705 4678 2749 4734 si
2773 4679 2853 4733 sic
2871 4677 3184 4733 absolvatur
3259 4675 3348 4709 ¹⁶¹⁹
3384 4675 3633 4730 Curetur

372 4743 462 4813 hic
490 4759 615 4813 mss.
634 4754 876 4807 curetur,
903 4754 1144 4807 sanetur,
1170 4757 1224 4799 et
1252 4745 1488 4801 salvetur
1520 4748 1606 4801 hic
1683 4748 1774 4780 ¹⁶²⁰
1800 4748 2020 4805 Videtur
2042 4761 2191 4805 certe
2216 4767 2341 4803 mss.
2367 4758 2547 4804 vester
2579 4759 2730 4804 certe
2806 4748 2896 4781 ¹⁶²¹
2926 4748 3058 4813 Quis
3082 4748 3225 4802 enim
3249 4761 3334 4800 me
3351 4762 3447 4799 ms.
3480 4742 3629 4797 Vict.

373 4812 460 4870 16.
486 4812 617 4880 Quis
644 4814 788 4889 enim
819 4824 870 4869 te
945 4814 1036 4845 ¹⁶¹¹
1065 4815 1197 4880 Quis
1227 4817 1354 4870 mihi
1376 4834 1474 4871 ms.
1493 4816 1622 4871 Vict.
1642 4818 1726 4872 16.
1744 4818 1874 4889 Quis
1912 4821 2004 4876 tibi
2080 4820 2172 4879 “3”
2201 4819 2394 4889 Fugiet
2418 4833 2549 4889 ergo
2578 4836 2700 4873 mss.
2730 4819 2902 4889 fugiat
2922 4812 3052 4886 ergo
3126 4816 3633 4889 “"Afiliuttrtuutn

373 4899 535 4941 servo
558 4899 685 4937 mss.
725 4882 859 4939 Vict.
910 4900 1126 4939 servum
1176 4896 1324 4940 tuum
1361 4903 1519 4941 servo
1564 4903 1690 4942 mss.
1742 4882 1970 4943 Val-Iac.
2012 4901 2055 4945 et
2091 4882 2417 4943 FloriaEens.
2458 4882 2670 4943 sci-vum
2716 4882 2867 4943 ιιιιῖιιι
2895 4882 3012 4941 ιίιίό
3050 4896 3140 4941 tuo
3216 4886 3309 4919 ““
3337 4885 3495 4940 Initio
3540 4883 3631 4938 itt-

376 4966 459 5011 ter
485 4969 612 5009 mss.
644 4951 826 5020 injicio
855 4954 1039 5026 interd
1068 4954 1161 5026 mf
1182 4956 1239 5026 In
1273 4964 1382 5010 tam
1427 4966 1675 5026 potentes
1704 4975 1829 5011 mss.
1863 4960 2005 5015 inter
2036 4961 2169 5015 duas
2200 4970 2307 5012 tam
2356 4968 2600 5026 potentes
2642 4976 2767 5014 mss.
2798 4958 2980 5013 Carth.
3017 4955 3260 5011 Vat-luc.
3303 4953 3538 5026 ιιι-ιεἰονἑ
3571 4953 3638 5008 in

375 5027 646 5097 (luastan)
674 5032 976 5097 potentes_»
1001 5024 1091 5057 ¹⁶²⁷
1132 5025 1229 5097 cui
1258 5022 1443 5094 preces
1488 5026 1727 5081 fundam.
1759 5027 1852 5081 Die
1889 5030 2071 5084 mundi
2112 5047 2208 5083 ms.
2239 5022 2395 5082 Cori}.
2427 5029 2512 5083 cui
2553 5044 2731 5097 pares.
2779 5028 2877 5082 Dic
2920 5027 3100 5081 mundi
3152 5044 3277 5080 mss.
3337 5024 3464 5078 Vict.
3495 5022 3632 5077 Bac.

374 5094 559 5150 Carth.
594 5091 799 5164 Val-tuo
832 5104 879 5149 et
908 5093 1060 5151 Flor.
1091 5095 1178 5151 cui
1210 5091 1421 5164 parces,
1447 5096 1534 5151 dic
1565 5097 1746 5150 mundi
1824 5098 1914 5131 ³⁸η
1936 5101 2208 5155 Averteris
2250 5115 2347 5152 ms.
2374 5097 2529 5152 Corb.
2553 5091 2759 5154 avertis
2832 5098 2924 5130 ¹⁶²⁹
2953 5097 3085 5153 Cum
3118 5098 3312 5151 timore
3342 5111 3466 5147 mss.
3498 5107 3636 5164 cum

376 5179 614 5219 niterore
686 5163 778 5197 ³⁸³⁸³
814 5164 878 5219 Ει
900 5165 967 5220 de
1007 5173 1058 5221 te
1087 5163 1458 5221 misericordia
1487 5168 1860 5222 consentiente
1884 5187 2010 5223 mss.
2055 5180 2109 5223 et
2137 5178 2188 5224 te
2219 5167 2441 5222 Domina
2473 5168 2846 5224 consentiente
2921 5166 3014 5199 ¹⁶³¹
3056 5167 3160 5221 Per
3192 5163 3637 5220 misericordiam

375 5250 501 5288 mss.
549 5244 769 5311 propter
811 5235 1241 5311 misericordiam
1319 5234 1410 5267 ι⁸³²
1451 5236 1561 5290 Αυι
1605 5246 1901 5311 monstrate
1939 5255 2065 5311 mss.
2109 5237 2237 5291 Vict.
2266 5236 2597 5311 et~_}{al—_l_uc.
2631 5249 2687 5293 et
2723 5246 3024 5311 monstrate
3100 5234 3639 5311 ‘°”_Potentioribu§

377 5320 504 5357 mss.
553 5302 886 5373 potentiores
922 5304 1077 5373 77"“
1106 5304 1267 5360 Fides
1317 5321 1435 5361 mea
1481 5322 1580 5359 ms.
1616 5303 1748 5359 Vict.
1787 5307 1869 5361 l6.
1907 5309 2075 5362 omitt.
2121 5324 2240 5362 mea
2343 5308 2434 5341 ¹⁶³⁵
2471 5307 2660 5363 Merita
2709 5309 2838 5363 mihi
2893 5325 3019 5362 mss.
3075 5308 3267 5360 merita
3308 5319 3428 5373 mea
3492 5302 3635 5358 mihi

379 5373 474 5411 ⁸⁸³⁸
516 5365 717 5447 lintrem
770 5391 869 5447 ms.
912 5372 1060 5447 Flor.
1107 5374 1313 5447 intrare
1361 5391 1572 5447 mereor
1634 5377 1736 5447 f5”
1779 5376 1985 5447 Coltqta
2034 5389 2106 5432 est
2153 5394 2271 5430 cum
2316 5394 2475 5447 supra
2522 5378 2712 5432 notatis
2764 5377 2892 5432 Mss.
2935 5378 3015 5433 Ad
3075 5378 3301 5430 eandem
3350 5365 3635 5447 Virginem

379 5459 503 5496 eum
554 5444 905 5499 meditatione
949 5452 1004 5497 et
1028 5444 1203 5499 "laude
1242 5446 1558 5500 meritorunt
1598 5444 1714 5512 ejus
1754 5464 1850 5500 ms.
1892 5445 2048 5500 Corb.
2097 5446 2288 5503 Oratio
2335 5443 2402 5502 ad
2451 5460 2693 5504 sanctam
2732 5447 2979 5501 Mariam.
3031 5464 3130 5500 ms.
3180 5447 3385 5499 Timon.
3439 5443 3636 5498 Oratio

381 5513 538 5634 grtia
567 5514 635 5569 ad
662 5522 906 5571 sanetam
945 5512 1165 5571 Mariam
1192 5531 1290 5587 pro
1321 5517 1654 5590 impetrando
1679 5516 1793 5587 ejus
1822 5528 1875 5572 ct
1902 5517 2102 5574 Christi
2126 5534 2333 5575 amore.
2365 5536 2487 5574 mss.
2511 5517 2739 5575 νιιί-ζιιε.
2769 5517 2893 5573 Bec.
2919 5518 3050 5573 ltem
3074 5518 3258 5573 Oratio
3290 5516 3356 5570 ad
3382 5522 3633 5569 sanctam

436 5595 601 5634 artam
874 5620 887 5634 .

436 5595 601 5637 artam
