3906 6058
298 229 401 311 93s

1710 223 2119 282 ORATIONES.

3451 228 3555 284 954

300 360 415 397 rum
446 342 536 373 ’⁸³⁸
559 341 851 395 Mariarum
881 339 1007 403 “3°,
1045 349 1099 393 tu
1131 340 1220 394 illa
1253 340 1483 393 maxima
1520 339 1860 393 feminarum.
1894 349 1941 405 Α
1970 355 2068 409 per
2096 340 2248 410 cujus
2268 339 2628 412 virginitatem
2659 355 2836 394 antma
2864 353 2986 393 mea
3007 339 3290 392 adamatur
3315 352 3345 390 a
3371 337 3554 393 Domi-

298 432 393 496 Te,
426 431 639 485 domina
673 445 865 500 magna
888 439 944 484 et
973 428 1354 496 valdemagna,
1373 437 1423 482 te
1452 427 1562 481 vult
1590 441 1872 481 eormeum

297 540 501 588 amare,
533 536 585 579 te
612 527 759 595 cupit
785 540 847 579 os
877 540 1055 579 meum
1095 525 1344 590 laudare,
1407 534 1457 578 te
1485 524 1758 579 desiderat
1783 540 1870 579 vc-

297 615 642 669 nerarimens
672 631 811 681 mea,
843 623 896 669 te
923 613 1377 668 aﬂectatexorare
1408 612 1500 645 “"°
1527 613 1706 667 anima
1732 628 1870 679 mea,

296 703 421 770 quia
455 703 664 758 tuitioni
700 713 802 756 tute
831 718 888 758 se
918 701 1258 756 commendat
1277 712 1384 757 tota
1404 704 1706 758 substantia
1729 719 1868 758 mea.

297 791 574 846 Enitimini
607 792 817 846 viscera
853 792 1045 846 anima:
1083 807 1256 857 mete;
1315 794 1581 848 enitimini
1613 803 1870 863 quantum

297 883 540 952 potestis,
575 883 619 937 si
651 883 777 952 quid
807 867 1032 951 potestis
1055 883 1144 914 ““
1174 925 1186 948 ,
1218 886 1398 938 omnia
1432 884 1690 939 interiora
1717 900 1833 939 mea
1854 927 1868 952 ,

297 985 357 1030 ut
389 975 507 1042 ejus
534 976 726 1030 merita
766 975 1026 1040 laudetis,
1054 986 1113 1030 ut
1165 975 1283 1044 ejus
1339 977 1724 1032 beatitudinem
1781 977 1873 1012 ‘“’

303 1066 516 1130 ametis,
550 1076 606 1120 ut
651 1065 767 1132 ejus
813 1065 1184 1120 celsitudinem
1241 1065 1615 1132 admiremini,
1647 1055 1705 1122 ut
1755 1066 1871 1135 ejus

300 1155 684 1225 benignitatem
711 1153 801 1186 ⁸⁸³³
825 1155 1206 1224 deprecemini,
1234 1154 1386 1223 cujus
1402 1158 1709 1226 patrocinio
1735 1171 1870 1226 quo-

297 1247 425 1301 tidie
455 1247 738 1316 indigetis,
791 1245 1080 1316 indigendo
1110 1247 1452 1312 desideratis,
1510 1248 1870 1302 desiderando

294 1341 612 1409 imploratis,
661 1340 1001 1409 implorando
1047 1339 1350 1410 impetratis
1397 1340 1509 1393 ‘3“.
1555 1341 1623 1394 Et
1674 1341 1718 1394 si
1759 1356 1866 1396 non

292 1433 587 1486 secundum
638 1432 966 1487 desiderium
1026 1441 1306 1496 vestrum,
1351 1443 1531 1486 tamen
1579 1447 1740 1502 supra
1784 1433 1868 1487 vel

291 1532 438 1577 certe
467 1531 654 1577 contra
683 1509 1201 1577 meritum‘vestrnm
1235 1522 1347 1576 ηδ’.
1392 1523 1595 1594 Regina
1650 1523 1868 1594 angelo-

292 1627 435 1677 rum,
458 1613 674 1668 domina
713 1615 928 1677 mundi,
960 1623 1134 1668 mater
1165 1614 1282 1684 ejus
1308 1615 1399 1684 qui
1442 1617 1669 1670 mundat
1709 1632 1859 1671 mun-

1978 444 2050 484 no
2075 445 2173 486 suo
2192 438 2248 484 et
2286 430 2649 500 desponsatur
2678 430 2788 482 Deo
2826 428 2958 482 suo?
2981 427 3119 490 Quid
3143 465 3158 490 ,
3191 426 3408 494 inquam
3441 427 3553 490 ηδ’,

1981 519 2141 591 digne
2165 520 2398 576 referam
2417 519 2666 590 genitrici
2693 518 2787 572 Dei
2811 526 2865 571 et
2897 516 3106 571 Domini
3134 517 3261 581 mei,
3284 531 3377 585 per
3404 519 3556 585 cujus

1976 611 2367 666 fecunditatem
2398 610 2644 679 captivus
2667 623 2783 663 sum
2809 607 3121 675 redemptus
3149 605 3258 669 “5°,
3284 621 3380 674 per
3401 605 3554 672 cujus

1973 716 2188 776 partum
2212 707 2276 760 de
2303 713 2476 758 morte
2513 711 2711 756 aeterna
2741 717 2858 754 sum
2895 708 3176 767 exemptus
3206 714 3220 758 ;
3265 714 3359 767 per
3402 699 3554 766 cujus

1974 795 2180 865 prolem
2205 795 2471 865 perditus,
2489 809 2605 847 sum
2637 791 2940 855 restitutus,
2963 788 3095 842 etde
3108 788 3300 842 exsilio
3324 789 3553 842 miseria:

1974 889 2028 942 in
2058 889 2286 957 patriam
2318 885 2673 941 beatitudinis
2705 881 2997 937 reductus?
3049 878 3331 934 Benedicta
3359 881 3410 931 in
3437 895 3552 930 mu-

1971 977 2186 1032 lieribus
2217 977 2368 1047 (Luc.
2397 992 2438 1039 ι,
2467 973 2560 1045 ‘28)
2587 993 2600 1027 :
2633 973 2749 1028 lucc
2777 971 2956 1026 omnia
2987 970 3117 1024 mihi
3171 969 3316 1024 dedit
3345 969 3556 1024 benediJ-

1973 1079 2087 1122 ctus
2113 1067 2317 1136 [ructus
2337 1066 2526 1120 ventris
2557 1064 2635 1118 tui
2671 1062 2822 1134 (ibid.
2854 1102 2868 1126 ,
2904 1059 2997 1130 42)
3045 1060 3098 1114 in
3145 1058 3552 1129 regeneratione

1970 1157 2317 1228 baptismatis
2350 1156 2454 1222 sui,
2486 1155 2589 1209 alia
2618 1155 2669 1207 in
2699 1167 2823 1222 spe,
2855 1150 2956 1205 alia
3001 1149 3056 1202 in
3093 1163 3190 1214 re;
3235 1163 3544 1217 quanquam

1971 1251 2086 1303 haec
2097 1249 2280 1303 omnia
2304 1263 2404 1319 ego
2421 1249 2535 1317 ipse
2565 1245 2694 1300 mihi
2713 1242 2983 1314 peccando
2997 1242 3074 1296 sic
3095 1241 3406 1295 abstulerim
3435 1239 3548 1304 "6‘,

1971 1350 2029 1394 ut
2043 1354 2140 1395 nec
2153 1355 2264 1394 rem
2289 1341 2534 1401 habeam,
2550 1348 2605 1393 et
2626 1350 2776 1405 spem
2797 1334 2885 1388 vix
2907 1331 3278 1398 teneam.Quid
3298 1335 3439 1384 enim
3451 1331 3473 1382 ?
3487 1330 3546 1384 Si

1971 1447 2088 1487 mea
2117 1432 2268 1501 culpa
2297 1437 2630 1485 evanuerunt
2658 1425 3035 1494 “‘“;nunquid
3071 1423 3314 1492 ingratus
3346 1437 3439 1475 ero
3470 1420 3544 1472 illi

1969 1539 2066 1597 per
2089 1540 2250 1596 quam
2278 1523 2408 1578 mihi
2437 1530 2582 1576 tanta
2597 1520 2738 1576 bona
2767 1519 2859 1551 ¹⁶⁶³
2881 1519 3050 1590 gratis
3073 1516 3411 1572 evenerunt?
3435 1515 3546 1569 Ab-
3614 1510 3621 1518 ’

1972 1618 2064 1681 sit,
2098 1632 2169 1671 ne
2197 1615 2389 1670 addam
2425 1613 2515 1645 ““
2540 1613 2680 1666 hanc
2721 1611 3065 1680 iniquitatem
3095 1623 3257 1676 super
3293 1606 3546 1674 iniquita-

297 1701 449 1766 dum,
479 1702 740 1759 confiteor
759 1704 883 1773 quia
920 1719 1015 1758 cor
1040 1719 1217 1761 meum
1231 1706 1489 1761 nimisest
1520 1705 1612 1739 ‘°“
1635 1707 1866 1762 immun-
1896 1709 1940 1770 Β
1971 1715 2099 1762 tem.
2123 1706 2234 1761 lmo
2262 1705 2464 1774 gratias
2502 1716 2637 1771 ago,
2668 1700 2796 1771 quia
2828 1698 2992 1754 habui
3017 1714 3031 1762 ;
3063 1696 3219 1752 doleo
3244 1735 3259 1759 ,
3286 1695 3410 1763 quia
3437 1709 3545 1748 non

290 1791 440 1854 dum,
478 1799 536 1845 ut
572 1791 763 1846 merito
800 1792 1088 1847 erubescat
1118 1793 1172 1846 in
1205 1803 1309 1846 tam
1334 1793 1591 1847 mundam
1619 1794 1864 1852 intende-

292 1895 368 1944 re,
397 1894 496 1935 ncc
533 1880 692 1951 digne
729 1882 899 1951 possit
939 1893 1046 1938 tam
1101 1881 1361 1936 mundam
1404 1882 1497 1915 ηδτ
1534 1883 1864 1938 intendendo

289 1971 625 2041 contingere.
669 1970 744 2026 Te
770 1973 953 2043 igitur,
1007 1980 1180 2028 mater
1225 1971 1636 2028 illuminationis
1683 1972 1864 2028 cordis

305 2059 438 2126 mei,
469 2069 548 2129 te,
573 2062 756 2116 nutrix
783 2063 976 2118 salutis
1011 2063 1210 2118 mentis
1247 2071 1379 2117 mea!
1399 2104 1414 2127 ,
1453 2053 1861 2129 te'obsecrant,

291 2161 556 2220 quantum
591 2161 833 2221 possunt,
885 2161 1078 2208 cuncta
1106 2153 1405 2222 praecordia
1437 2168 1579 2209 mea.
1629 2153 1860 2221 Exaudi,

289 2240 507 2295 domina
545 2256 695 2306 mea,
727 2242 914 2297 adesto
951 2241 1412 2312 propitia,adjuva
1449 2244 1858 2314 potentissima,

289 2341 348 2384 ut
386 2332 716 2388 mundentur
744 2333 931 2388 sordes
976 2335 1172 2388 mentis
1212 2347 1375 2400 mete,
1405 2343 1464 2388 ut
1493 2333 1864 2390 illuminentur

293 2423 383 2454 ⁸⁸³⁸
414 2424 648 2478 tenebrae
703 2439 869 2489 mere,
899 2433 958 2478 ut
993 2425 1322 2480 accendatur
1363 2436 1517 2494 tepor
1555 2441 1740 2492 meus,
1801 2437 1860 2482 ut

288 2514 701 2584 expergiscatur
729 2523 915 2584 torpor
939 2530 1112 2579 meus,
1146 2524 1412 2586 quatenus
1433 2518 1574 2572 sicut
1595 2517 1751 2572 beata
1773 2518 1862 2550 ‘“’

290 2613 379 2657 tua
409 2605 671 2660 sanctitas
698 2620 859 2676 super
873 2606 1050 2660 omnia
1064 2617 1185 2676 post
1211 2622 1481 2662 summum
1502 2607 1595 2640 ¹⁶⁵⁰
1621 2609 1861 2664 omnium

289 2695 459 2750 filium
492 2707 665 2764 tuum,
697 2713 792 2766 per
817 2698 1241 2769 omnipotentem
1271 2699 1624 2766 filiumtuum,
1653 2703 1723 2757 ob
1753 2702 1865 2772 glo-

290 2786 494 2840 riosum
527 2787 692 2842 filium
717 2797 888 2853 tuum,
905 2804 935 2843 a
951 2789 1231 2844 benedicto
1247 2789 1355 2844 ﬁlio
1383 2799 1470 2844 tuo
1491 2801 1573 2846 est
1603 2791 1692 2823 ¹⁸⁵¹
1715 2791 1865 2846 exal-

292 2885 436 2930 tata:
467 2877 546 2932 sic
567 2893 728 2947 super
764 2879 941 2933 omnia
972 2890 1094 2949 post
1123 2879 1472 2937 Dominumet
1501 2881 1668 2936 Deum
1681 2897 1864 2936 meum

288 2977 344 3024 et
371 2969 612 3024 omnium
641 2969 807 3024 lilium
841 2970 931 3002 ³⁸⁸³
959 2980 1144 3036 tuum,
1182 2980 1234 3026 te
1279 2987 1374 3027 cor
1396 2987 1572 3028 meum
1600 2973 1864 3043 intelligat

1965 1799 2168 1860 habeo;
2198 1810 2294 1850 oro
2324 1803 2380 1849 ut
2403 1794 2632 1849 habeam
2662 1810 2674 1845 :
2707 1798 2889 1847 certus
2929 1787 3076 1843 enim
3103 1800 3222 1841 sum
3245 1785 3370 1853 quia
3403 1784 3545 1838 sicut

1965 1902 2062 1959 per
2100 1887 2192 1940 lllii
2217 1885 2446 1956 gratiam
2476 1898 2541 1939 ea
2587 1882 2738 1952 potui
2765 1880 3048 1949 accipere;
3105 1876 3186 1932 sic
3211 1875 3398 1930 eadem
3446 1887 3544 1944 per

1964 1980 2154 2036 matris
2177 1979 2366 2034 merita
2381 1990 2598 2047 possum
2621 1974 2879 2043 recipere.
2902 1971 3064 2041 Ergo,
3089 1968 3543 2037 odomina,porta

1963 2074 2110 2134 vitae,
2129 2070 2295 2139 janna
2322 2067 2481 2138 281
2507 2064 2719 2128 salutis,
2745 2062 2832 2116 via
2859 2057 3331 2122 reconciliationis,
3364 2055 3543 2110 aditus

1969 2157 2426 2227 recuperationis,
2480 2155 2710 2211 obsecro
2765 2161 2818 2206 te
2865 2165 2964 2221 per
3005 2147 3347 2204 salvatricem
3397 2154 3541 2199 tuam

1974 2247 2386 2311 fecunditatem,
2415 2244 2500 2300 fac
2549 2253 2608 2297 ut
2647 2252 2703 2297 et
2741 2249 3088 2312 peccatorum
3139 2251 3383 2291 meorum
3411 2235 3542 2288 mihi

1962 2341 2121 2394 venia
2143 2347 2200 2395 et
2223 2337 2361 2394 bene
2391 2336 2604 2391 vivendi
2654 2332 2827 2405 gratia
2863 2330 3214 2399 concedatur,
3263 2338 3319 2383 et
3371 2343 3543 2396 usque

1967 2430 2058 2462 ¹⁶⁶⁸
2091 2430 2144 2483 in
2191 2428 2350 2484 tinem
2382 2428 2475 2482 hic
2519 2439 2708 2480 servus
2759 2433 2882 2478 tuus
2927 2422 3026 2476 sub
3058 2429 3146 2474 tua
3196 2418 3533 2488 protectione

1966 2518 2324 2576 custodiatur.
2355 2515 2568 2570 lnsidiis
2586 2513 2678 2546 ¹⁶⁸⁶
2702 2519 2758 2567 et
2775 2509 3218 2580 oppressionibus
3240 2508 3538 2562 daemonum

1966 2611 2200 2668 mundus
2226 2607 2464 2664 tenebris
2494 2605 2584 2638 ³⁸⁸⁷
2623 2603 2912 2659 obvolutus
2935 2599 3282 2668 subiacebat;
3310 2598 3402 2653 sed
3427 2597 3542 2652 sole

1966 2703 2034 2758 de
2071 2711 2124 2758 te
2155 2710 2276 2757 orto
2300 2699 2637 2755 illuminatus
2666 2709 2856 2752 eorum
2892 2701 2950 2750 et
2975 2693 3199 2764 laqueos
3242 2691 3467 2755 devitat,
3488 2700 3544 2744 et

1967 2795 2110 2850 vires
2135 2793 2437 2849 conculcat.

2037 2883 2118 2939 Τιι
2149 2883 2270 2938 aula
2301 2882 2392 2914 ¹⁶⁶⁸
2419 2879 2741 2936 universalis
2784 2875 3180 2948 propitiationis
3226 2875 3340 2940 ³⁸⁸³,
3371 2888 3536 2930 causa

1967 2976 2232 3047 generalis
2275 2973 2754 3039 reconciliationis,
2797 2985 2893 3026 vas
2933 2980 2988 3025 et
3029 2968 3286 3038 templum
3325 2967 3447 3022 vitae
3483 2973 3545 3020 et

290 3068 347 3114 et
369 3071 676 3127 veneretur,
701 3071 845 3116 amet
866 3071 922 3117 ct
944 3064 1260 3131 deprecetur
1285 3079 1348 3120 eo
1375 3064 1593 3132 aﬂ'ectu,
1620 3082 1726 3121 non
1759 3082 1864 3135 quo
1891 3059 1936 3121 C
1968 3065 2156 3120 salutis
2189 3065 2583 3127 universorum,
2622 3061 2846 3116 nimium
2875 3059 3136 3114 contrahe
3185 3056 3380 3111 merita
3427 3064 3541 3119 tua,

289 3152 536 3208 desidero
563 3152 926 3222 imperfectus,
975 3155 1069 3209 sed
1102 3169 1208 3223 quo
1240 3155 1406 3211 debeo
1434 3157 1527 3193 1⁸⁸³
1555 3171 1583 3210 a
1631 3156 1741 3214 lilio
1773 3166 1862 3213 tuo

289 3238 462 3296 factus
489 3251 544 3296 et
571 3242 835 3309 salvatus,
864 3243 1170 3314 redemptus
1197 3253 1247 3298 et
1279 3245 1649 3302 resuscitatus.

358 3330 405 3387 Ο
436 3332 666 3401 genitrix
689 3334 810 3387 vitae
823 3335 1017 3388 animae
1044 3349 1177 3390 mea:
1198 3334 1290 3367 ¹⁸⁸⁶
1308 3375 1324 3401 ,
1352 3335 1514 3390 altrix
1536 3337 1864 3406 reparatoris

287 3420 468 3486 carnis
501 3435 666 3486 meae,
713 3421 962 3477 lactatrix
1012 3421 1308 3479 Salvatoris
1345 3425 1508 3480 totius
1549 3426 1864 3481 substantiae

289 3512 451 3566 mea)!
518 3513 623 3568 Sed
689 3515 816 3583 quid
861 3514 1034 3570 dicam
1071 3515 1209 3570 ‘m?
1243 3516 1444 3586 Lingua
1484 3518 1617 3572 mihi
1661 3519 1862 3585 deficit,

288 3604 412 3672 quia
439 3618 590 3658 mens
615 3618 719 3658 non
750 3603 965 3660 sullicit.
996 3605 1240 3672 Domina,
1264 3607 1480 3662 domina
1512 3624 1653 3674 mea,
1679 3611 1860 3665 omnia

288 3693 476 3747 intima
513 3708 633 3747 mea
655 3693 883 3750 sollicita
915 3695 1009 3728 ¹⁸⁸⁶
1056 3707 1214 3761 sunt,
1247 3707 1303 3752 ut
1355 3707 1628 3753 tantorum
1658 3700 1860 3756 benefi-

287 3784 493 3838 ciorum
519 3784 611 3838 tibi
639 3785 842 3854 gratias
876 3786 966 3818 ¹⁶⁵⁷
993 3787 1311 3853 exsolvant;
1350 3789 1445 3842 sed
1493 3803 1594 3844 nec
1623 3791 1862 3859 cogitare

287 3870 510 3940 possunt
544 3872 756 3944 dignas,
783 3884 838 3930 et
856 3875 1021 3944 pudet
1042 3877 1287 3945 proferre
1314 3877 1694 3944 indignas-m'.
1723 3877 1861 3943 Quid

286 3961 430 4018 enim
453 3963 611 4032 digne
635 3963 810 4019 dicam
836 3967 996 4020 matri
1029 3958 1304 4022 Creatoris
1327 3977 1379 4021 et
1407 3965 1701 4024 Salvatoris
1729 3968 1858 4034 mei,

288 4063 382 4119 per
401 4051 555 4120 cujus
579 4053 922 4109 sanctitatem
951 4065 1173 4126 peccata
1213 4072 1334 4112 mea
1382 4055 1699 4128 purgantur,
1761 4071 1859 4127 per

289 4142 440 4213 cujus
470 4144 832 4216 integritatem
871 4146 1003 4201 mihi
1053 4147 1542 4217 incorruptibilitas
1583 4149 1854 4216 donatur,

1969 3170 2092 3210 cum
2119 3155 2174 3208 in
2198 3169 2284 3208 me
2311 3153 2639 3210 homunculo
2667 3151 2758 3206 vili
2786 3149 3134 3218 singulariter
3157 3162 3412 3202 recenseo
3441 3146 3538 3200 be-

1967 3244 2158 3300 neficia
2204 3254 2315 3309 tua,
2361 3260 2480 3313 qua:
2520 3242 2750 3297 mundus
2796 3254 2987 3294 amans
3035 3238 3252 3309 gaudet,
3301 3237 3539 3306 gaudens

1967 3335 2166 3391 clamat
2209 3348 2328 3390 esse
2375 3348 2492 3388 sua.
2537 3332 2618 3387 Tu
2671 3346 2904 3400 namque
2949 3328 3162 3385 domina
3209 3325 3543 3381 admirabilis

1967 3426 2225 3498 singulari
2257 3425 2584 3497 virginitate,
2630 3422 2875 3477 amabilis
2912 3421 3133 3476 salutari
3187 3417 3540 3482 fecunditate,

1968 3519 2291 3575 venerabilis
2339 3514 2703 3572 inaastimabili
2755 3513 3082 3579 sanctitate,
3149 3521 3201 3565 tu
3254 3507 3536 3564 ostendisti

1964 3613 2163 3668 mundo
2196 3612 2474 3668 Dominum
2507 3623 2662 3664 suum
2705 3615 2761 3662 et
2805 3605 2971 3662 Deum
3006 3619 3186 3664 suum,
3227 3614 3386 3671 quem
3433 3613 3534 3653 ne-

1963 3703 2168 3756 sciebat
2200 3717 2214 3754 :
2259 3709 2314 3753 tu
2353 3697 2619 3752 visibilem
2659 3693 2956 3750 exbibuisti
2989 3691 3189 3746 mundo
3224 3690 3537 3744 Creatorem

1963 3804 2141 3852 suum,
2178 3801 2337 3856 quem
2377 3785 2526 3854 prius
2555 3798 2660 3837 non
2689 3783 2904 3836 videbat
2937 3799 2950 3834 :
2987 3789 3041 3833 tu
3077 3775 3306 3849 genuisti
3337 3775 3538 3830 mundo

1964 3886 2405 3939 restauratorem,
2449 3889 2556 3943 quo
2577 3871 2818 3942 perditus
2853 3869 3127 3939 indigebat
3153 3885 3168 3922 :
3200 3875 3256 3921 tu
3281 3864 3540 3936 peperisti

1967 3967 2166 4022 mundo
2219 3964 2683 4020 recon‘ciliatorem
2738 3975 2898 4030 quem
2950 3972 3076 4014 reus
3125 3973 3229 4012 non
3280 3953 3533 4010 habebat.

1964 4058 2069 4113 Per
2129 4056 2511 4114 fecunditatem
2563 4063 2706 4110 tuam
2738 4091 2755 4118 ,
2814 4052 3067 4114 domina,
3129 4048 3361 4104 mundus
3412 4062 3541 4116 pee-

1965 4161 2118 4207 cator
2145 4159 2229 4206 est
2249 4149 2604 4220 justiﬁcatus;
2643 4148 2957 4212 damnatus,
2977 4143 3244 4208 salvatus;
3273 4140 3426 4197 exsul
3455 4155 3540 4196 re-

1573 4280 1802 4338 γΑιιικεΕ
1839 4279 2240 4338 LECTlO-NES.

361 4393 452 4463 *Ψ
475 4392 705 4448 Maxima
729 4392 1009 4448 beatarum
1033 4411 1158 4450 mss.
1195 4394 1368 4463 major
1405 4394 1686 4449 beatarum
1706 4411 1833 4449 mss.
1871 4393 2082 4450 Val-lue
2103 4405 2149 4448 et
2181 4393 2333 4448 Flor.
2367 4394 2534 4448 Maria
2567 4405 2623 4449 tu
2652 4394 2741 4448 illa
2770 4395 2943 4462 major
3018 4393 3108 4426 ¹⁶³⁹
3136 4392 3458 4463 Mariarum,
3479 4401 3535 4463 tu

287 4481 386 4518 ms.
412 4462 594 4517 Carth.
632 4463 822 4528 Maria,
856 4473 919 4532 tu,
985 4465 1076 4496 ¹⁶⁸⁰
1099 4462 1330 4519 Afleetat
1352 4479 1509 4518 orare
1534 4480 1658 4516 mss.
1684 4465 1899 4520 allectat
1934 4481 2165 4521 exorare
2240 4465 2329 4496 ¹⁶⁴¹
2365 4464 2502 4530 Quid
2535 4465 2783 4532 poteritis
2815 4481 2938 4517 mss.
2985 4463 3112 4532 quid

289 4535 356 4587 Et
379 4533 496 4600 ejus
525 4533 712 4587 beatit.
742 4531 1015 4588 mss.Vict.
1049 4535 1133 4589 l6.
1155 4546 1203 4590 et
1241 4534 1469 4589 Val-lue.
1502 4542 1560 4587 ut
1581 4535 1696 4602 ejus
1719 4535 1909 4590 beatit.

548 4602 1002 4674 ‘°“lntploretis..
1035 4604 1334 4672 impetretis
1362 4620 1488 4674 mss.
1521 4604 1861 4674 imploratis"
1903 4602 2238 4674 impetratis
2284 4603 2381 4635 ‘m
2405 4604 2500 4657 Vel
2519 4614 2674 4659 certe
2712 4603 2962 4657 meritum
2997 4611 3235 4674 vestrum
3283 4618 3408 4656 mss.
3452 4603 3540 4674 vel

289 4604 468 4673 hcnig.

3186 4463 3373 4516 otestis
3447 4461 3539 4494 ³⁸⁵³

1991 4536 2081 4568 iss:
2110 4535 2178 4589 Ει
2199 4533 2315 4604 ejus
2334 4535 2514 4602 benig.
2536 4531 2669 4587 ’mss.
2703 4532 2839 4604 Vict.
2871 4533 2960 4587 16.
2983 4531 3028 4586 et
3071 4531 3304 4585 Val-lue.
3336 4540 3395 4586 ut
3423 4532 3542 4604 ejus

288 4671 439 4743 certe
466 4681 653 4726 contra
686 4673 935 4726 meritum
958 4671 1198 4728 nostrum
1277 4674 1366 4705 ⁸⁵⁸⁸
1395 4671 1669 4728 Confiteor
1697 4689 1792 4728 cor
1821 4671 1997 4729 meum
2041 4686 2124 4730 est
2150 4692 2276 4730 mss.
2331 4675 2590 4729 conﬁteor
2615 4674 2738 4743 quia
2767 4688 2863 4728 cor
2887 4687 3065 4727 meum
3098 4673 3258 4726 nimis
3289 4681 3372 4743 est
3447 4672 3537 4704 ³⁸⁸⁷

282 4742 424 4796 Eam
455 4743 611 4809 digne
639 4759 762 4796 mss.
807 4752 916 4796 tam
947 4744 1196 4796 mundam
1275 4743 1367 4776 ¹⁶⁸⁸
1395 4743 1462 4798 Ut
1503 4743 1870 4799 illuminentur
1908 4762 2005 4798 ms.
2049 4754 2105 4799 et
2151 4745 2522 4799 illuminentur
2596 4741 2686 4780 ¹⁶λ⁹
2721 4744 2874 4800 Sicut
2917 4744 3073 4798 beata
3118 4759 3244 4795 mss.
3278 4741 3417 4796 sicut
3449 4751 3538 4796 tua

288 4812 446 4866 beata
522 4811 1106 4883 ‘“°0mnia__summum
1133 4830 1256 4866 mss.
1283 4814 1462 4867 omnia
1488 4824 1605 4883 post
1628 4829 1896 4868 summum
1971 4815 2061 4846 ¹⁶⁸¹
2111 4814 2224 4869 Τιιο
2249 4830 2307 4870 es
2339 4831 2462 4869 mss.
2507 4826 2600 4868 tuo
2636 4824 2719 4870 est
2792 4813 2884 4846 “"
2937 4811 3128 4883 Omnia
3169 4812 3462 4883 Dominum
3483 4821 3540 4883 ιιι

290 4884 699 4954 Deumverum,
728 4890 781 4936 et
806 4881 1090 4954 Dominum
1110 4883 1278 4954 filium
1309 4899 1433 4954 mss.
1459 4879 1640 4954 omnia
1672 4893 1792 4954 post
1813 4886 2095 4939 Dominum
2127 4896 2181 4939 et
2211 4886 2376 4954 Deum
2421 4900 2622 4948 meum,
2650 4894 2704 4938 et
2744 4883 3010 4948 omnium,
3058 4882 3226 4935 ﬁlium
3302 4879 3537 4954 ””_Sed

287 4953 431 5025 quod
454 4951 612 5025 debet
639 4968 764 5005 mss.
791 4951 1018 5025 sedquo
1041 4949 1688 5025 d_ebe_t_mss._Val-luc._ei
1707 4953 1853 5025 Flor.
1880 4955 1974 5010 sed
1994 4970 2100 5025 quo
2129 4956 2299 5010 debeo
2341 4953 2462 4986 ’³⁸⁵⁸
2486 4955 2530 5009 Ο
2559 4955 2787 5025 genitrix
2821 4954 2961 5025 vitrei
2983 4967 3118 5007 mea:
3153 4967 3278 5025 mss.
3306 4949 3539 5025 genitrix

288 5021 414 5076 vita;
438 5022 631 5076 animm
659 5037 789 5076 meae
861 5021 953 5053 ¹⁶⁸⁵

980 5020 1116 5088 Quid
1164 5021 1374 5075 dicam?
1418 5039 1545 5076 mss.
1593 5022 1728 5076 Thu.
1777 5023 1897 5077 Bec.
1929 5038 1976 5077 ct
2013 5020 2254 5078 ναι-ιω).
2295 5025 2420 5092 quid
2462 5020 2736 5080 dicamus?
2811 5024 2902 5056 “'°
2945 5024 3115 5092 lntimr
3150 5021 3378 5092 sollicita
3409 5035 3535 5092 mss.

303 5089 434 5162 Yict.
466 5089 689 5162 VVal-luc
715 5101 761 5144 et
790 5089 944 5162 Flor.
971 5092 1164 5162 intima
1186 5108 1302 5145 mea
1336 5093 1564 5147 sollicita
1639 5094 1730 5125 ¹⁶⁵⁷
1761 5091 2148 5149 Beneﬁciorum
2196 5088 2397 5162 gratias
2437 5112 2560 5148 mss.
2611 5093 2994 5149 beneficiorum
3028 5091 3123 5145 tibi
3168 5089 3397 5162 gratias
3445 5088 3537 5162 ‘_‘“

291 5160 407 5214 Non
443 5161 634 5230 dignas
656 5177 776 5230 rnss.
805 5161 1051 5230 indignas
1125 5161 1216 5193 ³⁸⁵³
1239 5162 1463 5217 Domino
1479 5177 1595 5217 suo.

1623 5161 1767 5234 Quid,
1794 5164 2010 5233 inquam
2035 5182 2157 5218 mss.
2185 5157 2408 5221 ﬁomino
2437 5179 2557 5234 suo,
2581 5165 2934 5234 desponsatur
2957 5157 3222 5234 _Deo_su_o.
3260 5158 3420 5225 Quid,
3459 5157 3538 5212 in-

291 5245 452 5302 quam
508 5229 899 5302 1‘“°_Captivus
922 5247 1038 5286 sum
1065 5231 1373 5300 redemptus
1405 5249 1502 5286 ms.
1551 5229 1682 5286 Vict.
1708 5233 1794 5286 16.
1827 5229 1970 5286 οἱηίι.
1997 5236 2240 5302 captivus
2316 5234 2403 5293 ἐν
2437 5233 2526 5287 Sic
2561 5229 2693 5288 ecce
2720 5233 2895 5286 dando
2923 5231 3232 5302 abstulerim
3257 5243 3538 5302 mssapec-

293 5299 466 5353 cando
491 5299 572 5354 sic
601 5300 914 5372 abstulerim
991 5302 1081 5332 ¹⁶⁶¹
1109 5299 1271 5372 Culpa
1297 5303 1572 5356 evanuerit
1594 5320 1718 5357 mss.
1742 5303 1894 5372 culpa
1916 5299 2250 5357 evanuerunt
2325 5304 2415 5335 ¹⁶⁶³
2436 5303 2537 5357 Per
2565 5303 2714 5372 cujus
2757 5302 2886 5356 mihi

2926 5301 3154 5370 gratiam
3199 5309 3344 5353 tanta
3399 5299 3534 5353 bona

293 5385 418 5420 mss.
451 5384 547 5436 per
576 5385 734 5438 quam
766 5370 893 5441 mihi
931 5381 1076 5424 tanta
1109 5369 1245 5441 bona
1269 5374 1434 5441 gratis
1513 5371 1602 5402 ““
1631 5373 1801 5436 Absit,
1831 5369 1896 5427 ire
1918 5374 2108 5426 addam
2139 5391 2235 5427 ms.
2264 5373 2441 5427 (ἕαται.
2470 5373 2608 5428 absit
2631 5369 2693 5426 ἰιι
2723 5372 2914 5425 addam
2934 5369 3084 5441 ium"
3115 5369 3182 5424 Ut
3202 5383 3385 5441 qusque
3406 5385 3532 5441 mss.

292 5445 426 5514 etut
456 5436 624 5514 usque
648 5456 770 5514 mss.
810 5439 1018 5514 Val-lue
1040 5449 1086 5492 et
1103 5437 1255 5494 Flor.
1273 5436 1336 5493 ἶιι
1367 5457 1536 5514 usque
1589 5442 1678 5472 “3”
1713 5442 1930 5514 Incidiis
1962 5454 2071 5514 etc.
2093 5461 2254 5514 usque
2280 5446 2346 5498 ml
2376 5445 2421 5514 Ο
2446 5443 2566 5498 aula
2597 5460 2719 5497 mss.
2745 5441 2902 5514 Cori).
2941 5439 3074 5514 Vict.
3105 5442 3158 5495 5.
3185 5436 3368 5514 Currit.
3409 5436 3537 5514 Vel-

290 5506 396 5580 luc.
437 5518 484 5580 et
517 5507 665 5561 Flor.
697 5509 805 5580 lucc
837 5511 1112 5580 omittunt;
1137 5525 1252 5580 qum
1288 5506 1463 5564 tamen
1489 5511 1730 5580 leguntur
1759 5513 1810 5564 in
1861 5529 1984 5565 mss.
2034 5506 2177 5566 Vict:
2201 5517 2283 5567 lli.
2306 5523 2352 5567 et
2401 5513 2520 5571 Bec.
2549 5515 2615 5568 Ο.

2715 5514 2804 5547 ³⁸⁵⁷
2836 5509 3097 5564 Tenebris
3129 5525 3226 5561 ms.
3263 5507 3389 5560 Vict.
3442 5508 3528 5562 16.

291 5578 480 5630 omiuit
526 5595 649 5632 mss.
702 5579 822 5631 Bec.
883 5577 1027 5632 Flor.
1063 5579 1294 5634 mundus
1347 5577 1578 5635 tenebris
1657 5582 1746 5612 “"3
1773 5582 1816 5638 Ο
1847 5583 1962 5636 aula
1996 5599 2092 5636 ms.
2121 5584 2296 5638 Curtii.
2339 5584 2553 5638 Val-(uc
2582 5596 2624 5637 ct
2658 5581 2801 5637 Flor.
2828 5579 2906 5636 Tu
2937 5579 3054 5634 aula
3133 5580 3220 5610 “‘°
3272 5578 3532 5648 Propitiu-

293 5649 455 5704 tionis
501 5665 622 5703 mss.
682 5649 893 5719 pictatis
