3852 6050
331 180 450 236 955'

659 175 718 233 S.
759 175 1057 234 ANSELMI
1097 173 1441 231 CANTUAR.
1495 174 1812 231 ARClllEP.
1854 173 2004 230 OPP.
2045 171 2223 227 PARS
2248 170 2309 224 ll.
2341 200 2408 209 —
2440 165 2802 222 PAIUENET.
2843 165 2930 219 ET
2967 165 3211 222 ASCET.

3481 160 3595 219 956

329 296 526 350 ductus
562 312 575 347 :
627 303 814 363 partus
849 301 988 355 tuus,
1041 290 1280 354 domina,
1328 290 1585 343 mundum
1631 290 1902 358 captivum
1932 293 1977 349 Α
2008 284 2287 356 (ιιιειιιθιιιί.
2319 283 2594 346 Miserere,
2626 279 2866 344 domina,
2911 280 3149 335 animam
3183 291 3309 354 post
3337 291 3390 338 te
3416 286 3593 339 anhe-

331 385 424 418 ¹⁶⁷⁰
464 385 716 450 redemit,
768 397 971 453 mgrum
1019 381 1252 446 sanavit,
1301 390 1573 436 mortuum
1612 382 1907 437 resuscita-

328 479 406 531 vit
435 477 546 529 ιοτι.

397 569 627 635 Caelum,
655 566 856 628 sidera,
883 564 1320 630 terra,‘ilumina,
1358 565 1496 630 dies,
1533 581 1642 620 nox
1669 574 1725 621 et
1757 569 1922 636 quae-9

327 675 538 728 cunque
561 659 814 712 humana:
837 656 1087 725 potestati
1113 656 1197 710 vel
1230 656 1453 710 utilitati
1496 665 1621 712 sunt
1648 657 1906 722 obnoxia,

327 752 380 802 in
407 747 682 804 amissum
710 746 876 802 decus
905 761 1027 800 sese
1052 745 1416 815 gratulantur,
1447 746 1687 812 domina,
1717 760 1815 816 per
1852 754 1908 802 te

325 837 721 907 quodammodo
746 837 1087 903 resuscitata,
1121 843 1176 890 et
1217 850 1353 890 nova
1385 836 1616 904 quadam
1653 833 1907 890 ineil'abili

323 927 496 996 gratia
527 925 746 980 donata.
772 923 936 990 Quasi
966 925 1110 978 enim
1141 923 1322 977 omnia
1346 934 1556 976 mortua
1584 932 1758 986 erant,
1781 938 1905 978 cum

325 1019 524 1073 amissa
569 1017 662 1050 “7'
703 1017 988 1086 congenita
1033 1015 1289 1084 dignitate
1333 1013 1549 1069 favendi
1607 1015 1905 1070 dominatui

326 1110 418 1141 ¹⁶⁶¹³
461 1109 542 1164 vel
590 1109 775 1164 usibus
823 1108 992 1162 Deum
1039 1107 1371 1161 laudantium
1399 1146 1413 1167 ,
1463 1107 1530 1160 ad
1577 1107 1720 1176 quod
1760 1105 1905 1160 facta

321 1208 507 1264 erant;
557 1200 927 1254 obruebantur
967 1198 1316 1267 oppressione
1361 1197 1474 1264 ³⁸⁷⁵,
1530 1206 1584 1253 et
1623 1197 1903 1252 decolora-

321 1290 519 1343 bantur
560 1290 730 1343 abusu
777 1288 932 1343 idolis
983 1289 1074 1320 ³⁸⁷⁸
1111 1287 1482 1353 servientium,
1513 1298 1737 1357 propter
1763 1304 1902 1356 quos

321 1378 466 1432 facta
497 1392 600 1432 non
630 1387 804 1432 erant.
847 1377 1011 1443 Quasi
1035 1391 1162 1431 vero
1187 1377 1435 1430 eamdem
1463 1377 1787 1431 resuscitata
1812 1377 1906 1432 133-

322 1477 529 1532 tantur,
579 1483 702 1522 cum
741 1468 854 1537 jam
902 1467 1070 1522 Deum
1115 1466 1484 1521 conﬁtentium
1526 1475 1583 1520 et
1625 1467 1904 1521 dominatu

321 1565 599 1626 reguntur,
654 1565 710 1610 et
753 1571 856 1611 usu
903 1557 1250 1611 decorantur.
1301 1553 1450 1609 Nova
1501 1562 1679 1608 autem
1726 1563 1782 1609 et
1817 1557 1900 1608 iu-

317 1639 828 1718 :estimabili'gratia
883 1647 1037 1716 quasi
1076 1645 1510 1711 exsultaverunt,
1551 1661 1676 1702 cum
1725 1646 1900 1716 ipsum
1935 1635 1979 1694 Β

321 1739 744 1808 Deum,.ipsum
790 1737 1108 1794 Creatorem
1158 1752 1338 1802 suum,
1387 1752 1494 1792 non
1542 1736 1717 1792 solum
1760 1736 1902 1792 invi-

316 1829 548 1885 sibiliter
603 1845 766 1898 supra
828 1845 888 1885 se
942 1830 1034 1884 illa
1097 1838 1374 1898 regentem
1429 1839 1748 1895 senserunt,
1807 1831 1904 1884 sed

317 1919 480 1973 etiam
511 1919 816 1974 .visibiliter
860 1921 998 1974 intra
1043 1934 1102 1974 se
1135 1919 1341 1974 eisdem
1387 1918 1478 1951 ¹⁶⁷⁶
1529 1918 1731 1974 utendo
1774 1933 1903 1974 san-

319 2013 648 2067 ctiﬁcantem
706 2014 975 2069 viderunt.
1035 2013 1162 2069 llazc
1212 2023 1362 2069 tanta
1410 2015 1549 2070 bona
1594 2029 1693 2084 per
1738 2015 1906 2071 bene-

319 2106 521 2159 dictum
572 2105 806 2161 fructum
847 2090 1116 2164 benedicti
1143 2109 1350 2165 ventris
1386 2108 1682 2166 benedictae
1717 2109 1902 2167 Mariae

324 2204 714 2260 provenerunt.

389 2285 495 2339 Sed
517 2300 618 2340 cur
641 2285 813 2340 solum
844 2287 1057 2358 loquor,
1087 2287 1326 2352 domina,
1351 2289 1629 2344 beneﬁciis
1656 2288 1762 2344 tuis
1789 2289 1904 2359 ple-

319 2393 445 2431 nmn
476 2393 599 2434 esse
628 2380 923 2434 mundum?
949 2380 1161 2436 Inferna
1187 2390 1491 2452 penetrant,
1522 2381 1690 2438 cmlos
1744 2396 1903 2452 supe-

317 2477 460 2522 rant.
493 2468 598 2523 Per
632 2468 1020 2540 plenitudinem
1066 2473 1209 2527 enim
1247 2472 1435 2542 gratiae
1461 2480 1589 2552 tute,
1619 2482 1812 2543 etquae
1847 2473 1901 2528 in

317 2559 534 2614 inferno
573 2570 750 2627 erant,
793 2575 852 2616 se
894 2562 1144 2617 laetantur
1186 2562 1445 2626 liberata;
1489 2573 1546 2618 et
1582 2579 1703 2634 qum
1738 2579 1900 2634 supra

319 2650 579 2703 mumlum
605 2660 766 2716 sunt,
795 2665 855 2706 se
896 2652 1134 2720 gaudent
1165 2661 1488 2708 restaurata.
1521 2653 1624 2708 Per
1653 2655 1900 2710 eumdem

320 2739 520 2808 quippe
562 2740 854 2810 gloriosum
898 2743 1066 2798 lilium
1116 2743 1363 2813 gloriosa:
1409 2745 1733 2816 virginitatis
1773 2755 1898 2813 tuae,

317 2846 507 2886 omnes
539 2830 667 2899 justi
693 2834 782 2902 qui
813 2834 1065 2889 obierunt
1090 2845 1214 2890 ante
1252 2834 1471 2890 vitalem
1498 2835 1614 2904 ejus
1641 2846 1895 2903 mortem,

315 2922 588 2977 exsultant
617 2924 922 2994 diruptione
951 2926 1281 2996 captivitatis
1318 2943 1448 2995 suae,
1486 2939 1544 2983 et
1573 2928 1746 2998 angeli
1775 2945 1899 2999 gra-

319 3012 559 3068 tulantur
589 3015 931 3071 restitutione
963 3017 1238 3072 semiruta:
1283 3019 1517 3074 civitatis
1559 3034 1692 3076 sum.
1734 3018 1780 3076 0
1817 3022 1896 3076 fe-

317 3105 462 3158 mina
489 3105 813 3162 mirabiliter
848 3109 1156 3178 singularis,
1192 3118 1247 3165 et
1290 3110 1640 3180 singulariter
1674 3112 1899 3169 mirabi-

316 3192 403 3258 lis,
445 3208 542 3262 per
567 3210 729 3264 quam
771 3197 1036 3253 elementa
1079 3209 1427 3268 renovantur,
1473 3201 1681 3256 inferna
1724 3215 1898 3258 reme-

315 3286 577 3351 diantur,
641 3288 912 3345 daemones
981 3291 1072 3322 ’⁸⁷⁷
1148 3292 1577 3356 conculcantur,
1651 3293 1899 3354 homines

316 3376 612 3442 salvantur,
645 3380 817 3447 angeli
845 3381 1314 3449 reJintegrantur!
1351 3381 1396 3437 0
1433 3380 1634 3436 femina
1659 3383 1815 3451 plena
1843 3392 1899 3439 et

317 3465 637 3533 superplena
666 3469 862 3536 gratia,
901 3468 967 3521 de
996 3467 1149 3534 cujus
1191 3469 1542 3538 plenitudinis
1564 3473 1894 3526 exundantia

318 3566 562 3620 respersa
589 3553 667 3608 sic
694 3554 973 3609 revirescit
1002 3556 1180 3610 omnis
1205 3559 1488 3612 creatura!
1523 3557 1568 3614 0
1599 3559 1764 3629 Virgo
1803 3559 1899 3616 be-

319 3643 537 3697 nedicta
565 3651 619 3697 et
650 3643 1119 3712 superbenedieta,
1149 3659 1246 3715 per
1278 3645 1434 3714 cujus
1467 3648 1897 3704 benedictionem

316 3731 654 3785 henedicitur
681 3733 858 3787 omnis
889 3741 1103 3798 natura,
1126 3748 1232 3788 non
1261 3735 1434 3789 solum
1463 3745 1645 3792 creata
1671 3751 1702 3790 a
1732 3737 1896 3792 Crea-

317 3830 454 3886 tore,
495 3823 590 3877 sed
623 3830 678 3877 et
707 3822 937 3880 Creator
965 3839 996 3878 a
1043 3827 1322 3880 creatura!
1358 3826 1402 3882 0
1437 3827 1597 3882 nimis
1634 3829 1892 3896 exaltata,

316 3927 480 3980 quam
508 3915 660 3984 sequi
689 3923 920 3970 conatur
955 3913 1183 3972 aﬁ'ectus
1207 3919 1402 3974 anima:
1427 3933 1580 3985 atem,
1606 3935 1714 3990 quo
1743 3922 1899 3975 aufu-

316 4005 399 4073 gis
437 4007 607 4060 aciem
648 4007 845 4062 mentis
883 4008 1050 4063 meae?
1093 4007 1136 4063 Ο
1174 4011 1397 4079 pulchra
1444 4012 1510 4066 ad
1554 4011 1892 4080 intuendum,

317 4096 566 4151 amabilis
595 4096 661 4152 ad
699 4097 1192 4168 contemplandum,
1233 4100 1564 4156 delectabilis
1607 4101 1674 4156 ad
1709 4116 1896 4156 aman-

316 4188 467 4250 dum,
508 4200 615 4255 quo
647 4174 832 4241 evadis
869 4188 1225 4255 capacitatem
1266 4191 1447 4245 cordis
1476 4192 1614 4244 mei?
1661 4191 1896 4248 Praesto-

318 4275 450 4341 lare,
485 4275 730 4341 Domina,
763 4275 1029 4332 inﬁrmam
1059 4279 1295 4332 animam
1325 4288 1375 4333 te
1401 4289 1715 4348 sequentem
1744 4299 1758 4335 :
1789 4295 1893 4338 nec

2008 378 2168 431 lando
2196 376 2540 443 languentem
2577 372 2686 424 “5"”.

2078 467 2211 521 Mira
2244 481 2355 530 res,
2387 465 2439 518 in
2471 479 2631 533 quam
2660 461 2874 518 sublimi
2905 465 3240 532 contemplor
3268 465 3486 520 Mariam
3511 467 3596 522 lo-

2007 567 2184 615 catam
2215 558 2328 610 “8°.
2358 556 2501 610 Nihil
2523 565 2605 610 est
2627 557 2831 625 mquaie
2849 554 3030 610 Maria:
3063 574 3076 611 :
3111 557 3265 621 nihil,
3287 558 3387 612 nisi
3423 559 3593 620 Dens.

2006 647 2180 716 majus
2225 647 2413 702 Maria.
2457 648 2599 702 Deus
2640 645 2838 700 Filium
2880 661 3057 709 suum,
3107 661 3266 715 quem
3311 647 3483 701 solum
3522 651 3596 704 de

2006 741 2169 795 corde
2203 753 2303 794 suo
2331 737 2592 808 aqualem
2620 736 2719 792 sibi
2766 737 3026 806 genitum,
3061 746 3312 807 tanquam
3352 741 3593 808 seipsutn

2007 831 2284 902 diligebat,
2319 832 2495 900 ipsum
2526 830 2673 884 dedit
2701 829 2882 882 Mariae
2911 846 2926 882 :
2955 837 3010 883 et
3034 843 3101 882 ex
3130 828 3294 883 Maria
3327 829 3456 884 fecit
3485 831 3593 886 sibi

2007 921 2196 985 ﬁlium,
2231 935 2337 973 non
2364 918 2549 984 alium,
2579 918 2672 973 sed
2701 919 2982 981 eumdem;
3015 925 3071 970 ιιι
3100 919 3421 972 naturaliter
3444 931 3596 973 esset

2009 1026 2146 1065 unus
2171 1010 2420 1078 idemque
2443 1007 2750 1062 communis
2779 1007 2943 1063 Filius
2970 1008 3058 1062 Dei
3081 1016 3136 1060 et
3167 1008 3368 1062 Marigc.
3394 1010 3592 1066 Onmis

2008 1112 2198 1156 natura
2253 1119 2284 1155 a
2323 1102 2432 1154 Deo
2489 1109 2571 1154 est
2628 1110 2841 1164 creata,
2898 1109 2953 1154 et
2993 1101 3134 1154 Deus
3174 1116 3242 1154 ex
3295 1100 3462 1156 Maria
3507 1115 3596 1159 est

2007 1209 2164 1255 natus
2196 1201 2334 1252 ¹⁸⁸⁰”.
2369 1199 2512 1253 Deus
2541 1197 2722 1252 omnia
2751 1197 2972 1257 creavit,
2999 1207 3054 1252 et
3097 1197 3263 1252 Maria
3295 1199 3463 1254 Deum
3494 1216 3594 1270 ge-

2007 1290 2144 1343 nuit.
2179 1290 2321 1343 Deus
2360 1287 2452 1356 qui
2483 1286 2664 1341 omnia
2707 1285 2836 1341 l‘ecit
2884 1287 2997 1351 “3‘,
3052 1286 3168 1356 ipse
3209 1301 3268 1341 se
3308 1303 3371 1342 ex
3416 1288 3591 1344 Maria

2007 1377 2162 1443 fecit;
2196 1387 2248 1432 et
2288 1377 2368 1433 sic
2393 1376 2573 1431 omnia
2605 1392 2727 1446 qua:
2758 1376 2983 1443 fecerat,
3013 1379 3221 1434 refecit.
3265 1379 3367 1447 Qui
3411 1382 3591 1450 potuit

2005 1468 2186 1522 omnia
2216 1468 2281 1523 de
2307 1468 2475 1522 nihilo
2509 1466 2709 1533 facere,
2743 1467 2914 1522 noluit
2941 1482 3005 1523 ea
3030 1469 3226 1524 violata
3257 1471 3375 1527 sine
3418 1471 3589 1526 Maria

2008 1561 2250 1615 reticere.
2275 1559 2418 1614 Deus
2442 1559 2607 1628 igitur
2633 1568 2718 1613 est
2745 1567 2901 1628 pater
2931 1573 3111 1614 rerum
3141 1571 3443 1616 creatarum
3468 1563 3586 1626 ⁸⁸⁸⁸,

2005 1661 2059 1707 et
2084 1650 2251 1706 Maria
2280 1659 2453 1706 mater
2481 1666 2664 1707 rerum
2696 1658 3083 1706 recreatarum.
3118 1652 3259 1707 Deus
3303 1662 3391 1708 est
3423 1653 3588 1710 Pater

2005 1742 2408 1798 constitutionis
2435 1744 2699 1809 omnium,
2731 1751 2787 1799 et
2818 1743 2988 1798 Maria
3029 1752 3114 1798 est
3149 1755 3323 1800 mater
3362 1748 3587 1801 restitu-

2004 1835 2169 1890 tionis
2209 1834 2476 1890 omnium.
2509 1834 2650 1890 Deus
2677 1835 2821 1889 enim
2861 1835 3048 1904 genuit
3079 1834 3253 1900 illum,
3300 1851 3398 1905 per
3423 1852 3586 1907 quem

2003 1925 2184 1979 omnia
2220 1933 2348 1978 sunt
2387 1924 2559 1990 facta;
2595 1933 2648 1979 et
2672 1923 2844 1978 Maria
2868 1924 3076 1994 peperit
3100 1924 3272 1989 illum,
3296 1940 3391 1994 per
3419 1942 3581 1996 quem

2002 2015 2183 2070 omnia
2227 2015 2624 2070 sunt'salvata.
2675 2015 2819 2071 Deus
2856 2015 3042 2085 genuit
3095 2014 3266 2080 illum,
3311 2017 3429 2070 sine
3478 2033 3586 2086 quo

2003 2107 2216 2174 penitus
2245 2106 2381 2162 nihil
2412 2115 2531 2172 est;
2565 2115 2622 2160 et
2659 2105 2828 2161 Maria
2870 2105 3077 2175 peperit
3109 2105 3280 2170 illum,
3319 2106 3435 2160 sine
3473 2123 3583 2175 quo

2003 2195 2223 2251 omnino
2254 2194 2388 2250 nihil
2431 2195 2568 2250 bene
2595 2204 2698 2249 est.
2736 2193 2782 2251 0
2812 2209 2937 2249 vere
2966 2195 3226 2249 Dominus
3255 2203 3454 2259 tecum,
3497 2197 3584 2250 cui

2004 2285 2151 2340 dedit
2174 2284 2454 2353 Dominus,
2483 2293 2541 2339 ιιι
2567 2285 2746 2341 omnis
2768 2293 2960 2339 natura
2998 2293 3207 2338 tantum
3238 2285 3336 2340 tibi
3363 2285 3585 2341 deberet

2003 2391 2206 2432 secum.

2071 2466 2260 2533 Maria,
2287 2467 2515 2524 obsecro
2549 2477 2602 2523 tt.
2644 2481 2739 2538 per
2780 2467 3034 2536 gratiam,
3073 2481 3178 2536 qua
3209 2465 3289 2521 sic
3319 2466 3578 2522 Dominus

2001 2571 2124 2612 esse
2152 2556 2243 2587 ⁸⁸⁸⁸
2267 2565 2464 2622 tecum,
2497 2565 2553 2612 et
2579 2566 2632 2611 te
2651 2555 2820 2611 voluit
2847 2569 2969 2610 esse
2995 2570 3212 2620 secum;
3253 2554 3331 2610 fac
3355 2564 3580 2624 propter

2001 2647 2173 2718 ipsam
2194 2648 2490 2704 secundum
2511 2647 2757 2702 eamdem
2787 2647 2958 2717 ipsam
2982 2647 3239 2718 gratiam,
3265 2645 3570 2700 misericor-

2001 2739 2145 2793 diam
2178 2747 2324 2794 tuam
2366 2755 2606 2805 meeum;
2639 2738 2725 2794 fac
2761 2747 2822 2795 ut
2845 2753 2996 2794 amor
3028 2741 3102 2794 tui
3127 2755 3340 2811 semper
3370 2738 3441 2792 sit
3462 2753 3580 2792 me-

2001 2845 2146 2896 cum,
2176 2840 2230 2886 et
2257 2846 2386 2886 cura
2413 2831 2517 2887 mei
2561 2845 2777 2902 seraper
2810 2832 2882 2887 sit
2914 2840 3111 2887 tecum.
3149 2832 3255 2887 Fac
3282 2840 3339 2885 ut
3370 2831 3579 2886 clamor

2000 2922 2340 2977 necessitatis
2371 2937 2521 2988 mem,
2551 2922 2790 2992 quandiu
2822 2922 2936 2994 ipsa
2965 2923 3227 2992 persistit,
3256 2925 3327 2978 sit
3355 2933 3572 2988 tecum;

1999 3021 2053 3067 et
2093 3023 2368 3082 respectus
2397 3013 2612 3079 pietatis
2655 3022 2778 3077 tum,
2817 3013 3054 3083 quandiu
3083 3027 3181 3083 ego
3207 3013 3464 3077 subsiste,
3503 3013 3583 3066 sit

1999 3116 2238 3168 mecum;
2274 3102 2356 3158 fac
2381 3113 2441 3157 ut
2470 3103 2860 3175 congratulatio
2893 3105 3236 3160 beatitudinis
3279 3113 3382 3158 tuac
3427 3119 3578 3159 sem-

1996 3206 2094 3262 per
2137 3194 2211 3248 sit
2253 3207 2488 3260 mecum,
2534 3202 2590 3247 et
2640 3194 2943 3264 compassio
2995 3195 3087 3226 ⁸⁸⁸³⁵
3133 3194 3362 3248 miseria:
3419 3209 3572 3261 mca‘,

1996 3293 2257 3355 quantum
2301 3284 2432 3338 mihi
2473 3285 2723 3354 expedit,
2773 3286 2845 3340 sit
2884 3294 3078 3341 tecum.
3133 3285 3290 3340 Sicut
3327 3285 3504 3349 enim,
3540 3300 3572 3338 ο

1995 3373 2332 3440 beatissima,
2370 3375 2548 3430 omnis
2597 3390 2626 3428 a
2661 3385 2713 3429 te
2756 3389 2980 3429 aversus
3019 3383 3074 3430 et
3113 3389 3145 3428 a
3190 3385 3243 3429 te
3287 3374 3568 3444 despectus

1997 3480 2218 3522 necesse
2242 3477 2328 3521 est
2367 3474 2424 3521 ut
2453 3465 2710 3528 intereat,
2753 3465 2824 3518 ita
2860 3465 3037 3520 omnis
3066 3480 3094 3518 ει
3124 3474 3177 3520 te
3201 3479 3490 3520 conversus
3515 3474 3570 3520 et

1996 3570 2025 3608 a
2064 3565 2115 3610 te
2143 3565 2419 3626 respectus
2447 3554 2776 3625 impossibile
2803 3565 2885 3610 est
2909 3564 2965 3610 ut
2990 3564 3203 3626 pereat;
3235 3556 3375 3610 sicut
3397 3556 3563 3620 enim,

1994 3647 2244 3711 Domina,
2277 3647 2420 3702 Deus
2447 3647 2632 3717 genuit
2655 3646 2799 3700 illum
2833 3647 2885 3700 iu
2913 3662 3020 3716 quo
3047 3647 3229 3701 omnia
3264 3648 3468 3712 vivunt,
3489 3647 3568 3701 sic

1995 3753 2029 3793 ο
2064 3747 2136 3802 ιιι,
2170 3737 2267 3794 ﬂos
2290 3739 2383 3771 ⁸⁸⁸⁵
2410 3738 2750 3807 virginitatis,
2787 3738 3016 3806 genuisti
3048 3753 3171 3792 eum
3204 3752 3300 3806 per
3326 3752 3486 3807 quem
3513 3749 3570 3792 et

1996 3833 2194 3886 mortui
2236 3831 2567 3886 reviviscunt
2597 3831 2710 3884 ⁸⁸³⁸.
2761 3831 2828 3886 Ει
2870 3830 3014 3885 sicut
3059 3831 3198 3884 Deus
3239 3845 3337 3899 per
3375 3829 3569 3883 Filium

1995 3937 2152 3977 suum
2197 3923 2386 3977 beatos
2429 3921 2646 3993 angelos
2691 3937 2723 3977 a
2760 3933 2982 3991 peccato
3009 3923 3268 3986 servavit,
3312 3922 3385 3976 ita
3426 3937 3459 3976 ο
3493 3932 3566 3984 tu,

1996 4012 2160 4067 decus
2189 4011 2279 4044 ³⁸⁸⁷
2311 4011 2582 4080 puritatis,
2608 4027 2704 4080 per
2728 4012 2923 4066 Filium
2959 4021 3107 4065 tuum
3137 4012 3364 4066 miseros
3393 4011 3567 4066 horni-

1996 4117 2094 4157 nes
2135 4117 2202 4157 ex
2249 4112 2470 4171 peccato
2507 4103 2742 4158 salvabis
2792 4103 2904 4156 “'9.
2939 4103 3401 4170 Quemadmodum
3431 4102 3570 4156 enim

1995 4189 2089 4244 Dei
2121 4189 2288 4245 Filius
2325 4198 2407 4244 est
2435 4191 2708 4245 beatitudo
2729 4193 3021 4261 justorum,
3048 4193 3147 4259 sic,
3175 4210 3208 4247 ο
3235 4203 3288 4248 ιιι
3317 4191 3464 4246 salus
3498 4191 3570 4243 fe-

1996 4281 2306 4348 cunditatis,
2336 4282 2505 4337 Filius
2535 4291 2660 4338 tuus
2689 4291 2770 4338 est
2796 4285 3168 4339 reconciliatio
3197 4294 3568 4354 peccatorum.

437 4331 449 4341 .
715 4331 728 4341 .
892 4331 899 4332 κ
932 4331 935 4332 ν
1098 4331 1103 4332 κ
1266 4331 1293 4332 η
1329 4331 1362 4333 η
1402 4331 1451 4333 κ-
1477 4331 1519 4348 ,τ
1745 4331 1757 4335 -
1789 4331 1891 4338 --η
2004 4331 2306 4348 ν---τ---η-τ.
2338 4331 2504 4337 --ηη
2538 4331 2658 4338 ν--η
2692 4331 2770 4338 ---
2799 4331 3165 4339 --νν--ν---ηη
3198 4331 3566 4354 rrum-mu-

316 4363 619 4421 abscondas
647 4365 738 4399 ⁸⁸⁷⁸
769 4374 842 4433 te,
879 4366 1119 4434 domina,
1142 4382 1332 4439 parum
1362 4368 1586 4438 videnti,
1617 4370 1811 4426 animze
1841 4380 1894 4428 te
1922 4331 1972 4390 υ
1996 4369 2112 4426 Non
2139 4372 2284 4427 enim
2312 4381 2397 4428 est
2435 4371 2825 4441 reconciliatio,
2853 4375 2957 4430 nisi
2983 4389 3146 4445 quam
3189 4384 3245 4429 tu
3271 4383 3418 4430 casta
3443 4389 3567 4428 con-

1601 4504 1837 4561 VARLE
1875 4503 2280 4562 LECTIONES.

382 4611 739 4688 "‘"Mundum
753 4613 1136 4688 captivumms.
1154 4615 1284 4670 Vict.
1302 4615 1388 4670 16.
1409 4617 1621 4682 omittit,
1638 4617 1909 4688 captivum
1946 4687 1951 4688 ί
1986 4617 2075 4651 ⁸⁸⁷³
2093 4616 2472 4673 Resuseitavit.
2489 4615 2554 4670 1η
2573 4633 2692 4670 mss.
2713 4614 3081 4688 Coer/man.
3103 4615 3328 4688 ναι-ιρις.
3351 4627 3396 4670 et
3419 4613 3565 4688 Flor.

317 4694 586 4755 ponuntur
610 4701 694 4755 ea,
727 4684 1050 4755 insidiisetc,
1078 4701 1196 4754 quae
1216 4688 1452 4755 superius
1481 4689 1672 4741 omissa
1687 4684 1808 4742 sunt
1886 4687 1982 4720 “7'
2002 4688 2213 4742 Amisso
2236 4704 2358 4743 uisa.
2387 4688 2584 4741 amissa
2656 4687 2745 4718 ³⁸⁷³
2775 4687 3090 4741 nominatur
3109 4686 3317 4740 faveudi
3339 4703 3464 4740 mss.
3494 4687 3568 4739 fa-

319 4748 475 4827 vendi
498 4752 799 4827 domi‘natui
872 4753 965 4827 {‘7}
985 4748 1376 4810 Obtinebalitur
1391 4759 1742 4826 oppressione
1761 4775 1884 4812 mss.
1909 4757 2276 4812 obruebantur
2303 4758 2651 4827 Oppressione
2726 4756 2818 4791 ³⁸⁷⁸
2837 4756 3018 4810 Abusa
3045 4757 3198 4811 idolis
3226 4773 3348 4810 mss.
3376 4759 3444 4810 ab
3472 4773 3566 4809 usu

321 4821 477 4878 idolis
562 4822 653 4853 ³⁸⁷⁵
677 4822 817 4876 intra
841 4823 1043 4878 eisdem
1076 4841 1202 4894 mss.
1233 4827 1372 4880 intra
1406 4821 1686 4882 sia-eisdem
1764 4828 1853 4860 “77
1888 4827 2293 4890 Remediantur,
2320 4821 2567 4880 homines
2591 4845 2711 4894 mas.
2733 4829 3113 4890 remediantur,
3141 4827 3410 4880 dmmones
3442 4843 3570 4879 eon-

318 4894 620 4958 culcantur,
659 4894 904 4948 homines
936 4911 1035 4948 ms.
1074 4893 1206 4949 Vict.
1238 4897 1326 4950 16.
1353 4897 1708 4959 reclinantur,
1737 4898 1982 4953 homines
2020 4915 2118 4952 ms.
2151 4895 2301 4950 Flor.
2336 4908 2388 4948 ut
2417 4898 2470 4950 in
2504 4895 2646 4948 Edit.
2723 4897 2815 4928 ³⁸⁷⁸
2865 4896 2975 4951 Nec
3010 4897 3305 4952 abscmides
3332 4913 3458 4949 mss.
3506 4910 3570 4948 ne

319 4964 619 5037 aliscondas
694 4964 785 5037 “"9
804 4964 1112 5037 Animam.
1131 4965 1494 5037 languentem.
1527 4984 1653 5022 mss.
1686 4968 1924 5022 animm..
1959 4967 2262 5037 languentis
2335 4967 2425 4997 “3°
2453 4964 2726 5037 Locatam.
2768 4965 2957 5022 Omnis
2997 4976 3096 5020 etc.
3144 4983 3266 5019 mss.
3313 4966 3566 5037 locatam.

319 5032 463 5106 Nihil
488 5043 572 5089 est
598 5034 804 5102 aequale
839 5033 1036 5088 Mariae.
1068 5032 1346 5098 Nihil'nisi
1378 5039 1518 5092 Deus
1549 5037 1722 5106 majus
1743 5037 1909 5092 Maria
1937 5032 2076 5093 Deus
2104 5037 2294 5100 tilium,
2343 5052 2502 5106 quem
2541 5036 2712 5090 solum
2753 5037 3012 5091 de'eorde
3043 5051 3140 5090 suo
3173 5037 3435 5105 aequalem
3467 5035 3567 5088 sibi

320 5105 583 5176 genitum,
638 5116 891 5176 tanquam
922 5106 1160 5173 seipsum
1203 5108 1477 5176 diligebat,
1511 5105 1684 5176 ipsum
1719 5108 1864 5162 dedit
1897 5107 2116 5162 Mariae:
2157 5117 2212 5162 et
2247 5122 2314 5161 ex
2359 5105 2526 5160 Maria
2569 5106 2698 5160 fecit
2727 5106 2827 5161 sibi
2881 5106 3070 5172 lilium,
3107 5121 3208 5160 non
3234 5107 3436 5176 Aalium.
3472 5106 3567 5158 sed

317 5173 705 5248 enndem_(ms_.
751 5173 978 5228 Val-luo.
1017 5191 1122 5248 non
1158 5173 1502 5248 sed_eundem
1532 5173 1758 5248 ipsum),
1788 5189 1844 5232 ut
1877 5178 2196 5232 naturaliter
2238 5185 2383 5231 esset
2417 5192 2557 5248 unus
2600 5177 2851 5248 idemque?
2882 5175 3193 5248 communis
3220 5174 3360 5248 illius
3387 5175 3483 5228 Dei
3514 5185 3568 5248 et

321 5241 521 5298 Mariae.
547 5241 735 5299 Otnnis
758 5255 852 5298 etc.
878 5261 1004 5298 mss.
1050 5245 1181 5298 Vict.
1214 5246 1299 5300 16.
1333 5245 1517 5300 Carth.
1541 5241 1586 5300 et
1616 5241 1767 5301 Flor.
1813 5249 2055 5302 omittunt
2083 5249 2210 5304 lima.
2241 5257 2295 5300 et
2321 5261 2385 5300 ex
2432 5246 2597 5299 Maria
2641 5241 2774 5299 fecit
2793 5247 2892 5301 sibi
2919 5245 3082 5298 ﬁlium
3115 5261 3219 5297 non
3249 5246 3434 5302 alium.
3471 5245 3565 5298 sed

322 5314 554 5369 eundem
633 5313 767 5386 “3°:
784 5314 850 5368 Et
872 5315 1050 5386 omnis
1087 5316 1180 5370 Dei
1209 5327 1398 5386 natura
1423 5332 1487 5372 ex
1512 5317 1678 5371 Maria
1709 5327 1791 5371 est
1818 5326 1942 5371 nata
1971 5333 2096 5370 mss.
2129 5316 2332 5369 Thuan.
2366 5314 2669 5386 Cot'b._l’ict.
2701 5313 2850 5386 Flor.
2881 5325 2934 5370 et
2961 5315 3052 5386 Dei
3086 5325 3276 5386 natura
3301 5329 3368 5368 ex
3397 5313 3562 5386 Maria

323 5390 404 5436 (νει
427 5393 552 5437 nata
578 5399 703 5438 mu.
731 5383 854 5439 Bec.
885 5382 1151 5438 0.5Cartlt.
1173 5397 1219 5438 et
1261 5384 1480 5440 Vat-(uc.
1517 5397 1572 5441 et
1606 5388 1748 5442 Deus
1771 5403 1833 5440 ex
1860 5386 2027 5440 Maria
2057 5395 2139 5440 est
2169 5394 2326 5440 natus
2402 5385 2487 5417 ⁸⁸⁸³
2519 5383 2711 5439 Omnia
2742 5385 2870 5439 fecit
2895 5384 2976 5436 vel
3017 5385 3220 5438 creavit
3265 5400 3388 5438 mss.
3414 5383 3566 5435 omit-

323 5460 456 5526 tunt,
487 5453 570 5505 vel
600 5453 803 5507 creavit
875 5453 1189 5526 “Ffulierunt
1216 5465 1521 5510 creatarum
1547 5474 1670 5511 mss.
1712 5457 1842 5510 Tim.
1889 5455 2020 5509 Vict.
2053 5456 2245 5526 Cartlt.
2268 5471 2444 5509 rerum
2475 5462 2838 5526 rgereatarum
2913 5453 3008 5526 "_”
3035 5452 3279 5526 SeDeus
3293 5467 3412 5507 esse
3434 5468 3560 5504 mss.

323 5521 402 5597 sic
429 5523 835 5597 Dominu§_esse
913 5522 1004 5555 ’⁸⁸⁵
1045 5524 1109 5577 Ει
1130 5526 1310 5593 passio
1339 5543 1462 5580 mss.
1491 5535 1541 5580 et
1575 5528 1878 5596 compassio
1952 5526 2044 5557 ¹⁶⁸⁵
2072 5525 2115 5580 0
2141 5534 2193 5579 tu
2226 5525 2324 5579 ﬂos
2353 5541 2450 5578 ms.
2493 5521 2746 5597 νίειίιϐζ
2766 5531 2820 5597 et
2847 5521 3037 5597 tt_t_ﬂos
3110 5522 3202 5556 ⁸⁸⁸⁸
3223 5523 3439 5597 ΔΜοιιιιιι
3478 5536 3562 5576 re-

325 5590 506 5640 \‘ivunt
532 5590 811 5643 mssiTlm.
843 5604 1049 5646 mortua
1077 5590 1402 5652 reviviscunt
1477 5597 1561 5630 ²⁶⁸⁷
1585 5597 1656 5650 ita
1679 5590 1732 5652 tu
1757 5598 1918 5652 decus
1940 5613 2060 5652 mss.
2097 5597 2170 5651 ita
2213 5611 2244 5650 ο
2276 5605 2330 5649 ιιι
2358 5597 2519 5650 decus
2596 5594 2684 5625 ¹⁶⁸⁸
2716 5593 2958 5648 Salvahis
3003 5609 3126 5647 mss.
3159 5592 3388 5647 salvavit
