3906 6058
370 229 475 285 957

361 343 590 414 cepisti;
620 357 727 398 non
757 349 836 399 est
867 340 1205 411 justilicatio,
1239 342 1344 398 nisi
1375 357 1534 413 quam
1561 352 1615 396 tu
1647 343 1852 412 integra
1882 342 1935 396 in
1968 349 2013 404 Α

363 443 518 489 utero
549 431 762 499 fovisti;
802 449 906 488 non
951 442 1038 488 est
1079 433 1244 499 salus,
1293 435 1395 490 nisi
1435 450 1593 503 quam
1619 474 1634 499 ,
1676 444 1730 488 tu
1768 434 1942 502 virgo,

363 525 636 596 peperisti.
692 525 852 593 Ergo,
891 541 923 580 ο
961 525 1199 590 domina,
1246 535 1422 582 mater
1455 541 1514 580 es
1538 525 1944 595 justifieationis

361 624 414 668 et
437 613 878 682 justilicatorum,
917 599 1148 683 genitrix
1183 629 1242 668 es
1276 614 1730 669 reconciliationis
1768 623 1821 668 et
1853 629 1943 668 re-

358 705 790 770 conciliatorum,
841 720 1038 774 parens
1080 721 1137 761 es
1166 705 1355 760 salutis
1395 715 1450 759 et
1499 705 1850 759 salvatorum.
1897 704 1941 760 Ο

301 783 306 788 ’
357 793 517 851 beata
567 793 799 850 ﬁducia!
853 811 886 850 ο
924 805 1096 850 tutmn
1139 794 1440 864 refugium!
1497 794 1669 850 Mater
1715 795 1810 850 Dei
1857 807 1941 850 est

359 894 536 939 mater
563 894 784 950 nostra;
810 894 982 940 mater
1006 885 1124 952 ejus
1149 887 1202 940 in
1227 885 1321 918 ¹⁶⁸⁹
1354 900 1461 955 quo
1486 885 1601 941 solo
1630 901 1936 956 speramus,

356 984 413 1032 et
440 991 598 1047 quem
641 977 812 1033 solum
852 978 1120 1041 timemus,
1147 987 1232 1032 est
1272 988 1446 1032 mater
1483 986 1697 1043 nostra;
1742 985 1935 1041 mater,

358 1067 600 1138 inquam,
631 1067 748 1138 ejus
774 1069 866 1140 qui
898 1069 1042 1124 solus
1068 1068 1259 1134 salvat,
1285 1069 1434 1126 solus
1457 1070 1701 1136 damnat,
1723 1078 1808 1125 est
1830 1085 1937 1124 ma.

359 1166 445 1214 ter
478 1168 682 1213 nostra.

427 1248 556 1314 Sed,
601 1261 634 1301 ο
670 1246 951 1301 benedicta
989 1255 1045 1301 et
1071 1245 1303 1302 exaltata
1335 1261 1440 1300 non
1485 1247 1581 1301 tibi
1607 1246 1728 1312 soli,
1758 1246 1851 1303 sed
1880 1258 1936 1302 et

355 1337 510 1390 nobis
527 1336 742 1405 quidem
775 1335 867 1368 "9°
903 1351 1062 1405 quam
1091 1352 1362 1407 magnum,
1397 1351 1557 1405 quam
1580 1338 1810 1392 amabile
1841 1337 1930 1368 ί⁸⁸¹

353 1427 606 1493 estquod
641 1425 798 1481 video
832 1440 930 1494 per
975 1435 1026 1480 te
1071 1427 1292 1481 evenire
1341 1427 1516 1490 nobis,
1556 1427 1698 1496 quod
1743 1427 1933 1483 videns

353 1517 577 1585 gaudeo,
603 1515 744 1586 quod
775 1517 1015 1587 gaudens
1043 1517 1220 1572 dicere
1258 1531 1363 1571 non
1393 1518 1586 1572 audeo.
1619 1516 1676 1571 Si
1705 1518 1850 1572 enim
1877 1527 1929 1572 tu

352 1605 569 1659 domina
597 1620 656 1660 es
686 1615 858 1660 mater
885 1605 1021 1675 ejus,
1044 1621 1223 1662 nonne
1249 1615 1302 1661 et
1329 1606 1419 1661 alii
1451 1607 1545 1662 lilii
1571 1608 1642 1661 tui
1673 1617 1799 1662 sunt
1823 1607 1931 1662 fra«

1775 225 2183 282 ORATIONES.

3521 229 3625 286 958

2115 341 2304 411 Magne
2355 340 2597 404 Domine,
2640 350 2694 392 tu
2743 351 2926 394 noster
2969 339 3140 407 major
3185 341 3375 405 frater,
3429 359 3621 416 magna

2045 432 2281 494 domina,
2322 440 2374 485 tu
2417 440 2596 484 nostra
2641 431 2831 485 melior
2863 443 3055 495 mater,
3101 433 3290 487 docete
3319 450 3413 488 cor
3445 452 3620 491 meum

2044 537 2149 591 qua
2204 523 2505 577 reverentia
2558 539 2654 576 vos
2696 524 2890 576 debeat
2939 524 3195 594 c0gitare.
3237 524 3383 580 Bone
3433 538 3510 594 tu,
3567 539 3624 583 et

2042 613 2181 668 bona
2209 625 2294 680 ttt;
2321 613 2494 668 dulcis
2523 624 2598 678 tu,
2630 623 2685 668 et
2713 613 2884 668 dulcis
2912 621 2965 666 tu
2994 614 3154 668 dicite
3185 626 3238 668 et
3263 615 3387 670 date
3426 618 3620 673 anima:

2041 717 2194 769 mete,
2223 719 2332 773 quo
2359 702 2552 758 affectu
2586 718 2682 758 vos
2714 704 3064 757 memorando
3103 704 3167 758 de
3209 706 3358 759 vobis
3385 709 3620 764 delecte-

2043 804 2150 862 tur,
2199 795 2518 850 delectando
2553 794 2900 864 jucundetur,
2937 795 3284 865 jucundando
3322 797 3622 869 impingite-

2041 895 2148 940 tur.
2182 886 2517 956 lmpinguate
2541 897 2596 941 et
2620 886 2934 941 succcndite
2979 885 3070 917 ¹⁷⁰⁷
3104 901 3222 940 eam
3274 898 3450 940 vestra
3488 889 3620 944 dile-

2038 977 2243 1043 ctione;
2297 987 2482 1033 vestro
2532 977 2624 1009 ³⁷³⁸
2677 977 2934 1032 continuo
2981 992 3167 1030 amore
3220 977 3474 1048 langueat
3526 994 3622 1033 cur

2035 1082 2246 1134 meum,
2273 1068 2552 1138 liqucliant
2584 1068 2766 1122 omnia
2795 1083 2917 1122 ossa
2951 1082 3070 1121 mea
3095 1066 3210 1133 ‘7”,
3243 1069 3458 1123 deficiat
3490 1084 3618 1124 caro

2035 1170 2178 1211 mea.
2214 1157 2435 1212 Utinam
2483 1158 2562 1212 sic
2587 1159 2793 1212 viscera
2825 1157 3018 1212 anima:
3051 1174 3182 1212 mea:
3212 1159 3352 1212 dulci
3403 1159 3618 1214 fervore

2035 1255 2227 1299 vestra:
2249 1246 2553 1302 dilectionis
2568 1247 2943 1308 exardescant,
2968 1256 3024 1300 ut
3047 1247 3253 1301 viscera
3275 1249 3454 1302 carnis
3479 1266 3612 1304 IIICEB

2033 1347 2378 1390 exarescant!
2410 1337 2626 1392 Utinam
2651 1338 2730 1391 sic
2754 1337 2940 1390 intima
2965 1337 3301 1407 spiritusmei
3328 1338 3612 1396 dulcedine

2031 1431 2198 1486 vestri
2225 1430 2448 1486 affectus
2472 1431 2564 1463 ²⁷¹⁰
2590 1431 2974 1503 impinguetur,
3011 1439 3068 1486 ut
3093 1431 3336 1486 medulla:
3367 1435 3615 1502 corporis

2031 1524 2136 1578 mei
2169 1524 2512 1579 exsiccentur
2532 1525 2545 1578 ε

2106 1614 2329 1670 Domine
2358 1615 2457 1671 Fili
2490 1615 2720 1670 domina:
2753 1629 2906 1677 mete,
2944 1615 3162 1670 domina
3199 1625 3372 1670 mater
3399 1617 3612 1672 Domini

353 1702 464 1749 tres
491 1693 646 1762 ejus?
685 1693 791 1751 Sed
833 1696 926 1766 qui
975 1696 1196 1763 fratres,
1247 1706 1301 1752 et
1353 1695 1508 1765 cujus
1557 1696 1697 1766 ejus,
1742 1697 1933 1767 loquar
1964 1694 2008 1749 Β
2033 1703 2158 1767 mei,
2201 1705 2244 1758 si
2271 1719 2370 1775 ego
2407 1719 2513 1758 non
2546 1719 2665 1759 sum
2713 1705 2906 1774 dignus
2936 1705 3136 1772 quisic
3175 1705 3398 1760 debeam
3431 1715 3613 1763 vestro

355 1785 497 1838 unde
547 1786 637 1818 “9'
678 1787 1010 1856 jucundatur
1037 1802 1133 1842 cor
1173 1802 1384 1851 meum;
1427 1803 1497 1842 an
1535 1787 1731 1854 silebo,
1763 1803 1834 1843 ne
1862 1788 1930 1845 de

349 1873 583 1931 elatione
609 1875 701 1908 ¹⁶⁹⁸
728 1885 988 1947 arguatur
1011 1890 1076 1931 os
1101 1891 1279 1932 meum
1308 1876 1434 1930 “9‘?
1465 1875 1570 1932 Sed
1596 1878 1739 1947 quod
1767 1879 1930 1934 credo

349 1968 600 2031 amando,
627 1983 726 2022 cur
745 1983 853 2023 non
880 1968 1180 2024 confitebor
1207 1969 1511 2024 laudando?
1546 1969 1730 2024 Dicam
1765 1969 1929 2040 igitur

349 2073 456 2111 non
489 2057 870 2127 superbieudo,
896 2057 988 2113 sed
1014 2059 1216 2128 gratias
1238 2059 1468 2127 agendo.
1495 2058 1595 2126 Qui
1626 2059 1770 2114 enim
1797 2059 1927 2114 fecit

347 2160 406 2204 ut
438 2149 550 2217 ipse
582 2163 678 2217 per
707 2157 1005 2204 maternam
1039 2151 1441 2218 generationem
1475 2152 1748 2221 particeps
1777 2163 1925 2208 esset

347 2247 551 2292 natura:
588 2237 680 2269 ¹⁶⁹⁸
713 2247 936 2304 nostrae,
983 2248 1039 2292 et
1081 2254 1178 2293 nos
1220 2255 1317 2308 per
1355 2240 1478 2293 vita:
1527 2243 1924 2297 restitutionem

346 2345 588 2385 essemus
633 2329 728 2385 fllii
778 2331 967 2385 matris
1009 2329 1124 2398 ejus
1166 2331 1278 2396 ηπ,
1314 2331 1427 2400 ipse
1464 2347 1562 2386 nos
1606 2333 1820 2399 invitat,
1867 2344 1926 2389 ιιι

345 2420 704 2476 confiteamur
730 2435 829 2476 nos
870 2419 1066 2476 fratres
1094 2421 1185 2453 “9"
1213 2419 1351 2489 ejus.
1382 2421 1523 2492 Ergo
1545 2421 1708 2492 judex
1739 2433 1925 2478 noster

343 2520 427 2567 est
447 2511 615 2566 frater
638 2520 850 2576 noster;
884 2510 1132 2565 Salvator
1163 2511 1346 2566 mundi
1378 2511 1470 2543 “9°
1496 2521 1580 2565 est
1612 2513 1783 2565 frater
1823 2528 1924 2567 no-

343 2612 484 2668 ster;
530 2603 764 2672 denique
805 2602 947 2656 Deus
997 2613 1182 2656 noster
1213 2609 1297 2656 est
1337 2601 1512 2656 factus
1556 2617 1653 2671 per
1701 2600 1924 2656 Mariam

344 2695 505 2748 frater
558 2707 761 2750 noster.
803 2693 919 2761 Qua
951 2693 1114 2762 igitur
1142 2692 1467 2747 certitudine
1509 2693 1769 2747 debemus
1804 2707 1923 2763 spe-

345 2797 489 2848 rare,
541 2798 648 2850 qua
693 2782 1063 2838 consolatione
1091 2781 1182 2814 ¹⁶⁹⁹
1211 2797 1496 2851 possumus
1546 2782 1756 2849 timere,
1789 2797 1924 2851 quo-

345 2887 463 2927 rum
505 2871 620 2927 sive
649 2871 818 2938 salus,
848 2873 962 2927 sive
989 2873 1287 2938 damnatio,
1325 2873 1390 2928 de
1432 2873 1558 2928 boni
1589 2871 1774 2928 fratris
1805 2873 1921 2940 "°°,

342 2971 397 3017 et
414 2963 481 3017 de
509 2962 613 3032 pia:
637 2964 828 3017 matris
845 2965 1080 3032 pendent
1100 2963 1356 3019 arbitrio!
1389 2964 1506 3030 Quo
1531 2964 1696 3018 etiam
1726 2964 1918 3022 affectu

2034 1807 2219 1848 amore
2267 1793 2588 1857 beatificari,
2636 1803 2783 1847 certe
2825 1808 2920 1848 vos
2952 1792 3040 1824 ¹⁷¹¹
3073 1809 3177 1848 non
3225 1795 3353 1848 estis
3384 1795 3610 1865 indigni,

2031 1883 2122 1952 qui
2165 1883 2264 1948 sic,
2314 1883 2422 1938 imo
2463 1884 2554 1916 ‘7“
2603 1882 2719 1953 plus
2755 1883 2996 1938 debeatis
3039 1883 3230 1937 amari.
3265 1884 3428 1954 Ergo,
3461 1886 3615 1940 beni-

2030 1975 2295 2046 gnissimi,
2333 1989 2399 2028 ne
2426 1975 2506 2030 sic
2546 1973 2824 2043 denegetis
2863 1973 2990 2028 mihi
3036 1973 3238 2043 petenti
3280 1974 3331 2028 id
3369 1989 3478 2044 quo
3523 1991 3612 2031 me

2029 2066 2294 2121 confiteor
2323 2066 2624 2137 indignum,
2655 2075 2714 2120 ut
2743 2065 3024 2118 auferatur
3049 2064 3201 2119 vobis
3245 2065 3298 2118 id
3329 2081 3436 2134 quo
3459 2076 3608 2122 certe

2027 2171 2125 2210 vos
2165 2172 2364 2227 negare
2395 2172 2498 2211 non
2538 2155 2764 2225 potestis
2806 2155 3015 2224 dignos.
3057 2155 3190 2209 Date
3240 2155 3442 2226 itaque,
3477 2155 3608 2228 piis~

2028 2246 2172 2310 simi,
2221 2245 2366 2308 date,
2399 2246 2646 2310 obsecro,
2697 2243 3014 2314 supplicanti
3054 2243 3248 2298 animae
3295 2260 3444 2308 meae,
3494 2262 3603 2301 non

2027 2347 2246 2406 propter
2289 2337 2539 2391 meritum
2589 2350 2789 2401 meum,
2831 2334 2924 2388 sed
2967 2343 3189 2404 pr0pter
3219 2334 3466 2388 meritum
3514 2352 3605 2390 ve-

2028 2436 2230 2496 strum;
2261 2424 2480 2480 dateilli
2505 2431 2706 2492 quanto
2730 2422 2875 2492 digni
2897 2421 3046 2480 estis.
3075 2437 3312 2475 amorem
3341 2431 3599 2478 vestrum.

2029 2517 2181 2582 Date,
2211 2516 2452 2585 inquam,
2486 2513 2615 2568 mihi
2658 2528 2766 2582 quo
2792 2527 2910 2566 smn
2945 2511 3036 2542 ¹⁷¹³
3089 2511 3359 2582 indignus,
3395 2522 3452 2566 ut
3484 2515 3604 2568 red-

2027 2607 2188 2659 datur
2229 2604 2380 2659 vobis
2405 2619 2513 2673 quo
2543 2603 2675 2657 estis
2710 2601 2806 2634 ‘7“
2829 2601 2994 2672 digni.
3046 2600 3102 2655 Si
3131 2602 3274 2654 enim
3303 2619 3408 2656 non
3435 2604 3597 2657 vultis

2027 2695 2180 2759 dare,
2215 2704 2274 2749 ut
2302 2696 2530 2749 habeam
2577 2693 2720 2763 quod
2764 2693 3036 2756 desidero,
3073 2690 3264 2746 saltem
3310 2693 3476 2748 nolite
3506 2709 3600 2748 ne-

2026 2802 2154 2858 gare
2177 2796 2234 2840 ut
2257 2785 2474 2840 reddam
2503 2784 2658 2839 vobis
2687 2784 2830 2853 quod
2861 2782 3053 2837 debeo.

2095 2875 2346 2932 Forsitan
2378 2875 2752 2946 praesumendo
2793 2871 3006 2942 loquar,
3044 2872 3138 2927 sed
3172 2871 3359 2940 utique
3386 2872 3602 2928 bonitas

2024 2975 2205 3022 vestra
2233 2965 2364 3021 facit
2394 2980 2478 3020 me
2512 2964 2791 3018 audacem.
2814 2961 3025 3031 Loquar
3047 2976 3177 3031 ergo
3202 2957 3381 3016 adhuc
3402 2962 3470 3014 ad
3495 2962 3602 3016 Do-

341 3055 481 3110 hune
502 3053 730 3108 fratrem
764 3065 820 3109 et
844 3054 985 3110 hanc
1007 3064 1237 3110 matrem
1265 3069 1448 3108 amare
1478 3055 1773 3110 debemus?
1801 3058 1919 3126 Qua
1949 3027 1994 3090 Ο
2025 3044 2230 3110 πιὶηιιηὶ
2254 3071 2432 3109 meum
2462 3063 2516 3109 et
2552 3053 2824 3108 dominam
2859 3067 3036 3106 meam
3074 3067 3190 3104 cum
3233 3050 3331 3104 sim
3357 3050 3525 3120 pulvis
3550 3061 3600 3106 et

341 3145 706 3202 familiaritate
737 3161 833 3200 nos
864 3145 969 3202 illis
1005 3147 1440 3201 committemus?
1479 3145 1593 3213 Qua
1621 3150 1916 3205 securitate

341 3239 407 3291 ad
460 3239 580 3294 illos
620 3237 1026 3311 confugiemus?
1053 3239 1168 3307 Qua
1213 3240 1498 3296 dulcedine
1545 3241 1917 3310 confugientes

322 3327 431 3359 ’⁸⁷⁸⁸
473 3329 848 3398 suscipiemur.
891 3328 1073 3384 Bonus
1104 3329 1267 3399 igitur
1292 3328 1462 3385 frater
1497 3331 1655 3385 nobis
1678 3333 1916 3388 dimittat

336 3419 478 3489 quod
501 3420 824 3490 deliquimus
851 3421 971 3483 mn;
1000 3421 1113 3489 ipse
1139 3422 1505 3491 avertatquod
1527 3422 1911 3492 delinquentes

337 3510 653 3576 meruimus,
709 3511 824 3580 ipse
881 3510 1044 3564 donet
1089 3511 1232 3578 quod
1269 3512 1596 3579 pmnitentes
1649 3513 1904 3582 petimus.

333 3599 480 3654 Bona
508 3607 679 3653 mater
717 3609 834 3654 oret
861 3608 916 3654 et
950 3608 1137 3653 exoret
1165 3613 1266 3668 pro
1301 3598 1476 3665 nobis,
1515 3600 1630 3669 ipsa
1677 3601 1913 3670 postulet

331 3701 389 3745 et
436 3690 688 3758 impetret
729 3689 873 3758 quod
926 3688 1146 3756 expedit
1199 3689 1355 3744 nobis
1401 3689 1517 3744 ‘7”.
1573 3690 1691 3759 Ipsa
1757 3702 1910 3762 roget

334 3779 502 3835 lilium
533 3794 630 3850 pro
661 3777 804 3844 ﬁliis,
829 3778 1162 3849 unigenitum
1193 3795 1290 3848 pro
1309 3779 1602 3848 adoptatis,
1633 3781 1908 3836 dominum

330 3887 430 3950 pro
458 3871 653 3926 servis.
689 3869 870 3925 Bonus
908 3870 1074 3925 Filius
1103 3871 1288 3924 audiat
1331 3880 1697 3944 matrem\pro
1727 3870 1914 3926 fratri-

330 3964 450 4028 bus,
499 3961 816 4034 Unigenitus
857 3977 955 4033 pro
1003 3963 1089 4018 his
1123 3977 1260 4032 quos
1298 3962 1597 4032 adoptavit,
1653 3963 1913 4020 Dominus

330 4070 428 4123 pro
479 4054 564 4109 his
601 4069 738 4124 quos
763 4053 1034 4109 liberavit.
1067 4053 1112 4109 0
1154 4053 1321 4108 Maria
1355 4053 1474 4108 ‘7“!
1517 4063 1779 4123 quantum
1815 4053 1910 4108 tibi

2021 3150 2153 3203 cinis
2192 3147 2349 3220 (Gen.
2402 3163 2558 3212 xvut,
2601 3146 2716 3216 Ξῖ).
2769 3146 2993 3201 Domina
3042 3155 3098 3200 et
3136 3144 3375 3212 domina,
3422 3161 3603 3202 nonne

2022 3241 2193 3298 multo
2223 3240 2413 3295 melius
2441 3247 2522 3294 est
2557 3253 2680 3292 cum
2714 3253 2811 3292 vos
2840 3237 3008 3307 gratis
3036 3236 3248 3290 donatis
3272 3236 3365 3269 ¹⁷¹⁸
3392 3237 3598 3306 petenti

2021 3332 2162 3402 quod
2208 3331 2322 3400 ipse
2351 3343 2454 3383 non
2483 3339 2744 3391 meretur,
2769 3340 2929 3395 quam
2961 3341 3085 3378 cum
3115 3325 3270 3379 vobis
3310 3326 3592 3380 subtrahi-

2023 3434 2110 3480 tur
2153 3423 2295 3493 quod
2326 3422 2478 3476 vobis
2509 3420 2653 3490 juste
2683 3417 2944 3474 debetur?
2974 3417 3107 3471 Illud
3152 3417 3350 3487 quippe
3396 3417 3593 3487 prmdi-

2016 3513 2202 3569 cauda:
2229 3513 2611 3567 misericordiae
2645 3521 2760 3573 est,
2810 3507 2951 3563 istud
2985 3517 3068 3563 est
3107 3506 3354 3563 nefanda:
3386 3508 3595 3576 injusti-

2018 3605 2125 3658 tize.
2152 3602 2446 3671 lmpendite
2469 3599 2650 3671 igitur,
2677 3597 2926 3667 piissimi,
2957 3595 3210 3666 gratiam,
3238 3605 3296 3649 ut
3320 3596 3596 3665 recipiatis

2016 3695 2288 3759 debitum;
2333 3692 2495 3746 facite
2543 3705 2638 3744 vos
2689 3689 2820 3743 mihi
2877 3687 3304 3742 misericordiam
3357 3696 3596 3743 vestram

2015 3798 2135 3853 quae
2173 3783 2304 3836 mihi
2332 3781 2547 3848 expedit
2575 3790 2628 3834 et
2657 3795 2751 3834 vos
2773 3779 2945 3841 decet,
2977 3794 3044 3831 ne
3077 3778 3270 3830 faciam
3305 3792 3403 3847 ego
3440 3779 3594 3832 vobis

2015 3870 2334 3939 injustitiam
2365 3884 2538 3923 meam
2564 3883 2683 3937 qua:
2714 3867 2845 3922 nulli
2875 3866 3089 3934 expedit
3112 3874 3167 3920 et
3193 3866 3394 3920 nullum
3419 3867 3594 3922 decet.

2013 3958 2198 4014 Estote
2249 3973 2347 4012 vos
2400 3956 2531 4010 mihi
2585 3954 2982 4020 misericordes,
3031 3955 3176 4022 quod
3223 3954 3449 4009 obsecro
3499 3972 3596 4012 vos

2011 4051 2122 4116 ‘7”,
2168 4067 2235 4106 ne
2267 4051 2367 4106 sim
2395 4064 2496 4119 ego
2525 4048 2676 4103 vobis
2702 4046 2950 4115 injustus,
2976 4047 3116 4116 quod
3141 4062 3415 4102 exsecror.
3463 4050 3595 4103 Date.

2010 4144 2102 4176 ⁸⁷³⁷
2131 4143 2360 4214 benigne
2384 4151 2438 4196 et
2463 4141 2718 4210 benigna,
2752 4154 2818 4194 ne
2861 4138 2980 4192 sitis
3012 4137 3102 4168 "‘8
3132 4147 3357 4192 exoratu
3400 4139 3592 4193 dimei-

2007 4235 2106 4302 les,
2143 4235 2266 4288 date
2294 4234 2486 4287 anima:
2521 4232 2610 4263 ¹⁷¹⁹
2641 4246 2771 4284 meae
2802 4244 3040 4282 amorem
3077 4229 3263 4293 vestri,
3292 4245 3452 4298 quem
3479 4231 3597 4300 ipsa

2006 4342 2113 4382 non
2137 4325 2334 4395 injuste
2360 4325 2517 4397 petit,
2547 4333 2604 4380 et
2633 4338 2730 4379 vos
2753 4319 2899 4390 juste
2921 4319 3168 4392 exigitis;
3195 4336 3261 4375 ne
3296 4319 3406 4392 ipsa
3434 4321 3592 4376 bonis

331 4147 608 4210 debemus,
637 4147 853 4200 domina
899 4157 1072 4200 mater
1103 4161 1201 4215 per
1225 4161 1389 4215 quam
1425 4147 1517 4179 ¹⁷⁰⁵
1543 4147 1708 4217 282
1743 4145 1907 4201 talem

331 4236 550 4289 fratrem
582 4236 864 4290 habemus!
905 4236 1043 4303 Quid
1073 4237 1392 4306 gratiarum,
1435 4238 1565 4306 quid
1597 4237 1774 4293 laudis
1806 4236 1902 4293 tibi

327 4329 690 4384 retribuemus
701 4328 793 4360 ¹⁷⁰⁰
809 4330 823 4380 t

1614 4501 1845 4557 VARUS
1887 4497 2290 4558 LECTIONES.

398 4636 488 4669 ³⁸⁸⁸
514 4635 682 4692 Mater
699 4636 812 4705 ejus
831 4638 882 4691 in
899 4655 1022 4692 mss.
1044 4637 1164 4692 160.
1180 4649 1225 4691 et
1242 4637 1447 4693 Thurin.
1474 4639 1642 4693 Mater
1659 4641 1745 4693 Dei
1765 4640 1816 4692 in
1883 4640 1974 4672 “9°
1991 4638 2155 4694 Nobis
2176 4635 2304 4706 quid
2321 4642 2404 4689 est
2434 4649 2534 4687 ms.
2551 4631 2684 4686 Vict.
2711 4630 2778 4685 i6
2806 4629 2966 4706 nobis
2981 4630 3196 4706 quidem
3213 4639 3296 4686 est
3324 4647 3448 4706 mas.
3461 4615 3588 4686 Vul-

323 4709 428 4778 lac.
459 4717 505 4760 et
528 4705 675 4778 Flor.
710 4701 814 4760 Sed
843 4719 896 4761 et
923 4709 1079 4762 nobis
1109 4709 1321 4778 quidem
1347 4710 1635 4778 (omit.est)
1705 4709 1982 4776 “"Quam
2009 4701 2469 4778 admirabilemss.
2497 4701 2914 4778 quamuamabile
2954 4701 3044 4735 ¹⁶⁰²
3074 4701 3288 4769 Loquar
3315 4702 3453 4756 unde
3479 4718 3576 4755 ms.

339 4776 470 4830 Vict.
490 4777 577 4831 16.
594 4777 844 4845 loquatur
866 4779 1006 4831 unde
1082 4772 1174 4809 ¹⁶ί⁹³
1197 4777 1274 4831 Ne
1292 4772 1524 4833 elatione
1538 4772 1658 4834 mss.
1679 4772 1874 4834 ΤΙηιζὲι
1893 4778 2116 4832 Val-(uc.
2135 4791 2200 4830 ne
2217 4778 2280 4826 de
2296 4772 2530 4828 elatione
2606 4772 2696 4804 "9‘
2714 4773 3186 4845 Argualurmemn
3201 4781 3586 4845 ptatirguatttr

321 4863 382 4902 os
409 4863 586 4901 meum
656 4840 744 4877 1"”
779 4847 932 4918 Esset
963 4855 1166 4901 natura:
1186 4864 1320 4918 Amas.
1349 4859 1492 4903 esset
1515 4852 1782 4918 particeps
1804 4859 2011 4904 natura:
2083 4845 2376 4918 ‘_‘°°Ma‘tris
2404 4859 2514 4898 sum.
2557 4858 2680 4895 mss.
2731 4842 2918 4918 inagis
2963 4842 3077 4918 ejus
3123 4907 3136 4918 _
3173 4840 3264 4918 ‘f”
3309 4840 3418 4892 Non
3463 4855 3584 4893 esse

323 4927 504 4986 patres
524 4932 762 4971 mss.nos
788 4915 983 4971 fratres
1063 4918 1152 4986 ’ἤθε’
1179 4916 1427 4971 Salvator
1455 4907 1635 4972 Inundi
1664 4907 2236 4986 mss.Thuan.etCorb.
2255 4913 2707 4986 Salvatorposter
2757 4910 2974 4986 “figura
2992 4907 3318 4986 desolatione
3342 4925 3585 4977 mss.qua

321 4978 688 5058 consolatione
729 4984 1406 5058 "°'Debonisfratrismss.
1426 4988 1492 5043 de
1511 4989 1830 5058 bonilratris
1871 4985 2489 5058 "°‘Confu_gien_tesm_s_s.
2507 4981 2770 5058 fugientes
2811 4979 2903 5011 ¹⁷⁰²
2920 4980 3070 5058 Quod
3088 4978 3579 5058 tlelinqttimusmss.

321 5058 462 5129 quod
495 5057 818 5129 deliquimus
885 5057 977 5129 "°_'
1007 5057 1426 5129 Expeditmobis
1463 5075 1585 5112 mss.
1623 5047 1779 5114 nobis
1817 5059 2069 5129 expediat
2137 5047 2230 5087 ‘7‘"
2256 5047 2692 5129 Fratribusquod
2722 5051 2977 5129 his'qunos
3002 5048 3276 5129 adoptavit
3299 5047 3579 5129 Dominus,

320 5117 418 5198 pro
442 5127 524 5182 his
564 5117 699 5198 quos
736 5117 1178 5198 liberavitgfili'us.
1210 5126 1377 5180 Maria
1411 5144 1535 5181 mss.
1565 5129 1825 5183 fratribus
1854 5117 2158 5198 unigenitus
2187 5140 2282 5194 pro
2310 5123 2375 5178 iis
2404 5117 2873 5198 quo_su'a_doptav_it
2900 5119 3302 5198 Domitiusjro
3330 5117 3413 5198 his
3443 5132 3578 5184 quos

319 5187 595 5269 liberavit:
625 5197 790 5269 Maria
870 5196 961 5226 ¹⁷⁰⁵
994 5196 1218 5250 Domina
1244 5212 1662 5269 perquantmss.
1687 5200 1910 5253 ltomina
1936 5187 2128 5269 mater,
2149 5187 2437 5269 perquam'
2483 5191 2574 5224 ¹⁷⁰⁰
2597 5187 2714 5245 Tibi
2745 5187 3192 5269 tribuent‘usftilzi
3219 5188 3578 5269 retribuemus

323 5267 413 5298 ¹⁷⁰⁷
443 5267 506 5319 Et
533 5266 806 5321 succedite
829 5283 952 5319 mss.
983 5276 1032 5319 et
1059 5259 1388 5320 sueceridite'
1449 5268 1540 5300 ³⁷⁸³⁸
1561 5268 1694 5321 Cum
1722 5269 1886 5323 vestri
1909 5259 2216 5329 dilectione,
2239 5259 2401 5319 vestri
2433 5279 2557 5316 mss.
2588 5276 2707 5314 eam
2735 5269 2913 5329 vestra
2947 5259 3247 5320 dilectione,
3273 5264 3452 5329 vestro
3479 5272 3576 5329 ms.

257 5359 268 5364 -
319 5336 446 5408 B_e_c.
476 5350 594 5388 eam
628 5346 868 5408 vestram,
892 5335 1232 5408 dilectionem
1248 5347 1440 5408 vestro
1512 5338 1605 5369 ¹⁷⁰⁹
1635 5339 1900 5408 Liquetiat
1929 5323 2260 5408 unanimem
2283 5350 2413 5408 mss.
2447 5333 2724 5408 liqueliant
2744 5328 2920 5408 omnia
2944 5340 3258 5408 ossanmea”
3280 5324 3371 5407 ξ⁷¹⁰
3400 5323 3572 5406 γεδιτί

319 5405 510 5458 effecta
549 5421 672 5478 mss.
706 5407 870 5460 vestri
895 5405 1155 5478 effectus“
1193 5406 1281 5478 fi“
1312 5394 1471 5478 Forte
1487 5422 1582 5462 vos
1603 5394 1730 5461 mss:
1755 5419 1903 5478 certe
1926 5423 2022 5462 vos
2097 5405 2186 5478 ’τμη
2219 5404 2328 5458 lmo
2357 5394 2792 5478 fjtts_'1ttss._itlto
2841 5397 3008 5478 plus.
3035 5394 3298 5478 ""uhjithi
3333 5395 3422 5478 qui
3454 5409 3573 5478 sum

323 5490 447 5546 mss.
494 5473 627 5527 mihi
657 5489 764 5542 quo
791 5490 910 5529 sum
990 5474 1081 5506 ¹⁷¹⁸
1114 5474 1278 5546 Vobis
1308 5476 1400 5542 qui
1426 5478 1556 5530 estis
1578 5494 1701 5531 mss.
1730 5477 1884 5532 vobis
1907 5491 2014 5546 quo
2044 5475 2175 5529 estis
2207 5462 2525 5546 rampart/1.
2558 5471 2709 5546 vobis
2736 5462 2878 5537 quod
2904 5467 3042 5521 estis
3119 5465 3211 5496 ¹⁷¹⁸
3234 5462 3449 5546 Gratias
3481 5462 3576 5546 ψεῖ

319 5545 391 5613 tis
423 5559 544 5596 mss.
573 5534 740 5613 gratis
765 5546 976 5598 donatis
1053 5547 1145 5577 ¹⁷¹⁶
1174 5534 1410 5600 Obsecro
1428 5562 1543 5608 vos,
1575 5562 1640 5599 ne
1689 5564 1812 5601 mss.
1865 5534 2094 5602 obsecro
2123 5560 2188 5598 ne
2265 5543 2356 5574 ¹⁷¹⁷
2397 5542 2623 5601 Execro,
2671 5534 2798 5594 dare
2845 5554 2967 5592 tuas.
3021 5551 3250 5592 execror
3282 5535 3403 5590 date
3481 5534 3572 5564 ’⁷⁸⁵

319 5612 426 5666 Nec
457 5612 727 5668 sitis'msr.
774 5613 904 5666 Tim.
944 5617 1061 5668 Iicc.
1099 5631 1163 5668 ne
1196 5616 1312 5669 sitis
1392 5618 1480 5647 ¹⁷¹⁹
1511 5618 1647 5670 Dare
1675 5619 1865 5672 anima:
1897 5635 2019 5671 mss.
2054 5619 2173 5671 date
2205 5614 2396 5669 animae
