3906 6058
310 221 415 277 959

610 210 687 275 "S.
728 216 1027 273 A‘NSELSll
1078 215 1428 271 CANTUAR.
1467 200 1782 268 ARClllEP.
1825 207 1973 266 OPP.
2015 208 2195 264 PARS
2232 208 2295 262 ll.
2336 239 2404 249 —-
2431 207 2794 264 PARzENET.
2826 206 2911 261 ET
2940 206 3177 261 ASCET.

3426 208 3539 261 960

307 334 399 367 ¹⁷¹⁰
433 334 623 388 vestris
651 333 723 389 sit
758 332 996 400 ingrata;
1038 328 1177 397 quod
1208 328 1321 396 ipsa
1367 325 1508 393 iuste
1542 326 1724 380 horret
1752 324 1865 389 ‘7“,
1897 327 1941 384 Α
1972 320 2064 375 Dei
2106 320 2432 394 unigenitus,
2478 320 2548 376 ob
2584 298 2962 375 sincerissima:
3003 317 3328 386 virginitatis
3373 320 3540 373 meri-

306 435 362 479 ct
384 440 478 481 vos
506 439 610 479 non
650 423 844 493 injuste
870 419 1088 488 punitis.

376 513 554 574 Certe,
584 509 707 564 Jesu
749 508 819 560 ﬁli
857 507 969 572 Dei,
1013 515 1068 560 et
1100 512 1175 570 ιιι,
1220 504 1387 558 Maria
1433 512 1626 566 mater,
1674 511 1729 557 et
1770 516 1865 556 vos

305 603 488 668 vultis,
512 611 566 654 et
597 612 804 666 azquum
829 605 911 650 est
938 605 990 650 ut
1019 595 1274 667 quidquid
1300 610 1397 649 vos
1423 594 1644 664 diligitis
1674 593 1865 663 diliga—

308 703 395 747 tur
417 706 446 745 a
467 688 638 743 nobis.
668 687 826 755 Ergo,
847 685 983 738 bone
1005 685 1129 748 Fili,
1162 698 1289 754 rogo
1318 692 1367 737 te
1390 698 1483 753 per
1505 682 1862 746 dilectionem,

303 795 407 851 qua
440 777 617 847 diligis
648 776 739 808 "“
755 783 979 829 matrem
1003 783 1171 842 tuam,
1196 773 1411 841 utsicut
1440 782 1494 826 tu
1520 787 1646 826 vere
1669 772 1862 842 diligis,

302 880 357 928 ct.
383 869 528 939 diligi
554 868 636 921 vis
666 881 804 929 eam.
839 866 909 920 ita
942 866 1072 921 mihi
1103 866 1197 921 des
1229 874 1287 920 ιιι
1311 879 1437 920 vere
1477 864 1693 934 diligam
1719 879 1859 918 eam.

302 958 445 1011 Bona
472 967 663 1022 mater,
696 971 824 1025 rogo
862 965 913 1009 te
955 970 1050 1024 per
1098 954 1460 1020 dilectionem,
1520 970 1624 1023 qua
1688 954 1864 1024 diligis

302 1049 469 1103 lilium
498 1058 670 1114 tuum,
712 1060 770 1102 ut
797 1051 937 1105 sicut
966 1057 1020 1101 tu
1042 1062 1168 1103 vere
1189 1046 1366 1116 diligis
1391 1054 1444 1100 et
1474 1046 1620 1114 diligi
1663 1046 1755 1078 ¹⁷²³
1785 1047 1865 1099 vis

301 1153 457 1202 eum,
489 1138 562 1190 ita
594 1138 725 1190 mihi
765 1137 1042 1206 impetres,
1074 1143 1132 1187 ut
1158 1150 1286 1188 vere
1306 1134 1521 1201 diligam
1551 1149 1696 1189 eum.
1730 1134 1867 1189 Ecce

299 1225 441 1280 enim
471 1235 593 1294 peto
621 1229 759 1295 quod
791 1238 847 1279 ut
883 1228 975 1279 ﬁat
1002 1240 1128 1280 vere
1170 1233 1252 1279 est
1297 1225 1349 1278 in
1387 1235 1564 1280 vestra
1593 1226 1866 1282 voluntate

303 1318 413 1370 ‘7“.
441 1316 549 1371 Cur
576 1332 702 1387 ergo
723 1327 941 1387 propter
971 1324 1189 1385 peccata
1219 1329 1334 1368 mea
1366 1330 1470 1369 non
1504 1314 1614 1380 ﬁet,
1648 1331 1767 1370 cum
1794 1318 1866 1371 sit

299 1421 352 1463 et
380 1411 431 1464 in
461 1411 551 1442 ³⁷³⁵
583 1420 758 1465 vestra
788 1408 1089 1479 potestate?
1118 1409 1343 1462 Amator
1370 1416 1424 1463 et
1454 1408 1737 1462 miserator
1767 1410 1863 1463 ho-

224 1522 225 1525 η
300 1500 526 1566 miunm,
563 1510 620 1555 tu
662 1501 884 1570 posuisti
915 1515 1037 1555 reos
1069 1508 1188 1555 tuos
1217 1509 1270 1553 et
1294 1515 1462 1569 usque
1492 1500 1584 1531 ¹⁷¹⁸
1624 1502 1691 1554 ad
1722 1516 1866 1554 mor-

302 1600 407 1645 tem
435 1605 640 1656 amare,
671 1600 725 1646 ct
748 1593 949 1660 poteris
972 1600 1024 1646 te
1047 1590 1257 1662 roganti
1300 1605 1538 1644 amorem
1572 1591 1645 1644 tui
1673 1601 1728 1645 et
1752 1606 1865 1646 ma-

1971 419 2114 473 lum,
2164 410 2467 464 dilectionis
2513 425 2623 465 suae
2678 408 3020 463 conﬁrmavit
3065 407 3425 477 privilegium,
3476 409 3536 463 in

1965 513 2126 554 cruce
2154 500 2393 568 pendens
2426 499 2517 554 uni
2550 507 2786 554 vestrum
2813 498 2887 551 ita
2916 497 3100 551 dicens
3125 514 3139 550 :
3184 496 3398 563 Mulier,
3419 484 3551 552 ecce.

1965 591 2108 659 ﬁlius
2132 600 2252 644 tuus
2281 589 2461 659 (Jaau.
2496 605 2605 656 xix,
2639 589 2752 656 26).
2780 588 2981 642 Deinde
3004 589 3069 641 ad
3091 588 3318 641 alterum
3350 605 3363 640 :
3397 586 3538 643 Ecce

1966 689 2134 733 mater
2159 690 2249 733 tua
2285 680 2457 749 (ibid.,
2481 678 2592 748 27).
2612 680 2667 732 lu
2695 678 2853 749 hujus
2870 693 3001 748 ergo
3025 678 3374 732 sacratissimi
3389 693 3538 731 amo.

1969 770 2044 825 ris
2078 770 2379 839 dulcedine,
2412 786 2516 840 qua
2542 771 2616 825 ita
2659 780 2785 824 tunc
2812 785 2907 824 ore
2936 769 3215 824 Dominico
3242 768 3386 823 velut
3417 784 3533 821 ma-

1969 872 2050 917 ter
2076 871 2131 918 et
2160 863 2300 917 ﬁlius
2344 863 2571 918 invicem
2611 860 2883 929 conjuncti
2918 861 3074 924 estis,
3122 860 3271 913 vobis
3297 860 3526 924 duobus,

1966 969 2065 1023 ego
2087 953 2149 1007 N.
2174 963 2425 1023 peccator
2447 969 2641 1023 corpus
2660 965 2713 1007 et
2734 954 2969 1007 animam
2990 966 3165 1006 meam
3188 951 3526 1016 commendo,

1967 1055 2027 1099 ut
2052 1046 2299 1101 omnibus
2328 1046 2475 1101 horis
2503 1054 2664 1115 atque
2691 1045 2977 1100 momentis
3019 1045 3161 1098 intus
3189 1051 3243 1097 et
3289 1043 3530 1098 exterius

1969 1133 2107 1188 ﬁrmi
2135 1136 2385 1190 custodes
2417 1145 2472 1191 et
2508 1138 2579 1206 pii
2610 1137 2748 1206 apud
2780 1137 2943 1190 Deum
2982 1136 3371 1190 intercessores
3398 1136 3528 1190 inibi

1965 1222 2199 1277 existere
2222 1223 2535 1292 dignemini.
2568 1223 2742 1279 Credo
2770 1224 2913 1278 enim
2946 1222 3192 1288 ﬁrmiter,
3230 1222 3403 1277 fateor
3442 1223 3528 1277 in-

1965 1312 2276 1367 dubitanter
2295 1315 2435 1382 quod
2460 1314 2597 1370 velle
2620 1324 2876 1381 vestrum,
2902 1314 3037 1368 velle
3059 1314 3149 1368 Dei
3177 1323 3262 1369 est
3279 1331 3294 1376 ;
3309 1323 3364 1369 et
3387 1314 3530 1369 nolle

1966 1409 2224 1466 vestrum,
2257 1401 2399 1455 nolle
2442 1401 2534 1456 Dei
2578 1411 2680 1457 eSt.
2730 1403 2882 1458 Unde
2925 1412 2980 1458 et
3016 1402 3278 1473 quidquid
3325 1404 3529 1473 petitis.

1966 1490 2083 1544 siue
2120 1505 2267 1545 mora
2298 1492 2570 1548 oblinetis.
2608 1492 2709 1548 Per
2740 1494 2877 1548 hanc
2907 1508 3037 1564 ergo
3068 1505 3176 1547 tam
3220 1493 3532 1564 potentissi—

1967 1593 2110 1631 mam
2151 1588 2345 1633 vestra:
2373 1579 2648 1650 dignitatis
2682 1582 2956 1647 virtutem,
2991 1582 3195 1650 poscite
3236 1584 3367 1637 mihi
3409 1598 3530 1639 cor-

272 1678 400 1736 _tris
436 1687 537 1732 tua:
578 1652 810 1749 negare?
839 1678 1008 1734 Mater
1044 1652 1203 1749 hujus
1233 1679 1491 1734 amatoris
1523 1680 1715 1746 nostri,
1744 1697 1862 1750 qua:
1894 1652 1940 1711 Β
1966 1670 2110 1737 νοτίς
2136 1679 2189 1723 ει
2213 1669 2406 1725 anima?
2434 1671 2679 1726 εαιυῑεηι·
2718 1671 2895 1743 Agite.
2927 1689 3131 1743 quasso.
3166 1675 3304 1744 agile
3335 1676 3532 1730 VOSlriS

299 1766 450 1821 illum
481 1767 531 1820 in
564 1777 748 1823 ventre
768 1779 1004 1839 portare,
1035 1778 1093 1823 et
1130 1771 1184 1823 in
1215 1770 1335 1824 sinu
1372 1771 1613 1825 meruisti
1640 1772 1861 1837 lactare,

297 1874 365 1911 an
390 1866 444 1912 tu
475 1874 581 1914 non
620 1860 845 1930 poteris,
875 1868 968 1914 aut
992 1875 1097 1913 non
1123 1859 1268 1916 voles
1295 1862 1534 1930 poscenti
1559 1861 1675 1930 ejus
1706 1878 1859 1918 amo-

302 1963 413 2015 rem
459 1959 514 2003 et
556 1960 702 2005 tuum
732 1951 1052 2022 impetrare?
1091 1952 1391 2008 Veneretur
1420 1954 1509 1986 ¹⁶¹²⁷
1559 1956 1719 2027 igitur
1743 1971 1860 2022 vos,

297 2041 438 2096 sicut
482 2041 575 2074 ‘7”
611 2041 757 2112 digni
799 2041 947 2105 estis,
996 2056 1151 2097 mens
1198 2057 1348 2109 mea;
1389 2053 1534 2099 amet
1579 2061 1693 2113 vos,
1726 2047 1865 2102 sicut

295 2146 507 2201 acquum
536 2141 639 2200 est,
670 2147 766 2189 cor
790 2148 1000 2199 meum;
1045 2133 1232 2204 diligat
1254 2147 1368 2198 vos.
1398 2136 1534 2191 sicut
1559 2135 1660 2191 sibi
1695 2152 1862 2207 expe—

296 2223 395 2288 dit,
442 2223 620 2278 anima
671 2223 1061 2295 mea;.serviat
1106 2224 1280 2289 vobis,
1330 2226 1471 2281 sicut
1511 2226 1688 2293 debet,
1733 2242 1863 2283 caro

296 2326 433 2372 mea,
462 2322 515 2365 et
545 2311 596 2366 in
620 2312 723 2367 hoc
753 2324 1160 2369 consummetur
1192 2315 1301 2368 vita
1332 2330 1471 2378 mea,
1517 2322 1575 2369 ut
1615 2315 1669 2369 in
1701 2323 1863 2369 teter-

296 2417 424 2456 num
448 2402 538 2433 ¹⁷²⁹
564 2402 755 2471 psallat
786 2411 894 2457 tota
917 2405 1220 2459 substantia
1248 2417 1387 2459 mea.
1419 2405 1741 2463 Benedictus
1765 2406 1862 2462 Do-

297 2492 474 2548 minus
502 2492 554 2547 iu
581 2503 877 2559 aeternum;
903 2494 1017 2561 ﬁat,
1042 2493 1137 2548 ﬁat
1161 2495 1274 2550 ⁸⁷⁸⁸.

713 2602 969 2660 ORATIO
1008 2604 1116 2659 Llll
1154 2605 1249 2677 [οι.
1303 2604 1435 2679 Lll].

295 2707 364 2745 AD
400 2706 640 2748 SANCTAI
676 2707 933 2748 VIRGINEI
963 2708 1188 2761 ΜΑΙΠΔΙ,
1226 2711 1296 2750 ΕΤ
1331 2713 1399 2752 ΔΙ)
1434 2712 1676 2754 SANC'I'UI
1706 2714 1859 2755 ιουδ-

783 2777 891 2817 ΝΕΙ
929 2778 1352 2821 ενΑΝαειιετΑιι.

366 2850 410 2907 0
436 2851 774 2911 intemerata
803 2863 854 2909 et
883 2855 936 2909 in
964 2863 1224 2910 sternam
1260 2856 1563 2924 benedicta,
1606 2858 1857 2928 specialis

295 2950 353 2995 et
386 2941 825 3011 incomparabilis‘
864 2944 1036 3015 virgo,
1091 2944 1183 3000 Dei
1230 2946 1463 3016 genitrix
1501 2946 1690 3012 Maria,
1734 2963 1858 3019 gra-

298 3032 561 3087 tissimum
592 3034 685 3089 Dei
720 3034 998 3105 templum,
1041 3036 1275 3107 Spiritus
1318 3038 1490 3092 sancti
1540 3039 1857 3107 sacrarium,

291 3120 453 3188 janua
496 3123 645 3194 regni
683 3123 967 3190 caelorum,
1009 3139 1107 3195 per
1146 3141 1307 3196 quam
1349 3136 1470 3196 post
1501 3127 1670 3182 Deum
1721 3137 1861 3183 totus

293 3211 425 3265 vivit
449 3213 597 3269 orbis
626 3223 915 3281 terrarum,
959 3215 1159 3270 inclina
1202 3231 1361 3273 aures
1398 3226 1501 3273 tute
1536 3219 1772 3288 pictatis,
1807 3227 1862 3275 et

295 3298 414 3355 illos
443 3309 562 3357 tuos
586 3303 962 3360 misericordes
988 3304 1174 3360 oculos
1200 3306 1433 3376 indignis
1458 3307 1861 3378 supplicationi-

293 3388 394 3445 bus
437 3392 589 3456 meis,
641 3402 698 3449 et
740 3404 858 3450 esto
903 3395 1035 3450 mihi
1083 3397 1357 3465 peccaturi
1395 3398 1484 3466 pia
1519 3399 1573 3452 in
1612 3400 1861 3455 omnibus

293 3479 623 3535 auxiliatrix.

365 3568 451 3634 Et,
468 3585 501 3623 ο
525 3571 834 3628 beatissime
852 3572 1110 3641 Joannes,
1134 3576 1330 3632 Christi
1358 3577 1642 3634 familiaris
1664 3583 1855 3647 amice,

293 3658 385 3728 qui
412 3659 480 3714 ab
513 3658 699 3716 eodem
747 3662 975 3719 Domino
1005 3674 1190 3721 nostro
1227 3665 1353 3722 .lesn
1399 3668 1614 3725 Christo
1658 3670 1861 3729 electus

293 3762 375 3812 es,
429 3755 481 3803 et
524 3748 666 3803 inter
710 3758 936 3807 caeteros
983 3753 1157 3826 magis
1194 3753 1422 3812 dilectus
1455 3765 1615 3829 atque
1654 3769 1858 3830 myste-

296 3834 393 3889 riis
436 3834 746 3894 cmlestibus
806 3855 968 3910 supra
1018 3856 1206 3899 omnes
1252 3844 1525 3912 imbutus,
1581 3849 1858 3919 apostolus

291 3924 406 3993 ejus
430 3937 485 3982 et
521 3928 851 4000 evangelista
873 3931 1049 3989 factus
1070 3936 1534 4004 praeclarissimus,
1565 3951 1858 4011 custosque

293 4017 484 4073 matris
530 4017 645 4088 ejus
689 4020 1011 4088 individuus,
1047 4031 1098 4079 te
1124 4025 1312 4081 invoco
1336 4028 1498 4082 etiam
1535 4042 1656 4084 cum
1685 4040 1857 4087 matre

293 4102 532 4171 ejusdem
572 4106 889 4176 Salvatoris,
940 4120 999 4165 ut
1032 4110 1164 4166 mihi
1191 4126 1346 4182 opem
1389 4124 1538 4170 tuam
1579 4129 1701 4173 cum
1740 4117 1855 4189 ipsa

293 4194 435 4250 ferre
458 4196 712 4264 digneris.

1962 1760 2365 1830 gloriosissimis
2405 1762 2654 1830 precibus
2682 1771 2738 1817 ut
2773 1779 2868 1818 cor
2895 1778 3072 1820 meum
3105 1765 3335 1820 invisere
3360 1774 3416 1819 et
3441 1767 3528 1819 in-

1963 1854 2204 1909 habitare
2229 1855 2479 1925 dignetur
2514 1853 2746 1924 Spiritus
2772 1856 2965 1923 almus,
3007 1857 3099 1926 qui
3136 1873 3222 1912 me
3250 1872 3280 1911 a
3320 1859 3532 1913 cunctis

1960 1943 2213 1997 vitiorum
2259 1945 2509 2001 sordibus
2539 1955 2818 2015 expurget,
2852 1948 3139 2003 virtutibus
3168 1949 3338 2004 sacris
3360 1965 3527 2005 exor-

1962 2042 2075 2099 net,
2105 2034 2157 2088 in
2186 2033 2473 2090 dilectione
2517 2035 2612 2091 Dei
2652 2047 2706 2091 et
2748 2038 2978 2107 proximi
3019 2039 3258 2109 perfecte
3286 2050 3433 2096 stare
3470 2052 3528 2094 et

1961 2138 2309 2194 perseverare
2342 2125 2522 2190 faciat,
2569 2135 2624 2182 et
2661 2137 2781 2197 post
2826 2128 2982 2197 hujus
3028 2130 3149 2186 vita:
3193 2145 3408 2186 cursum
3455 2131 3527 2184 ad

1961 2216 2153 2284 gaudia
2182 2217 2344 2272 ducat
2371 2218 2666 2274 electorum
2712 2234 2928 2274 suorum
2974 2210 3389 2292 benignissimus
3424 2220 3531 2276 Pa-

1963 2308 2212 2373 raeletus,
2254 2309 2546 2379 gratiarum
2595 2310 2819 2378 largitor
2852 2311 3105 2380 optimus.
3157 2314 3252 2382 qui
3290 2311 3435 2367 Patri
3470 2322 3528 2368 et

1959 2396 2097 2452 Filio
2125 2409 2426 2456 coaeternus
2454 2408 2510 2454 et
2551 2401 3021 2456 consubstantialis
3061 2417 3180 2456 cum
3222 2403 3322 2468 eis,
3367 2412 3421 2456 et
3468 2404 3522 2456 in

1959 2487 2038 2540 eis
2059 2487 2189 2541 vivit
2219 2498 2275 2543 et
2305 2498 2490 2559 regnat
2513 2491 2852 2562 omnipotens
2893 2492 3031 2547 Deus
3060 2506 3157 2563 per
3195 2493 3403 2548 inﬁnita
3428 2509 3524 2548 sae-

1958 2578 2200 2634 culorum
2227 2580 2441 2634 srecula.
2464 2580 2665 2657 Amen.

2277 2669 2440 2741 283
2477 2669 2733 2728 ORATIO
2781 2671 2894 2728 LIV
2924 2672 3017 2746 [οι.
3052 2673 3206 2747 LIII}.

2287 2772 2355 2811 AD
2391 2773 2628 2814 SANCTAII
2665 2774 2917 2816 VIRGINEI
2955 2776 3181 2817 IABIAI.

2026 2851 2071 2908 Ο
2100 2861 2307 2919 sancta,
2337 2867 2370 2906 ο
2406 2852 2720 2919 benedicta,
2756 2853 2809 2908 in
2855 2853 3265 2910 necessitatibus
3316 2856 3514 2910 nostris

1957 2941 2150 2997 adesse
2170 2941 2408 3012 digneris
2431 2951 2678 2996 nostrum
2704 2942 2983 2999 consilium
3013 2953 3067 3000 et
3092 2944 3369 3009 auxilium,
3397 2960 3518 3013 quae

1961 3034 2214 3091 omnibus
2263 3049 2322 3090 es
2362 3035 2680 3104 promptior,
2720 3036 3011 3104 potentior,
3049 3034 3329 3101 ellicacior,
3366 3050 3521 3090 ama-

1960 3124 2145 3191 bilior,
2176 3125 2467 3196 gratiosior
2487 3134 2542 3180 et
2572 3125 2796 3181 dulcior.
2831 3125 3010 3182 Dulcis
3037 3141 3097 3182 es
3124 3129 3176 3181 in
3200 3141 3292 3181 ore
3315 3134 3370 3181 te
3397 3126 3518 3181 lan—

1962 3215 2225 3278 dantium,
2266 3219 2320 3269 in
2342 3215 2506 3271 corde
2531 3224 2584 3270 te
2607 3215 2959 3285 diligentium,
2983 3215 3035 3270 in
3062 3216 3318 3270 memoria
3352 3225 3404 3270 te
3433 3217 3524 3271 de-

1960 3306 2318 3377 precantium.
2370 3304 2650 3375 Magniﬁca
2690 3321 2751 3362 es
2786 3308 2839 3361 in
2875 3307 3020 3362 omni
3073 3321 3225 3373 sexu,
3278 3308 3331 3361 in
3374 3312 3517 3363 omni

1959 3407 2136 3461 aetate,
2176 3396 2229 3450 in
2258 3395 2404 3451 omni
2438 3396 2763 3462 conditione,
2803 3398 2857 3451 in
2894 3396 3162 3462 tribubus,
3205 3397 3416 3468 populis
3465 3406 3522 3452 et

1960 3486 2173 3559 linguis.
2203 3484 2281 3541 Tu
2317 3503 2376 3543 es
2409 3486 2531 3541 luna
2565 3488 2617 3542 in
2664 3488 2840 3545 medio
2885 3490 3227 3553 ﬁrmamenti,
3270 3488 3521 3545 candela-

1960 3580 2114 3635 brum
2150 3580 2203 3632 in
2233 3579 2409 3634 medio
2438 3579 2641 3644 mundi,
2674 3578 2876 3649 lignum
2908 3580 3034 3635 vitae
3072 3580 3126 3634 in
3158 3581 3334 3636 medio
3362 3596 3522 3651 para-

1960 3670 2097 3737 disi;
2131 3680 2186 3725 ttt
2215 3684 2275 3724 es
2296 3670 2514 3742 myrrha
2541 3669 2732 3737 electa,
2756 3671 2958 3741 piscina
2981 3671 3033 3726 in
3057 3671 3291 3735 Esebon.
3311 3672 3519 3741 virgula

1961 3761 2090 3816 l'umi
2136 3776 2203 3817 ex
2257 3762 2624 3828 aromatibus,
2675 3761 2958 3818 fasciculus
3004 3765 3238 3834 myrrha:
3262 3773 3317 3817 et
3350 3764 3525 3817 thuris

1960 3853 2101 3907 inter
2144 3854 2309 3907 ubera
2358 3853 2561 3921 sponsi,
2621 3853 2954 3908 terebinthus
2988 3853 3285 3908 extendens
3338 3868 3520 3906 ramos

1959 3943 2145 4012 gratiae
2165 3951 2217 3996 et
2242 3942 2452 4007 salutis,
2477 3942 2616 3996 inter
2637 3942 2949 3997 benedictas
2968 3941 3406 4013 superbenedicta
3437 3959 3521 4006 es,

1958 4030 2290 4099 superelecta
2336 4043 2423 4095 es,
2481 4030 2912 4099 superspeciosa,
2953 4030 3387 4102 supergratiosa,
3430 4045 3530 4085 su-

1957 4118 2308 4189 pergloriosa,
2344 4127 2514 4172 mater
2546 4118 2688 4173 illius
2730 4119 2821 4188 qui
2843 4120 3095 4190 gratiam,
3125 4129 3179 4175 et
3212 4120 3436 4192 gloriam
3464 4130 3525 4175 et

1956 4210 2239 4276 honorem,
2265 4217 2321 4262 et
2341 4208 2691 4263 aeternitatem
2714 4217 2952 4278 prtestat.

363 4282 409 4338 Ο
429 4284 545 4337 dua:
568 4299 791 4354 gemma:
815 4285 1084 4356 cmlestes,
1124 4288 1289 4347 Maria
1315 4301 1371 4347 et
1393 4292 1665 4351 Joannes!
1698 4312 1731 4353 ο
1752 4302 1856 4355 duo
1881 4318 1934 4379 υ
2029 4295 2224 4366 Surge,
2265 4296 2575 4351 beatissima
2609 4296 2791 4368 Virgo,
2837 4298 3261 4354 misericorditer
3283 4314 3378 4354 ora
3420 4314 3523 4366 pro

293 4372 577 4429 luminaria
607 4376 862 4433 divinitus
890 4389 1015 4435 ante
1042 4379 1210 4435 Deum
1239 4381 1503 4439 lucentia!
1538 4388 1734 4443 vestris
1766 4405 1853 4442 ra-

294 4460 397 4516 diis
416 4461 643 4535 eﬂ‘ugate
670 4467 934 4522 scelerum
958 4483 1199 4525 meorum
1234 4473 1436 4528 nubila.
1470 4476 1575 4531 Vos
1606 4479 1737 4532 estis
1779 4479 1853 4534 illi

294 4553 421 4618 duo,
460 4555 515 4609 in
543 4558 739 4625 quibus
773 4559 915 4615 Deus
936 4560 1094 4615 Pater
1124 4577 1222 4631 per
1240 4562 1433 4619 Filium
1465 4582 1622 4621 suum
1649 4571 1858 4637 specia-

294 4644 417 4700 liter
439 4646 721 4704 aedilicavit
749 4651 849 4706 sibi
882 4652 1113 4716 domum,
1146 4664 1201 4708 et
1238 4655 1290 4709 in
1316 4658 1511 4726 quibus
1537 4659 1648 4729 ipse
1686 4658 1855 4714 Filius

1957 4388 2131 4453 nobis;
2156 4403 2334 4458 surge,
2355 4395 2410 4443 et
2424 4387 2748 4458 amplectere
2759 4389 3180 4445 misericordiam
3199 4389 3526 4457 Redempto-

1955 4479 2060 4547 ris;
2089 4489 2143 4537 et
2166 4479 2233 4533 da
2259 4494 2447 4549 preces
2476 4479 2676 4551 jugiter
2710 4495 2807 4548 pro
2839 4481 3013 4545 nobis,
3042 4480 3373 4549 quos‘cernis
3406 4489 3520 4532 tam

1955 4571 2190 4642 graviter
2215 4569 2449 4626 offensos
2470 4579 2595 4624 ante
2616 4570 2799 4626 oculos
2839 4572 3154 4629 conditoris.
3186 4570 3290 4625 Per
3319 4579 3392 4632 te.
3415 4570 3516 4623 do-

1957 4660 2405 4729 miuagloriosa,
2435 4661 2502 4714 ad
2547 4659 2729 4715 Jesum
2779 4659 2945 4715 ﬁlium
2994 4671 3145 4715 tuum
3201 4676 3519 4716 mereamur

1539 4812 1773 4871 ΥΑΒΙᾸΞ
1811 4811 2212 4870 LECTIONES.

368 4936 614 5021 ""‘Nec.
634 4937 750 5021 ipsa
982 4957 1151 5021 mss.“
1168 4957 1236 5021 ne
1283 4944 1398 5013 ipsa
1419 4946 1574 5021 bonis
1648 4946 1739 4978 "“
1773 4944 2067 5021 Justeoret
2091 4946 2605 5021 mss.__j_t_ts_te_b_orret
2676 4947 2768 4978 ιη’
2789 4944 2904 5021 Qua
2924 4946 3098 5015 diligis
3122 4964 3221 5021 ius.
3263 4946 3392 5003 Vict.
3421 4952 3510 5006 ιϐ.

296 5025 398 5085 qua
422 5009 499 5063 sic
526 5007 702 5085 diligis
777 5007 869 5039 ⁸⁷²³
885 5008 1038 5085 Sicut
1062 5010 1207 5085 diligi
1238 5007 1362 5085 ius}.
1394 5025 1453 5068 ut
1479 5017 1616 5070 sicut
1644 5024 1697 5069 tu
1730 5029 1857 5068 vere
1889 5015 2084 5085 diligis,
2116 5028 2171 5070 et
2199 5007 2344 5085 diligi
2370 5015 2462 5047 ‘7“
2495 5016 2553 5069 In
2584 5024 2762 5070 vestra
2788 5007 3063 5084 u'triusqu'e
3084 5018 3355 5072 voluntate
3383 5037 3511 5074 mss.

296 5076 349 5132 in
382 5087 556 5134 vestra
584 5076 857 5133 voluntate
925 5079 1018 5157 "’3
1055 5076 1187 5137 Cum
1233 5083 1387 5157 s_it_in
1422 5100 1548 5139 mss.
1574 5098 1696 5157 cum
1728 5085 1879 5157 silet
1902 5084 1956 5137 in
1985 5076 2130 5157 Ἶτξξ
2151 5076 2497 5157 'l‘uos'usque
2528 5100 2652 5137 nm.
2693 5094 2809 5139 tuos
2828 5093 2884 5138 et
2908 5076 3079 5157 usuue
3151 5088 3239 5118 ⁸⁷⁸⁷
3268 5087 3516 5157 Negare?

295 5156 580 5202 veneretur
614 5164 738 5202 mss.
779 5149 1007 5222 negare?
1050 5160 1220 5204 mater
1245 5152 1401 5222 hujus
1431 5153 1689 5208 amatoris
1715 5154 1904 5217 nostri,
1930 5168 2049 5222 qua:
2079 5155 2227 5208 illum
2253 5155 2307 5207 in
2333 5149 2518 5208 ventre
2539 5162 2775 5221 portare,
2834 5165 2888 5207 et
2937 5149 3001 5207 in'
3023 5156 3141 5207 sinu
3176 5149 3414 5211 meruisti
3435 5159 3513 5212 la-

296 5228 555 5294 etare,_an
573 5224 625 5269 ιιι
646 5231 750 5271 ιιοιι
770 5220 992 5294 poteris,
1011 5230 1102 5294 aut
1122 5236 1224 5294 non
1245 5220 1388 5276 voles
1408 5224 1644 5291 poscenti
1666 5222 1782 5294 ejus
1812 5220 2049 5294 amorem
2070 5234 2129 5294 et
2159 5231 2307 5276 tuum
2330 5220 2654 5290 impetrare?
2692 5231 2974 5294 veneretur
3049 5224 3139 5255 "'8
3177 5225 3342 5294 Igitur
3368 5227 3514 5281 sicut

296 5302 420 5352 mss.
469 5285 632 5361 igitur
663 5285 935 5361 vos‘sicut
1009 5289 1102 5361 mf
1128 5289 1293 5361 _Mens
1319 5285 1436 5344 mea
1461 5307 1595 5346 vos:
1631 5285 1768 5346 sicut
1789 5292 1933 5360 digni
1980 5293 2130 5356 estis,
2181 5306 2331 5346 mens
2363 5285 2478 5345 nica
2507 5305 2600 5344 vos
2633 5303 2795 5356 amet,
2823 5292 2960 5345 sicut
3000 5285 3226 5361 tequuni
3257 5307 3365 5358 est;
3411 5311 3509 5349 eor

300 5369 473 5408 meum
508 5355 695 5424 diligat
720 5371 834 5428 vos,
864 5357 1002 5410 sicut
1043 5358 1142 5412 sibi
1173 5361 1419 5428 expedit;
1448 5363 1625 5415 anima
1654 5375 1772 5415 mea
1798 5355 1997 5415 se'rviat
2031 5355 2200 5426 vobis,
2225 5362 2362 5415 sicut
2385 5360 2542 5415 debet
2566 5375 2693 5414 caro
2724 5375 2877 5415 mea:
2914 5370 2968 5414 et
2994 5360 3046 5414 in
3065 5355 3185 5416 'hoc
3223 5355 3507 5417 consume-

299 5433 385 5474 tur
410 5437 538 5499 caro
561 5439 676 5499 mea
709 5434 766 5478 ut
794 5426 847 5479 in
873 5437 1127 5499 mternum
1167 5426 1289 5482 mss.
1324 5445 1477 5484 mens
1501 5446 1615 5485 mea
1641 5448 1656 5496 ;
1693 5440 1836 5484 amet
1856 5445 1971 5495 vos,
1997 5431 2136 5485 sicut
2157 5446 2367 5499 agqnum
2389 5439 2492 5493 est,
2516 5446 2607 5484 cor
2635 5445 2811 5483 meum
2837 5446 2851 5481 :
2884 5431 3068 5499 diligat
3096 5447 3207 5493 vos,
3237 5432 3379 5485 sicut
3403 5432 3507 5485 sibi

297 5492 737 5563 expedit,_a_nitua
772 5510 889 5548 mea
922 5513 935 5547 :
976 5497 1173 5549 serviat
1199 5499 1368 5561 vobis,
1401 5501 1541 5553 sicut
1567 5492 1741 5558 debet.
1773 5513 1898 5553 caro
1926 5492 2040 5553 mea
2070 5516 2084 5551 :
2109 5509 2161 5554 et
2189 5492 2240 5554 in
2274 5502 2374 5553 hoc
2402 5492 2741 5553 consumetur
2767 5498 2874 5551 vita
2915 5492 3055 5563 ιιιᾶι,
3089 5509 3145 5552 ιιι
3171 5500 3223 5553 in
3247 5508 3511 5555 aeternum

299 5574 420 5612 mu.
461 5556 682 5616 Val-lue.
737 5574 784 5623 et
830 5562 978 5619 Flor.
1009 5566 1191 5619 habent
1240 5556 1677 5625 consummentur
1732 5556 1840 5601 Vm"
1881 5570 1997 5624 Fiat
2041 5571 2133 5624 liat
2162 5585 2336 5625 amen.
2367 5586 2487 5623 mss.
2534 5567 2758 5621 Val-Inc.
2785 5579 2828 5621 et
2858 5566 3010 5626 Flor.
3034 5556 3199 5622 bmm.
3228 5583 3385 5623 auten
