3906 6058
313 304 406 361 961

1737 309 2123 364 "RATIONES

3459 316 3562 370 969

310 417 621 482 ascendere,
654 421 742 489 qui
790 436 882 490 per
923 431 972 474 tc
1003 423 1066 474 ad
1101 439 1196 477 nos
1241 425 1490 492 dignatus
1534 435 1616 478 est
1661 426 1880 477 dcsceu-
1915 433 1956 485 Α
1991 424 2254 486 labantur,
2284 439 2520 491 praesens
2549 425 2616 478 sit
2648 435 2733 478 tua
2775 437 2958 480 sancta
3002 430 3193 483 oratio.
3229 431 3318 485 Sic
3353 447 3554 503 qumsn,

309 509 455 563 dere.
489 509 589 562 Per
622 520 690 575 te,
723 510 876 565 beata
909 513 1092 584 Virgo,
1124 515 1308 569 venire
1336 516 1608 570 valeamus
1635 522 1686 569 in
1720 517 1886 585 ipsius

307 600 559 668 gloriam,
585 604 674 670 qui
703 618 799 672 per
829 612 879 656 te
905 605 957 658 in
988 614 1225 660 nostram
1253 607 1399 660 venit
1443 607 1740 661 miseriam.
1784 607 1887 660 l’er

309 702 360 746 te
389 709 667 747 accessum
701 695 993 751 habeamus
1017 697 1082 750 ad
1120 697 1313 752 Filium
1365 711 1534 762 tuum,
1575 699 1664 767 qui
1706 713 1804 768 per
1835 708 1886 752 te

309 781 541 835 redemit
598 784 875 838 mundum.
922 784 966 840 Ο
1005 786 1288 840 benedicta
1347 787 1613 842 inventrix
1656 788 1881 857 gratim,

306 872 540 941 genitrix
576 874 722 937 vitzc,
777 885 949 928 mater
980 876 1190 939 salutis,
1238 893 1333 946 per
1375 887 1425 932 te
1463 878 1721 948 suscipiat
1764 893 1882 944 nos,

307 963 398 1028 qui
430 977 524 1030 per
551 971 599 1015 te
626 965 781 1026 datus
805 972 888 1018 est
918 964 1090 1019 nobis.
1126 967 1376 1029 Excuset,
1403 967 1644 1036 piissima
1668 969 1884 1022 domina

311 1052 464 1120 virgo
487 1051 675 1116 Maria,
711 1056 850 1122 apud
887 1056 1184 1124 piissimum
1216 1058 1383 1112 ﬁlium
1419 1069 1566 1113 tuum
1602 1061 1884 1130 integritas

308 1151 394 1194 tua
423 1142 635 1210 culpam
684 1153 881 1198 nostra:
933 1147 1318 1217 corruptionis,
1367 1158 1422 1204 et
1476 1150 1752 1205 humilitas
1793 1159 1882 1203 tua

309 1233 415 1286 Deo
435 1243 589 1300 grata
619 1244 816 1288 nostra:
842 1236 1054 1290 veniam
1079 1238 1330 1308 impetret
1350 1241 1626 1295 vanitatis.
1653 1241 1880 1310 Cepiosa

304 1323 545 1376 charitas
586 1333 673 1376 tua
701 1324 992 1394 gloriosam
1034 1326 1420 1384 fecunditatem
1457 1331 1610 1384 nobis
1639 1332 1884 1390 conferat

305 1412 647 1466 meritorum.
693 1414 1036 1471 Generaliter
1084 1433 1272 1474 omnes
1325 1429 1398 1484 te,
1446 1420 1678 1489 gloriosa
1729 1423 1882 1492 virgo

302 1503 490 1569 Maria,
521 1506 835 1562 invocantes
867 1510 1086 1573 exaudi,
1115 1512 1365 1566 omnibus
1400 1515 1606 1578 adesto,
1633 1515 1882 1569 omnibus

300 1593 547 1659 subveni,
580 1610 769 1650 omnes
797 1597 846 1650 in
875 1601 1134 1669 angustiis
1161 1610 1216 1654 et
1239 1603 1653 1657 necessitatibus
1677 1612 1726 1658 te
1756 1619 1881 1658 scn-

302 1685 437 1740 tiant
463 1688 783 1758 adjntricem
814 1690 1124 1762 quicunque
1165 1702 1216 1747 te
1247 1693 1476 1749 credunt
1503 1707 1623 1748 esse
1654 1695 1743 1749 Dei
1785 1709 1878 1764 ge-

299 1774 570 1831 nitricem.

371 1864 688 1934 Specialiter
705 1883 832 1924 vero
855 1869 974 1925 illos
997 1878 1084 1924 tua
1116 1871 1432 1941 quotidiana
1464 1881 1518 1926 et
1543 1872 1755 1926 assidua
1780 1871 1874 1926 de-

300 1953 481 2009 fendat
524 1957 720 2022 oratio,
769 1975 998 2029 quorum
1053 1960 1308 2031 frequens
1340 1962 1434 2016 tibi
1467 1961 1756 2016 famulatur
1782 1963 1874 2017 dc-

303 2047 473 2112 votio,
530 2057 584 2103 et
629 2050 940 2120 quicunque
990 2063 1116 2107 sunt
1163 2068 1432 2108 memores
1469 2054 1546 2108 tui
1589 2054 1641 2108 in
1693 2055 1870 2120 terris,

299 2153 506 2193 memor
533 2140 609 2195 sis
636 2140 847 2196 illorum
876 2151 1000 2195 ante
1033 2143 1332 2212 piissimum
1375 2143 1542 2196 filium
1577 2152 1726 2197 tuum
1766 2144 1887 2198 Do-'

297 2227 503 2282 minum
534 2231 777 2285 nostrum
804 2232 855 2284 in
891 2230 1064 2285 caelis.
1090 2231 1316 2286 Domina
1345 2239 1552 2298 nostra,
1580 2230 1872 2286 mediatrix

299 2329 502 2388 nostra,
558 2333 647 2377 tuo
699 2323 808 2378 filio
857 2339 956 2378 nos
1018 2324 1356 2387 commenda,
1428 2323 1716 2378 reconcilia
1776 2338 1874 2379 nos

297 2410 408 2465 filio
436 2421 546 2478 tuo,
575 2421 665 2468 tuo
692 2413 800 2468 filio
835 2429 935 2469 nos
964 2423 1311 2483 repraesenta.
1345 2413 1472 2480 Fac,
1507 2430 1540 2469 ο
1564 2414 1870 2479 benedicta,

296 2516 392 2570 per
439 2503 667 2574 gratiam
745 2519 906 2574 quam
973 2505 1245 2567 invenisti,
1306 2521 1401 2574 per
1455 2507 1870 2576 praerogativam

296 2606 458 2662 quam
488 2593 754 2659 meruisti,
784 2608 881 2662 per
921 2595 1350 2650 misericordiam
1386 2611 1548 2665 quam
1593 2599 1871 2667 peperisti,

296 2689 356 2734 ιιι
384 2682 475 2751 qui
513 2693 563 2737 te
594 2684 867 2739 mediante
911 2686 1026 2739 fieri
1058 2686 1311 2756 dignatus
1347 2697 1431 2742 cst
1465 2690 1739 2758 particeps
1776 2691 1871 2744 mi-

293 2771 453 2826 seriae.
477 2783 532 2826 ct
559 2773 889 2831 infirmitatis
913 2787 1132 2842 nostra),
1164 2757 1215 2832 te
1244 2793 1460 2846 quoque
1501 2757 1872 2834 intercedente

295 2863 567 2933 particeps
601 2879 700 2919 nos
728 2864 894 2921 faciat
939 2882 1051 2922 suae
1096 2867 1282 2938 gloria:
1319 2879 1483 2938 atque
1522 2869 1872 2925 beatitudinis

295 2964 533 3010 aeterna}.

728 3045 983 3104 ORATIO
1020 3048 1107 3104 LV
1140 3048 1233 3121 [οι.
1290 3048 1445 3122 LIV].

501 3153 568 3191 AD
606 3153 820 3193 EAIDEI
861 3155 1103 3194 SANCTAM
1144 3156 1396 3196 VIRGINEM
1437 3156 1660 3194 MARIAN.

370 3227 415 3284 0
449 3228 589 3283 alma
645 3231 796 3302 virgo
837 3230 1026 3296 Maria,
1067 3241 1218 3286 tanto
1263 3233 1515 3288 onmibus
1559 3234 1870 3303 angelorum

297 3319 571 3388 spiritibus
585 3321 941 3392 omnibusque
960 3322 1256 3378 electorum
1279 3323 1582 3387 animabus,
1608 3325 1658 3378 in
1680 3335 1871 3378 cuncta

299 3410 390 3464 filii
418 3410 489 3466 tui
511 3410 709 3467 Christi
726 3412 933 3467 Domini
960 3413 1130 3467 nostri
1149 3413 1464 3469 hrcreditatc
1484 3428 1542 3468 cs
1565 3413 1868 3484 gloriosior,

299 3509 498 3569 quanto
521 3501 588 3554 ab
620 3501 733 3570 ipso
765 3500 880 3555 fieri
933 3502 1179 3556 meruisti
1233 3503 1470 3556 beatior.
1511 3503 1874 3559 Obsecramus

299 3607 428 3663 ergo
467 3603 517 3646 te
570 3592 887 3664 lacrymosis
936 3593 1204 3662 suspiriis,
1238 3603 1296 3648 ut
1325 3610 1468 3648 nunc
1519 3595 1587 3649 ad
1613 3597 1872 3665 gemitum

299 3684 469 3737 nostri
499 3683 748 3738 maeroris
799 3698 958 3738 aures
1011 3684 1236 3740 inclines
1286 3685 1588 3756 magnifica:
1634 3687 1870 3755 pietatis.

298 3773 408 3828 Nos
435 3772 698 3843 siquidem
727 3781 1040 3844 peccatores
1067 3775 1224 3846 proni
1256 3776 1744 3832 innumerabilibus
1775 3777 1868 3830 de-

300 3867 440 3922 lictis
467 3865 728 3922 infernale
759 3865 1080 3937 supplicium
1109 3867 1422 3933 meruimus,
1453 3868 1542 3922 ubi
1572 3867 1876 3923 nullatenus

300 3957 634 4028 pcenitentia:
679 3956 836 4010 datur
873 3956 1026 4012 locus
1082 3957 1336 4027 quoniam
1375 3957 1533 4012 fidem
1577 3957 1869 4028 aliquando

306 4051 414 4105 Deo
438 4049 807 4119 promisimus,
835 4049 929 4103 sed
959 4048 1100 4104 male
1121 4049 1346 4104 vivendo
1375 4049 1638 4104 hactenus
1666 4050 1871 4104 mentiti

305 4156 508 4196 sumus.
539 4138 583 4195 Ο
612 4149 799 4194 sancta
828 4139 921 4195 Dei
944 4139 1208 4205 Genitrix,
1233 4140 1472 4194 omnium
1501 4149 1874 4195 creaturarum

306 4229 617 4300 dignissima
645 4237 806 4298 atquc
832 4228 1141 4296 purissima,
1172 4243 1437 4283 caacorum
1469 4229 1710 4283 cordium
1747 4243 1876 4283 ocu-

307 4319 385 4374 los
445 4330 611 4389 terge,
688 4327 850 4389 alquc
892 4321 1114 4374 semitas
1147 4318 1374 4387 iustitia:
1421 4321 1576 4374 nobis
1625 4318 1871 4374 ostende.

306 4408 524 4464 Orando
554 4424 584 4462 a
613 4408 764 4464 nobis
798 4409 926 4463 vitia
959 4408 1241 4474 subtrahe,
1275 4417 1438 4478 atque
1467 4423 1746 4463 sacrarum
1775 4408 1876 4461 vir—
1906 4444 1954 4503 ο

309 4508 480 4553 tutum
507 4499 772 4569 plantaria
798 4499 996 4554 insere.
1025 4499 1257 4570 Impetra
1288 4499 1475 4552 :cterni
1509 4498 1725 4568 tripudii
1749 4512 1878 4553 cur-

309 4606 448 4656 sum,
478 4606 636 4660 quem
660 4591 873 4647 assidue
905 4591 1148 4660 sequitur
1176 4605 1472 4660 supernum
1503 4590 1769 4644 bravium.

383 4683 496 4749 Sic,
549 4699 754 4754 quaeso,
793 4683 1034 4754 piissima
1095 4683 1334 4747 domina,
1383 4697 1482 4751 pro
1509 4682 1665 4738 nobis
1702 4695 1796 4736 ora
1826 4682 1880 4738 in

312 4773 487 4838 ccelis,
510 4783 568 4828 ut
593 4773 774 4828 deleas
803 4773 1064 4843 quidquid
1095 4772 1423 4843 deliquimus
1463 4773 1516 4826 in
1549 4770 1730 4826 terris.
1765 4768 1880 4824 Non

313 4874 397 4920 cst
423 4864 567 4920 enim
597 4863 800 4934 aliquid
831 4873 940 4918 tam
975 4878 1202 4933 parvum
1248 4864 1300 4917 in
1337 4863 1497 4918 nobis
1519 4863 1661 4932 quod
1683 4863 1880 4928 oratio,

312 4957 357 5012 si
383 4957 478 5011 tibi
506 4956 704 5027 placet,
732 4955 911 5010 delere
939 4970 1043 5011 non
1074 4955 1264 5025 possit.
1297 4953 1340 5010 Ο
1369 4955 1709 5012 sanctissima
1732 4955 1884 5025 virgo

314 5047 498 5112 Maria,
547 5063 644 5102 nos
684 5048 773 5117 qui
827 5047 1097 5102 credimus
1141 5047 1285 5116 quod
1314 5046 1465 5118 virgo
1503 5054 1559 5102 et
1585 5057 1760 5102 mater
1790 5046 1884 5101 Dei

314 5141 409 5204 sis,
451 5139 724 5194 credendo
751 5139 1049 5194 sentiamus
1078 5138 1220 5208 quod
1244 5153 1340 5208 pro
1371 5136 1528 5192 nobis
1555 5137 1884 5207 depreceris.

315 5234 381 5287 Et
411 5233 501 5302 qui
531 5233 854 5287 confitemur
897 5241 947 5286 te
985 5232 1256 5302 peperisse
1295 5231 1460 5286 Deum
1499 5239 1554 5286 et
1591 5229 1883 5295 hominem,

316 5323 649 5393 gaudeamus
689 5338 786 5392 per
825 5332 876 5378 te
904 5324 1060 5377 nobis
1094 5322 1353 5377 advenire
1400 5321 1651 5376 salutem.
1702 5320 1768 5374 Et
1796 5320 1887 5390 qui

320 5416 550 5469 faternur
578 5423 628 5469 te
651 5415 900 5469 onmibus
923 5415 1230 5470 hominibus
1256 5415 1533 5469 meliorem
1559 5415 1890 5485 gaudeamus

319 5521 417 5576 per
451 5515 500 5560 te
531 5504 811 5576 percipere
837 5505 1172 5560 felicitatem.
1207 5505 1273 5559 Et
1301 5505 1726 5574 quotiescunque
1764 5517 1889 5572 pro-

317 5597 545 5653 cesserit
572 5599 636 5650 ad
680 5611 775 5651 nos
811 5597 989 5651 divina
1049 5597 1326 5651 miseratio
1372 5604 1481 5662 tua,
1522 5610 1590 5651 ne
1643 5594 1891 5650 intlemnr

320 5690 459 5742 adsit
515 5688 686 5744 tuitio.
717 5688 779 5743 Et
809 5690 853 5744 si
879 5689 1086 5745 venerit
1117 5689 1406 5759 tribulatio,
1442 5689 1524 5746 vel
1549 5690 1776 5746 tentatio
1823 5704 1893 5743 ne

1990 515 2204 568 domina
2263 517 2519 578 clemens,
2569 532 2664 584 pro
2711 517 2887 572 salute
2937 529 3117 573 nostra
3174 538 3358 590 preces
3397 526 3559 581 funde

1990 605 2041 658 iu
2071 605 2244 670 cmlis,
2285 614 2337 658 ut
2368 607 2607 675 paradisi
2665 617 2786 676 post
2830 609 3034 665 obitum
3102 612 3207 667 frui
3255 630 3559 672 mereamur

1987 698 2218 766 gaudiis.

2058 783 2102 839 Ο
2151 785 2307 839 beata
2349 785 2442 839 Dei
2483 787 2734 856 genitrix,
2765 789 2915 859 virgo
2945 791 3136 856 Maria,
3166 793 3420 864 templum
3464 797 3558 852 Dei

1989 874 2115 934 vivi,
2145 874 2267 928 aula
2312 874 2476 944 Regis
2502 878 2710 944 interni,
2748 881 3046 935 sacrarium
3095 883 3329 952 Spiritus
3363 889 3556 942 sancti.

1936 1033 1940 1037 ἱ
1987 963 2066 1018 Tu
2097 965 2244 1034 virga
2278 967 2343 1019 de
2367 967 2549 1021 radice
2582 966 2753 1031 Jcsse,
2789 979 2842 1022 tu
2894 973 3089 1027 cedrus
3138 973 3204 1028 de
3252 974 3476 1041 Libano,
3503 987 3557 1029 tu

1986 1070 2106 1109 rosa
2157 1071 2427 1125 purpurea
2486 1058 2536 1111 in
2587 1058 2829 1124 Jcricho,
2872 1069 2927 1114 tu
2958 1077 3241 1132 cypressns
3295 1065 3346 1119 in
3377 1077 3559 1122 monte

1987 1144 2152 1211 Sion;
2189 1161 2307 1214 qua:
2330 1147 2586 1217 singulari
2619 1150 2898 1220 privilegio
2929 1154 3069 1206 sicut
3101 1155 3275 1210 nescis
3296 1159 3348 1210 in
3379 1159 3556 1211 omni-

1984 1234 2085 1289 bus
2131 1237 2620 1305 comparationem,
2669 1239 2742 1292 ita
2785 1240 3135 1298 nihilominus
3163 1254 3220 1298 et
3258 1245 3553 1314 angelicam

1983 1341 2211 1394 superas
2242 1327 2585 1396 dignitatem,
2631 1330 2715 1384 cui
2761 1346 2900 1385 novo
2941 1342 2995 1388 et
3024 1334 3264 1390 inaudito
3296 1338 3556 1392 miraculo

1983 1418 2166 1473 datum
2197 1427 2280 1474 est
2322 1427 2380 1472 ut
2426 1419 2660 1474 Verbum
2708 1423 2850 1492 quod
2885 1435 3009 1478 ante
3057 1427 3248 1482 saecula
3300 1429 3439 1482 Deus
3465 1443 3556 1500 ge-

1983 1511 2124 1573 nuit,
2165 1509 2318 1565 fieret
2350 1511 2490 1565 filius
2537 1523 2679 1577 tuus,
2721 1515 2863 1569 Deus
2897 1525 2951 1570 et
2989 1517 3171 1572 homo.
3207 1519 3284 1573 Tu
3329 1537 3453 1575 eum
3499 1522 3552 1576 in

1985 1598 2092 1653 fine
2125 1593 2305 1654 szeculi
2341 1602 2598 1667 genuisti,
2633 1613 2691 1656 ut
2718 1620 2880 1661 verus
2910 1617 3070 1677 atque
3108 1611 3382 1676 perfectus
3409 1622 3556 1669 esset

1986 1689 2077 1742 Dei
2107 1687 2276 1744 Filius
2297 1691 2505 1759 gemina
2540 1693 2756 1761 quidem
2787 1705 3004 1760 natura,
3037 1700 3130 1753 sed
3162 1716 3266 1754 una
3300 1717 3550 1768 persona,

1907 1778 1953 1838 Β
1983 1778 2124 1834 Deus
2145 1789 2200 1833 et
2221 1779 2402 1846 homo,
2421 1797 2558 1838 unus
2584 1782 2923 1840 Emmanuel.
2949 1787 2994 1843 Ο
3018 1788 3248 1858 gloriosa
3266 1807 3551 1862 puerpera,

1977 1865 2030 1920 in
2054 1882 2158 1936 qua
2197 1867 2311 1922 sola
2343 1871 2612 1937 reperitur
2646 1871 2869 1928 fecunda
2894 1875 3195 1944 virginitas,
3227 1894 3346 1949 qua:
3364 1880 3441 1934 sic
3472 1883 3553 1936 in-

1975 1957 2254 2013 temeratis
2281 1958 2579 2014 visceribus
2601 1960 2791 2014 Filium
2819 1964 2913 2018 Dei
2953 1967 3222 2033 protulisti
3253 1978 3309 2023 ut
3337 1969 3554 2026 illibatae

1974 2045 2248 2112 pudicitiae
2276 2056 2548 2102 cresceret
2579 2049 2880 2120 integritas,
2927 2069 3033 2108 non
3088 2055 3252 2112 libido
3276 2059 3553 2130 virginalis

1975 2133 2305 2205 integritatis
2333 2137 2567 2206 sigillum
2597 2138 2842 2196 violaret.

2047 2225 2190 2293 Tibi,
2219 2228 2346 2283 dum
2383 2230 2721 2299 conciperes,
2755 2232 2991 2302 Spiritus
3018 2246 3236 2294 sanctus
3263 2241 3552 2296 obumbra-

1975 2319 2084 2385 vit;
2114 2335 2220 2374 non
2258 2319 2424 2390 (quod
2462 2321 2672 2394 absit!)
2700 2333 2759 2378 ut
2812 2326 2928 2394 ipse
2972 2327 3026 2381 in
3079 2336 3172 2382 tuo
3209 2331 3551 2395 sanctissimo

1976 2397 2133 2467 utero
2165 2411 2318 2468 fieret
2358 2428 2457 2482 pro
2491 2415 2700 2471 semine
2745 2417 2968 2484 sobolis,
2993 2423 3102 2476 sed
3137 2421 3316 2490 potius
3347 2423 3548 2477 virtute

1976 2517 2039 2557 ac
2068 2504 2309 2573 potentia
2338 2503 2634 2560 Creatoris.
2663 2505 2740 2562 De
2763 2518 2812 2562 te
2833 2523 3076 2566 summus
3101 2511 3344 2568 Pontifex
3369 2521 3552 2570 noster

1974 2592 2056 2646 sui
2093 2594 2337 2662 corporis
2385 2594 2617 2650 hostiam
2665 2599 2915 2667 sumpsit,
2963 2603 3123 2668 q'uam
3156 2602 3206 2655 in
3239 2616 3332 2656 ara
3372 2603 3551 2658 erucis

1974 2696 2074 2750 pro
2113 2685 2280 2738 totius
2303 2685 2490 2738 mundi
2523 2685 2695 2740 salute
2731 2686 3056 2744 sacrificium
3089 2691 3304 2746 obtulit.
3341 2691 3418 2746 Tu
3458 2694 3550 2748 lux

1973 2773 2156 2828 oriens
2186 2773 2478 2829 Nazsrcth.
2509 2774 2586 2830 Tu
2611 2777 2796 2831 lmtitia
2826 2778 3012 2836 Israel.
3049 2781 3128 2836 Tu
3153 2783 3318 2840 decus
3342 2787 3547 2840 mundi.

1973 2860 2054 2914 Tu
2100 2861 2351 2917 nobilitas
2388 2862 2570 2932 populi
2601 2863 2915 2921 Christiani.
2951 2870 2996 2924 Ο
3033 2871 3216 2940 regina
3257 2881 3311 2927 et
3334 2873 3547 2928 domina

1974 2953 2182 3016 mundi,
2207 2953 2350 3007 scala
2373 2954 2518 3020 coeli,
2551 2955 2780 3012 thronus
2807 2958 2922 3024 Dei,
2945 2958 3110 3027 janua
3138 2964 3392 3031 paradisi,
3421 2967 3546 3020 audi

1974 3059 2166 3113 preces
2193 3060 2514 3115 pauperum,
2543 3063 2611 3102 ne
2638 3049 2905 3120 despicias
2945 3055 3176 3122 gemitus
3203 3056 3545 3112 miserorum.

1899 3115 1943 3178 C
1975 3131 2282 3187 lnferantur
2325 3149 2422 3202 per
2478 3142 2530 3188 te
2598 3115 2973 3196 vom-nostra—
2998 3151 3160 3212 atque
3211 3148 3439 3214 suspiria
3494 3150 3547 3200 in

1975 3233 2320 3290 conspectum
2344 3222 2758 3294 Redemptoris;
2789 3239 2846 3282 ut
2872 3231 2960 3298 qui
2992 3232 3191 3287 nostris
3214 3235 3554 3292 excludimur

1975 3316 2205 3382 meritis,
2229 3332 2324 3387 per
2352 3326 2402 3372 te
2418 3317 2594 3374 locum
2623 3321 2965 3377 obtineamus
2981 3323 3225 3394 adjaures
3251 3334 3353 3381 tuae
3378 3329 3549 3396 pieta-

1976 3409 2063 3462 tis.
2119 3410 2247 3464 Dele
2302 3419 2550 3479 peccata,
2582 3411 2767 3466 relaxa
2819 3412 3082 3480 facinora,
3132 3416 3278 3486 erige
3336 3418 3545 3487 lapsos,

1975 3501 2121 3556 solve
2146 3503 2500 3572 compeditos.
2543 3502 2646 3557 Per
2674 3512 2723 3558 te
2752 3505 3100 3560 succidantur
3123 3521 3314 3576 vepres
3341 3518 3396 3563 et
3428 3525 3550 3578 ger-

1974 3593 2125 3646 mina
2159 3593 2438 3660 vitiorum,
2471 3595 2735 3664 prodeant
2762 3593 2922 3650 flores
2961 3604 3017 3649 et
3039 3608 3357 3652 ornamenta
3385 3599 3551 3653 virtu-

1976 3692 2111 3737 tum.
2145 3683 2302 3739 Placa
2332 3685 2584 3753 precibus
2616 3683 2884 3749 Judicem,
2911 3701 3072 3755 quem
3100 3687 3357 3758 singulari
3385 3704 3548 3758 puer-

1976 3773 2126 3841 perio
2151 3774 2381 3841 genuisti
2433 3773 2793 3840 Salvatoretu,
2828 3783 2886 3827 ut
2923 3777 3014 3844 qui
3063 3792 3159 3845 per
3190 3787 3240 3832 te
3275 3781 3550 3850 particeps

1978 3860 2151 3916 factus
2180 3871 2266 3916 est
2304 3863 2654 3916 humanitatis
2694 3871 2913 3930 nostm,
2958 3879 3055 3932 per
3099 3875 3151 3920 te
3189 3883 3403 3938 quoque
3451 3886 3550 3925 nos

1977 3963 2256 4007 consortes
2284 3951 2481 4006 eﬂiciat
2517 3952 2816 4007 divinitatis
2853 3968 2984 4008 suae.
3017 3953 3114 4022 Qui
3144 3971 3265 4010 cum
3305 3956 3463 4012 Patre
3494 3968 3553 4015 et

1979 4041 2180 4112 Spiritu
2210 4051 2398 4096 sancto
2420 4041 2553 4096 vivit
2576 4051 2631 4096 et
2658 4053 2846 4112 regnat
2866 4042 3008 4099 Deus
3028 4047 3125 4115 per
3148 4047 3328 4102 omnia
3353 4049 3548 4105 sacula

1977 4135 2236 4190 satculoru
2246 4151 2314 4188 ιιι.
2350 4134 2542 4187 Amen.

2293 4224 2460 4296 234
2495 4225 2748 4282 ORATIO
2784 4225 2894 4281 LVI
2935 4226 3052 4299 [al.,
3093 4227 3227 4302 LV].

2312 4333 2380 4372 AD
2415 4333 2656 4373 SANCTAI
2695 4332 2947 4372 VIRGINEI
2982 4333 3210 4376 lARlAlo

2492 4409 2558 4462 In
2588 4406 2876 4462 Nativitate
2908 4410 3041 4478 ejus.

2056 4504 2289 4575 Dignarc
2323 4516 2412 4557 me
2453 4501 2675 4556 laudare
2716 4511 2792 4566 te,
2823 4503 2972 4572 virgo
3014 4513 3254 4568 sacrata;
3305 4504 3371 4558 da
3419 4506 3552 4560 mihi

1981 4595 2232 4650 virtutem
2262 4601 2447 4650 εοηιντι
2477 4593 2660 4648 hostes
2683 4604 2822 4658 tuos,
2854 4602 2906 4647 ει
2929 4603 3114 4649 εοιιιιθει
3149 4597 3356 4650 hostem
3387 4598 3552 4652 totius

1982 4688 2200 4743 humani
2235 4686 2470 4756 generis.
2502 4683 2599 4747 Da,
2623 4685 2754 4766 mihi
2786 4687 3039 4742 virtutem
3087 4696 3136 4742 te
3164 4688 3438 4744 humiliter
3459 4692 3552 4745 de-

1981 4778 2258 4848 precandi.
2288 4777 2362 4831 Da
2391 4776 2519 4830 mihi
2555 4776 2805 4832 virtutem
2848 4788 2899 4834 te
2933 4795 3055 4835 cum
3082 4782 3331 4850 precibus
3355 4783 3553 4837 obnixe

1985 4866 2261 4930 laudandi,
2305 4881 2402 4935 per
2440 4867 2633 4920 merita
2669 4874 2772 4920 tua:
2803 4870 3184 4925 sacratissimze
3229 4872 3552 4934 nativitatis,

1984 4971 2103 5027 qua:
2159 4964 2283 5010 nata
2335 4970 2393 5010 es
2425 4955 2478 5009 in
2537 4955 2794 5010 mundtun
2847 4957 3112 5012 universa
3158 4958 3553 5013 Christianitati

1985 5045 2264 5118 gaudium,
2316 5059 2441 5113 spes
2473 5045 2614 5099 vita:
2643 5053 2698 5099 et
2728 5044 2998 5100 solatium.
3043 5045 3270 5112 Quando
3291 5049 3439 5118 gnata
3471 5064 3550 5113 es,
3637 5121 3642 5124 _

1987 5141 2156 5212 Virgo
2203 5141 2564 5207 sanctissima,
2609 5148 2736 5196 tunc
2801 5140 3135 5195 illuminatus
3174 5149 3255 5196 est
3299 5141 3554 5197 mundus.

1989 5231 2167 5301 Stirps
2197 5234 2374 5296 beata,
2414 5231 2570 5286 radix
2617 5239 2828 5295 sancta,
2881 5238 2938 5284 et
2985 5228 3299 5284 benedictus
3350 5228 3555 5284 fructus

1989 5333 2133 5392 tuus,
2162 5340 2283 5394 qua:
2322 5323 2434 5378 sola
2463 5323 2710 5379 meruisti
2745 5322 2946 5393 Spiritu
3003 5332 3192 5378 sancto
3220 5322 3376 5391 plena
3407 5323 3556 5392 virgo

1989 5415 2156 5469 Deum
2186 5414 2492 5480 concipere,
2513 5414 2667 5484 virgo
2689 5413 2855 5467 Deum
2888 5420 3125 5480 portare,
3148 5411 3301 5480 virgo
3339 5426 3555 5480 parere,

1990 5505 2143 5575 virgo
2170 5513 2292 5574 post
2321 5513 2534 5573 partum
2565 5516 2904 5574 permanere.
2936 5501 3194 5556 Miserere
3233 5502 3394 5571 igitur
3425 5501 3556 5554 mihi

1991 5594 2286 5665 pcccatori,
2317 5602 2371 5650 et
2399 5593 2590 5664 adiuva
2625 5609 2728 5660 me,
2758 5592 2998 5656 domina,
3031 5599 3085 5645 ut
3124 5591 3263 5646 sicut
3301 5591 3554 5645 nativitas

1996 5697 2082 5742 tua
2123 5687 2354 5756 gloriosa
2382 5702 2447 5741 ex
2469 5686 2674 5741 semine
2707 5684 2958 5751 Abrahae,
2989 5693 3102 5739 orta
3132 5685 3196 5739 de
3224 5683 3362 5738 tribu
3399 5683 3552 5744 Juda,
