3906 6058
356 297 463 354 963

677 289 732 352 s.
791 295 1087 353 A‘NSELMI
1132 292 1477 348 caurum.
1513 289 1828 378 ABCIIIEP.
1872 286 2020 346 ore.
2055 285 2233 339 PARS
2261 285 2322 340 ιι.
2353 285 2421 324 4—-
2454 285 2819 340 ranmxer.
2864 286 2949 340 ET
2991 287 3234 342 ascer.

3497 289 3607 344 86$

355 409 500 463 clara
531 424 595 462 ex
627 409 793 478 stirpe
823 407 987 460 David
1013 406 1267 476 gaudium
1311 402 1652 456 annuntiavit
1676 403 1928 456 universo
1959 403 2002 459 Λ
2033 402 2106 454 ιιιί
2171 401 2499 454 sanctissimi
2533 399 2757 468 virginei
2800 408 2988 470 partus
3035 401 3293 456 miserere
3351 403 3477 466 mei,
3521 404 3622 457 do-

356 502 585 565 mundo;
619 502 688 553 ita
720 514 803 552 me
824 499 1019 566 gaudio
1057 512 1183 552 vero
1223 495 1451 564 repleat,
1487 503 1542 549 et
1587 494 1931 548 cumndctiab

353 591 497 646 omni
538 598 778 658 peccato.
809 587 911 641 Ora
945 603 1042 656 pro
1086 601 1191 648 me,
1223 587 1386 654 Virgo
1432 583 1930 653 providentissima,

354 679 435 732 vel
485 678 756 731 lectissima
806 677 996 746 gaudia
1051 685 1155 729 tua:
1210 673 1584 729 saluberrime
1635 673 1932 725 nativitatis

355 769 599 822 velamen
635 767 980 837 indulgentiae
1002 767 1286 821 conferant
1329 764 1539 819 cunctis
1566 763 1703 817 meis
1742 777 1932 831 pecca-

357 861 446 913 tis.
478 859 677 912 Sancta
708 859 798 912 Dei
831 857 1104 921 Genitrix,
1131 856 1328 911 florens
1360 865 1418 908 ut
1439 855 1630 918 lilium,
1651 869 1744 908 ora
1781 864 1930 906 tuum

325 1015 328 1018 ,
353 949 565 1004 dulcem
595 957 783 1002 natum
813 963 910 1017 pro
940 963 1025 1001 me
1055 947 1254 1002 misero
1278 954 1583 1015 peccatore.
1608 945 1800 998 Amen.

777 1038 1034 1094 ORATIO
1075 1037 1204 1091 Lvu
1246 1037 1340 1108 [οι.
1381 1036 1540 1105 Lvu.

692 1149 760 1187 ΑΒ
800 1148 1042 1188 SANCTAM
1081 1146 1334 1186 VIRGINEM
1372 1144 1596 1183 MAR”)!-

811 1222 879 1276 In
901 1222 1310 1276 Annuntiatione
1337 1222 1473 1288 ejus.

429 1318 628 1372 Precor
652 1325 726 1381 te,
769 1314 933 1385 Virgo
958 1314 1291 1378 dulcissima,
1320 1328 1418 1382 per
1445 1313 1634 1366 merita
1666 1319 1768 1364 tum
1789 1309 1934 1364 salu-

351 1409 600 1464 berrimae
659 1405 1119 1470 aunnntiationis,
1173 1413 1228 1458 et
1292 1420 1389 1474 per
1441 1403 1569 1457 illud
1635 1401 1932 1469 angelicum

351 1514 479 1562 ave,
525 1499 665 1567 quod
699 1497 955 1566 accepisti
983 1511 1013 1549 a
1035 1505 1223 1550 sancto
1251 1495 1501 1550 Gabriele
1535 1495 1722 1547 nuntio
1744 1493 1934 1547 salutis

353 1599 478 1653 tuae,
515 1589 701 1643 tmntio
744 1588 1136 1643 lncarnationis
1172 1587 1332 1640 Verbi
1363 1586 1553 1650 divini,
1589 1585 1779 1639 nuntio
1809 1586 1934 1638 vitze

353 1690 589 1742 :eternaz,
627 1680 818 1734 nuntio
855 1679 1046 1734 salutis
1098 1688 1298 1733 nostrae
1351 1692 1450 1746 per
1489 1689 1561 1742 te,
1612 1687 1670 1731 ut
1699 1677 1932 1746 accipias

353 1783 543 1836 preces
606 1778 842 1822 nostras.
891 1766 1394 1821 Misericordissima
1437 1765 1685 1830 domina,
1736 1781 1928 1836 magna

352 1867 476 1912 sunt
513 1868 734 1926 peccata
765 1872 904 1924 mea,
923 1859 1016 1912 sed
1047 1857 1220 1926 major
1240 1865 1323 1912 est
1354 1857 1524 1926 gratia
1556 1866 1642 1910 tua
1669 1874 1682 1921 ;
1715 1857 1840 1927 quia
1873 1868 1929 1912 tu

351 1962 412 2002 es
443 1950 618 2018 gratia
647 1948 828 2017 plena,
853 1956 907 2002 et
926 1948 1186 2002 Dominus
1211 1956 1386 2002 tecum
1415 1956 1531 2013 est;
1560 1945 1844 2002 benedicta
1875 1957 1929 2002 tu

352 2037 406 2090 in
439 2038 774 2101 mulieribus,
801 2046 856 2091 et
879 2037 1196 2092 benedictus
1226 2035 1434 2092 fructus
1459 2037 1664 2092 ventris
1692 2037 1790 2092 tui.
1820 2037 1929 2092 Ma-

356 2134 443 2179 ter
475 2127 638 2180 totius
665 2126 880 2196 gratite,
907 2141 1003 2181 ora
1028 2142 1128 2196 pro
1165 2141 1272 2190 me,
1304 2135 1362 2180 ut
1410 2127 1549 2180 sicut
1586 2127 1929 2181 annuntiatio

351 2223 439 2269 tua
467 2216 590 2270 ﬁnis
641 2216 1085 2287 appropinquans
1116 2217 1328 2271 exstitit
1365 2217 1535 2271 veteri
1570 2217 1761 2286 culp-.e,
1804 2233 1928 2287 spes

348 2315 529 2362 autem
571 2309 849 2378 promissae
875 2309 1082 2380 gratiae,
1125 2318 1180 2362 et
1207 2308 1458 2363 erunibus
1486 2311 1927 2379 exspectantibus

349 2413 470 2454 eam
504 2399 555 2452 in
585 2399 814 2454 veritate
842 2400 997 2468 origo
1023 2408 1078 2454 et
1100 2400 1185 2452 via
1217 2399 1316 2452 fuit
1351 2400 1540 2469 gratiae
1567 2400 1795 2466 futurae;
1853 2401 1924 2454 ita

346 2508 380 2548 a
412 2510 499 2548 me
523 2495 574 2547 in
605 2494 867 2550 honorem
898 2494 972 2548 tui
998 2493 1181 2563 gaudii
1208 2493 1372 2548 corde
1397 2495 1656 2562 recogita,
1683 2509 1777 2548 ore
1804 2509 1926 2563 pro-

349 2585 605 2640 nunciata
663 2586 905 2655 ejusdem
961 2585 1392 2641 annuntiationis
1455 2597 1560 2640 tuae
1619 2589 1924 2642 recordatio

351 2679 448 2730 liat
471 2678 524 2731 in
561 2691 649 2731 me
677 2677 805 2731 ﬁnis
827 2685 882 2732 et
907 2677 1131 2732 abolitio
1160 2677 1322 2732 totius
1363 2677 1534 2749 culpae
1562 2693 1697 2733 mea:
1725 2681 1924 2735 veteris

347 2784 412 2822 ac
443 2783 616 2835 novae,
631 2778 682 2822 et
708 2769 880 2839 gratia
899 2769 1155 2824 salutaris
1175 2768 1322 2840 jugis
1346 2769 1923 2839 castimonize.Adjuva

347 2871 465 2922 me,
520 2857 740 2912 domina
794 2872 936 2922 mea,
992 2873 1116 2927 spes
1165 2859 1485 2924 viventium,
1524 2868 1580 2914 et
1625 2859 1923 2914 consolatio

346 2958 688 3015 tumstorum,
713 2949 1029 3004 subventrix
1053 2950 1287 3020 inopum,
1313 2950 1619 3004 miseratrix
1647 2951 1920 3016 omnium,

344 3039 520 3108 utqui
567 3039 779 3109 culpam
824 3053 1004 3094 meam
1055 3052 1154 3108 per
1186 3039 1299 3108 ipsa
1335 3037 1540 3109 ﬁagella
1572 3041 1826 3095 mteroris
1865 3051 1922 3094 ct

345 3131 578 3188 tristitiae
629 3141 688 3187 et
733 3132 1065 3188 inﬁrmitatis
1107 3148 1375 3205 agnosco;
1426 3148 1524 3204 per
1568 3133 1761 3204 gaudia
1819 3142 1920 3186 tuae

343 3223 698 3279 sanctissima:
721 3225 1154 3280 annuntiationis
1177 3224 1244 3279 de
1264 3225 1584 3279 inﬁrmitate
1598 3222 1918 3288 remedium,

340 3320 398 3366 et
425 3311 493 3366 de
523 3327 760 3368 maerore
796 3315 1052 3384 gaudium
1099 3323 1189 3369 tua
1236 3313 1609 3368 misericordia
1661 3312 1920 3381 consequi

343 3418 584 3470 merear;
613 3413 676 3459 ut
705 3405 758 3459 in
789 3405 906 3459 utili
938 3418 1195 3469 mmrore,
1223 3404 1278 3459 in
1301 3404 1625 3458 castimonia
1655 3403 1835 3458 cordis
1866 3411 1920 3457 et

340 3496 610 3564 corporis,
637 3497 690 3549 in
716 3496 1023 3550 humilitate
1048 3497 1265 3561 mentis,
1284 3497 1336 3550 in
1364 3496 1484 3549 ﬁdei
1510 3495 1843 3564 integritate,
1866 3503 1921 3548 et

340 3585 488 3638 omni
514 3585 758 3640 bonitate
798 3585 1044 3640 studeam
1089 3585 1156 3639 de
1213 3595 1413 3639 cmtero
1455 3584 1670 3653 placere
1706 3584 1834 3649 Deo,
1866 3594 1921 3640 et

341 3673 574 3730 exsultet
596 3675 818 3745 spiritus
839 3689 991 3730 meus
1015 3677 1068 3730 in
1095 3674 1202 3730 Deo
1226 3675 1450 3730 salutari
1468 3689 1586 3730 meo
1607 3674 1756 3730 omni
1785 3684 1920 3730 tem-

342 3779 472 3835 pore
505 3765 630 3821 vita:
661 3779 813 3820 mea}.
846 3765 1050 3822 Sancta
1098 3765 1192 3820 Dei
1225 3765 1510 3830 Genetrix,
1558 3780 1818 3821 succurre
1865 3775 1920 3822 et

343 3855 615 3912 intercede
643 3859 786 3928 apud
816 3858 1028 3914 dulcem
1059 3867 1247 3914 natum
1292 3867 1441 3914 tuum
1471 3873 1572 3930 pro
1596 3871 1684 3914 me
1717 3873 1915 3928 pecca-

345 3952 479 4001 tore.
509 3945 705 4002 Amen.

721 4032 976 4091 ORATIO
1011 4033 1168 4100 LVlll
1205 4033 1304 4108 [οι.
1345 4033 1528 4107 LVII].

673 4141 740 4180 ΑΙ)
779 4141 1022 4182 εΔΝΕΤΔΜ
1060 4141 1312 4181 VIRGINEM
1351 4141 1576 4181 ΜΑΚΙΛΜ.

917 4213 985 4268 In
1015 4213 1180 4268 Partu
1206 4217 1338 4282 ejus.

416 4303 584 4375 Virgo
611 4303 978 4371 sanctissima,
1031 4307 1095 4361 da
1128 4307 1259 4360 mihi
1305 4307 1557 4361 virtutem
1593 4322 1686 4376 per
1723 4309 1914 4364 merita

2035 492 2177 544 mina
2213 505 2327 544 mea
2347 531 2360 554 ,
2395 499 2450 544 et
2477 491 2669 544 exaudi
2695 491 2991 546 orationem
3015 506 3212 546 meam.
3248 490 3380 547 Ecce
3401 495 3538 547 enim
3566 497 3624 548 in

2033 582 2396 651 iniquitatibus
2447 592 2722 649 conreptus
2772 599 2919 649 sum,
2951 593 2999 636 et
3041 584 3096 636 in
3119 586 3343 654 peccati:
3383 588 3618 656 concepit

2033 688 2114 725 me
2136 681 2302 725 mater
2323 687 2435 723 mea
2464 669 2636 741 (l’sal.
2664 689 2717 735 1.,
2748 671 2825 741 6).

2104 761 2161 814 In
2193 761 2433 829 peccatis
2459 776 2578 814 sum
2613 770 2793 826 natus,
2824 770 2879 816 et
2903 761 2954 814 in
2986 761 3225 830 peccatis
3262 772 3622 818 conversatus

2034 868 2152 907 sum
2178 869 2274 922 per
2296 867 2457 906 omne
2486 862 2696 922 tempus
2722 855 2846 908 vitae
2870 869 3019 909 meae.
3049 853 3128 908 Tu
3159 864 3356 914 autem,
3392 856 3620 912 domina

2034 958 2176 1008 mea,
2208 943 2326 997 sine
2366 953 2507 998 tactu
2547 945 2767 1014 pudoris
2803 944 3018 999 inventa
3048 960 3108 999 es
3161 955 3334 999 mater
3370 943 3622 999 Salvato-

2036 1033 2129 1088 ris.
2163 1033 2436 1089 Miserere
2477 1036 2609 1089 mihi
2652 1035 2954 1099 immundo,
2993 1035 3084 1105 qui
3123 1035 3176 1088 in
3205 1035 3446 1104 peccatis
3482 1051 3622 1090 con-

2035 1132 2224 1192 ceptus
2263 1133 2318 1177 et
2358 1125 2594 1178 nutritus
2642 1139 2794 1186 sum;
2830 1132 2884 1177 et
2909 1123 3104 1192 adjuva
3147 1140 3233 1180 me
3276 1126 3380 1179 tuis
3411 1125 3623 1180 sanctis

2035 1218 2321 1285 precibus,
2384 1217 2549 1288 Virgo
2617 1217 2962 1273 serenissima
2998 1235 3013 1270 :
3047 1226 3105 1270 ut
3165 1219 3305 1273 sicut
3357 1218 3619 1274 nativitas

2038 1308 2129 1361 lilii
2165 1311 2236 1362 tni
2271 1309 2481 1363 Domini
2515 1311 2684 1365 nostri
2715 1309 2841 1365 Jesu
2875 1309 3076 1364 Christi
3104 1311 3261 1364 ruina
3298 1310 3397 1364 fuit
3434 1311 3618 1365 horri-

2035 1399 2158 1453 bilis
2209 1400 2476 1464 tristitize,
2535 1401 2790 1454 nativitas
2834 1400 3104 1456 universis
3154 1399 3400 1455 ﬁdelibus
3459 1417 3617 1454 nova:

2035 1491 2446 1556 exsultationis;
2481 1493 2551 1546 ita
2583 1501 2637 1546 et
2665 1492 2795 1546 mihi
2828 1491 2943 1547 haec
2979 1493 3164 1546 eadem
3203 1491 3398 1560 gaudia
3431 1492 3616 1546 Domi-

2036 1581 2170 1637 nicae
2195 1582 2504 1637 Nativitatis
2531 1583 2642 1638 sint
2685 1584 2896 1638 initium
2937 1583 3060 1639 vita:
3087 1583 3350 1653 religiosae.
3389 1592 3442 1638 et
3467 1583 3618 1638 salu-

2036 1675 2170 1728 taris
2192 1675 2560 1741 continentize,
2591 1685 2647 1730 et
2677 1675 2830 1728 ruina
2859 1675 3024 1730 totius
3057 1673 3237 1743 iniusti
3269 1676 3519 1730 maeroris
3553 1684 3614 1728 et

1961 1742 2004 1801 Β
2033 1763 2230 1833 iniqua:
2269 1765 2520 1830 tristitite,
2570 1775 2626 1820 et
2672 1765 2928 1820 nativitas
2981 1765 3281 1836 Spiritualis
3328 1765 3508 1834 gaudii
3556 1778 3616 1820 et

1947 3079 1990 3141 C

2031 1854 2430 1919 cxsultationis,
2454 1863 2509 1909 et
2537 1871 2692 1911 amor
2713 1864 2766 1910 et
2791 1855 3119 1910 desiderium
3149 1855 3386 1912 caelestis
3419 1857 3614 1926 patria:

2027 1955 2084 1999 et
2111 1961 2357 2014 superna:
2405 1947 2626 2000 lietitim.
2675 1946 2873 2002 Sancta
2919 1947 3012 2002 Dei
3045 1948 3303 2017 genitrix,
3350 1964 3609 2002 succurre

2027 2041 2077 2087 et
2103 2033 2377 2090 intercede
2395 2035 2760 2106 apuddulcem
2789 2044 2936 2091 tuum
2966 2046 3153 2091 natum
3180 2053 3280 2108 pro
3310 2052 3394 2092 me
3417 2053 3611 2108 pecca-

2029 2130 2164 2178 tore.
2186 2124 2382 2178 Amen.
2967 2197 2972 2200 _
3163 2195 3168 2202 ί

2343 2216 2506 2287 285
2544 2216 2799 2274 ORATIO
2838 2215 2951 2271 th
2981 2218 3077 2291 [οι.
3122 2201 3323 2292 tjvnn.

2365 2323 2431 2360 AD
2471 2322 2715 2362 SANCTAI
2754 2322 3009 2362 VIBGINEH
3053 2323 3276 2364 ιιΛῐιιριιι.

2499 2397 2562 2452 In
2593 2395 2972 2468 Puriﬁcatione
2993 2400 3132 2468 ejus.

2095 2487 2139 2542 Ο
2161 2489 2310 2559 virgo
2334 2489 2705 2557 serenissima,
2736 2504 2834 2560 per
2859 2491 3054 2544 merita
3087 2501 3189 2544 tua:
3219 2492 3476 2560 piissimae
3509 2507 3602 2561 pu-

2028 2580 2348 2634 riﬁcationis
2389 2580 2454 2634 da
2500 2580 2631 2634 mihi
2670 2581 2925 2635 virtutem
2960 2590 3151 2636 contra
3199 2581 3383 2637 hostes
3439 2592 3601 2642 tuos:

2025 2671 2188 2742 Virgo
2217 2671 2580 2738 sanctissima,
2617 2687 2846 2742 corpore
2865 2674 3191 2740 castissima,
3227 2675 3464 2730 moribus
3485 2691 3604 2729 om-

2026 2766 2170 2819 nium
2215 2764 2600 2834 pulcherrima.
2623 2766 2788 2838 Virgo
2836 2766 3123 2835 virginum,
3169 2782 3270 2822 nec
3310 2767 3472 2823 corde
3506 2782 3603 2821 ua-

2021 2869 2181 2924 quam
2213 2855 2438 2923 polluta,
2486 2870 2586 2911 nec
2614 2870 2730 2922 ore,
2761 2855 2858 2912 sed
2904 2864 3016 2911 tota
3051 2855 3296 2926 pulchra,
3328 2865 3435 2911 tota
3485 2858 3604 2912 sine

2023 2946 2256 3001 macula.
2283 2947 2607 3002 lntemerata
2634 2948 2790 3018 virgo
2818 2961 3064 3016 corpore,
3102 2948 3417 3004 intemerata
3448 2949 3606 3018 virgo

2023 3046 2222 3100 mente,
2255 3036 2388 3091 nihil
2408 3037 2609 3092 debeas
2629 3037 2857 3108 legibus,
2892 3037 3056 3092 nullis
3085 3047 3227 3092 tacta
3261 3038 3602 3102 excessibus,

2023 3138 2078 3181 ut
2109 3127 2426 3184 humilitatis
2456 3130 2507 3183 in
2534 3137 2585 3184 te
2605 3128 2918 3185 ostenderes
2946 3129 3471 3200 exemplum,imples
3498 3145 3603 3200 pu-

2022 3215 2346 3271 riﬁcationis
2374 3215 2606 3272 ollicium
2637 3217 2855 3286 pollutis
2904 3219 3169 3274 matribus
3197 3228 3476 3274 statutum.
3518 3221 3602 3275 Ad

2022 3307 2279 3375 templum
2314 3307 2551 3362 detulisti
2591 3315 2764 3362 tecum
2802 3309 3188 3375 mundandum,
3219 3311 3311 3379 qui
3347 3309 3438 3365 tibi
3464 3309 3598 3366 inte-

2021 3399 2234 3468 gritatis
2263 3398 2428 3453 decus
2469 3398 2630 3454 homo
2673 3399 2886 3470 genitus
2926 3399 3170 3454 adauxit.
3203 3400 3408 3455 Intacta
3449 3400 3594 3471 geni-

2021 3493 2126 3545 trix
2159 3493 2227 3547 ad
2270 3492 2525 3562 templum
2570 3493 2809 3549 detulisti
2855 3503 3030 3550 tecum
3086 3496 3474 3564 mundandum,
3504 3497 3598 3566 qui

2021 3584 2215 3640 delicta
2253 3597 2438 3640 nostra
2469 3586 2794 3657 intelligens,
2824 3588 2948 3656 quia
2974 3587 3049 3642 illi
3077 3590 3260 3642 omnia
3306 3589 3442 3642 nuda
3471 3599 3602 3644 sunt

2022 3686 2078 3730 et
2101 3685 2312 3744 aperta,
2345 3677 2413 3731 ab
2441 3676 2669 3732 occultis
2687 3677 2888 3732 nostris
2919 3679 3155 3746 quotidie
3180 3694 3276 3748 per
3305 3678 3602 3735 confessio-

2019 3778 2144 3819 nem
2176 3774 2230 3820 et
2251 3766 2628 3836 paenitentiam
2669 3767 2913 3832 mundat,
2942 3771 3088 3824 etab
3120 3769 3311 3825 alienis
3352 3785 3448 3840 per
3488 3771 3602 3840 spi-

2019 3853 2182 3909 ritum
2209 3857 2556 3912 continentia:
2579 3855 2753 3927 parcit
2773 3858 2944 3912 serris
2973 3859 3086 3914 suis
3115 3858 3287 3929 (Psal.
3306 3875 3459 3924 xvm,
3486 3860 3598 3928 Η).

2017 3944 2100 3998 Ad
2128 3944 2381 4014 templum
2413 3946 2652 4002 detulisti
2686 3955 2864 4002 tecum
2887 3949 3442 4018 mundandum,cujus
3475 3966 3596 4004 san.

2017 4033 2137 4104 guis
2172 4035 2224 4088 in
2251 4051 2411 4091 cruce
2436 4036 2702 4106 passionis
2746 4053 2858 4093 suae
2882 4037 2951 4092 ab
2993 4039 3240 4108 originali
3284 4055 3382 4094 nos
3408 4039 3600 4095 lavans

2018 4127 2266 4196 contagio
2291 4129 2533 4197 quotidie
2565 4129 2729 4183 etiam
2759 4130 2812 4184 in
2854 4145 2948 4184 ara
2984 4131 3159 4186 crucis
3187 4146 3284 4200 per
3308 4147 3600 4187 sacrosan-

2017 4226 2104 4272 cta
2137 4219 2392 4288 mysteria
2440 4228 2493 4274 et
2534 4234 2632 4274 nos
2655 4221 2981 4289 ptenitentes
3015 4229 3069 4275 et
3105 4222 3379 4276 confessos
3406 4237 3602 4277 emun-

2018 4309 2110 4364 dat
2150 4326 2180 4364 a
2208 4312 2410 4366 nostris
2438 4313 2780 4367 criminibus.
2813 4313 2894 4368 Ad
2943 4314 3202 4384 templum
3232 4314 3467 4369 detulisti
3519 4325 3598 4370 te-

343 4395 419 4448 tui
459 4396 795 4450 sanctissimi
815 4398 1041 4467 virginei
1083 4406 1288 4469 partus,
1327 4408 1518 4454 contra
1554 4399 1736 4454 hostes
1768 4409 1909 4456 tuos.
1941 4413 1991 4472 ι)
2017 4415 2138 4454 cum
2190 4402 2586 4466 mundandnm,
2625 4403 2715 4471 qui
2770 4419 2869 4473 pro
2909 4402 3066 4459 nobis
3116 4404 3363 4460 Pontifex
3417 4404 3600 4461 factus

341 4483 631 4538 Benedicta
673 4497 733 4539 es
765 4486 911 4540 enim
959 4485 1148 4549 Maria,
1190 4502 1312 4557 quae
1356 4487 1642 4544 Dominum
1669 4489 1910 4544 omnium

339 4574 564 4640 portasti
583 4573 897 4630 Greaterem
927 4576 1268 4631 saeculorum.
1298 4575 1542 4632 Genuisti
1565 4579 1655 4646 qui
1683 4588 1733 4632 te
1759 4579 1908 4642 fecit,

335 4661 466 4717 etin
494 4672 758 4718 aeternum
797 4680 1084 4734 permanes
1114 4665 1295 4736 Virgo.
1336 4669 1504 4726 Beata
1533 4673 1763 4738 viscera,
1791 4688 1910 4742 quae

337 4762 687 4822 portaverunt
723 4759 908 4813 aeterni
949 4759 1124 4814 Patris
1143 4758 1358 4816 Filium.
1387 4761 1549 4818 Beata
1587 4766 1749 4819 ubera
1795 4776 1913 4828 tua,-

336 4859 456 4914 qure
479 4844 817 4900 lactaverunt
841 4846 1114 4904 Christum
1146 4851 1452 4908 Dominum.
1477 4854 1637 4909 Beata
1665 4865 1718 4910 et
1745 4870 1909 4910 vene-

338 4935 523 4990 rabilis
543 4950 623 5001 es,
642 4937 802 5008 Virgo
824 4939 1014 5004 Maria,
1032 4943 1271 4996 omnium
1290 4944 1552 4999 bonorum
1578 4944 1908 4999 beatitudine

333 5023 510 5092 plena.
555 5025 718 5080 Beata
769 5038 967 5095 mater,
1005 5047 1125 5100 quae
1152 5032 1261 5086 sola
1293 5032 1410 5088 sine
1438 5034 1623 5088 dolore
1655 5035 1903 5105 genuisti,

333 5117 457 5185 quia
489 5125 542 5171 tu
575 5118 688 5173 sola
713 5121 964 5189 peperisti
991 5119 1169 5192 Virgo.
1184 5121 1349 5176 Beata
1377 5131 1431 5178 et
1457 5123 1738 5178 benedicta
1767 5124 1907 5178 inter

331 5208 612 5274 mulieres;
646 5211 771 5278 quia
820 5221 982 5266 natus
1007 5227 1078 5266 ex
1124 5223 1175 5267 te
1222 5213 1445 5282 Virgine
1480 5213 1727 5268 Christus
1764 5213 1904 5267 Dens

333 5313 538 5368 noster,
582 5320 682 5361 sua
732 5308 1076 5363 sanctissima
1119 5308 1400 5363 nativitate
1437 5309 1594 5379 primi
1641 5310 1902 5378 parentis,

330 5405 385 5448 et
410 5396 599 5464 prima:
630 5398 874 5454 mulieris
918 5400 972 5453 in
1005 5399 1195 5455 dolore
1223 5400 1512 5469 poenaliter
1550 5400 1904 5470 parturientis

329 5483 586 5540 solvendo
636 5487 1098 5552 maledictionem,
1133 5490 1282 5545 dedit
1318 5497 1415 5561 per
1459 5500 1510 5544 te
1553 5490 1671 5544 sine
1719 5489 1903 5545 dolore

332 5575 749 5644 parturientem,
781 5580 1006 5635 dimissa
1029 5582 1199 5636 veteri
1229 5583 1402 5653 culpa,
1437 5597 1588 5637 novae
1633 5582 1819 5650 gratia:
1848 5591 1904 5636 et

334 5660 524 5715 salutis
547 5673 764 5720 aeternae
786 5665 1090 5727 melliﬁuam
1108 5673 1553 5729 benedictionem.
1583 5673 1685 5727 Per
1708 5672 1898 5741 gaudia

2013 4490 2310 4546 secundum
2339 4493 2582 4547 ordinem
2633 4492 3026 4549 Melchisedech
3060 4495 3300 4563 quotidie
3331 4497 3596 4565 compati-

2015 4591 2102 4635 tur
2125 4582 2529 4636 inﬁrmitatibus
2553 4583 2772 4646 nostris,
2805 4592 2861 4636 et
2888 4591 2972 4638 est
2996 4584 3304 4638 misericors
3334 4584 3509 4647 nobis,
3536 4595 3596 4638 et

2011 4669 2258 4726 Pontifex
2286 4671 2459 4726 ﬁdelis
2485 4674 2550 4725 ad
2575 4671 3108 4744 Deumpropitiando
3135 4684 3354 4742 peccata
3385 4674 3594 4742 populi,

2011 4760 2254 4827 quotidie
2303 4776 2402 4814 nos
2437 4761 2546 4816 Deo
2576 4761 2724 4815 Patri
2768 4763 3108 4828 reconciliat,
3147 4773 3202 4818 et
3233 4779 3328 4834 per
3356 4765 3407 4817 id
3444 4765 3595 4832 quod

2013 4849 2122 4903 Deo
2150 4849 2294 4903 Patri
2325 4849 2484 4906 offert
2521 4851 2661 4906 Dens
2707 4853 2770 4907 de
2811 4853 2920 4908 Deo
2961 4845 3224 4923 quotidie,
3249 4855 3294 4910 si
3340 4856 3598 4910 conversi

2010 4939 2271 4995 fuerimus
2295 4951 2349 4995 et
2377 4953 2597 5010 peccata
2629 4951 2811 4998 nostra
2836 4945 3088 5000 confessi.
3115 4945 3314 5002 Fidelis
3336 4955 3388 5000 et
3411 4944 3598 5013 justus

2007 5041 2063 5087 et
2091 5033 2298 5101 patiens
2325 5033 2464 5087 Deus
2496 5033 2738 5104 ignoscet
2770 5037 2923 5091 nobis
2964 5047 3018 5092 et
3054 5039 3294 5093 absolvet
3325 5054 3442 5093 nos.

2077 5123 2135 5176 In
2169 5125 2386 5178 nomine
2417 5126 2553 5194 ejus,
2605 5123 2766 5198 Virgo
2803 5128 3173 5199 integerrima,
3226 5130 3479 5200 confugio
3522 5132 3593 5185 ad

2009 5223 2078 5267 te.
2109 5213 2164 5266 In
2193 5215 2310 5282 ejus
2334 5229 2463 5285 ergo
2484 5217 2700 5271 nomine
2730 5217 3038 5274 dulcissimo
3058 5228 3113 5273 et
3142 5235 3347 5286 amore,
3374 5221 3596 5288 suscipe

2006 5319 2112 5373 me,
2142 5305 2358 5360 domina
2384 5319 2502 5360 mea
2528 5306 2966 5374 clementissima,
2989 5307 3385 5377 confugientem
3418 5310 3484 5363 ad
3510 5319 3586 5378 te,

2003 5409 2059 5452 et
2088 5395 2278 5465 adjuva
2309 5412 2396 5452 me
2426 5412 2522 5468 per
2556 5399 2752 5454 merita
2782 5410 2888 5455 tuae
2911 5402 3229 5456 castissima:
3251 5401 3596 5472 puriﬁcatio-

2003 5488 2106 5551 nis,
2138 5496 2195 5543 ut
2218 5489 2450 5543 sentiam
2478 5497 2532 5544 et
2555 5489 2816 5560 gaudeam
2858 5506 2944 5546 me
2967 5506 2997 5545 a
3021 5492 3270 5548 sordibus
3301 5491 3591 5548 conscien-

2005 5581 2092 5636 tiae
2117 5581 2189 5634 ita
2221 5581 2529 5650 perenniter
2549 5581 2848 5651 puriﬁcari,
2883 5593 2942 5637 ut
2971 5598 3245 5654 nunquam
3275 5581 3485 5637 doleam
3519 5583 3590 5637 de

2004 5679 2199 5726 caetero
2228 5687 2312 5727 mc
2348 5677 2525 5744 aliqua
2554 5673 2873 5744 contagione
2907 5685 2999 5730 aut
3036 5675 3434 5745 perpetratione
3459 5687 3586 5730 sce-
