3906 6058
283 271 392 325 965

1707 263 2118 320 ORATIONES.

3435 273 3538 328 966

279 383 401 436 leris
447 379 803 449 coinquinari.
847 378 1048 434 Sancta
1091 378 1184 434 Dei
1235 376 1500 438 Genitrix,
1536 376 1748 444 suscipe
1799 385 1858 430 et
1884 385 1928 440 Α
1955 391 2050 432 ore
2075 391 2196 432 meo
2225 376 2504 432 habere.0
2525 377 2688 448 Virgo
2711 377 3096 448 gloriosa,quae
3118 389 3345 435 mortem
3369 383 3540 436 subti-

277 475 548 528 intereede
571 488 669 542 pro
713 486 798 526 me
825 478 1108 542 peccatore
1145 469 1286 540 apud
1319 479 1466 522 tuum
1507 467 1718 521 dulcem
1757 481 1852 520 na-

275 575 386 618 tum
433 563 613 618 Jesum
645 562 921 618 Christum
969 560 1310 616 benedictum
1363 557 1598 612 fructum
1649 557 1856 612 ventris

279 653 374 716 tui,
414 662 467 707 et
497 653 758 707 miserere
779 649 906 704 mei.
1049 649 1054 654 ’

716 738 972 796 ORATIO
1001 737 1092 796 LX
1131 738 1224 810 [οι.
1255 731 1414 807 LIX].

625 846 694 886 AD
723 846 964 886 SANCTAI
989 843 1244 894 VIRGINEH
1276 841 1500 882 ΙΙᾹΒΙΛΜ.

750 922 816 976 In
839 923 1208 991 Assumptione
1247 921 1386 988 ejus.

351 1013 511 1082 Virgo
552 1013 922 1074 serenissima,
953 1012 1046 1066 Dei
1078 1011 1311 1081 genitrix
1333 1017 1520 1064 saneta
1547 1004 1735 1068 Maria,
1759 1018 1856 1076 per

277 1107 469 1160 merita
520 1115 624 1160 tua:
657 1105 904 1176 gloriosa:
943 1103 1355 1174 assumptionis,
1390 1109 1444 1155 et
1491 1115 1587 1167 per
1612 1112 1856 1152 amorem

277 1197 352 1250 tui
380 1197 674 1252 dulcissimi
709 1195 826 1260 lilii,
851 1210 883 1248 a
912 1209 1020 1264 quo
1063 1200 1339 1262 assumpta
1365 1206 1426 1245 es
1455 1191 1508 1242 in
1536 1187 1756 1253 cmlum,
1788 1186 1856 1240 da

275 1288 407 1342 mihi
427 1287 678 1340 virtutem
702 1293 890 1338 contra
921 1285 1106 1338 hostes
1133 1291 1272 1344 tuos,
1291 1281 1422 1334 etin
1453 1292 1676 1348 regnum
1706 1285 1856 1330 teter-

273 1394 400 1432 num
437 1375 668 1446 ingredi.
699 1373 850 1428 Felix
877 1387 1108 1442 namque
1133 1386 1192 1426 es
1222 1385 1376 1424 sacra
1409 1369 1561 1438 virgo
1587 1365 1775 1428 Maria,
1802 1371 1859 1419 et

273 1469 418 1522 muni
451 1467 606 1522 laude
627 1465 964 1536 dignissima,
989 1465 1116 1534 quia
1140 1478 1206 1518 ex
1235 1471 1286 1517 te
1311 1471 1466 1516 ortus
1491 1471 1574 1516 est
1596 1458 1678 1514 sol
1699 1455 1860 1527 justi-

279 1561 364 1613 tia:
399 1559 646 1614 Christus
685 1558 830 1636 Deus
881 1564 1084 1610 noster.
1125 1553 1271 1610 Sicut
1303 1553 1489 1607 cedrus
1535 1549 1766 1604 exaltata
1803 1547 1859 1602 in

277 1649 504 1714 Libano,
559 1659 608 1703 et
646 1649 778 1702 sicut
831 1663 1102 1718 cypressus
1145 1647 1198 1698 in
1255 1655 1428 1698 monte
1487 1643 1650 1708 Sion,
1705 1640 1859 1710 quasi

1957 470 2154 534 sti,sed
2183 469 2372 524 mortis
2395 470 2622 524 nexibus
2653 471 2879 539 deprimi
2909 487 3014 526 non
3047 474 3290 541 potuisti,
3323 475 3448 543 quia
3479 485 3535 528 tu

1955 559 2068 614 sola
2101 559 2266 628 Virgo
2315 559 2546 628 genuisti
2591 574 2738 625 eum,
2765 561 2859 629 qui
2897 569 3018 614 erat
3059 577 3206 616 mors
3248 564 3464 630 mortis,
3487 575 3543 618 et

1961 664 2178 724 morsus
2207 647 2432 704 inferni.
2453 647 2658 720 Adjuva
2683 665 2770 705 me
2797 665 2896 721 per
2921 661 3150 708 mortem
3177 663 3345 720 tuam,
3367 665 3421 709 et
3447 670 3542 726 per

1959 739 2154 808 gaudia
2203 747 2308 795 tua;
2357 739 2740 808 assumptionis
2783 741 2837 796 in
2885 741 3103 806 caelum,
3155 751 3214 797 ut
3265 745 3540 800 residuum

1957 830 2083 884 vitae
2109 845 2240 884 mea:
2262 830 2465 900 possim
2497 847 2619 886 cum
2648 832 2857 888 sincera
2883 833 2988 888 ﬁde
3013 843 3104 889 tuo
3145 835 3416 906 adiutorio
3451 837 3540 892 du-

1958 935 2104 987 cere,
2135 931 2190 976 et
2239 922 2400 976 linem
2435 923 2557 978 vitae
2595 939 2728 981 mete
2757 925 2988 981 feliciter
3029 928 3322 982 terminare
3367 929 3420 983 in
3459 930 3536 983 ci-

1958 1023 2090 1064 nere
2109 1018 2166 1064 et
2195 1009 2375 1068 cilicio
2410 1011 2464 1064 in
2510 1019 2655 1066 terra
2693 1023 2994 1083 prostratus
3017 1031 3141 1072 cum
3173 1017 3460 1088 lacrymis;
3489 1019 3542 1072 in

1957 1100 2301 1158 confessione
2327 1109 2384 1156 et
2407 1104 2726 1171 pmnitentia
2751 1115 3100 1176 peccatorum
3155 1124 3431 1174 meorum;
3461 1109 3545 1163 in-

1959 1205 2140 1261 super,
2167 1193 2310 1262 quod
2335 1195 2509 1264 majus
2531 1203 2633 1264 est,
2667 1197 2720 1250 in
2747 1197 3090 1255 confessione
3115 1201 3350 1256 nominis
3381 1201 3544 1256 Chri-

1959 1284 2052 1350 sti,
2087 1287 2221 1342 etin
2257 1289 2878 1362 perceptioneleorporis
2919 1295 3282 1363 et'sanguinis
3309 1294 3456 1363 ejus;
3491 1303 3546 1350 et

1959 1379 2014 1434 in
2043 1381 2514 1440 commendatione
2555 1385 2780 1454 spiritus
2801 1385 2905 1438 mei
2951 1386 3002 1438 in
3053 1386 3302 1441 manibus
3330 1387 3544 1440 miseri-

1961 1471 2156 1528 cordiae
2187 1487 2318 1528 suae.
2342 1471 2450 1527 Ora
2473 1488 2572 1542 pro
2593 1490 2702 1542 me,
2730 1485 2915 1531 sancta
2946 1477 3038 1531 Dei
3080 1477 3348 1542 Genitrix,
3377 1479 3544 1548 utqui

1959 1561 2213 1616 conscius
2243 1563 2586 1630 peccatorum
2615 1565 2906 1619 multorum
2946 1567 3182 1620 tribunal
3209 1567 3303 1621 ﬁlii
3333 1569 3406 1621 tui
3437 1575 3544 1622 trc-

1961 1648 2265 1705 mebundus
2297 1649 2787 1722 perborresco,per
2809 1659 2956 1706 tuam
2988 1655 3348 1710 venerabilem
3379 1663 3546 1708 mter.

275 1741 488 1810 myrrha
517 1739 682 1794 electa
727 1741 860 1792 dam
906 1739 1218 1792 suavitatem
1244 1735 1420 1788 οιίονίδ
1469 1731 1658 1802 (Εσείίο
1701 1746 1852 1795 HW.
1887 1751 1930 1808 Β
1959 1739 2260 1798 cessionem
2289 1740 2552 1810 gaudeam
2585 1742 2864 1796 emundari
2901 1741 2969 1796 ab
2995 1742 3248 1798 omnibus
3290 1742 3538 1798 crimini-

276 1832 364 1896 17,
393 1831 508 1902 20).
541 1830 784 1884 Exaltata
831 1844 994 1899 super
1040 1829 1235 1883 choros
1277 1825 1590 1896 angelorum
1616 1821 1857 1894 gaudens

276 1929 332 1976 et
365 1921 596 1992 gloriosa
643 1921 698 1974 in
743 1927 1063 1990 perpetuum
1107 1917 1291 1987 regina
1327 1915 1612 1980 caelorum,
1638 1913 1728 1968 ubi
1759 1912 1860 1968 ad-

272 2009 430 2080 juvas
487 2024 677 2066 omnes
717 2009 810 2078 qui
853 2021 906 2062 te
949 2008 1222 2064 dominam
1269 2005 1596 2076 glorilicant,
1637 2013 1692 2060 et
1732 2019 1860 2060 san-

276 2113 425 2156 ctum
453 2116 650 2156 nomen
683 2109 832 2154 tuum
874 2098 1064 2154 humili
1095 2113 1254 2167 prece
1291 2097 1655 2167 frequentant.

349 2193 516 2248 Beata
540 2209 668 2265 ergo
704 2203 760 2248 et
787 2190 1111 2246 venerabilis
1139 2190 1292 2260 virgo
1327 2189 1517 2256 Maria,
1545 2203 1664 2257 cpite
1709 2186 1862 2242 beni-

278 2301 380 2355 gna
410 2301 468 2340 es
493 2285 742 2340 omnibus
771 2286 839 2340 ad
892 2296 943 2339 te
971 2284 1062 2354 pio
1087 2285 1252 2340 corde
1293 2283 1668 2345 clamantibus,
1695 2281 1784 2351 pia
1807 2288 1864 2336 et

279 2378 568 2431 exorabilis
597 2385 714 2430 esto
737 2376 866 2432 mihi
891 2377 1160 2446 peccatori
1185 2385 1234 2430 te
1251 2375 1528 2430 humiliter
1553 2372 1858 2439 invocanti;

279 2470 380 2522 sub
436 2477 522 2521 tua
571 2467 907 2536 protectione
943 2467 1217 2537 confugio,
1255 2467 1344 2520 ubi
1375 2465 1623 2518 inﬁrmus
1677 2462 1860 2534 accepi

283 2561 555 2616 virtutem.
579 2559 725 2614 Illam
753 2560 922 2614 animi
965 2571 1020 2615 et
1057 2558 1300 2629 corporis
1339 2559 1591 2611 virtutem
1619 2571 1742 2611 cum
1774 2565 1863 2610 tuo

280 2651 534 2720 praesidio
561 2650 646 2705 fac
674 2665 761 2705 me
799 2651 1071 2719 accipere,
1099 2658 1156 2702 ut
1185 2663 1280 2718 per
1307 2657 1358 2702 te
1385 2648 1522 2702 liber
1549 2663 1578 2702 a
1625 2647 1864 2716 peccatis

280 2749 336 2793 et
367 2740 646 2796 desideriis
673 2751 1042 2810 peccatorum,
1081 2741 1198 2794 sine
1227 2739 1419 2792 timore
1450 2739 1516 2792 de
1553 2753 1716 2790 manu
1761 2736 1865 2790 ini-

284 2832 546 2886 micorum
591 2832 886 2886 visibilium
915 2841 970 2886 et
1014 2831 1366 2886 invisibilium
1400 2829 1662 2884 liberatus
1690 2827 1862 2882 lilium

283 2933 436 2978 tuum
483 2923 772 2978 Dominum
815 2930 1062 2976 nostrum
1106 2920 1294 2978 Jesum
1342 2921 1616 2976 Christum
1661 2921 1862 2990 possim

281 3015 428 3069 omni
459 3021 700 3084 tempore
735 3015 1080 3080 benedicere,
1107 3023 1163 3070 et
1189 3028 1402 3078 semper
1426 3013 1639 3068 laudem
1665 3013 1783 3080 ejus
1806 3015 1862 3067 in

1959 1831 2064 1886 bus
2083 1829 2240 1896 meis,
2251 1829 2432 1884 cordis
2449 1831 2866 1898 compunctione
2888 1832 3175 1902 irrigante,
3197 1841 3252 1887 et
3269 1845 3396 1887 rore
3417 1833 3547 1902 piis-

1959 1923 2110 1980 simae
2129 1921 2488 1978 confessionis
2513 1936 2544 1976 a
2577 1929 2631 1976 te
2657 1922 2918 1976 exhibito.
2935 1921 3091 1976 Nulla
3122 1923 3186 1976 de
3209 1931 3406 1978 caetero
3433 1937 3546 1975 ma-

1959 2014 2079 2070 cula
2130 2012 2342 2083 peccati
2387 2012 2569 2066 anima
2623 2027 2742 2066 mea
2796 2011 3142 2080 inquinetur;
3201 2013 3293 2066 sed
3346 2013 3546 2066 mundo

1961 2104 2126 2160 corde
2153 2115 2212 2159 et
2229 2111 2382 2158 casto
2422 2116 2651 2170 corpore
2692 2117 2788 2171 per
2825 2101 3018 2154 merita
3045 2111 3148 2156 tuae
3174 2101 3544 2157 saluberrima:

1961 2195 2294 2260 nativitatis,
2337 2192 2788 2258 annuntiationis,
2834 2201 2888 2248 et
2937 2191 3264 2247 sanctissimi
3316 2193 3544 2261 virginei

1961 2295 2148 2356 partus
2181 2285 2278 2350 tui,
2308 2293 2364 2339 et
2396 2285 2716 2340 castissima:
2741 2283 3156 2353 puriﬁcationis,
3186 2293 3240 2338 et
3261 2284 3540 2353 gloriosis-

1963 2379 2114 2432 sima:
2137 2375 2522 2445 assumptionis
2553 2375 2604 2446 in
2653 2375 2870 2430 excelso
2898 2375 3157 2430 cmlorum
3189 2375 3392 2445 palatio
3420 2391 3548 2446 pos-

1963 2469 2064 2523 sim
2090 2466 2428 2537 praesentari,
2459 2466 2512 2519 in
2553 2481 2664 2534 quo
2703 2461 2946 2535 gloriosa"
2985 2467 3227 2522 exsultas
3249 2475 3307 2522 et
3351 2481 3547 2537 regnas

1963 2559 2148 2628 regina
2181 2556 2496 2628 angelorum
2524 2565 2578 2610 et
2607 2557 2908 2622 hominum,
2935 2556 3106 2612 Mater
3132 2557 3342 2611 Domini
3373 2558 3546 2612 nostri

1962 2647 2089 2704 Jesu
2109 2647 2332 2704 Christi.
2364 2646 2637 2703 Succurre
2685 2637 2823 2702 meis
2849 2647 3192 2716 criminibus,
3219 2656 3395 2703 mater
3445 2649 3550 2703 mi-

1964 2737 2306 2801 sericordiae,
2367 2737 2473 2791 tuis
2522 2737 2783 2808 virgineis
2837 2737 3086 2806 precibus
3149 2737 3362 2792 veniam
3415 2737 3552 2792 mihi

1963 2829 2256 2885 obtinendo
2280 2828 2420 2897 apud
2447 2827 2830 2899 tuumdulcem
2860 2837 3044 2884 natum
3061 2829 3246 2884 Jesnm
3272 2828 3549 2883 Christum

1965 2919 2252 2974 Dominum
2281 2925 2544 2970 nostrum.
2584 2915 2685 2982 Qui
2713 2931 2838 2970 cum
2879 2916 3059 2984 Patre,
3092 2927 3148 2973 et
3181 2907 3387 2989 Spiritu
3417 2931 3546 2972 san—

1964 3019 2054 3064 cto
2077 3007 2208 3062 vivit
2235 3015 2294 3059 et
2330 3014 2524 3075 regnat
2547 3005 2886 3072 benedictus,
2916 3014 3025 3060 etc.

1400 3125 1568 3196 286
1603 3125 1860 3182 ORATIO
1901 3122 2014 3178 LXI
2054 3119 2150 3192 [οι.
2189 3117 2438 3190 ωψτιι,

957 3223 1246 3298 nutritin
1282 3251 1350 3291 Αι)
1383 3252 1625 3292 saxea-au
1660 3253 1918 3293 VIBGINE!
1960 3249 2165 3290 manus
2203 3247 2275 3287 ετ
2310 3245 2377 3284 an
2411 3243 2584 3285 onst-:3
2621 3245 2871 3288 sascros.

356 3351 524 3407 Maria
555 3353 810 3422 templum
847 3353 1082 3418 Domini,

289 3445 600 3500 Sacrarium
629 3443 914 3510 Paraeleti,

291 3537 584 3591 Sacrarum
609 3538 772 3592 decus
795 3536 1088 3605 virginum,

287 3621 632 3675 Mtnrentium
661 3620 933 3674 solatium.

357 3714 440 3768 Ad
472 3721 522 3767 te
549 3712 785 3781 suspiro,
809 3711 1048 3774 domina,

289 3806 437 3861 Meas
463 3815 686 3874 accepta
711 3803 1004 3873 lacrymas,

291 3895 482 3952 Sinum
527 3894 914 3950 misericordia:

293 3988 523 4058 Dignare
559 3987 688 4042 mihi
719 3985 973 4056 pandere.

363 4075 564 4147 Regina
594 4075 716 4131 coeli
743 4075 963 4147 inclyta,

293 4163 454 4220 Orbis
491 4165 697 4234 lampas
723 4165 956 4229 siderea,

294 4255 439 4312 Meas
465 4257 714 4326 absterge
754 4256 1040 4327 lacrymas.
1131 4261 1140 4269 ‘

292 4345 362 4404 Et
387 4355 730 4416 peccatorum
762 4347 1006 4402 nebulas.

364 4436 516 4503 Quod
543 4437 688 4492 voles
718 4437 1026 4508 unigenitus

295 4527 524 4583 Donabit
552 4527 644 4583 tibi
669 4528 868 4594 Filius,

294 4617 399 4672 Pro
421 4619 618 4688 quibus
646 4619 791 4674 voles
815 4615 1032 4678 veniam

297 4709 615 4780 Impetrabis
645 4721 698 4766 et
722 4711 971 4780 gloriam.

367 4799 472 4856 Sed
494 4815 572 4855 vae
606 4805 838 4871 peccatis
875 4795 1150 4858 homitium

293 4891 350 4946 ln
380 4891 616 4948 tenebris
642 4893 972 4963 degentium,
1021 4877 1026 4882 ’

295 4981 378 5035 llle
411 4991 576 5037 terret
617 4985 974 5052 conscientia,

369 5165 438 5222 Ut
458 5167 628 5222 Adam
656 5166 747 5198 ¹⁷³²
783 5168 1116 5234 delitescere,

297 5257 392 5316 Vel
421 5255 562 5316 sicut
591 5259 722 5316 Cain
761 5261 853 5296 ¹⁷³³
881 5259 1084 5334 fugere,

1396 3351 1510 3405 Mea
1541 3367 1628 3407 me
1650 3363 1852 3424 cogunt
1881 3350 2112 3414 scelera,

1396 3441 1530 3507 Quia
1573 3441 1739 3496 multa
1762 3451 1816 3495 ct
1846 3440 2052 3512 gravia.

1468 3533 1574 3588 Sed
1605 3534 1747 3588 inter
1771 3545 1917 3588 tanta
1947 3533 2154 3596 nubila,

1397 3625 1465 3678 Et
1509 3633 1852 3693 peccatorum
1888 3625 2152 3694 pondera,

1397 3709 1614 3764 Patrem
1638 3709 1928 3764 recordans
1953 3711 2214 3763 luminum

1397 3796 1516 3852 Non
1547 3797 1776 3866 despero
1801 3797 2083 3850 auxilium.

1469 3887 1616 3942 Nihil
1641 3888 1930 3958 desperare
1960 3887 2132 3957 pejus,

1399 3979 1484 4034 Nil
1515 3980 1700 4050 putavi
1726 3981 2059 4050 perversius,

1398 4071 1704 4126 Praesertim
1727 4071 1772 4126 si
1800 4079 1878 4136 tu,
1909 4070 2150 4136 domina,

1395 4160 1511 4217 Mea
1548 4160 1758 4231 perfers
1783 4161 2117 4231 precamina.

1467 4250 1600 4305 Cum
1627 4258 1806 4304 mente
1835 4257 2010 4304 tracto
2032 4247 2270 4318 angelos,

1394 4341 1693 4410 Prophetas
1731 4349 1786 4396 et
1825 4339 2120 4410 apostolos,

1397 4431 1730 4486 Victoriosos
1769 4439 2060 4498 martyres,

1397 4524 1462 4577 Et
1493 4521 1814 4592 perpudicas
1837 4522 2076 4592 virgines
2106 4539 2118 4573 :

1467 4617 1653 4672 Nullus
1682 4617 1814 4672 mihi
1849 4618 2152 4686 potentior,

1397 4709 1586 4764 Nullus
1625 4709 2044 4770 misericordior,

1395 4801 1614 4855 Illorum
1646 4815 1780 4872 pace
1801 4799 2056 4862 dixerim,

1403 4895 1624 4972 Videtur
1652 4901 1827 4947 matre
1864 4890 2096 4946 Domini.

1471 4985 1811 5054 Quapropter
1835 4983 1976 5037 hanc
2001 4980 2272 5050 praecipue

1405 5079 1694 5134 Patronem
1727 5089 1902 5130 meam
1929 5073 2109 5130 facere

1407 5170 1552 5226 Nihil
1579 5167 1902 5239 religiosius,

1405 5261 1548 5316 Nihil
1575 5268 1704 5332 puto
1735 5257 2020 5316 salubrius.

2575 3343 2714 3415 Ergo
2750 3355 2923 3400 mater
2953 3346 3230 3412 melliﬂua,

2505 3437 2571 3490 Et
2599 3439 2747 3508 virgo
2783 3439 3154 3509 pudicissima,

2503 3527 2656 3584 Nunc
2694 3529 2748 3582 in
2787 3531 3036 3598 praesenti
3063 3531 3316 3584 sentiam.

2503 3617 2677 3683 Quam
2707 3621 2772 3675 de
2812 3631 2864 3675 te
2889 3622 2958 3676 do
2995 3623 3341 3677 sententiam.
3431 3627 3450 3650 ‘

2579 3707 2678 3762 Mei
2706 3712 2982 3778 querelam
3020 3713 3250 3782 gemitus

2504 3801 2622 3856 Tibi
2650 3803 2866 3871 impono
2897 3805 3170 3873 primitus,

2504 3888 2674 3956 Quam
2702 3889 2944 3958 perferas
2969 3892 3036 3946 ad
3067 3892 3379 3958 Dominum,

2503 3977 2570 4033 Et
2603 3987 2752 4034 tuum
2777 3993 2968 4033 verum
2997 3977 3189 4034 ﬁlium.

2575 4069 2745 4126 Maria
2779 4071 2868 4125 lux
2901 4072 3160 4136 attherea,

2506 4158 2575 4214 Ut
2603 4174 2753 4216 meas
2783 4174 2970 4230 preces
2999 4158 3234 4224 deferas,

2505 4252 2604 4306 Tui
2631 4259 2834 4306 stratus
2857 4251 3101 4321 vestigiis

2503 4345 2682 4399 Mente
2716 4344 2948 4411 deposco
2976 4343 3224 4411 supplici.

2573 4435 3038 4505 Computruerunt
3068 4433 3296 4502 pristina

2507 4521 2857 4580 Peccatorum
2893 4524 3162 4594 contagia,

2505 4617 2610 4672 Sed
2643 4617 2859 4687 sapiens
2879 4626 2963 4674 est
2988 4618 3258 4681 medicus;

2503 4712 2860 4780 Omnipotens
2889 4719 2972 4766 est
2997 4710 3278 4766 Dominus.

2573 4803 2650 4858 De
2677 4801 2812 4854 mala
2836 4801 3248 4865 consuetudine,

2505 4889 2602 4944 Est
2625 4886 2812 4942 etlicax
2843 4902 2928 4942 me
2953 4887 3138 4942 tollere
3151 4927 3166 4952 ,

2509 4980 2609 5046 Qui
2655 4979 2938 5034 suscitavit
2963 4981 3225 5034 Lazarum

2511 5072 2942 5139 Quatriduanum
2983 5082 3278 5126 mortuum.

2588 5163 2716 5218 Post
2743 5162 2952 5232 lapsum
2982 5159 3198 5214 Petrum
3230 5158 3470 5228 respicit,

2519 5259 2587 5314 Et
2615 5271 2814 5328 magno
2847 5253 2973 5310 ﬂetu
3001 5251 3264 5316 concutit,

1571 5369 1804 5427 VARIJE
1844 5367 2249 5436 LEC‘I‘IONES,

371 5487 460 5520 ‘m
489 5487 574 5541 Ea:
599 5485 730 5543 Mss.
758 5489 880 5546 160.
923 5489 1052 5545 Vict.
1083 5489 1206 5544 KK.
1249 5489 1334 5544 16.
1365 5488 1522 5543 simul
1555 5485 1760 5540 collatis
1834 5484 1926 5516 ³⁷³³
1967 5483 2312 5554 Manuscript.
2358 5484 2488 5539 Vict.
2530 5485 2612 5540 Me
2642 5493 2808 5554 terret
2846 5479 3173 5554 conscientia
3202 5479 3327 5550 quia
3362 5477 3545 5554 delicti

299 5559 650 5615 conscientia.
685 5559 754 5617 Ut
783 5560 972 5616 addam
997 5578 1089 5616 ms.
1121 5561 1274 5616 (ἔοι-ὑ.
1317 5577 1402 5617 me
1451 5566 1619 5613 terret
1666 5555 2014 5612 conscientia.
2066 5553 2134 5609 Ut
2182 5549 2372 5610 addam
2452 5556 2540 5588 ’⁷³³
2568 5554 2666 5608 Ms.
2691 5552 2878 5608 Cister.
2927 5552 3080 5608 Sicut
3123 5565 3360 5606 camms.
3407 5549 3538 5603 Vici.

298 5631 439 5686 sicut
457 5629 589 5684 Cain
