3906 6058
259 224 364 284 969

613 334 867 393 ORATIO
903 337 1038 392 Lxu
1063 336 1154 410 [οι.
1189 334 1369 409 Lxm]
1397 335 1507 389 ιτιι.

569 446 633 485 ΑΒ
670 446 914 485 ελιιοτυι
946 446 1182 486 ιολκδευ
1213 444 1531 485 BAPTIS‘I‘AI.

577 518 710 573 Cum
765 521 1125 575 recordatione
1177 528 1525 588 peccatorum.

333 610 536 667 Sancte
554 609 816 676 Joannes,
851 622 905 667 tu
938 612 1028 666 ille
1049 613 1285 667 Joannes
1306 610 1420 674 ηδ’,
1450 610 1541 679 qui
1566 610 1731 665 Deum
1751 610 1851 664 ba-

259 703 496 775 ptizasti,
529 713 583 759 tu
611 704 762 773 prius
789 705 857 759 ab
886 703 1212 773 archangelo
1240 701 1491 757 laudatus
1531 717 1695 771 quam
1752 716 1849 771 ge-

261 797 408 850 nitus
437 795 528 827 ‘7“
561 812 592 850 a
617 805 792 866 patre;
819 797 968 866 prius
993 795 1182 865 plenus
1204 796 1314 851 Deo
1335 810 1497 864 quam
1540 810 1603 849 ex
1655 802 1848 856 matre;

270 885 423 955 prius
454 901 684 941 noscens
712 888 902 951 Deum,
934 902 1096 955 quam
1124 895 1282 940 notus
1324 884 1414 916 "‘7
1467 886 1517 937 in
1544 884 1763 946 mundo,
1795 892 1861 956 tu

264 985 390 1031 ante
412 976 503 1008 ’⁷⁸⁸
531 986 842 1032 monstrans
871 978 1029 1032 matri
1070 976 1347 1047 gravidam
1376 975 1465 1007 ³⁷⁸³
1486 975 1711 1029 Matrem
1736 974 1850 1039 Dei,

264 1084 427 1137 quam
464 1070 686 1139 gravida
716 1079 889 1124 mater
926 1078 1011 1123 tua
1045 1078 1097 1123 te
1131 1068 1275 1124 dici:
1321 1077 1376 1121 tu
1424 1083 1484 1123 es
1529 1067 1730 1136 dequo
1760 1068 1854 1100 ¹⁷⁵⁰

265 1160 403 1215 dixit
441 1162 582 1216 Deus
614 1176 629 1215 :
658 1160 806 1215 Inter
837 1171 987 1215 natos
1013 1161 1292 1215 mulierum
1330 1178 1434 1215 non
1458 1171 1688 1215 surrexit
1742 1178 1855 1214 ma-

256 1251 353 1321 jor
382 1252 598 1321 (Matth.
628 1269 704 1317 x1,
738 1252 845 1321 11).
887 1252 969 1307 Ad
998 1262 1068 1317 te,
1112 1253 1347 1319 domine,
1411 1263 1519 1307 tam
1574 1268 1854 1322 magnum,

270 1356 379 1403 tam
412 1356 679 1410 sanctum,
710 1356 817 1400 tam
848 1348 1092 1410 beatum,
1140 1348 1207 1400 ad
1249 1356 1300 1402 te
1348 1347 1499 1401 venit
1548 1345 1858 1401 scelerosus

266 1438 494 1503 vermis,
520 1452 861 1491 aerumnosas
890 1438 1205 1502 homuncio,
1246 1436 1357 1505 jam
1408 1444 1655 1491 emortuo
1695 1450 1855 1489 sensu

269 1528 360 1581 vix
391 1542 449 1580 se
480 1526 689 1590 dolens,
711 1526 805 1581 sed
829 1535 1039 1580 mortua
1061 1526 1239 1580 anima
1273 1525 1377 1579 sibi
1409 1525 1573 1579 nimis
1598 1524 1861 1579 dolendus

270 1625 545 1686 peccator.
576 1616 658 1671 Ad
695 1626 768 1680 te,
801 1628 908 1670 tam
938 1632 1129 1687 magne
1173 1616 1348 1671 amice
1398 1615 1491 1672 Dei
1536 1616 1653 1680 ’7'“,
1706 1614 1859 1669 valde

1682 194 2103 279 ORATIONES.

1875 341 1925 399 Α
1954 334 2204 390 liumiraa
2233 342 2335 390 tua:
2363 333 2538 390 fecisti
2566 336 2657 367 ‘7"
2704 335 2870 391 filium
2915 338 3104 408 gratiae
3147 347 3280 405 ture;
3309 350 3365 394 et
3411 356 3533 411 ego,

3427 228 3532 285 970

1950 425 2037 481 illa
2067 436 2397 494 contempta,
2428 426 2530 481 feci
2554 441 2640 481 me
2668 427 2837 482 filium
2858 429 2967 484 od.i
2998 430 3096 484 tui.
3126 429 3451 486 lleforntasti
3482 431 3541 487 in

1949 533 2035 572 me
2060 516 2345 572 amabilem
2370 518 2655 589 imaginem
2690 529 2836 574 tuam
2879 521 3065 591 288,
3117 532 3172 578 et
3213 537 3314 592 ego
3341 537 3537 591 super-

1950 608 2197 677 impressi
2253 608 2505 665 odibilem
2546 610 2855 681 imaginem.
2889 611 3026 678 Heu,
3058 613 3194 668 heu!
3224 613 3411 681 cujus?
3431 614 3543 669 Cu-

1949 694 2060 765 jus,
2099 697 2267 752 miser
2313 708 2369 753 et.
2416 700 2639 755 demens
2684 702 3000 770 homuncio,
3046 701 3202 772 cujus
3248 704 3542 774 imaginem

1952 791 2363 860 superimpressi
2388 807 2549 862 super
2573 793 2665 825 ¹⁷⁶⁰
2713 793 3002 865 imaginem
3062 794 3195 859 Dei?
3233 799 3278 852 Ο
3307 812 3407 851 cur
3460 799 3542 852 vel

1954 896 2061 935 non
2090 882 2279 952 puduit
2305 882 2483 937 facere
2505 884 2647 953 quod
2670 885 2750 939 sic
2780 900 3084 954 expavesco
3108 886 3326 942 dicere?
3375 887 3419 943 Ο
3446 903 3545 942 cur

1956 985 2062 1024 non
2089 971 2178 1025 odi
2212 970 2329 1039 ejus
2352 972 2740 1039 imitationem,
2770 973 2926 1042 cujus
2951 975 3030 1030 sic
3075 977 3275 1031 horreo
3306 979 3545 1032 nomen?

1954 1061 2047 1117 llle
2076 1073 2269 1132 sponte
2297 1064 2512 1129 cecidit,
2541 1079 2642 1136 ego
2669 1065 2857 1121 volens
2883 1067 3087 1122 sordui.
3121 1068 3227 1123 Sed
3256 1067 3365 1133 ille,
3398 1066 3548 1123 nulla

1956 1156 2297 1223 prmcedente
2349 1156 2533 1211 delicti
2593 1157 2854 1223 vindicta,
2896 1158 3217 1228 superbiens
3268 1168 3546 1230 peccarit;

1956 1260 2079 1316 ego,
2113 1246 2223 1302 visa
2259 1248 2375 1317 ejus
2406 1263 2591 1318 plena,
2619 1260 2972 1307 contemnens
3017 1252 3085 1306 ad
3112 1262 3391 1321 peccatum
3423 1268 3550 1322 pro-

1956 1338 2162 1406 peravi.
2194 1338 2286 1393 Ille
2306 1339 2474 1394 semel
2509 1340 2563 1394 in
2595 1340 2906 1397 innocentia
2931 1344 3279 1411 constitutus,
3337 1359 3439 1413 ego
3465 1358 3550 1397 reo

1957 1430 2214 1495 stitutus;
2246 1431 2335 1485 ille
2362 1443 2551 1488 contra
2578 1450 2725 1500 eum,
2751 1438 2844 1506 qui
2876 1453 2935 1493 se
2967 1437 3100 1493 fecit
3122 1447 3178 1492 et
3208 1436 3400 1492 refecit
3433 1437 3547 1500 "‘5‘,

1960 1521 2049 1575 ille
2070 1521 2353 1592 dereliquit
2382 1523 2551 1578 Deum
2600 1527 3027 1595 promittentem,
3080 1543 3179 1597 ego
3229 1527 3337 1598 fugi
3379 1528 3549 1582 Deum

1959 1621 2408 1680 prosequentem;
2435 1613 2524 1668 ille
2550 1623 2758 1684 perstat
2791 1617 2845 1671 in
2876 1618 3083 1673 malitia
3117 1618 3207 1650 ⁸⁷⁸³
3227 1618 3338 1673 Deo
3369 1633 3554 1688 repro-

273 1708 471 1763 timens
495 1709 641 1761 venit
663 1707 857 1762 duhius
894 1707 959 1761 de
1003 1707 1177 1762 salute
1221 1722 1343 1771 sua,
1382 1707 1508 1777 quia
1563 1715 1745 1761 certus
1794 1704 1860 1760 de
1892 1707 1935 1763 Β
1964 1705 2146 1772 bante,
2168 1720 2269 1775 ego
2300 1706 2353 1760 in
2376 1706 2522 1762 illam
2552 1710 2771 1764 cucurri
2796 1709 2907 1765 Deo
2931 1720 3248 1777 revocante;
3280 1712 3367 1767 ille
3383 1713 3554 1767 obdu-

272 1815 470 1867 magna
492 1799 646 1866 culpa
684 1814 802 1864 sua,
831 1799 926 1853 sed
951 1814 1177 1868 sperans
1204 1799 1271 1853 de
1306 1798 1496 1867 majori
1538 1799 1714 1869 gratia
1742 1808 1855 1852 tua.

273 1890 443 1959 Major
486 1890 631 1943 enim
677 1898 761 1944 est
803 1891 978 1960 gratia
1026 1898 1138 1954 tua,
1198 1890 1436 1955 domine,
1500 1904 1662 1959 quam
1701 1889 1859 1958 culpa

273 1996 415 2044 mea,
446 1981 570 2049 quia
599 1979 718 2049 plus
749 1994 903 2050 potes
952 1981 1093 2051 apud
1116 1981 1280 2035 Deum
1307 1996 1470 2051 quam
1509 1981 1690 2037 delere
1744 1996 1861 2037 sce-

273 2068 385 2124 lera
411 2085 548 2124 mea.
584 2070 661 2125 Ad
685 2078 736 2125 te
761 2084 912 2141 ergo,
936 2070 1176 2137 domine,
1203 2086 1364 2141 quem
1393 2071 1569 2142 gratia
1597 2072 1724 2128 fecit
1749 2082 1861 2127 tam

273 2160 504 2215 amicum
539 2160 656 2227 Dei,
696 2161 763 2215 ad
801 2170 853 2215 te
887 2160 1261 2232 fugitanxius,
1305 2177 1467 2232 quem
1502 2162 1759 2232 iniquitas
1787 2163 1862 2219 fe-

272 2250 347 2304 cit
377 2259 485 2304 tam
519 2266 671 2305 reum
702 2250 823 2316 Dei;
851 2251 920 2305 ad
976 2261 1051 2319 te,
1106 2268 1266 2321 quem
1322 2264 1429 2307 tam
1470 2253 1694 2309 beatum
1736 2253 1865 2311 fecit

272 2340 467 2411 gratia,
498 2356 599 2412 ego
624 2357 784 2410 quem
810 2351 917 2395 tam
947 2341 1204 2397 miserum
1226 2340 1355 2398 fecit
1382 2344 1645 2415 nequitia.
1704 2346 1859 2412 Vere,

272 2432 507 2499 domine,
533 2433 726 2498 fateor,
752 2433 1011 2502 iniquitas
1041 2448 1160 2487 mea
1193 2450 1278 2489 me
1301 2434 1427 2489 fecit
1456 2434 1636 2501 talem;
1691 2438 1784 2493 sed
1814 2446 1864 2494 te

274 2522 459 2588 talem,
489 2539 594 2578 non
620 2532 695 2587 tu,
720 2523 813 2578 sed
837 2522 1009 2592 gratia
1031 2522 1125 2577 Dei
1157 2532 1352 2579 tecum.
1396 2523 1668 2581 Memento
1710 2542 1857 2598 ergo,

273 2615 511 2679 domine,
533 2623 593 2670 ut
622 2615 764 2670 sicut
792 2616 963 2686 gratia
999 2615 1095 2672 Dei
1125 2625 1176 2671 te
1196 2617 1275 2673 sic
1304 2617 1617 2673 sublimavit
1644 2620 1758 2687 ‘7",
1785 2620 1865 2675 sic

276 2706 647 2761 misericordia
677 2716 767 2761 tua
791 2706 966 2778 erigat
993 2722 1156 2779 quem
1202 2708 1360 2779 culpa
1400 2723 1497 2765 sua
1555 2710 1638 2766 sic
1691 2711 1867 2766 humi-

274 2796 425 2851 liavit
456 2797 567 2849 ⁸⁷⁵³.

347 2888 462 2943 lleu
500 2903 604 2954 me,
635 2888 849 2959 qualem
871 2904 959 2945 me
996 2891 1134 2947 feci?
1164 2892 1341 2962 qualis
1367 2893 1551 2949 eram?
1584 2895 1719 2951 Deus
1746 2897 1861 2963 ιη’,

275 2980 490 3051 qualem
518 2997 603 3037 me
635 2978 834 3047 fecisti,
882 2991 936 3037 et
968 2982 1182 3051 qualem
1240 2998 1326 3041 me
1377 2985 1573 3041 iterum
1617 2986 1753 3043 feci?
1806 2989 1861 3043 In

1964 1805 2116 1850 ratus
2152 1797 2219 1850 ad
2256 1798 2590 1866 punientem,
2621 1815 2723 1870 ego
2745 1802 3046 1857 obduratus
3067 1804 3134 1858 ad
3162 1804 3551 1859 blandientem.

1966 1884 2080 1940 Etsi
2114 1886 2273 1941 ambo
2296 1897 2485 1941 contra
2507 1888 2695 1954 Deum,
2725 1890 2812 1944 ille
2847 1900 3038 1947 contra
3058 1906 3158 1947 nec
3186 1893 3552 1962 requirentem

1963 1990 2044 2042 se,
2068 1990 2165 2047 ego
2191 1986 2377 2032 contra
2404 1993 2501 2048 pro
2531 1994 2618 2033 me
2648 1981 2988 2037 morientem.

2037 2070 2083 2125 Ο
2104 2070 2290 2125 infelix
2316 2080 2371 2126 et
2398 2071 2561 2128 nimis
2588 2072 2771 2128 infelix
2798 2075 3111 2143 homuncio,
3160 2078 3206 2132 si
3241 2086 3419 2133 tamen
3446 2092 3554 2133 non

1965 2160 2144 2215 omnis
2170 2161 2262 2193 ¹⁷⁶³
2296 2164 2519 2218 recessit
2554 2164 2863 2223 humanitas
2895 2167 2985 2221 ubi
3018 2176 3169 2223 tanta
3217 2169 3440 2225 malitiae
3470 2170 3556 2225 in-

1967 2252 2132 2307 cessit
2180 2253 2522 2310 immanitas!
2571 2256 2712 2312 Ecce
2765 2257 2919 2326 cujus
2970 2258 3221 2329 imaginis
3268 2261 3555 2318 horrebam

1967 2342 2272 2410 horrorem,
2302 2344 2355 2399 in
2392 2345 2576 2401 multis
2603 2346 2808 2417 aspicio
2833 2362 2923 2403 me
2953 2345 3368 2404 horribiliorem.
3390 2350 3554 2420 Fuge,

1966 2430 2110 2504 fuge,
2144 2442 2221 2499 tu,
2254 2435 2531 2490 horribilis
2564 2437 2748 2491 nescio
2767 2452 2887 2505 quae
2930 2437 3233 2494 substantia
3280 2440 3391 2502 ηδ’,
3433 2439 3558 2511 fuge

1970 2528 2195 2598 teipsam
2221 2529 2484 2585 exterrita
2515 2544 2546 2583 a
2574 2530 2765 2600 teipsa.
2797 2529 2924 2597 Sed,
2955 2546 3055 2596 vae,
3101 2530 3289 2602 fugere
3338 2542 3391 2589 te
3449 2549 3556 2588 llDll

1968 2627 2145 2688 potes.
2173 2618 2250 2673 Nc
2273 2634 2403 2689 ergo
2449 2620 2679 2689 aspicias
2709 2629 2780 2686 te,
2813 2621 2938 2689 quia
2970 2635 3078 2676 non
3107 2621 3305 2676 toleras
3330 2631 3399 2676 te.
3421 2622 3557 2677 Nam

1968 2712 2012 2765 si
2044 2708 2280 2766 tolerare
2304 2721 2458 2780 potes
2481 2711 2601 2766 sine
2628 2710 2829 2768 doloris
2857 2712 3107 2778 horrore,
3163 2712 3266 2767 hoc
3288 2713 3462 2781 ipsum
3491 2729 3559 2769 nc

1969 2800 2187 2866 toleres,
2209 2802 2334 2871 quia
2358 2799 2592 2858 tolerare
2620 2815 2793 2870 pctes.
2827 2800 3041 2867 Quanto
3068 2801 3212 2857 enim
3252 2800 3355 2856 hoc
3384 2812 3557 2871 potes.

1969 2900 2119 2948 tanto
2140 2893 2317 2964 primo
2339 2892 2614 2963 peccatori
2658 2892 2908 2959 similior,
2959 2902 3014 2947 et
3048 2892 3160 2947 Deo
3205 2908 3265 2948 es
3299 2894 3561 2950 intuem-

1968 2984 2149 3039 bilior.
2173 2983 2289 3039 Non
2317 2985 2459 3039 enim
2493 2993 2577 3038 est
2605 2983 2888 3050 fortitudo,
2918 2986 3012 3039 sed
3043 2985 3241 3039 mentis
3289 2986 3557 3040 hebetudo

278 3075 516 3145 peccatis
538 3088 687 3129 eram
709 3082 1009 3142 conceptus
1034 3082 1089 3129 et
1112 3082 1308 3140 natus;
1356 3076 1452 3131 sed
1481 3077 1696 3132 abluisti
1757 3095 1865 3143 me,
1895 3076 1937 3134 C
1971 3075 2091 3140 ³⁷⁸⁸,
2125 3091 2230 3129 non
2257 3083 2340 3129 est
2364 3075 2595 3139 sanitas,
2616 3074 2709 3129 sed
2738 3075 2998 3129 obdurata
3030 3074 3315 3143 iniquitas;
3343 3092 3447 3130 non
3475 3085 3560 3130 est

279 3168 375 3222 sed
402 3165 757 3221 sanctificasti
796 3166 891 3197 ⁸⁷⁸⁸
912 3182 1021 3232 me,
1051 3176 1107 3222 et
1137 3183 1237 3237 ego
1263 3168 1542 3238 pejoribus
1592 3170 1865 3225 sordidavi

276 3273 384 3314 me.
414 3257 471 3312 In
512 3256 834 3312 necessariis
862 3257 954 3289 ¹⁷⁵⁶
1000 3273 1149 3312 eram
1185 3268 1312 3313 tunc
1353 3268 1509 3313 natus
1568 3260 1680 3325 ⁸⁷⁸⁷,
1724 3276 1866 3316 nunc

277 3365 396 3405 sum
421 3352 475 3404 in
501 3350 813 3419 spontaneis
835 3349 1135 3414 volutatus;
1183 3350 1235 3403 in
1288 3350 1395 3405 illis
1442 3351 1692 3406 nesciens
1725 3365 1867 3405 eon-

278 3449 486 3510 ceptus,
516 3442 635 3496 istis
658 3440 846 3495 volens
876 3440 1069 3511 plenus
1096 3451 1151 3494 et
1171 3451 1423 3511 opertus;
1447 3457 1513 3496 ex
1555 3442 1661 3497 illis
1706 3444 1867 3498 mise-

278 3532 563 3586 ricorditer
588 3546 616 3584 a
648 3540 699 3585 te
720 3533 967 3596 eductus,
1000 3531 1054 3584 in
1105 3531 1221 3586 haec
1276 3533 1475 3587 misere
1508 3550 1537 3587 a
1562 3551 1649 3589 me
1705 3536 1866 3590 indu-

277 3633 427 3689 ctus;
458 3623 526 3677 ab
554 3622 661 3676 illis
692 3622 777 3690 pie
795 3620 1124 3689 redemptus,
1155 3621 1210 3675 in
1228 3622 1521 3692 istisimpie
1533 3636 1863 3696 peremptus.

278 3715 604 3775 Sanaveras,
628 3711 716 3780 pie
746 3710 909 3776 Deus,
939 3712 1176 3765 animam
1201 3728 1230 3765 a
1262 3714 1580 3782 parentibus
1609 3716 1867 3771 vulnera-

278 3815 413 3871 tam,
438 3818 538 3873 ego
565 3802 760 3872 impius
783 3802 1026 3857 interfeci
1050 3812 1315 3857 sanatam.
1357 3803 1624 3871 Exueras,
1654 3806 1869 3860 miseri-

278 3908 403 3950 cors
442 3892 691 3956 Domine,
735 3890 963 3944 vetustis
988 3890 1180 3960 pannis
1228 3890 1505 3958 originalis
1530 3894 1758 3962 peccati,
1816 3902 1871 3948 et

244 3988 245 3991 “
281 3987 535 4041 indueras
556 3995 645 4037 me
681 3986 828 4034 veste
848 3978 1170 4036 innocentia:
1197 4021 1212 4045 ,
1262 3982 1587 4050 promittens
1636 3984 1867 4040 alteram

281 4072 831 4147 incorruptibilitatis,
858 4084 914 4129 et
940 4091 1063 4144 ego,
1097 4073 1185 4128 illa
1217 4074 1415 4143 rejecta
1444 4091 1606 4145 quam
1650 4078 1865 4144 dedisti,

282 4172 468 4241 operui
508 4188 594 4226 me
618 4170 867 4226 sordibus
892 4167 1167 4237 nequitiae;
1196 4166 1284 4221 illa
1310 4167 1565 4236 despecta
1592 4169 1683 4200 ¹⁷⁸⁸
1700 4185 1866 4238 quam

283 4262 576 4335 promisisti
641 4262 761 4329 plus
791 4260 927 4331 elegi
959 4259 1176 4315 dolores
1201 4269 1421 4314 aeternae
1470 4258 1726 4314 miseriae.
1783 4261 1871 4315 Fi-

1971 3183 2036 3222 es
2060 3165 2455 3230 consolatione,
2482 3166 2577 3221 sed
2600 3180 2666 3219 ex
2697 3165 3066 3220 damnatione.
3118 3165 3196 3220 Ne
3248 3182 3379 3235 ergo
3439 3165 3560 3221 sine

1972 3260 2117 3313 inani
2146 3257 2323 3327 rugitu
2360 3258 2542 3312 cordis
2578 3258 2653 3310 tui
2697 3256 2895 3310 toleres
2941 3256 3224 3311 horrorem
3280 3257 3561 3312 interioris

1969 3350 2149 3406 vultus
2186 3350 2283 3405 tui.
2309 3349 2444 3415 Quia
2466 3365 2593 3419 ergo
2621 3348 2807 3417 fugere
2832 3358 2881 3402 te
2904 3364 3009 3402 non
3044 3358 3217 3418 potes,
3250 3350 3332 3404 Vel
3368 3358 3417 3405 te
3453 3368 3559 3405 non

1972 3442 2225 3511 aspicias,
2250 3442 2376 3511 quia
2404 3450 2456 3495 te
2491 3456 2596 3497 nou
2630 3441 2849 3496 toleras.
2888 3440 2994 3495 Sed
3018 3455 3146 3496 ecce
3177 3442 3350 3512 pejus,
3376 3444 3421 3497 si
3454 3458 3559 3499 non

1967 3534 2171 3603 aspicio
2201 3547 2317 3598 me;
2348 3547 2474 3587 nam
2500 3540 2714 3601 egomet
2742 3530 2867 3584 fallo
2890 3546 3003 3595 me.

2040 3626 2084 3682 Ο
2106 3626 2267 3680 nimis
2296 3626 2477 3695 gravis
2500 3624 2777 3695 angustia!
2827 3625 2871 3679 si
2904 3638 2993 3679 me
3028 3624 3275 3696 inspicio,
3323 3641 3430 3682 non
3483 3636 3563 3682 to-

1969 3717 2082 3771 lero
2106 3716 2472 3785 meipsum;si
2498 3729 2604 3768 non
2631 3714 2885 3783 inspicio,
2917 3714 3104 3770 nescio
3156 3717 3447 3786 meipsum.
3503 3718 3561 3773 Si

1973 3821 2059 3861 me
2086 3804 2392 3867 considero,
2428 3812 2589 3858 terret
2622 3816 2708 3857 me
2731 3802 2899 3856 facies
2924 3817 3077 3867 mea;
3127 3804 3174 3858 si
3214 3820 3322 3860 non
3380 3807 3562 3862 consi-

1972 3898 2136 3964 dero,
2173 3895 2419 3949 fallitme
2442 3894 2714 3949 damnatio
2739 3907 2880 3946 mea.
2916 3891 2971 3947 Si
3005 3909 3089 3949 me
3140 3896 3314 3961 video,
3368 3896 3565 3953 horror

1972 3999 2056 4045 est
2091 3987 2478 4051 intolerabilis;
2511 3986 2554 4042 si
2588 4001 2692 4040 non
2718 3985 2897 4050 video,
2923 4003 3070 4043 mors
3091 3996 3175 4043 est
3204 3988 3558 4046 inevitabilis.

1972 4080 2170 4136 Malum
2192 4081 2341 4145 hinc,
2372 4077 2521 4149 pejus
2546 4077 2703 4143 inde;
2738 4076 2939 4132 malum
2969 4079 3227 4150 undique.
3271 4080 3377 4136 Sed
3402 4082 3565 4139 nimis

1972 4172 2174 4228 malum
2198 4172 2341 4233 hinc,
2376 4171 2537 4225 nimis
2558 4167 2710 4239 pejus
2733 4169 2860 4225 inde
2884 4170 2997 4236 ¹⁷⁶⁶,
3056 4180 3111 4226 et
3162 4171 3326 4227 nimis
3362 4174 3562 4228 malum

1990 4261 2245 4328 undique.
2275 4258 2446 4313 Nimis
2471 4258 2615 4312 enim
2647 4258 2833 4324 miser,
2862 4275 3022 4327 quem
3050 4268 3266 4330 torquet
3284 4263 3564 4318 conscien-

1586 4351 1808 4407 VARUE
1857 4353 2260 4410 LECTIONES.

353 4448 448 4481 ωδ
484 4446 686 4501 Colluta
722 4456 795 4499 est
835 4460 950 4498 cum
987 4460 1113 4497 mss.
1162 4441 1298 4496 Vict.
1336 4442 1458 4495 ItK.
1491 4442 1577 4496 16.
1618 4452 1665 4496 et
1703 4442 1819 4497 RR.
1863 4446 1918 4500 5.
1951 4444 2170 4499 Thuano
2210 4444 2335 4499 267.
2368 4443 2490 4499 Bec.
2521 4444 2588 4498 0.
2644 4456 2692 4499 et
2721 4444 2877 4499 Corb.
2912 4443 3034 4498 160.
3079 4441 3571 4505 Sun-Germanici

282 4517 409 4576 545.
444 4517 740 4571 Carthasim
766 4534 795 4568 a
827 4526 1001 4583 porta,
1033 4525 1080 4566 et
1125 4512 1553 4584 Vallisluceutis__
1569 4524 1616 4566 et
1666 4511 1902 4584 Floriac.
1933 4516 2017 4569 Ad
2045 4526 2291 4570 sanctum
2319 4513 2619 4569 Johannem
2648 4515 2967 4584 Baptistam,
3020 4528 3162 4584 cum_
3186 4514 3565 4584 recordatione

281 4599 647 4663 peccatorum.
679 4580 975 4663 mss._Vict.
1014 4584 1098 4639 16.
1150 4582 1382 4663 γαιχιας.
1426 4581 1658 4663 et_Ftor.
1705 4583 1890 4663 Oratio
1905 4585 1981 4663 ad
2011 4594 2257 4663 sanctum
2288 4580 3076 4663 J_ohannent_B_aptistam1m;
3124 4580 3445 4663 Stin-Germ.
3496 4584 3564 4639 de

285 4652 472 4715 sancto
514 4656 760 4711 Johaune
811 4656 1041 4725 baptista
1082 4671 1181 4707 ms.
1232 4653 1499 4725 Corb.ad
1550 4663 1797 4725 sanctum
1836 4654 2138 4710 Johaunem
2170 4654 2467 4725 Baptistam
2590 4655 2681 4686 ³⁷⁸⁸
2710 4652 2827 4709 Col.
2860 4671 2898 4708 ι.
2933 4655 3001 4706 D.
3035 4652 3116 4708 Tu
3149 4653 3241 4708 ille
3286 4652 3562 4725 Jgohannes

325 4732 376 4782 ui
423 4746 519 4782 ms.
564 4723 894 4795 Son-Germ.
924 4726 1004 4779 'l‘u
1048 4726 1133 4779 ille
1171 4726 1263 4793 qui
1376 4724 1608 4795 ‘mQui
1656 4724 1872 4793 genitus
1924 4743 2048 4779 mss.
2082 4723 2263 4795 quam‘
2287 4725 2502 4795 genitus
2579 4725 2669 4757 ‘7"
2707 4726 2905 4795 Quanti
2934 4733 3093 4795 notus
3147 4740 3273 4778 mss.
3306 4723 3441 4778 Vict.
3472 4725 3560 4778 16.

288 4793 607 4854 Sun-Germ.
634 4808 681 4850 et
721 4794 949 4850 Val-lac.
976 4811 1136 4864 quam
1163 4806 1319 4848 natus
1429 4794 1521 4826 "‘8
1549 4793 1627 4848 Tu
1652 4804 1775 4848 ante
1814 4806 1891 4849 etc
1934 4793 2114 4865 usque
2136 4796 2204 4848 ad
2223 4809 2240 4846 :
2262 4793 2340 4865 Aul
2366 4804 2434 4855 te.
2468 4795 2711 4862 Domine,
2742 4813 2842 4849 ms.
2875 4794 2913 4848 S
2933 4793 3145 4865 m-Ger.
3175 4795 3364 4848 omittit
3468 4796 3561 4828 ³⁷⁵⁸

286 4870 593 4936 Monstratis
622 4867 898 4936 gravidam
927 4882 1052 4919 mss.
1088 4876 1398 4920 monstrans
1429 4865 1585 4919 matri
1635 4865 1757 4936 7””
1797 4865 1875 4919 Tu
1904 4866 1970 4920 de
1996 4864 2222 4935 quouis.
2260 4864 2394 4919 Vict.
2428 4864 2515 4918 16.
2546 4874 2598 4919 tu
2628 4883 2687 4921 es
2709 4881 2815 4936 quo
2892 4864 2983 4897 ²⁷⁵³
3020 4864 3170 4936 Fecit
3198 4874 3304 4936 tam
3328 4865 3560 4936 amicum

286 4940 383 4993 Dei
420 4955 519 4992 ms.
568 4933 884 4990 Sa'n‘Germ.
922 4936 1050 4990 fecit
1100 4946 1208 4989 tam
1244 4936 1459 4989 beatum
1588 4935 1678 4967 ηδ’
1718 4936 1793 4989 'l'e
1825 4937 1903 4990 sic
1938 4933 2249 4991 sublimavit
2296 4952 2419 4988 mss.
2477 4936 2640 4989 omitt.
2683 4933 2764 4993 sic
2899 4936 2993 4967 ¹⁷⁸³
3033 4935 3108 4991 Te
3149 4937 3229 4990 sic
3261 4934 3564 4989 humiliavit

286 5026 409 5063 mss.
448 5010 714 5069 omittunt,
749 5007 829 5060 sic
854 5023 951 5059 ms.
986 5005 1216 5058 Val-tuc.
1244 5006 1455 5070 omittit,
1496 5014 1547 5060 te
1648 5005 1739 5037 ‘7“
1776 5005 1962 5071 Qualis
1994 5022 2145 5062 eram
2181 5006 2355 5059 Deus?
2406 5023 2529 5059 mss.
2562 5006 2737 5073 qualis
2765 5022 2913 5062 eram
2967 5006 3129 5069 Deus,
3162 5016 3217 5059 et
3250 5022 3345 5057 ms.
3375 5004 3560 5058 Canta.

325 5079 463 5132 uatis
492 5080 638 5131 enim
668 5077 809 5131 Deus
909 5077 999 5108 ⁸⁷⁸⁸
1040 5075 1143 5145 Sed
1176 5076 1523 5131 sanetiticasti
1553 5094 1650 5128 ms.
1680 5074 1990 5130 Son-Germ.
2018 5086 2073 5131 et
2101 5076 2448 5131 sanetiticasti
2526 5077 2619 5108 ‘7“
2650 5078 2704 5132 In
2750 5077 3074 5133 necessariis
3106 5089 3203 5127 etc.
3246 5090 3411 5145 usque
3439 5078 3507 5126 ad
3540 5090 3561 5127 :

325 5094 463 5132 uans
492 5094 638 5131 enim
668 5094 809 5131 ueus
909 5094 999 5108 ἀν’
1040 5094 1143 5145 Seu
1176 5094 1523 5131 saneuncasu
1553 5094 1650 5128 ms.
1680 5094 1990 5130 ean-uerm.
2018 5094 2073 5131 et
2101 5094 2448 5131 saneuncasu
2528 5094 2619 5108 ὀυ’
2650 5094 2704 5132 ltt
2750 5094 3074 5133 necessariis
3106 5094 3203 5127 ειε.
3246 5094 3411 5195 uagae
3439 5094 3505 5126 nu
3540 5094 3560 5127 :

286 5094 436 5205 εῘὊΙιιξ
459 5163 595 5218 ergo
629 5159 729 5201 etc.
755 5164 863 5218 ms.
888 5144 1211 5218 Son-Germ.
1253 5147 1445 5218 omittit
1550 5145 1640 5177 "‘7
1686 5147 2001 5218 liuimtnnc
2033 5148 2191 5201 na'tus
2219 5163 2344 5218 mss.
2379 5163 2531 5218 cram
2563 5157 2689 5218 tunc
2718 5158 2877 5202 natus
2955 5145 3275 5218 "{"lllaque
3324 5153 3560 5218 _espeeta

288 5237 413 5273 mss.
448 5211 589 5294 ‘Vic't.
636 5215 1094 5294 16_.___Va_l-luc._ct
1138 5215 1289 5294 Flor.
1341 5217 1429 5269 illa
1480 5218 1732 5294 despecta
1824 5216 1943 5294 ff“!
1975 5218 2072 5271 Ira:
2098 5232 2183 5294 me
2215 5216 2387 5294 fecisti
2437 5233 2561 5270 mss.
2720 5228 2823 5294 tua:
2854 5232 2939 5271 me
2972 5216 3146 5294 fecisti
3190 5229 3288 5293 ms.
3315 5211 3557 5294 Val-lue.

288 5291 501 5352 omittit,
532 5303 617 5341 me
691 5289 784 5319 ¹⁷⁶⁰
825 5287 1274 5357 ὃιιρθβίιιιριυεεί
1313 5301 1475 5356 super
1507 5285 1602 5342 ms.
1646 5287 1782 5340 Vict.
1816 5286 2434 5357 16._impressisti__super
2457 5303 2555 5340 ms.
2589 5285 2821 5341 Vot-luc.
2859 5285 3345 5357 superimpressisti
3397 5299 3564 5357 super

289 5360 391 5431 "'“r
423 5359 631 5413 llefecit
664 5352 974 5431 et_redem_it
1001 5352 1125 5431 mss:
1146 5352 1419 5431 omittunt,
1450 5373 1564 5431 Itts.
1600 5357 1736 5411 Vict.
1765 5358 1851 5411 16.
1888 5352 2125 5431 Vat-lue.
2148 5368 2199 5431 et
2232 5352 2676 5431 Flo_r_._om_ittuut,
2701 5368 2757 5415 et
2787 5352 3046 5431 redeinit_
3102 5352 3213 5384 ί¹⁷⁶²
3251 5352 3562 5431 Praestatin

290 5430 497 5485 malitia
530 5446 653 5482 mss.
720 5427 852 5481 Vict.
914 5427 999 5480 16.
1060 5425 1287 5480 Val-lue.
1340 5440 1387 5478 et
1439 5426 1586 5481 Flor.
1635 5436 1843 5493 perstat
1885 5428 1939 5481 in
1990 5428 2193 5481 malitia
2307 5427 2399 5458 ¹⁷⁶³
2440 5428 2497 5481 Si
2531 5437 2712 5482 tamen
2744 5444 2848 5480 non
2902 5426 3079 5480 onmis
3120 5434 3217 5477 etc.
3250 5426 3505 5493 usquead
3542 5441 3563 5481 :

289 5502 435 5571 fuge,
464 5500 587 5569 fuge
608 5510 705 5552 etc.
739 5515 838 5551 ms.
894 5498 1027 5571 'If‘hu.
1064 5498 1160 5571 hic
1185 5498 1411 5571 plurima
1435 5498 1699 5571 interserit
1751 5513 1816 5550 ea:
1842 5500 2077 5571 oratione
2109 5498 2177 5571 ad
2301 5494 2613 5571 Paulumw
2636 5497 2729 5571 ‘f‘ff
2767 5497 2964 5571 Nescio
2992 5512 3111 5571 qua:
3142 5494 3403 5571 superbia
3435 5512 3561 5571 mss.

288 5566 473 5627 neScio
511 5566 632 5639 quae
664 5570 966 5624 substantia
1072 5568 1161 5598 ι⁷⁶⁵
1202 5568 1387 5621 Mortis
1434 5567 1692 5623 habitudo
1735 5584 1859 5623 mss.
1909 5569 2108 5626 mentis
2152 5569 2421 5625 hebetudo
2524 5568 2616 5600 ⁸⁷⁸⁸
2655 5566 2831 5623 Nimis
2868 5567 3019 5639 pejus
3066 5566 3189 5621 inde
3238 5582 3363 5620 mss.
3402 5567 3561 5622 nimis

290 5643 492 5703 malum
529 5642 655 5696 inde

628 5741 900 5802 Ps'rnoL.
945 5737 1225 5801 CLVIII.
1838 5766 1856 5798 .'
2348 5746 2353 5750 '
2530 5786 2533 5789 ν
3157 5727 3223 5787 31
