3852 6050
395 202 491 254 971

756 199 811 253 8.
844 198 1142 255 ANSELMI
1186 199 1531 254 CANTUAR.
1569 198 1883 253 AlllllllEP.
1926 199 2075 255 OPP.
2106 200 2297 255 PARS
2333 202 2397 256 11.
2431 232 2496 242 -
2529 202 2894 257 ΡΛῘΗΕΧΕΤ.
2936 202 3021 256 ET
3050 202 3295 259 ASCET.

3551 206 3659 263 972

387 317 462 371 lia
487 331 581 370 sua
634 331 794 386 quam
833 316 1015 385 fugere
1072 331 1177 369 non
1257 324 1451 384 potest.
1507 314 1677 368 Nimis
1731 316 1981 369 miserior
2009 326 2049 376 Λ
2082 318 2211 370 Inibi
2245 318 2382 371 hanc
2409 316 2834 371 misericordiam
2864 325 2922 369 nt
2951 316 3104 371 tollat
3129 329 3353 386 peccata
3377 335 3519 375 mea.
3554 322 3655 390 Tu,

386 426 546 479 quem
569 416 846 480 exspectat
869 408 1146 461 damnatio
1173 423 1292 471 sua,
1314 423 1481 476 quam
1517 408 1690 461 vitare
1718 422 1822 460 non
1878 423 1971 477 po-

384 511 511 556 test.
535 500 708 554 Nimis
734 497 919 553 infelix
948 498 1038 567 qui
1070 498 1186 569 ipse
1214 499 1314 553 sibi
1338 506 1422 554 est
1467 498 1759 553 horribilis.
1800 498 1971 553 Nimis

383 592 674 655 infelicior,
709 590 793 645 cui
851 604 999 645 mors
1042 590 1148 644 erit
1193 598 1392 644 aeterna
1452 590 1741 645 sensibilis.
1801 589 1968 646 Nimis

381 698 739 745 aerumnosas,
768 696 930 749 quem
963 690 1166 735 terrent
1191 681 1432 735 continui
1467 682 1535 735 de
1583 696 1678 736 sua
1729 680 1971 735 foeditate

379 776 651 829 horrores.
672 772 841 827 Nimis
866 773 1241 838 aerumnosior,
1268 787 1426 842 quem
1443 773 1966 842 torqIchuntmteI-ni

377 881 479 936 pro
506 881 599 920 sna
626 865 913 934 iniquitate
955 865 1191 919 dolores.
1240 863 1438 918 Malum
1494 864 1619 929 hoc,
1664 872 1719 917 et
1764 863 1965 917 malum

378 960 513 1023 hoc;
543 959 635 1013 sed
668 958 829 1011 nimis
852 958 973 1021 hoc,
1001 965 1055 1010 et
1080 956 1239 1009 nimis
1261 955 1383 1009 hoc.

445 1051 710 1117 Peccare,
744 1064 903 1118 quam
933 1046 1069 1100 mala
1097 1055 1149 1101 et
1180 1063 1339 1116 quam
1363 1062 1545 1101 amara
1576 1060 1660 1100 res
1707 1047 1792 1099 es!
1836 1059 1965 1114 pec-

375 1153 519 1205 cata,
551 1156 713 1211 quam
742 1139 925 1194 faciles
950 1137 1153 1202 aditus,
1181 1152 1347 1207 quam
1380 1135 1624 1190 dillieiles
1654 1137 1833 1191 exitus
1863 1135 1961 1189 ha-

374 1232 540 1287 betis!
573 1231 912 1291 Peccatores,
948 1245 1055 1299 quo
1088 1243 1182 1282 vos
1214 1226 1499 1281 inducitis?
1522 1227 1660 1279 Intra
1707 1239 1841 1294 quos
1874 1224 1962 1256 ⁸⁷⁸⁷

372 1333 560 1378 vectes
589 1338 684 1377 vos
737 1321 1046 1376 includitis?
1103 1317 1413 1387 Intelligite,
1469 1315 1748 1383 iutelligite
1799 1329 1962 1384 quam

373 1412 574 1468 malum
614 1421 669 1466 et
697 1424 859 1481 quam
898 1423 1145 1464 amarum
1188 1416 1271 1461 est
1320 1405 1602 1475 reliquisse
1654 1403 1959 1458 Dominum.

372 1504 471 1570 Qui
501 1502 784 1573 peccastis,
819 1499 1057 1563 reddite;
1085 1496 1322 1552 volentes
1352 1509 1600 1565 peccare,
1641 1493 1825 1548 nolite.
1858 1491 1964 1549 No-

371 1593 486 1659 lite,
527 1594 765 1660 inquam,
792 1590 979 1645 nolite.
1039 1589 1179 1643 Vere
1210 1586 1410 1641 malum
1456 1594 1512 1639 et
1553 1599 1797 1638 amarum
1853 1594 1958 1650 est,

2076 407 2236 472 Deus,
2261 406 2402 461 tollis
2422 417 2644 476 peccata
2674 408 2858 462 mundi
2876 415 2995 472 ;.tu,
3019 408 3332 477 amicevcjus
3354 410 3466 477 "",
3491 413 3655 469 dicis:

2077 496 2177 551 Hic
2206 498 2341 552 tollit
2365 508 2577 568 peccata
2604 500 2787 552 mundi
2815 498 2996 567 (Joan.
3029 515 3069 563 ι,
3097 500 3209 569 29).
3240 501 3379 557 Ecce
3401 514 3525 558 ante
3562 521 3660 563 vos

2070 599 2296 645 onustus
2320 591 2557 660 peccatis
2579 591 2786 644 mundi.
2817 588 2893 642 Tn
2923 590 3087 652 tollis,
3117 601 3172 645 et
3197 601 3252 645 tu
3305 593 3442 649 dicis
3472 595 3656 653 :‘Ecce

2072 696 2157 736 me
2179 682 2261 736 cui
2294 692 2347 736 tu
2381 682 2553 747 tollas,
2581 684 2722 751 quod
2756 691 2812 737 tu
2836 684 2991 737 dicis.
3042 684 3181 738 Ecce
3206 687 3465 752 medicus,
3494 699 3548 743 et
3572 699 3654 744 te-

2070 778 2168 828 stis
2188 773 2334 841 ejus;
2367 782 2421 829 et
2444 789 2570 829 ecce
2598 790 2761 844 aeger,
2797 790 2986 829 servus
3015 778 3230 842 medici,
3260 787 3315 833 et
3354 796 3489 849 opus
3514 783 3653 853 ejus,

2070 879 2266 934 rogans
2306 865 2571 918 medicum
2595 875 2647 918 et
2684 874 2874 920 testem
2903 867 3039 935 ejus.
3099 865 3236 921 Vere
3275 870 3505 935 medice,
3556 889 3654 929 oro

2069 966 2142 1019 te,
2170 972 2299 1011 sana
2334 970 2439 1011 me.
2472 955 2649 1010 Verax
2681 958 2834 1012 testis
2863 956 3002 1026 ejus,
3038 972 3233 1026 precor
3262 968 3315 1013 te
3401 977 3496 1015 ora
3542 979 3654 1031 pro

2068 1062 2172 1101 me.
2204 1047 2378 1102 Proba
2415 1057 2464 1102 te
2485 1048 2617 1101 mihi
2648 1048 2700 1102 in
2738 1063 2845 1112 me,
2872 1058 2925 1103 tu
2957 1058 3137 1103 actum
3170 1060 3414 1114 tuum,tu
3449 1054 3650 1108 dictant

2067 1146 2238 1191 tuum.
2276 1137 2538 1207 Experiar
2563 1138 2707 1207 quod
2738 1138 2921 1201 audio,
2946 1140 3175 1193 sentiam
3198 1141 3340 1209 quod
3356 1142 3650 1196 credo"".

2063 1228 2214 1294 Jesn,
2238 1230 2375 1283 bone
2406 1229 2649 1294 Domine,
2675 1229 2720 1283 si
2754 1240 2807 1282 tu
2831 1231 3081 1299 operaris
3102 1231 3245 1301 quod
3274 1232 3365 1286 ille
3395 1241 3651 1299 testatur,

2064 1320 2158 1375 fiat
2181 1321 2231 1374 in
2260 1336 2347 1374 me
2367 1336 2501 1390 opus
2534 1330 2703 1375 tuum.
2738 1321 2974 1377 Joannes
2996 1332 3329 1378 monstrator
3375 1325 3493 1389 Dei,
3521 1328 3567 1380 si
3584 1338 3649 1381 «tu

2066 1411 2282 1464 testaris
2300 1412 2441 1479 quod
2469 1411 2557 1465 ille
2580 1421 2857 1480 operatur,
2885 1412 2980 1466 ﬂat
3002 1413 3053 1467 in
3102 1428 3190 1468 me
3222 1415 3443 1468 vet-bum
3474 1425 3647 1470 tuum.

2062 1500 2206 1557 Sana
2235 1517 2344 1567 me,
2371 1503 2611 1567 Domine,
2642 1512 2695 1555 tu
2724 1501 2879 1569 cujus
2901 1513 2981 1558 est
3009 1518 3221 1558 sanare.
3246 1504 3479 1573 lmpetra
3517 1507 3647 1561 mibl

2062 1593 2184 1658 hoc,
2213 1594 2447 1658 domine,
2484 1602 2539 1647 tu
2580 1595 2669 1664 qui
2708 1603 2861 1665 potes
2904 1596 3214 1665 impetrare.
3261 1595 3339 1649 Tu
3395 1598 3540 1650 enim
3585 1612 3649 1652 es

368 1692 625 1750 expertus
667 1679 759 1711 ⁸⁷⁸⁸
786 1694 935 1743 sum;
967 1679 1018 1732 in
1050 1678 1152 1732 hoc
1178 1678 1293 1746 ipso
1321 1691 1458 1730 sum.
1493 1675 1602 1728 Aut
1644 1675 1787 1729 enim
1836 1689 1954 1729 con«

2063 1699 2291 1754 magnus
2314 1684 2589 1749 Dominus,
2623 1694 2679 1740 et
2711 1695 2763 1739 ιιι
2789 1700 2973 1741 coram
3013 1686 3240 1739 Domino
3289 1702 3535 1756 magnus.
3564 1686 3645 1742 'l'u

372 1773 505 1828 tinui
531 1771 744 1826 dolores
786 1770 1111 1838 torquebunt
1144 1768 1494 1838 poenitentcm
1547 1766 1713 1819 vitam
1762 1780 1957 1833 meam,

369 1874 463 1919 aut
489 1864 674 1917 aeterni
706 1862 981 1917 cruciatus
1021 1861 1295 1914 vexabunt
1345 1858 1670 1926 puniendam
1725 1856 1958 1911 animam

369 1971 565 2010 meam.
595 1954 789 2023 Utique
809 1963 892 2008 est
922 1950 1121 2006 malum
1156 1960 1212 2004 et
1256 1964 1501 2002 amarum
1546 1957 1851 2017 utrumque.
1893 1947 1961 2000 Et

358 2043 677 2113 certejuste
708 2043 925 2111 angitur
956 2056 1082 2096 rens
1107 2041 1194 2094 Dei
1221 2040 1363 2093 inter
1402 2039 1601 2092 malum
1653 2046 1710 2091 et
1754 2036 1910 2107 pejus
1938 2053 1951 2100 ;

366 2133 528 2187 nimis
560 2131 754 2195 malus,
785 2132 925 2185 inter
956 2131 1116 2185 nimis
1147 2129 1364 2189 malum,
1391 2138 1445 2184 et
1474 2129 1634 2183 nimis
1663 2127 1815 2197 pejus
1840 2127 1954 2179 "“°.

358 2225 515 2281 Juste
542 2224 623 2289 fit,
649 2233 793 2280 recte
825 2224 904 2289 ﬁt,
928 2222 1261 2291 jnstejudex
1284 2237 1457 2287 meus;
1509 2222 1601 2276 sed
1664 2220 1850 2291 utique
1898 2229 1953 2274 tu

362 2332 423 2371 es
450 2318 563 2387 ipse
592 2317 732 2371 Deus
755 2327 809 2371 et
829 2316 1085 2370 Dominus
1100 2323 1155 2369 et
1183 2315 1410 2368 Creator
1437 2328 1610 2368 meus.
1634 2312 1782 2368 Tolle
1803 2328 1952 2383 ergo,

362 2408 607 2474 Creator,
645 2408 771 2464 tolle
794 2418 999 2463 tantttm
1028 2407 1227 2461 malum
1253 2406 1319 2459 de
1346 2414 1592 2460 creatura
1634 2415 1743 2471 tua,
1764 2404 1807 2459 si
1830 2418 1955 2475 gra-

364 2503 465 2555 tias
494 2501 604 2570 agit
632 2502 756 2570 quia
784 2510 866 2554 est
894 2500 1098 2553 factura
1116 2508 1243 2551 tua.
1268 2497 1430 2560 Erue,
1459 2497 1704 2559 Domine,
1735 2511 1865 2551 erue
1885 2496 1954 2550 de

360 2593 529 2647 tantis
559 2594 715 2646 malis
744 2607 959 2646 servum
994 2600 1167 2653 tuum,
1212 2590 1256 2643 si
1309 2590 1504 2659 gaudet
1542 2588 1634 2619 "7°
1686 2587 1844 2640 fateri
1900 2596 1953 2642 te

358 2688 646 2742 Dominum
678 2699 855 2739 suum.
893 2683 1081 2748 Parce,
1113 2681 1274 2745 Deus,
1304 2696 1468 2751 parce
1505 2678 1777 2749 peccaturi
1832 2687 1948 2745 tuo,

359 2780 403 2834 si
436 2796 539 2833 non
572 2778 824 2846 desperat
857 2778 922 2830 de
944 2774 1183 2829 bonitate
1217 2782 1337 2839 tua;
1395 2788 1519 2827 nam
1568 2773 1670 2828 etsi
1712 2771 1948 2841 jndicem

346 2872 435 2926 sic
459 2885 544 2925 me
575 2868 665 2901 '7“
695 2867 922 2938 nequius
964 2866 1054 2922 illo
1094 2866 1268 2937 primo
1317 2874 1601 2936 peccatore
1637 2865 1945 2931 deliquisse,

338 2981 465 3021 anon
492 2965 579 3019 odi
604 2972 657 3019 te
684 2972 741 3017 ut
765 2961 875 3026 ille,
904 2976 1005 3016 nec
1028 2960 1267 3014 detestor
1313 2959 1607 3015 bonitatem
1642 2966 1810 3012 tuam.
1837 2956 1944 3011 Re-

2064 1790 2272 1830 summe
2293 1784 2484 1844 potens
2512 1792 2609 1845 per
2638 1777 2887 1847 teipsum,
2916 1786 2968 1831 et
2992 1785 3045 1829 tu
3077 1776 3232 1830 valde
3259 1787 3451 1846 potens
3501 1780 3643 1848 apud

2064 1862 2257 1931 ipsmn.
2286 1862 2369 1915 .Tu
2396 1877 2607 1916 summe
2634 1862 2806 1916 bonus
2837 1862 2996 1929 Deus,
3050 1871 3106 1915 et
3155 1870 3209 1916 tu
3263 1863 3419 1917 valde
3471 1864 3646 1919 bonus

2059 1954 2266 2007 amicus
2286 1954 2422 2022 ejus,
2454 1954 2545 2021 qui
2570 1963 2655 2007 est
2681 1953 2731 2006 in
2749 1961 3011 2006 aeternum
3050 1952 3361 2007 mis-ericms
3388 1964 3444 2007 et
3471 1954 3641 2009 bene-

2059 2045 2235 2100 dictus
2268 2047 2424 2099 Deus.
2456 2046 2646 2098 Amen.

2374 2134 2632 2191 ORATIO
2666 2133 2827 2189 LXIV
2869 2132 2966 2205 [οι.
3003 2133 3185 2205 LXIII]
3215 2134 3327 2188 ιττι.

2358 2242 2425 2280 ΔΙ)
2465 2240 2709 2280 εικστυιι
2748 2238 2958 2278 PETBUI
2999 2240 3333 2280 APOSTOLUI.

2216 2314 2349 2370 Cum
2376 2314 2701 2368 lamentabili
2738 2314 3095 2382 deploratione
3125 2327 3478 2379 peccatorum.

2127 2408 2325 2465 Sancte
2357 2417 2412 2462 et
2432 2406 2816 2477 benignissime
2856 2406 2947 2436 ‘7"
3002 2404 3178 2469 Petre,
3236 2405 3411 2460 fidelis
3458 2416 3641 2475 pastor

2053 2502 2231 2557 ovium
2263 2498 2658 2569 Dei,princeps
2707 2496 3095 2565 apostolorum,
3160 2496 3414 2565 princeps
3462 2508 3640 2552 tanto-

2053 2607 2171 2645 ruIn
2194 2590 2513 2659 principum,
2544 2589 2634 2657 qui
2684 2588 2818 2656 ligas
2873 2595 2928 2640 et
2973 2587 3137 2639 solvis
3186 2588 3329 2654 quod
3383 2588 3482 2650 vis,
3541 2590 3635 2657 qui

2050 2698 2214 2739 sanas
2234 2692 2290 2737 et
2313 2682 2603 2736 resuscitas
2625 2695 2787 2748 quem
2817 2680 2897 2733 vis
2952 2678 3063 2741 ⁸⁷⁷⁸,
3120 2679 3213 2747 qui
3258 2660 3353 2733 das
3405 2696 3635 2749 regnum

2048 2776 2309 2833 caelorum
2338 2774 2425 2830 cui
2452 2774 2531 2828 vis
2550 2788 2562 2825 :
2578 2788 2768 2843 magne
2791 2770 2969 2836 Petre,
2994 2785 3207 2839 magne,
3232 2779 3307 2825 tot
3323 2771 3413 2801 ‘7"
3432 2780 3486 2827 et
3513 2782 3639 2825 tan-

2051 2870 2119 2925 tis
2147 2868 2303 2923 donis
2327 2868 2493 2922 ditate
2517 2866 2631 2931 "'°,
2663 2874 2740 2919 tot
2763 2872 2819 2917 ει
2842 2864 3008 2917 tantis
3054 2863 3412 2933 dignitatibus
3464 2864 3636 2918 subli-

2048 2970 2192 3015 mate
2216 2958 2338 3021 ‘7";
2372 2971 2500 3012 ecce
2532 2970 2632 3026 ego
2660 2953 3038 3024 pauperrimus
3066 2961 3121 3005 et
3155 2952 3369 3006 intimus
3388 2952 3633 3006 homun-

357 3072 496 3111 nova
522 3071 651 3126 ergo
681 3070 774 3124 per
802 3053 993 3107 merita
1022 3053 1202 3122 magni
1246 3052 1494 3121 baptista:
1526 3050 1625 3115 lui.
1670 3063 1868 3106 renovat
1892 3050 1944 3103 in
1975 3047 2018 3110 C
2049 3053 2136 3109 cio
2166 3091 2182 3117 ,
2232 3050 2419 3106 multts
2461 3057 2513 3102 et
2563 3046 2815 3117 gravibus
2861 3058 3217 3098 aerumnarum
3260 3042 3644 3099 οἱτειιιυὰηιὶις

357 3163 443 3201 Ine
466 3147 693 3217 gratiam
720 3143 969 3213 baptismi
1002 3142 1097 3197 tui.
1118 3142 1383 3197 Prmvenit
1411 3158 1495 3196 me
1523 3142 1612 3174 ’π’
1634 3142 1807 3213 gratia
1836 3150 1945 3206 tua,

342 3238 720 3305 subsequatur
743 3249 828 3289 me
854 3234 1221 3288 misericordia
1253 3244 1362 3286 tua.
1391 3234 1465 3286 Da
1493 3247 1588 3302 per
1617 3232 1949 3302 pmnitentite

356 3328 651 3381 lamentnm
684 3328 825 3396 quod
861 3327 1053 3383 dedisti
1082 3341 1181 3395 per
1212 3326 1465 3394 baptismi
1520 3333 1943 3379 sacramentum.

358 3417 507 3470 Dona
541 3417 741 3485 petenti
773 3417 865 3447 ⁸⁷⁷³
906 3416 1050 3484 quod
1089 3415 1301 3469 donasti
1358 3414 1638 3467 nescienti.
1692 3411 1947 3467 Relortna

355 3507 755 3575 faciem'qnam
807 3505 1029 3571 fmdavi,
1084 3514 1325 3557 restaura
1373 3503 1732 3557 innocentiam
1784 3516 1946 3571 quam

346 3598 572 3652 violavi.
601 3598 701 3664 Qui
729 3597 997 3652 abstulisti
1032 3605 1254 3667 peccata
1308 3611 1426 3664 quae
1458 3596 1611 3649 attuli
1652 3597 1945 3663 nascendo,

340 3688 485 3744 .tolle
516 3698 737 3759 peccata
768 3704 888 3758 qua:
913 3688 1159 3743 contraxi
1190 3686 1436 3740 vivendo.
1465 3684 1637 3749 Tolle,
1668 3686 1773 3755 qui,
1802 3686 1944 3740 tollis

356 3787 577 3847 peccata
608 3780 815 3844 mundi,
847 3779 973 3849 quia
1006 3780 1104 3834 ista
1125 3786 1254 3833 sunt
1310 3785 1530 3847 peccata
1561 3776 1770 3841 mundi,
1823 3792 1944 3845 qua:

346 3881 510 3942 porto
534 3874 601 3929 de
625 3875 1037 3929 conversatione
1062 3873 1264 3928 mundi.
1297 3872 1467 3939 Tolle,
1517 3873 1607 3943 qui
1652 3872 1794 3928 tollis
1819 3888 1943 3942 pec-

352 3973 473 4018 cata
506 3965 709 4029 mundi,
742 3979 837 4034 per
858 3966 1052 4020 merita
1082 3964 1223 4018 illius
1249 3965 1339 4034 qui
1372 3965 1474 4019 hoc
1529 3966 1836 4019 testimonio
1891 3976 1942 4021 te

349 4055 587 4109 ostendit
614 4056 835 4119 mundo,
868 4055 994 4110 tolle
1015 4063 1237 4124 peccata
1280 4070 1400 4124 qum
1429 4056 1674 4109 contraxi
1708 4056 1760 4110 in
1786 4072 1941 4110 mnu-

352 4144 442 4198 do.
476 4143 627 4199 Tolle
654 4145 721 4198 de
757 4161 842 4199 me
868 4148 1011 4215 quod
1042 4161 1147 4200 non
1176 4155 1347 4201 estex
1389 4155 1459 4212 te,
1510 4148 1635 4217 quia
1654 4148 1742 4202 odi
1794 4149 1937 4217 quod

349 4242 435 4290 est
456 4249 485 4288 a
517 4249 622 4299 me,
645 4244 700 4289 et
730 4237 908 4290 adhuc
934 4251 1094 4307 spero
1118 4238 1185 4291 de
1216 4246 1288 4291 te.

422 4325 488 4379 Et
518 4335 593 4393 tu,
643 4335 829 4382 sancte
856 4326 1113 4395 Jonnnes,
1144 4330 1235 4398 qui
1257 4328 1535 4384 ostendisti
1582 4332 1779 4387 mundo
1831 4331 1933 4385 tol-

2049 3144 2337 3213 angnstiis,
2369 3139 2746 3195 miserabiliter
2769 3136 2982 3204 indigeo
3016 3135 3109 3166 ‘7“
3146 3133 3341 3186 auxilio
3369 3142 3482 3187 tua:
3523 3151 3642 3187 una.

2048 3253 2167 3307 gnte
2194 3234 2449 3305 potentia:
2486 3232 2578 3264 ¹⁷⁸³
2612 3248 2627 3284 :
2657 3229 2748 3285 sed
2781 3243 2881 3283 nec
2914 3244 2976 3282 us
3015 3242 3190 3280 meum
3233 3225 3399 3279 habet
3446 3228 3639 3291 verba,

2046 3329 2242 3399 quibus
2272 3325 2651 3380 necessitatem
2678 3336 2873 3383 meam,
2905 3320 3044 3373 sicut
3068 3320 3181 3387 ipsa
3204 3327 3308 3381 est,
3339 3319 3635 3386 exprimat.

2046 3434 2144 3475 nec
2168 3434 2262 3473 cor
2287 3430 2465 3471 meum
2492 3415 2656 3469 habet
2675 3411 3013 3467 devotionem
3044 3425 3163 3478 quae
3194 3413 3260 3463 de
3288 3418 3398 3463 tam
3445 3410 3636 3462 infimo

2046 3514 2111 3567 ad
2146 3521 2287 3567 tuam
2320 3519 2522 3563 tantam
2556 3506 2649 3539 ‘7“
2674 3505 3064 3560 sublimitatem
3116 3502 3373 3570 attingat.
3428 3500 3635 3553 lterum

2045 3613 2206 3672 atque
2228 3602 2422 3655 iterum
2448 3614 2616 3653 conor
2647 3605 2880 3651 mentem
2910 3610 3085 3648 meam
3139 3601 3443 3663 torpentem
3497 3607 3639 3646 con-

2043 3695 2236 3755 citare,
2264 3701 2319 3747 et
2354 3690 2673 3745 dissolutam
2722 3702 2829 3757 per
2884 3686 3065 3740 inania
3122 3686 3480 3755 restringere:
3538 3687 3632 3738 sed

2041 3786 2290 3841 omnibus
2316 3782 2517 3837 viribus
2550 3779 2812 3845 collectis,
2855 3791 2956 3831 nec
2987 3776 3219 3845 torporis
3241 3775 3323 3829 sui
3356 3773 3632 3838 tenebrae,

2042 3893 2177 3948 quas
2214 3871 2487 3930 contraxit
2515 3871 2582 3925 de
2604 3868 2854 3924 sordibus
2886 3874 3233 3936 peccatorum
3260 3879 3509 3929 suorum,
3535 3881 3634 3932 po-

2049 3979 2156 4023 test
2188 3967 2496 4033 dirumpere
2529 3962 2644 4026 "3',
2674 3976 2772 4015 nec
2800 3960 2852 4014 in
2878 3960 3068 4013 eadem
3104 3958 3407 4013 intentione
3422 3958 3629 4011 diutius
3670 3958 3675 3961 ’

2040 4058 2179 4111 valet
2202 4056 2519 4111 consistere.
2575 4051 2689 4106 Heu
2723 4063 2811 4104 me
2852 4050 3155 4104 miserrime
3198 4048 3496 4104 miserum!
3547 4048 3625 4104 ις.

2038 4151 2231 4220 quippe
2255 4156 2355 4206 est,
2388 4160 2491 4199 non
2517 4152 2601 4198 est
2627 4140 2927 4207 simulatio;
2954 4142 3026 4195 ita
3052 4150 3153 4195 est.

2108 4240 2239 4305 Quis
2267 4253 2397 4307 ergo
2426 4236 2710 4291 subveniet
2738 4235 2957 4299 misero,
3013 4234 3103 4302 qui
3134 4246 3233 4288 nec
3285 4234 3428 4288 valet
3469 4235 3632 4288 exhio

2038 4330 2165 4385 bere
2196 4327 2431 4383 tribulati
2461 4341 2642 4380 vocem
2679 4323 2793 4390 ιη’,
2848 4338 2946 4378 nec
2992 4323 3221 4378 dolentis
3261 4325 3541 4378 mentem?
3584 4328 3630 4379 υ

340 4414 547 4472 lentem
588 4426 812 4487 peccata
863 4434 979 4485 sua,
1033 4433 1134 4489 per
1163 4395 1410 4490 gratiam
1459 4420 1553 4475 tibi
1591 4420 1789 4488 datam,
1846 4422 1933 4476 fac
1962 4395 2009 4453 θ
2037 4434 2227 4491 magne
2257 4418 2432 4473 Petre.
2456 4416 2498 4471 si
2529 4414 2732 4471 clamor
2758 4413 3121 4468 tribulationis
3142 4427 3275 4467 mea:
3298 4429 3406 4468 non
3430 4428 3629 4469 ascen-

1700 4575 1927 4631 VARUE
1965 4571 2361 4633 LECTIONES.

420 4704 509 4779 f7“
548 4705 690 4779 Inter
715 4722 850 4775 quas
874 4725 997 4762 mss.
1030 4710 1167 4763 intra
1200 4727 1334 4779 quos
1408 4713 1499 4746 ¹¹¹⁶⁸
1535 4711 1770 4767 Peccare
1801 4713 1988 4767 nolite.
2019 4710 2158 4766 Vere
2194 4708 2411 4779 malum
2442 4716 2495 4761 et
2531 4721 2773 4779 amarum
2800 4715 2906 4767 est,
2933 4715 3193 4773 expertus
3218 4720 3629 4779 mss._peccare

346 4776 532 4830 nolite.
588 4775 782 4841 Nolite,
819 4778 1058 4843 in-IIIaIn,
1099 4775 1283 4834 nolite.
1351 4782 1545 4837 Malum
1593 4792 1647 4836 et
1692 4798 1938 4837 amarum
1984 4792 2085 4837 est.
2138 4780 2333 4835 Nolite.
2379 4778 2515 4832 Vere
2558 4777 2754 4829 malum
2801 4784 2856 4829 et
2902 4790 3147 4829 amarum
3203 4786 3306 4829 est.
3344 4776 3632 4845 Expertus

345 4864 445 4899 ms.
494 4845 677 4901 CarlII.
724 4863 952 4915 peccare
998 4850 1184 4905 nolite.
1229 4852 1426 4905 Malum
1464 4865 1515 4906 et
1549 4868 1795 4906 amarum
1850 4862 1958 4917 est,
2007 4852 2194 4914 nolite,
2241 4864 2367 4903 vere
2406 4848 2607 4901 malum
2639 4856 2694 4899 et
2738 4860 2981 4917 amarunt
3012 4855 3419 4914 est:expertns

1160 4922 1275 4988 ejus
1304 4940 1402 4975 ms.
1463 4922 1609 4976 Flor.
1646 4925 1826 4976 minus
1862 4924 2061 4976 malum
2111 4930 2164 4975 et
2190 4920 2353 4974 nimis
2384 4918 2585 4972 malum

1622 4994 1712 5024 tm
1755 4992 2055 5047 pmvcniat
2094 5006 2179 5045 me
2228 5006 2356 5043 mss.
2395 4988 2657 5057 praevenit
2700 5002 2787 5057 me

1582 5062 1675 5095 ⁸⁷⁷⁵
1714 5062 1792 5116 Tn
1828 5065 2001 5117 amico
2039 5063 2156 5129 ejus
2190 5077 2312 5114 mas.
2354 5056 2431 5129 In,
2473 5058 2645 5112 amice
2674 5056 2789 5123 ejus

342 4917 514 4971 Nimis
567 4919 765 4972 malum
817 4928 871 4973 et
922 4920 1082 4973 nimis

344 4988 436 5058 ‘1“
476 4986 719 5043 Judicem
777 5004 860 5043 me
894 5005 1017 5044 mu.
1045 4986 1281 5058 indicem
1321 4995 1399 5047 sic
1430 5008 1515 5048 me

341 5056 499 5112 Corb.
555 5070 603 5111 et
646 5058 802 5131 _Vict.
856 5058 941 5131 16Γ
1000 5056 1139 5114 dona
1191 5063 1472 5131 paenitenti

340 5144 467 5201 nus.
495 5129 748 5201 sentiam
798 5128 940 5201 quod
974 5131 1134 5185 credo
1158 5128 1254 5185 nis.
1286 5130 1466 5186 Carm.
1500 5135 1729 5186 sentiam
1754 5135 1895 5201 quod
1918 5134 2136 5187 credam

3530 4849 3629 4879 εγω

2703 4916 2792 5017 Ξῖ
2831 4916 3163 5017 9⁸ἓὲτέᾞὲ
3180 4918 3631 5017 “3:35.929?

2889 4985 2981 5017 ¹⁷⁷³
3019 4985 3164 5039 Dona
3219 4985 3438 5056 petenti
3486 5003 3624 5040 mu.

2889 5056 2983 5087 ‘m
3020 5057 3199 5109 Sciam
3248 5059 3392 5124 quod
3450 5061 3627 5110 ere-lo

2235 5131 2327 5161 ¹⁷⁷⁶
2367 5128 2574 5182 Collnta
2596 5139 2668 5180 est
2697 5143 2813 5180 cum
2837 5142 2964 5179 mss.
3000 5125 3134 5178 Tim.
3159 5128 3286 5179 267.
3324 5125 3455 5178 Vict.
3496 5126 3623 5179 RR.

339 5197 449 5251 δεῖ
490 5198 607 5253 KK.
659 5196 983 5271 Cora-7168.
1019 5201 1142 5254 Bcc.
1197 5201 1262 5255 Ο.
1316 5202 1497 5255 Cartlt.
1555 5219 1586 5255 a
1624 5196 1799 5271 parm.
1856 5202 2174 5257 Sun-Germ.
2226 5200 2348 5252 545.
2418 5197 2648 5271 Val-(uc.
2681 5208 2727 5250 et
2758 5196 2926 5271 _Flor.
2978 5196 3057 5249 Ad
3108 5208 3353 5271 sanctum
3390 5196 3623 5271 Petrum

340 5270 656 5341 Apostolum
692 5287 812 5324 cttm
836 5270 1165 5341 lan_I_entabili
1193 5271 1560 5341 deploratione
1588 5265 1957 5341 peccatorum.
2002 5289 2129 5325 mss.
2163 5271 2351 5325 Oratio
2381 5269 2447 5321 ad
2469 5267 2976 5341 AsanctntnAPetrum
3024 5267 3505 5341 apostI;|IIIn__“"’

340 5335 727 5407 benignissime
760 5338 1020 5394 mss/Vict
1070 5342 1123 5395 5.
1149 5351 1203 5396 ει
1233 5335 1462 5407 benigne
1540 5335 1632 5376 ‘7“
1670 5343 1840 5408 Quem
1870 5343 1953 5397 vis
2002 5359 2100 5395 ms.
2150 5340 2284 5393 Thu.
2339 5339 2481 5409 quod
2518 5342 2597 5390 vis
2673 5337 2765 5368 ³⁷⁷⁵
2810 5335 3120 5409 Μιιεζιιειοι
3164 5352 3263 5390 ms.
3331 5335 3465 5389 l'ict.
3513 5335 3617 5409 )6.

342 5412 554 5469 omittit.
582 5426 774 5478 magne
861 5411 951 5442 "3°
993 5412 1095 5465 Tot
1122 5425 1177 5467 et
1206 5414 1372 5468 tantis
1402 5413 1555 5466 donis
1587 5414 1752 5467 ditate
1781 5428 1878 5465 ms.
1920 5410 2233 5466 Sun-Germ.
2280 5411 2469 5462 omittit

2576 5408 2665 5438 ‘7“
2708 5407 2870 5462 Donis
2897 5406 3184 5459 sublimate
3217 5423 3343 5459 mss.
3374 5406 3621 5474 dignita-

346 5478 487 5531 tibus
516 5474 802 5534 sublimato
878 5482 970 5513 ⁸⁷⁸⁸
996 5482 1372 5537 Miserabiliter
1396 5484 1607 5552 indigeo
1631 5501 1726 5536 ms.
1759 5482 1891 5536 Tim.
1915 5483 2235 5536 mirabiliter
2263 5480 2478 5552 indigeo
2552 5480 2644 5552 ’Ψ
2669 5478 2921 5546 Benigna:
2947 5478 3201 5544 potentia:
3217 5493 3315 5530 ms.
3351 5476 3491 5529 Vict.
3523 5474 3614 5529 l6.

340 5560 551 5617 magna
593 5552 843 5617 potentia)

345 5612 775 5671 m“"l‘rilinlanti
820 5638 1001 5677 vocem
1034 5640 1156 5677 mas.
1210 5624 1447 5679 tribulali
1481 5638 1665 5681 Vocem

958 5553 1052 5584 ‘7'”
1091 5552 1259 5607 Tuam
1302 5562 1545 5607 sanctam
1584 5570 1708 5606 mss.
1744 5561 1890 5608 tuam
1927 5562 2135 5609 tantam

2249 5551 2340 5585 ’7”
2377 5549 2562 5604 Potest
2590 5550 2897 5618 dirumpere
2932 5564 3056 5601 mss.
3101 5555 3279 5618 potest
3314 5560 3619 5615 erumpere
