3906 6058
267 235 378 288 973

1695 223 1995 282 ORATION
2004 223 2104 280 ES.

3439 233 3544 290 974

265 350 350 406 dit
385 361 554 415 usque
581 347 746 418 239
775 347 842 402 ad
872 361 957 412 te;
985 342 1858 416 respectusturepietatisdcsrea-
1889 347 1931 396 Α
2031 338 2074 394 Ο
2105 347 2288 394 sancte
2319 338 2500 406 Pctrc,
2533 341 2575 394 si
2609 351 2658 396 te
2689 355 2794 396 non
2837 349 3016 396 movet
3063 356 3255 398 nomen
3303 347 3544 414 pastoris

267 440 362 494 dat
391 451 562 506 usque
589 437 656 490 ad
689 453 796 504 me,
823 437 1102 506 dirumpat
1123 435 1378 518 duritiam
1412 445 1610 494 meam,
1650 429 1865 484 scindat

261 530 513 586 tenebras
529 542 700 594 meas,
715 529 1392 598 circumspiciatmrumnas
1409 539 1575 580 meas.
1619 523 1866 592 Respice,

259 622 492 688 benigne
515 630 718 692 pastor,
745 622 1018 678 commissi
1047 621 1140 676 tibi
1181 620 1359 690 gregis
1387 633 1566 686 ovem,
1615 626 1672 672 et
1709 615 1868 672 mise-

261 729 386 770 rere
427 713 810 770 miserabiliter
832 714 1190 779 laborantem,
1230 722 1306 777 et,
1341 727 1446 766 non
1487 721 1744 780 quantum
1769 725 1867 764 sua

263 805 406 860 mala
422 805 666 875 exigunt,
684 805 776 861 sed
789 815 1050 874 quantmn
1081 805 1418 874 permittunt,
1434 809 1704 858 orantem.
1731 801 1869 856 Ecce

261 897 406 960 enim
433 905 558 950 ante
593 895 802 952 fidelem
831 905 1104 966 pastorem
1112 895 1606 966 jacetetgemiti's"
1625 893 1866 948 morbida

258 989 380 1042 ovis
405 1002 588 1042 coram
613 989 838 1044 Omnino
873 990 1106 1057 pistoris
1133 995 1186 1040 et
1219 987 1358 1040 ovis.
1421 985 1671 1056 Fugitive
1705 985 1862 1052 redit,

259 1079 464 1134 erroris
509 1087 564 1132 et
614 1078 987 1134 inobedientiae
1042 1076 1252 1131 veniam
1296 1077 1450 1144 petit.
1514 1075 1608 1130 Pio
1657 1075 1868 1130 medico

265 1170 358 1202 ³⁷⁸⁸
385 1180 440 1224 et
469 1172 672 1241 pastori
693 1185 906 1226 morsus
937 1171 1186 1240 luporum
1203 1170 1540 1226 etscissuras
1559 1168 1864 1230 vulnerum.

261 1275 384 1332 qum
417 1263 648 1318 errando
697 1263 941 1326 incurrit,
977 1271 1032 1316 et
1069 1263 1250 1318 ulcera
1303 1277 1422 1332 qua:
1473 1262 1632 1331 longa
1659 1261 1864 1315 incuria

261 1353 506 1418 nutrivit,
545 1351 778 1418 .revelat,
829 1363 884 1408 et
926 1352 1170 1408 misereri
1201 1352 1304 1408 sibi
1329 1355 1456 1406 dum
1487 1351 1664 1406 adhuc
1705 1349 1867 1418 spiri—

261 1453 378 1498 tum
427 1445 614 1510 trahit,
649 1444 770 1514 plus
804 1444 1078 1500 miseriam
1117 1459 1276 1500 suam
1299 1459 1482 1500 coram
1519 1441 1867 1498 misericorde

261 1541 484 1602 pastore
523 1533 878 1602 expandendo
933 1549 1094 1604 quam
1143 1533 1502 1598 obsecrando,
1534 1541 1722 1586 exorat
1749 1531 1862 1584 "8°.

335 1625 531 1680 Pastor
573 1625 714 1680 bone
757 1625 944 1690 Petre,
991 1640 1060 1680 ne
1089 1625 1166 1680 sis
1215 1633 1445 1680 exorato
1495 1623 1746 1691 difﬁcilis,
1788 1637 1861 1680 ne

277 1723 496 1768 avertas
517 1713 608 1744 ⁸⁷⁸⁸
645 1715 1026 1770 misericordes
1047 1713 1256 1780 oculos;
1299 1715 1530 1784 respice,
1566 1728 1760 1782 precor
1791 1728 1860 1770 ne

263 1802 490 1872 abjicias
533 1805 622 1836 ‘7“
656 1815 1052 1872 pertinentem,
1101 1819 1170 1860 ne
1213 1803 1434 1860 differas
1475 1805 1567 1836 '7"
1597 1805 1861 1862 exaudire

269 1893 690 1962 supplicantem.
715 1893 850 1960 Quia
871 1895 1018 1950 enim
1041 1893 1302 1952 fastidivit
1331 1894 1610 1951 salutifera
1631 1909 1856 1966 pascua,

274 1982 497 2053 languet
526 1973 739 2039 defectu
773 1985 992 2050 virium;
1025 1986 1152 2055 quia
1179 1986 1403 2042 indulsit
1437 1985 1708 2056 pestiferis
1746 1985 1857 2052 ‘7”,

267 2085 556 2144 torquetur
589 2085 796 2132 attactu
830 2077 922 2112 ‘7”
952 2079 1292 2134 morborum.
1329 2077 1529 2134 Adulta
1562 2079 1778 2143 ulcera,
1803 2087 1860 2134 et

266 2165 404 2220 illisa
429 2166 654 2222 vulnera
687 2168 1052 2236 putrescendo
1079 2167 1325 2238 pejorata
1353 2169 1462 2224 cito
1486 2183 1607 2224 eam
1642 2169 1862 2226 trahunt

265 2256 334 2308 ad
367 2267 615 2312 mortem.
647 2256 780 2328 Lupi
819 2257 932 2326 jam
958 2267 1172 2330 gustato
1193 2259 1624 2332 ejussanguine,
1661 2275 1860 2332 exspe-

267 2355 480 2404 cmntes
513 2347 872 2417 ahjiciendam
919 2351 974 2404 in
1008 2351 1100 2385 "’9‘
1127 2352 1338 2408 insidiis
1391 2353 1576 2408 latent.
1605 2352 1860 2412 Inimicus

267 2437 404 2504 ejus,
449 2449 706 2509 tanquam
738 2441 822 2498 leo
863 2441 1106 2512 rugiens,
1135 2443 1334 2498 circuit
1375 2459 1626 2514 quaerens
1653 2460 1774 2500 eam
1801 2453 1860 2500 ut

269 2530 494 2584 devoret
544 2528 598 2599 (1
647 2527 792 2584 Petr.
837 2547 902 2598 ν,
957 2533 1036 2604 8).
1094 2532 1289 2602 Pastor
1344 2531 1550 2598 fidelis,
1600 2542 1860 2588 converte

263 2618 452 2676 oculos
475 2629 596 2676 tuos
623 2621 692 2676 ad
727 2635 872 2688 eam,
915 2632 970 2676 et
993 2637 1326 2694 recognosce
1355 2623 1450 2678 tibi
1479 2624 1852 2679 commissam.

265 2709 324 2764 Si
353 2711 495 2764 enim
526 2712 750 2778 erravit,
794 2723 970 2768 tamen
1004 2713 1292 2768 Dominum
1339 2722 1394 2769 et
1427 2723 1704 2784 pastorem
1746 2729 1855 2770 non

267 2802 503 2874 negavit.
529 2801 740 2872 lnspice
792 2805 842 2858 in
884 2803 1078 2860 faciem
1109 2804 1248 2874 ejus,
1274 2813 1332 2860 et
1373 2806 1597 2862 adverte
1644 2807 1854 2876 signum

267 2891 480 2946 Domini
510 2892 582 2946 tui
615 2901 672 2947 et
697 2891 832 2960 ejus.
858 2893 916 2948 Si
949 2897 1050 2950 sub
1098 2905 1252 2950 tanto
1278 2895 1532 2966 squalore
1563 2913 1670 2954 non
1693 2913 1857 2970 agno-

267 2980 376 3035 scis
415 2977 610 3036 faciem
651 2980 824 3036 lotam
861 2991 918 3036 et
964 2984 1310 3038 candidatum
1339 2984 1392 3038 in
1438 2982 1588 3040 fonte
1631 2983 1853 3052 Christi,

267 3085 502 3140 agnosce
529 3087 718 3126 vocem
742 3071 1101 3129 confessionis
1130 3073 1232 3130 sub
1254 3075 1474 3130 nomine
1503 3075 1594 3106 ‘m
1623 3075 1852 3144 Christi,

267 3161 358 3228 qui
391 3171 470 3216 ter
511 3162 853 3233 interrogans
911 3173 1092 3234 utrum
1158 3180 1282 3218 eum
1332 3181 1570 3222 amares.
1622 3165 1717 3220 tibi
1773 3175 1856 3222 ter

268 3251 545 3325 confitenti
587 3255 765 3309 dixit:
815 3254 985 3311 Pasce
1015 3273 1132 3312 oues
1181 3274 1324 3312 meas
1368 3259 1548 3330 (Joan.
1583 3275 1696 3324 xxi,
1749 3259 1854 3326 l7).

268 3343 430 3398 Certe
454 3355 664 3400 amator
685 3355 764 3402 est
785 3348 922 3412 ovis,
954 3348 1044 3420 qui
1074 3357 1200 3404 ante
1221 3349 1748 3405 commendationem
1777 3352 1856 3408 sic

269 3433 491 3488 discutit
513 3450 753 3490 amorem
785 3438 1033 3506 pastoris.
1059 3437 1138 3491 En
1171 3438 1454 3494 confiteris
1481 3450 1533 3494 te
1552 3449 1852 3496 amatorem
1891 3503 1894 3506 _

269 3523 418 3594 ejus,
461 3535 518 3580 et
545 3527 658 3581 hare
706 3517 997 3583 confitetur
1028 3529 1119 3560 ‘7'"
1148 3544 1208 3584 se
1236 3545 1392 3584 ovem
1422 3531 1556 3597 ejus.
1590 3531 1700 3586 Cur
1723 3548 1855 3604 ergo

270 3619 480 3688 spernis
502 3633 655 3672 ovem
689 3618 911 3686 Christi,
943 3627 1130 3689 pastor
1163 3621 1281 3690 ejus
1311 3621 1436 3675 "’9?
1471 3622 1650 3686 Petre,
1675 3633 1859 3694 pastor

269 3707 472 3764 Christi
501 3710 614 3776 "9°,
668 3709 920 3780 recollige
952 3727 1109 3766 ovem
1156 3711 1384 3768 Christi.
1435 3714 1694 3769 Dominus
1733 3726 1856 3770 tuus

270 3799 524 3868 imposuit
577 3799 630 3854 in
679 3801 934 3856 humeros
985 3817 1115 3856 suos
1171 3803 1409 3872 gaudens
1465 3803 1743 3872 quaesitam
1803 3813 1856 3858 et

271 3887 543 3942 inventam
576 3887 730 3958 (Luc.
775 3906 866 3958 xv,
896 3889 978 3960 5),
1033 3907 1099 3946 ne
1135 3891 1362 3960 repellas
1391 3907 1510 3946 eam
1545 3892 1858 3946 redeuntem

274 3977 366 4009 ³⁶⁰⁰
395 3989 451 4032 et
497 3979 910 4050 supplicantem;
962 3981 1225 4038 Dominus
1273 3983 1406 4038 emit
1448 3999 1568 4038 eam
1607 3983 1696 4016 ¹⁸⁰¹
1727 3999 1855 4039 san-

273 4069 431 4140 guine
455 4086 552 4126 suo
577 4063 812 4126 nonduin
837 4083 1018 4128 natam
1037 4114 1052 4140 ,
1091 4083 1276 4144 pastor
1304 4073 1422 4144 ejus
1451 4090 1518 4130 ne
1557 4075 1856 4148 vilipendas

267 4159 378 4230 jam
417 4173 660 4218 renatam
695 4165 807 4230 ‘3",
849 4175 904 4220 et
952 4174 1062 4220 tam
1095 4165 1384 4238 diligenter
1432 4168 1528 4224 tibi
1577 4183 1843 4224 commen-

271 4253 474 4308 datam.
505 4253 650 4310 Heu!
681 4257 918 4326 quandiu
945 4274 1048 4314 non
1072 4260 1269 4316 sentiet
1293 4273 1352 4314 se
1381 4269 1854 4331 receptam,cura-

274 4351 382 4398 tam
409 4352 464 4398 et
491 4343 870 4400 refocillatam.

1969 439 2024 486 et
2051 431 2199 495 ovis,
2241 442 2454 486 moveat
2499 441 2550 486 te
2597 447 2788 488 nomen
2830 433 3077 500 apostoli,
3120 437 3376 506 principis
3419 454 3548 508 apo-

1969 521 2228 576 stolarum
2255 521 2374 587 ‘9”,
2403 531 2460 576 et
2503 537 2698 578 nomen
2742 523 3064 578 Christianae
3095 525 3307 580 animm.
3348 526 3551 598 Nempe

1971 613 2086 668 lure
2118 622 2200 668 est
2221 613 2342 668 ovis
2362 627 2390 666 a
2421 627 2508 666 me
2539 613 2636 667 tibi
2666 612 2870 676 oblata,
2897 613 3078 668 anima
3109 628 3246 677 mra,
3279 615 3552 685 baptismo

1969 703 2170 758 Christi
2205 713 2546 774 regenerata.
2575 702 2699 758 Haec
2725 704 2946 758 vulnera
2973 703 3088 768 πολ,
3113 719 3233 772 qua:
3265 706 3398 770 dixi,
3432 707 3548 764 lucc

1969 794 2172 860 ulcera,
2225 795 2307 848 ha:
2349 793 2604 850 scissura:
2659 809 2764 848 non
2806 802 2934 850 sunt
2974 793 3146 848 ovinac
3193 798 3404 860 carnis,
3457 801 3550 854 sel

1969 895 2098 940 sunt
2151 885 2373 954 spiritus
2428 884 2734 938 rationalis.
2787 883 2912 940 llam
2957 885 3161 952 fames,
3209 887 3261 940 hi
3307 887 3553 942 defectus

1969 977 2186 1042 virium,
2215 977 2300 1032 hae
2327 977 2596 1032 torsiones
2625 991 2730 1030 non
2760 985 2884 1031 sunt
2917 971 3156 1047 pécorini
3188 979 3427 1043 ventris,
3455 980 3552 1034 sed

1969 1075 2096 1120 sunt
2125 1066 2375 1120 humanae
2412 1066 2630 1121 mentis.
2665 1065 2730 1120 Hi
2761 1065 2870 1134 lupi
2901 1073 2954 1121 et
2986 1066 3038 1120 hi
3067 1065 3251 1121 leones
3281 1083 3388 1122 non
3424 1078 3556 1122 sunt

1967 1157 2368 1228 quadrupedes,
2412 1158 2506 1212 sed
2551 1159 2844 1213 daemones.
2891 1157 3016 1212 Haec
3045 1165 3192 1212 tanta
3223 1159 3385 1226 mula,
3415 1174 3554 1230 pan,-

1967 1256 2148 1318 pertas
2185 1255 2270 1302 est
2316 1247 2607 1314 virtutum,
2650 1256 2706 1303 et
2749 1259 3070 1304 coacervata
3121 1258 3364 1318 peccata.
3415 1251 3552 1318 Quia

1967 1339 2133 1412 igitur
2184 1340 2420 1396 nondum
2469 1341 2648 1396 sentio
2697 1355 2784 1396 me
2833 1341 3186 1410 exauditam,
3239 1344 3554 1414 urgentibus

1968 1427 2268 1498 angustiis,
2297 1444 2326 1482 a
2369 1429 2638 1500 principio
2687 1440 2930 1498 repetam
2974 1433 3342 1488 narrationem
3375 1449 3549 1490 meam

1971 1518 2092 1581 ³⁸⁸⁵,
2147 1527 2204 1573 et
2255 1518 2627 1590 multiplicabo
2657 1521 2974 1584 orationem
3021 1536 3218 1576 meam.
3271 1523 3551 1594 Exponam

1968 1625 2150 1666 coram
2176 1610 2414 1678 janitore
2461 1610 2612 1680 regni
2655 1611 2918 1666 cmlorum
2963 1620 3018 1666 et
3063 1611 3308 1683 principe
3335 1622 3553 1683 aposto-

1896 1683 1936 1744 Β
1966 1700 2140 1756 lorutn
2173 1701 2389 1758 fidelem
2427 1702 2668 1756 animum
2695 1702 2948 1756 miseram
2982 1703 3084 1756 sub
3111 1717 3278 1772 regno
3301 1712 3553 1770 peccato-

1963 1809 2106 1860 rum,
2137 1793 2208 1848 ad
2236 1809 2460 1864 regnum
2485 1793 2748 1849 calorum
2789 1791 3088 1848 inhiantem
3121 1792 3238 1858 “‘°°,
3268 1802 3322 1847 et
3348 1793 3418 1848 ob
3448 1795 3552 1848 hoc

1963 1881 2182 1938 Petrum
2206 1883 2500 1954 janitorem
2532 1883 2682 1954 regni
2707 1881 2969 1938 caelorum
2995 1891 3052 1936 et
3081 1883 3382 1954 principem
3413 1899 3548 1954 apo-

1960 1973 2220 2028 stolorum
2247 1973 2612 2028 invocantem.

2032 2065 2172 2120 Ecce
2201 2079 2330 2135 ergo
2354 2065 2468 2130 ¹⁸⁰τ,
2493 2063 2805 2118 misericors
2833 2061 3012 2132 Petre,
3037 2078 3219 2120 coram
3244 2072 3296 2118 te
3317 2063 3548 2118 exhibeo

1965 2155 2200 2209 animam
2231 2169 2406 2210 meam
2443 2155 2624 2210 nervis
2667 2154 2928 2210 virtutum
2967 2155 3306 2220 dissolutam,
3339 2157 3548 2210 catenis

1965 2244 2222 2300 vitiorum
2257 2245 2498 2316 ligatam,
2531 2248 2766 2316 pondere
2793 2256 3142 2315 peccatorum
3181 2256 3549 2318 aggravatam,

1959 2336 2285 2394 delictorum
2327 2337 2582 2394 sordibus
2611 2337 2894 2402 fmdatam,
2927 2338 3208 2394 discissam
3241 2337 3551 2394 vulneribus

1959 2430 2298 2496 dazmonum,
2339 2431 2614 2500 putridam
2659 2439 2715 2486 et
2756 2431 2980 2486 fetidum
3025 2430 3296 2488 ulceribus
3355 2431 3542 2485 crimi-

1958 2537 2111 2576 num.
2147 2521 2242 2577 His
2267 2531 2323 2576 et
2345 2522 2465 2577 aliis
2492 2522 2746 2592 gravibus
2777 2522 2954 2588 malis,
2975 2537 3096 2590 quae
3123 2521 3316 2577 melius
3339 2522 3433 2553 ¹⁸⁰⁸
3461 2538 3548 2576 me

1959 2615 2136 2682 vides,
2164 2617 2413 2671 obrutam
2436 2656 2452 2682 ,
2481 2631 2822 2686 oppressam,
2853 2615 3279 2681 circttmdatam,
3325 2617 3551 2674 obvolu-

1961 2716 2094 2770 tam,
2125 2709 2388 2763 honorum
2431 2708 2674 2764 omnium
2717 2708 3042 2764 relevamine
3085 2709 3198 2776 ¹⁸⁹⁹,
3243 2719 3300 2764 ιιι
3345 2711 3547 2776 cernis,

1958 2799 2297 2855 destitutam.
2323 2799 2466 2856 Ecce
2485 2799 2740 2856 miseram
2765 2801 3022 2856 animam.
3051 2810 3108 2856 et
3133 2801 3544 2862 misericordem

1957 2891 2263 2961 apostolum
2307 2891 2560 2958 Petrum,
2623 2907 2808 2948 coram
2861 2893 3209 2948 misericorde
3259 2893 3399 2959 Deo,
3455 2896 3546 2964 qui

1962 2983 2208 3053 apostolo
2249 2982 2410 3056 Petro
2445 2983 2875 3038 misericordiam
2917 2983 3046 3038 fecit
3092 2994 3148 3038 et
3187 2985 3368 3039 facere
3407 3001 3547 3056 pra:-

1962 3075 2126 3146 cepit,
2164 3084 2218 3128 et
2243 3073 2474 3130 faciendi
2512 3075 2603 3106 ¹³¹¹⁰
2635 3083 2956 3146 potestatem
2985 3074 3153 3129 dedit.
3196 3075 3334 3130 Ecce
3385 3077 3549 3131 mise-

1963 3167 2067 3231 ria,
2094 3175 2148 3220 et
2177 3181 2308 3222 ecce
2339 3165 2732 3220 misericordia.
2775 3165 3142 3220 Misericordia
3175 3167 3294 3232 Dei,
3323 3176 3376 3222 et
3403 3167 3548 3222 Petri

1958 3257 2190 3326 apostoli
2229 3256 2380 3324 ejus;
2419 3257 2637 3312 miseria
2681 3256 2877 3310 animae
2910 3255 3076 3308 Deum
3125 3254 3454 3320 confitentis,
3491 3267 3550 3312 et

1960 3347 2130 3402 Deum
2162 3358 2216 3404 et
2259 3347 2478 3402 Petrum
2521 3347 2844 3402 invocantis.
2894 3345 3042 3419 Ergo
3083 3348 3298 3404 miseria
3337 3360 3550 3418 premet

1961 3439 2166 3496 diutius
2197 3440 2434 3494 animam
2465 3439 2532 3494 ad
2581 3438 2748 3492 Deum
2785 3447 2838 3494 et
2879 3438 3100 3496 Petrum
3147 3439 3548 3509 respicientem,

1962 3543 2018 3587 et
2042 3532 2240 3588 videbit
2267 3533 2370 3588 hoc
2401 3531 2775 3588 misericordia
2815 3531 2902 3564 ‘3”
2935 3533 3032 3588 Dei
3057 3542 3111 3586 et
3135 3531 3281 3588 Petri
3312 3532 3442 3587 ³⁸⁸⁸1

2035 3623 2079 3681 0
2107 3625 2270 3690 Deus,
2301 3634 2356 3678 et
2395 3635 2450 3678 tu
2497 3624 2692 3694 major,
2721 3625 3088 3696 apostolorum
3134 3626 3275 3698 ejus,
3305 3642 3428 3698 qua:
3464 3635 3552 3684 est

1963 3717 2079 3772 haec
2109 3717 2342 3772 miserim
2373 3732 2506 3770 mete
2529 3717 2860 3784 immanitas,
2892 3719 2934 3772 si
2961 3733 3068 3772 non
3093 3727 3270 3788 potest
3291 3719 3552 3774 adversus

1966 3819 2088 3860 eam
2117 3805 2506 3860 misericordiae
2533 3817 2726 3860 vestrm
2749 3793 3119 3862 immensitas?
3149 3809 3256 3862 Aut
3285 3809 3326 3864 si
3350 3817 3548 3878 potest,

1965 3897 2060 3952 sed
2108 3912 2216 3952 non
2255 3895 2401 3959 vult,
2457 3911 2577 3966 quze
2625 3905 2708 3952 est
2751 3897 2868 3952 haec
2918 3899 3216 3954 enormitas
3265 3899 3548 3970 culparum

1959 4003 2224 4052 mearum,
2267 4003 2390 4058 qua:
2427 3988 2644 4044 excedit
2691 3987 3084 4044 multitudinem
3139 3991 3546 4060 miserationum

1956 4078 2297 4134 vestrarum?
2321 4077 2400 4130 An
2432 4077 2558 4146 quia
2585 4085 2805 4140 cuncta,
2835 4093 2958 4148 quae
2995 4080 3238 4148 peccavi,
3273 4094 3379 4136 non
3415 4093 3547 4136 con-

1959 4170 2144 4226 fiteor!
2196 4184 2262 4224 en
2293 4179 2488 4224 cuncta
2530 4185 2650 4240 quae
2675 4169 2826 4224 scitis
2854 4183 2942 4226 me
2967 4184 3244 4242 peccasse,
3279 4186 3404 4228 vera
3425 4185 3548 4228 esse

1962 4259 2248 4316 confiteor.
2295 4259 2374 4314 An
2414 4260 2541 4328 quia
2571 4275 2668 4316 nec
2696 4258 3021 4315 sufﬁcienter
3057 4260 3395 4330 paenitendo,
3439 4275 3542 4318 nee

1960 4351 2120 4405 malis
2177 4350 2318 4404 bona
2351 4349 2720 4420 rependendo,
2758 4348 3068 4404 satisfacio?
3099 4347 3297 4420 Utique
3331 4349 3413 4406 sic
3440 4358 3544 4414 est,

1550 4483 1784 4539 VARIA‘I
1821 4481 2226 4542 LECTIONES.

345 4594 433 4626 "ﬂ"
476 4594 542 4648 Et
575 4595 760 4665 genuit
806 4611 932 4650 mss.
989 4604 1046 4650 et
1095 4597 1260 4665 gemit

1361 4597 1453 4629 ιη’
1492 4598 1588 4652 Pio
1634 4599 1843 4654 medico
1867 4608 1922 4654 et
1945 4615 2070 4654 mss.
2109 4597 2230 4652 Bec.
2283 4595 2416 4650 Vict.
2473 4595 2779 4666 Val-[umet
2813 4593 2965 4649 Flor.
2991 4597 3079 4666 pio
3119 4605 3168 4652 et
3200 4597 3410 4656 medico
3439 4615 3540 4655 ms.

273 4663 408 4718 Tim.
429 4673 486 4718 et
509 4663 599 4733 pio
622 4666 828 4718 medico
843 4676 896 4719 et
971 4664 1428 4722 "‘“Observando
1449 4679 1642 4723 exorat
1665 4685 1788 4724 nias.
1823 4669 1956 4724 Thu.
1984 4666 2290 4723 execrando
2318 4675 2511 4720 exorat
2583 4665 2676 4698 ¹⁷⁸⁰
2715 4665 2794 4720 Ne
2815 4663 3029 4720 avertas
3049 4684 3147 4722 ms.
3177 4668 3543 4725 Son-Germa-

269 4749 426 4788 nenae
457 4750 558 4789 nec
585 4745 805 4789 avertas

907 4735 997 4768 "9‘
1037 4735 1103 4789 Et
1126 4751 1192 4790 ne
1217 4735 1440 4803 abjicias
1471 4755 1596 4791 mss.
1639 4753 1708 4792 ne
1728 4737 1951 4805 abjicias
1973 4755 2072 4792 ms.
2103 4735 2418 4806 Son-Germ.
2457 4749 2558 4792 nec
2583 4735 2855 4806 despicias
2949 4737 3040 4769 ‘7"
3077 4737 3157 4794 Ne
3191 4739 3410 4795 differas
3440 4757 3542 4798 ms.

270 4803 590 4860 Son-Germ.
638 4821 739 4860 nec
773 4805 990 4860 differas
1065 4807 1158 4838 ‘7"
1193 4807 1472 4862 Pestiferis
1501 4825 1600 4862 ms.
1651 4803 1805 4862 ThuJ
1831 4808 2128 4864 mortiferis

2205 4805 2296 4838 ποῖ
2335 4805 2580 4860 Attractu
2619 4805 2716 4861 ms.
2749 4805 2883 4860 Thu.
2913 4817 3056 4863 tactu
3086 4827 3183 4864 ms.
3229 4809 3364 4864 Vict.
3396 4809 3482 4864 16.
3510 4825 3542 4864 a

271 4881 416 4947 tactu
459 4891 556 4928 ms.
595 4873 996 4947 Flor-.attaetu
1071 4877 1164 4910 "’5
1201 4877 1574 4945 Abjiciendum
1608 4879 1662 4932 in
1695 4895 1794 4932 ms.
1834 4879 1968 4932 Tim.
1999 4876 2358 4947 alijiciendam
2389 4876 2500 4942 jam
2529 4875 2580 4947 in
2657 4877 2752 4908 ¹⁷⁹⁶
2791 4879 2904 4932 Sub
2931 4879 3148 4934 nomine
3177 4895 3276 4933 ms.
3321 4877 3452 4933 Vict.
3484 4881 3542 4932 5.
3595 4893 3598 4897 ·

270 4945 322 5017 in
353 4947 569 5017 nomine
629 4946 772 5017 _f""
810 4943 876 4998 Et
904 4947 992 4999 hic
1037 4943 1326 5001 confitetur
1359 4963 1484 5001 mas.
1539 4957 1595 5002 et
1643 4949 1756 5002 haec
1797 4943 2088 5003 confitetur
2188 4946 2281 4978 ¹⁷⁹⁸
2317 4947 2485 5001 Ovem
2535 4945 2738 5017 Christi
2770 4956 2954 5016 pastor
2982 4947 3099 5017 rius
3142 4965 3269 5003 mss.
3323 4947 3457 5002 Vict.
3485 4951 3540 5004 5.

275 5013 508 5088 Vaffluc:
539 5025 586 5068 et
619 5013 772 5088 litor.
809 5029 1188 5088 ovem_pastor
1214 5019 1458 5088 cjusya.
1512 5017 1647 5072 Vict.
1698 5019 1786 5074 l6.
1824 5033 1978 5073 ovem
2023 5025 2210 5088 pastor
2237 5018 2356 5070 ovis
2378 5087 2415 5088 ν
2455 5017 2548 5048 ⁸⁷⁵³
2589 5016 2748 5088 Petre
2772 5013 2986 5072 amator
3010 5013 3222 5073 'Christi
3246 5035 3370 5072 mss.
3405 5017 3542 5088 Ilia.

269 5083 423 5157 garb.
460 5085 586 5140 Bec.
635 5085 770 5157 Vict.
813 5087 900 5140 16.
951 5083 1180 5140 Vol-lue.
1228 5083 1276 5140 ἐι
1327 5085 1479 5142 Flor.
1532 5089 1694 5143 Pelre
1743 5097 1930 5156 pastor
1961 5083 2161 5142 Christi
2243 5087 2334 5120 ¹⁸⁰⁰
2375 5087 2452 5142 Ne
2491 5087 2719 5157 repellas
2741 5089 3206 5157 eam_redenntem
3236 5103 3362 5142 mss.
3405 5087 3542 5144 Vict.

277 5153 512 5226 Val-lue.
557 5166 605 5209 et
649 5155 810 5209 Flor.
853 5173 922 5211 ne
973 5157 1199 5226 repellas
1259 5159 1572 5212 redeuntem
1687 5153 1778 5190 ¹³⁶¹
1818 5159 2038 5213 Emerat
2083 5173 2200 5210 eam
2227 5173 2352 5211 mss.
2399 5153 2692 5212 emit-eam
2725 5174 2820 5212 ms.
2862 5155 2996 5211 Vict.
3045 5157 3130 5212 l6.
3164 5158 3394 5212 redemit
3418 5173 3540 5212 eam

271 5223 362 5298 ξξσξῗ
391 5224 518 5298 _.l_am
567 5238 814 5280 renatam
857 5243 1000 5298 mss.
1021 5223 1140 5282 eam
1197 5237 1447 5282 renatam
1558 5229 1651 5261 ⁸⁸³³
1687 5228 1956 5294 Principis
2003 5229 2388 5297 Apostolorum
2445 5243 2544 5280 ms.
2601 5226 2806 5298 Timon.
2841 5227 3104 5298 Princeps
3151 5227 3540 5296 Apostolorum

271 5295 364 5365 ‘3‘”
389 5295 512 5348 Haec
557 5297 780 5350 vulnera
811 5313 909 5351 ms.
949 5295 1135 5350 Carm.
1191 5298 1308 5351 haec
1337 5298 1617 5352 vulnerata
1722 5301 1818 5333 ⁸⁸⁸³
1845 5295 2222 5354 Narrationem
2257 5311 2455 5361 meam,
2501 5306 2558 5352 et
2583 5297 2954 5365 multiplicabo
2986 5295 3290 5353 orationem
3337 5313 3540 5352 meam.

269 5364 550 5438 Exponam
575 5381 674 5418 ms.
709 5366 846 5438 Thu.
874 5367 1190 5432 petitionem
1218 5383 1412 5421 meam.
1443 5369 1718 5438 Exponam
1735 5386 1832 5422 ms.
1852 5370 2006 5424 Corb.
2039 5368 2415 5423 narrationem
2441 5381 2638 5422 meam.
2670 5364 2960 5438 Exponam
3005 5367 3120 5438 71f“
3147 5367 3542 5424 lnhabitantem

268 5449 396 5510 ngas.
426 5435 728 5510 inhiantem
804 5437 893 5470 ¹⁸⁰τ
926 5438 1194 5510 Ecceego
1228 5453 1355 5510 utar.
1381 5435 1844 5510 ecee'ergohwf’8
1873 5440 2048 5510 Quam
2095 5439 2452 5510 meliusmss.
2501 5437 2848 5510 qua3_melius
2885 5506 2903 5510 _
2924 5437 3016 5470 ¹⁸⁰⁹
3047 5437 3396 5510 Relevamine
3442 5455 3544 5510 nis.

281 5497 426 5578 Vict.
449 5503 539 5578 16.
559 5506 906 5578 revelamine
935 5525 1034 5563 ms.
1077 5497 1211 5562 Vict.
1245 5509 1296 5561 5.
1322 5497 1635 5562 velamine"
1666 5507 1758 5540 ¹⁸¹⁰
1789 5497 2067 5578 Pratucepit
2105 5517 2159 5562 et
2213 5507 2442 5578 faciendi
2492 5497 2590 5578 nis.
2618 5505 2758 5578 Tim.
2783 5517 2840 5560 et
2877 5506 3060 5562 facere
3083 5509 3360 5578 praecepit,
3381 5515 3435 5562 et
3463 5507 3546 5578 fa’

271 5575 448 5653 ciendi
528 5577 616 5609 ¹⁸¹¹
653 5577 716 5632 Et
752 5579 955 5633 videbit
983 5581 1086 5634 hoc
1115 5579 1491 5632 misericordia
1523 5595 1618 5632 me.
1660 5578 1799 5632 Tim.
1830 5591 1882 5634 et
1934 5575 2140 5636 videbis
2191 5577 2562 5633 misericordia
2641 5577 2732 5608 ’³η
2761 5579 2856 5631 ι)εεί
2887 5587 2939 5631 ct
2967 5575 3110 5634 Petri
3139 5597 3236 5633 ms.
3259 5575 3416 5634 'Vicl.
3452 5577 3540 5634 l6.

273 5654 421 5698 onut.
