3852 6050
349 233 454 287 975

708 231 767 286 S.
809 225 1107 284 ANSELMI
1146 220 1493 279 CANTUAR.
1534 217 1851 274 ARCHIEP.
1888 215 2038 274 ΟΡΡ.
2068 215 2259 271 PARS
2298 214 2446 269 ll.-—
2481 211 2846 269 PARzENET.
2891 212 2976 267 ET
3018 211 3261 268 ASCET.

3516 211 3638 267 9'76

345 352 542 415 fateor;
570 345 802 403 sed“th
822 351 907 399 est
946 344 1058 412 ipsa
1092 339 1308 395 miseria
1343 352 1447 406 qua
1477 345 1751 406 torqueor.
1789 334 1925 402 Ergo
1957 336 2003 393 Α
2030 332 2124 386 sed
2158 341 2235 384 tot
2264 338 2396 399 quot
2426 330 2606 384 sciunt
2634 327 2827 382 delicta
2853 325 2942 359 ⁸⁸³⁷
2966 326 3101 395 ejus.
3138 324 3273 380 Nam
3311 326 3426 397 ipse
3452 326 3635 396 judex

351 460 458 511 quo
486 441 605 511 plus
642 445 886 495 coarctat
935 435 1173 495 miseria,
1217 431 1336 501 plus
1360 430 1528 484 ~lenta
1580 428 1684 482 erit
1718 428 1932 481 miseri—

349 534 574 592 cordia?
602 530 645 587 Ο
675 527 1226 585 inauditum'verbum
1261 538 1289 577 a
1319 519 1752 575 miscricorde'in
1806 532 1932 585 sup.

347 624 669 696 plicantem!
712 621 818 675 Sed
863 618 1123 688 intellige,
1150 615 1295 685 jnste
1325 614 1491 675 Deus,
1537 610 1775 681 intelligo
1804 610 1933 678 quid

348 714 675 785 respondeas
706 709 901 764 anima:
930 723 1091 762 meae:
1124 705 1315 759 Merito
1344 704 1549 772 patitur
1570 702 1712 771 quod
1737 706 1935 769 sponte

347 806 541 867 subiit,
584 811 641 858 et
674 803 832 871 digne
877 814 981 853 non
1030 795 1320 853 exauditur
1358 809 1478 864 quae
1530 809 1635 846 non
1675 790 1931 845 obedivit.

348 894 495 951 Heu!
525 888 922 961 desperationis
945 884 1285 941 amaritudo?
1305 882 1554 953 Agnosco
1577 888 1745 943 certe,
1771 894 1937 948 agno-

350 1003 445 1042 sco
474 988 613 1040 hanc
641 981 966 1038 sententiam
981 992 1102 1034 esse
1126 975 1368 1045 justitiaz,
1390 989 1493 1027 non
1525 970 1931 1026 misericordiae.

347 1079 483 1148 Quis
508 1074 725 1131 vocavit
764 1070 1035 1143 justitiam
1071 1069 1121 1122 in
1164 1081 1385 1121 causam
1433 1061 1643 1118 meam?
1672 1061 1806 1117 Cum
1834 1061 1935 1114 mi-

346 1169 644 1228 sericor‘dia
690 1178 885 1221 sermo
918 1162 1051 1217 mihi
1107 1170 1243 1225 erat,
1281 1173 1385 1212 non
1417 1170 1539 1211 cum
1593 1168 1677 1208 ea.
1736 1152 1934 1208 Panem

345 1260 736 1319 misericorth
780 1254 1053 1312 mendicat
1083 1268 1111 1306 a
1157 1262 1228 1313 te,
1274 1250 1435 1313 Deus,
1483 1247 1536 1301 in
1588 1244 1936 1299 tribulatione

348 1364 653 1407 aerumnosa
694 1346 873 1401 anima
906 1357 1026 1397 mea
1052 1340 1164 1393 “"3.
1192 1338 1302 1394 Cur
1328 1336 1523 1405 "lapide
1548 1334 1779 1404 justitite'
1812 1347 1936 1401 per-

347 1445 547 1515 !ringis
572 1440 665 1473 ¹⁸¹⁸
689 1454 813 1496 ossa
847 1437 963 1507 ejus
993 1432 1121 1486 “"5?
1161 1428 1528 1485 Misericordia
1560 1435 1682 1492 tua,
1724 1425 1936 1480 miseri-

348 1552 472 1591 cors
505 1536 670 1599 Dcus,
716 1547 815 1602 per
845 1528 1036 1583 merita
1077 1526 1170 1557 ¹⁸¹⁶
1205 1533 1259 1578 et
1309 1520 1753 1576 intercessionem
1794 1518 1934 1573 beati

344 1625 495 1679 Petri
529 1621 757 1694 apostoli
789 1620 888 1683 tui,
916 1615 1184 1672 acceleret
1209 1622 1257 1667 ct
1290 1620 1445 1666 eruat
1472 1625 1589 1665 eam
1618 1609 1937 1664 dimittendo

2034 431 2118 476 est
2158 422 2757 476 districtusaccnsator
2796 426 3053 483 meus,~et
3092 433 3191 486 ego
3232 433 3353 471 sum
3388 418 3637 474 manife-

2035 521 2155 567 stus
2192 522 2450 581 peccator
2491 511 2629 566 eius.
2684 508 2888 565 Omnes
2932 509 3097 563 etiam
3143 509 3365 579 spiritus
3407 511 3535 566 boni
3582 520 3641 566 et

2037 604 2160 659 mali
2205 619 2391 658 coram
2434 603 2543 656 Deo
2585 609 2845 657 accusant
2884 615 2974 655 me
3012 616 3136 654 eum
3180 614 3285 654 eo:
3318 600 3467 668 boni,
3503 603 3637 671 quia

2037 695 2152 750 Deo
2194 695 2392 750 debent
2429 696 2765 764 aequitatem;
2812 690 2976 753 mali,
3018 691 3147 761 quia
3172 706 3365 745 'meam
3406 702 3641 746 servant

2035 787 2377 857 iniquitatem
2414 800 2429 839 :
2467 784 2618 851 boni,
2668 784 2795 855 quia
2846 791 3117 838 testantur
3158 783 3441 838 veritatem
3470 799 3638 853 quam

2035 881 2417 946 considerant;
2481 879 2641 945 mali,
2698 879 2824 948 quia
2880 886 3131 947 quterunt
3176 890 3392 946 pmnam
3450 893 3637 932 meatu

2035 990 2201 1043 quam
2232 973 2544 1027 desiderant
2576 969 2690 1024 ¹⁸¹⁸.
2737 969 2844 1040 Ipsi
2886 984 3103 1041 quoque
3130 968 3387 1039 judicant
3434 970 3637 1025 in'lme

2038 1081 2210 1120 meam
2253 1064 2579 1135 nequitiam,
2622 1062 2750 1133 quia
2794 1071 2972 1117 setunt
3016 1074 3104 1115 me
3141 1061 3339 1117 debere
3379 1061 3636 1116 damnari

2037 1156 2334 1212 secundum
2378 1155 2669 1224 justitiam.

2112 1248 2258 1303 Heu!
2297 1255 2430 1316 quot
2464 1244 2693 1315 iudices,
2716 1252 2854 1315 quot
2880 1252 3230 1299 accusatores
3264 1260 3431 1314 super
3460 1261 3634 1300 unum

2038 1341 2327 1396 miserum!
2365 1355 2526 1409 quam
2560 1353 2755 1408 graves
2786 1351 2948 1405 super
2970 1336 3321 1391 imbecillenr?
3354 1352 3520 1406 quant
3553 1339 3639 1393 di-

2037 1433 2212 1489 stricti
2243 1446 2405 1502 super
2433 1428 2809 1485 manil‘estum!
2848 1427 2991 1482 Heu!
3025 1441 3185 1497 quem
3211 1427 3435 1483 habebit
3466 1444 3638 1483 excu-

2037 1532 2268 1589 santem,
2293 1522 2384 1592 qui
2419 1521 2585 1575 Deum
2614 1518 2779 1573 habet
2805 1518 3192 1573 accusantem?
3222 1518 3355 1583 Quis
3382 1518 3468 1573 vel
3496 1535 3639 1574 unus

2037 1615 2140 1671 erit
2180 1614 2510 1668 intercessor
2539 1607 2677 1678 ejus,
2719 1609 2764 1664 si
2804 1623 2993 1663 omnes
3032 1616 3157 1662 sunt
3192 1615 3540 1663 accusatores
3579 1619 3635 1664 et

348 1680 576 1786 peccata.
593 1714 710 1783 ejus
732 1709 1056 1762 “".Sancte
1078 1707 1251 1767 Petre,
1278 1703 1528 1772 princeps
1549 1701 1933 1770 apostolorum,
1971 1680 2011 1734 Β
2033 1705 2240 1774 iudices
2268 1701 2417 1771 ejus‘?
2448 1700 2553 1755 Sed
2576 1706 2654 1754 et
2693 1713 2793 1769 ego
2834 1698 2971 1767 ipse,
3018 1697 3351 1752 conscientia
3381 1708 3631 1769 cogente.

348 1822 448 1878 per
494 1800 924 1860 misericordiam
972 1796 1067 1850 tibi
1122 1794 1319 1848 factam
1369 1801 1422 1846 et
1478 1800 1803 1861 potestatem
1844 1790 1936 1843 tibi

350 1899 554 1959 datam,
586 1892 733 1949 solve
761 1888 976 1944 vincula
1001 1884 1137 1954 ejus,
1168 1898 1300 1939 sana
1332 1881 1556 1935 vulnera
1580 1880 1715 1949 ejus.
1739 1879 1936 1934 Libera

352 1989 445 2027 ι⁸¹⁸
470 2003 588 2043 eam
622 1986 688 2041 de
718 1980 934 2037 miseria
966 1978 1114 2050 regni
1141 1984 1486 2047 peccatorum
1529 1971 1644 2037 um;
1671 1981 1726 2026 et
1766 1972 1936 2026 intro-

350 2086 455 2139 duc
497 2098 617 2138 eam
651 2084 703 2135 in
733 2074 1121 2134 beatitudinem
1163 2069 1311 2140 regni
1349 2067 1644 2129 cudorum,
1673 2071 1937 2117 ut’tecum

349 2174 612 2246 gaudens,
638 2169 838 2241 gratias
865 2160 1446 2237 agens,'lau'det“Deum
1472 2158 1525 2213 in
1548 2155 1742 2213 saecula
1770 2169 1926 2211 samu-

351 2270 547 2324 lorutn.
570 2265 765 2321 Amen.

665 2417 924 2478 ORATIO
961 2415 1101 2474 va
1142 2417 1233 2491 [οι.
1279 2415 1487 2488 LXXII]
1520 2413 1636 2469 ηπ.

658 2574 723 2613 Αἰ)
775 2570 1019 2612 SANCTUI
1068 2569 1278 2610 PAULUII
1325 2566 1659 2609 APOSTOLUI.

518 2669 651 2725 Cum
676 2678 873 2724 terrore
890 2668 1085 2739 judicii
1114 2667 1328 2722 extremi
1356 2674 1403 2720 et
1427 2674 1775 2735 peccatorum.

429 2808 626 2862 Sancte
666 2804 864 2872 Paule,
910 2813 965 2859 tu
1010 2819 1205 2875 magne
1248 2802 1414 2858 Paule
1458 2802 1572 2871 “m,
1619 2810 1672 2857 ttt
1717 2800 1808 2857 ille
1846 2799 1939 2871 qui

352 2914 497 2953 unus
531 2912 598 2952 ex
630 2896 840 2968 magnis
872 2897 1128 2967 apostolis
1156 2897 1268 2959 Dei,
1302 2911 1493 2950 omnes
1529 2895 1665 2951 alios
1699 2902 1940 2964 tempore

354 3004 610 3058 sequens,
638 2988 825 3043 labore
853 2998 907 3044 et
929 2987 1166 3043 efﬁcacia
1184 2988 1505 3058 prtecessisti
1528 2988 1580 3042 in
1612 2988 1938 3059 agricultura

356 3083 471 3138 Dei.
527 3081 607 3137 Tu
662 3080 755 3151 qui
800 3080 981 3135 adhuc
1029 3081 1359 3136 mortalitate
1408 3079 1591 3149 gravis
1642 3088 1828 3149 raptus
1880 3094 1940 3135 es

353 3186 523 3242 usque
559 3171 625 3225 ad
669 3170 887 3226 tertium
935 3170 1161 3236 coelum,
1191 3179 1245 3224 et
1285 3178 1473 3240 raptus
1517 3170 1568 3224 iu
1606 3170 1937 3241 paradisum,

352 3263 548 3318 audisti
586 3276 704 3332 qua:
743 3260 1001 3317 non'licet
1037 3261 1240 3316 homini
1277 3261 1445 3332 loqui.
1478 3260 1557 3315 Tu
1610 3261 1754 3317 inter
1781 3261 1941 3316 Chri-

349 3354 558 3408 stianos
613 3367 719 3407 non
776 3352 948 3408 solum
990 3362 1268 3423 tanquam
1326 3353 1509 3408 nutrix
1567 3352 1754 3410 fovens
1801 3354 1940 3411 ﬁlios

357 3459 487 3499 suos
511 3444 646 3509 ¹⁸¹¹,
691 3444 787 3499 sed
825 3453 880 3499 et
927 3443 1291 3499 sollicitudine
1343 3445 1435 3477 ⁸⁸⁸⁸
1486 3445 1747 3501 mirabilis
1806 3445 1937 3501 all'e-

354 3546 477 3591 ctus
500 3535 593 3570 ἐεδ
616 3535 810 3589 iterum
842 3535 1327 3604 parturiens’lilios
1363 3545 1504 3592 tuos.
1546 3536 1652 3604 Tu,
1692 3520 1938 3609 inquam,

354 3624 611 3680 omnibus
679 3622 860 3677 omnia
913 3622 1092 3678 factus
1126 3663 1140 3689 ,
1209 3633 1271 3679 ut
1328 3639 1518 3680 omnes
1552 3626 1936 3683 'lucrifaceres.

354 3716 436 3770 Ad
482 3725 572 3783 te,
622 3714 879 3781 domine,
925 3714 1021 3781 ad,
1050 3723 1101 3770 te
1145 3716 1229 3770 his
1282 3725 1336 3771 et
1384 3716 1504 3773 aliis
1551 3718 1732 3774 multis
1762 3719 1941 3775 edictis

353 3817 411 3863 et
443 3808 601 3864 lactis
632 3808 835 3864 mundo
874 3808 1149 3881 cognitum
1186 3810 1327 3879 apud
1362 3809 1528 3866 Deum
1573 3827 1693 3868 esse
1730 3828 1940 3885 magnae

354 3900 659 3969 potestatis,
693 3908 749 3953 et
779 3914 905 3970 erga
938 3898 1186 3955 homines
1220 3899 1497 3956 immensae
1526 3902 1759 3971 pietatis,
1792 3903 1858 3957 ad
1888 3913 1940 3958 te

355 3990 506 4045 verrit
543 4005 681 4047 unus
718 4002 867 4047 certe
902 3991 1064 4048 nimis
1096 4001 1364 4062 peccator,
1412 4008 1549 4046 unus
1588 3994 1748 4049 nimis
1774 4009 1939 4049 accu-

355 4090 506 4136 satus
529 4083 669 4151 apud
692 4090 959 4150 potentem
982 4082 1075 4114 ’θ’
1096 4090 1151 4137 et
1170 4082 1472 4137 districtum
1490 4083 1726 4154 jndicem
1747 4085 1932 4151 Deum,

356 4188 463 4229 non
504 4189 642 4239 uno,
685 4189 789 4229 non
830 4174 1016 4244 paucis
1041 4217 1057 4244 ,
1099 4175 1193 4229 sed
1240 4177 1540 4232 innumeris
1594 4177 1932 4243 criminibus;

355 4272 461 4317 nan
506 4264 677 4319 solum
719 4265 934 4332 parvis,
976 4264 1070 4319 sed
1118 4274 1173 4319 et
1217 4265 1537 4332 immensis;
1586 4282 1689 4321 non
1734 4267 1933 4334 dubiis,

353 4352 449 4409 sed
493 4354 654 4409 certis
719 4354 843 4421 “";
888 4370 993 4410 non
1040 4356 1188 4411 brevi
1254 4358 1641 4423 accusatione,
1683 4358 1778 4413 sed
1822 4368 1930 4413 tam

354 4441 513 4515 longa
536 4459 698 4515 quam
732 4444 889 4518 longa
915 4453 997 4502 est
1018 4447 1125 4501 vita
1159 4447 1306 4518 ejus;
1333 4463 1437 4502 non
1468 4463 1573 4503 uno
1595 4458 1929 4515 accusatore,

1964 3035 2011 3098 C

2038 1810 2157 1850 sum
2187 1802 2472 1848 accusator
2515 1799 2571 1846 et
2592 1788 2772 1857 rjudex
2803 1802 2972 1842 meus.
3017 1786 3219 1841 Fateor
3244 1786 3389 1841 enim
3416 1802 3513 1842 me
3533 1789 3631 1841 -ni-

2039 1887 2207 1942 mium
2248 1882 2562 1954 deliquisse,
2590 1890 2663 1936 ~et
2708 1881 2827 1935 ideo
2853 1892 3073 1949 gravem
3106 1877 3197 1909 “"
3224 1877 3634 1933 damnationem

2038 1977 2322 2033 meruisse.

2109 2068 2153 2125 Ο
2182 2068 2296 2139 ipsa
2317 2067 2489 2123 etiam
2516 2062 2848 2121 irrationalia
2871 2062 2962 2095 ⁸⁸³⁸
2984 2059 3496 2123 et'insensibilia,si
3527 2076 3635 2115 non

2037 2178 2161 2219 sum
2190 2159 2537 2220 inscusibilis,
2582 2172 2669 2213 me
2709 2154 3068 2212 confundunt.
3088 2152 3345 2223 intelligo
3374 2153 3521 2208 enim
3548 2169 3638 2207 co-

2045 2270 2160 2309 ram
2202 2252 2350 2307 omni
2392 2260 2645 2307 creatura
2689 2262 2775 2302 me
2801 2246 2997 2301 debere
3041 2246 3388 2310 erubescere,
3419 2244 3545 2315 quia
3579 2248 3635 2299 in

2036 2347 2189 2401 illum
2220 2343 2437 2415 peccari
2469 2342 2700 2413 qui-tam
2747 2348 2941 2409 potens
2962 2345 3065 2392 est
3101 2345 3161 2390 ut
3205 2347 3411 2406 posset,
3439 2346 3495 2392 et
3526 2347 3632 2391 tam

2042 2437 2216 2493 bonus
2245 2446 2303 2489 ut
2332 2433 2494 2489 vellet
2522 2447 2641 2488 eam
2679 2429 2878 2484 facere.
2905 2427 3221 2484 Confundor
3245 2436 3301 2482 et
3341 2442 3370 2481 a
3404 2429 3631 2499 meipso,

2038 2527 2166 2598 quia
2192 2534 2248 2581 et
2274 2540 2374 2595 ego
2399 2523 2574 2578 factus
2598 2538 2716 2578 sum
2740 2522 2807 2576 ab
2834 2521 2969 2591 ipso.
3000 2520 3107 2584 Vae,
3134 2519 3277 2574 unde
3303 2527 3379 2574 tot
3399 2531 3451 2573 et
3483 2528 3633 2574 tanta

2041 2619 2181 2674 mala
2210 2617 2424 2672 irruunt
2452 2615 2568 2683 ⁸⁸³¹,
2605 2630 2725 2685 qum
2759 2614 2837 2669 sic
2874 2611 3128 2667 miserum
3164 2612 3325 2665 istum
3354 2611 3634 2665 obruunt?

2038 2710 2265 2767 Peccata
2298 2725 2413 2765 mea
2446 2708 2606 2775 mala,
2637 2708 2702 2763 de
2729 2707 2882 2762 vobis
2912 2707 2966 2760 in
3000 2718 3084 2759 me
3106 2701 3283 2758 ﬂuunt
3308 2704 3419 2759 haec
3441 2706 3630 2759 omnia

2039 2804 2202 2860 mala.
2244 2803 2355 2859 Vos
2405 2801 2681 2856 attrahitis
2728 2811 3110 2866 accusatores,
3172 2811 3270 2851 vos
3339 2798 3634 2852 removetis

2039 2902 2422 2960 excusatores,
2466 2905 2562 2945 vos
2609 2890 2982 2945 damnatorem
3026 2887 3131 2918 "3“
3182 2885 3480 2951 adduéitis;
3539 2901 3636 2941 vos

2043 2988 2458 3043 intercessorem
2516 2981 2840 3047 excluditis,
2889 2995 2983 3034 vos
3012 2978 3324 3050 provocatis
3365 2976 3633 3046 ultorem,

2042 3094 2139 3135 vos
2173 3078 2417 3133 avertitis
2447 3074 2805 3141 induitorem,
2850 3088 2949 3127 vos
2999 3072 3319 3126 intellectum
3379 3080 3634 3125 vestrum

2044 3174 2296 3231 inducitis
2341 3172 2394 3227 in
2440 3170 2690 3225 timorem
2736 3178 2791 3224 et
2840 3166 3241 3231 confusionem,
3282 3180 3381 3220 vos
3425 3166 3500 3220 ab
3546 3164 3634 3221 illo

2043 3265 2360 3322 abscinditis
2385 3262 2477 3296 ¹⁸⁸³
2526 3276 2676 3333 spem
2704 3270 2759 3315 et
2784 3260 3244 3326 consolationem,
3269 3272 3365 3313 vos
3390 3256 3447 3311 in
3474 3270 3632 3312 auer-

2042 3373 2169 3414 num
2199 3356 2473 3410 interitum
2499 3350 2807 3423 impellhis,
2852 3367 2949 3407 vos
2976 3351 3237 3406 auxilium
3267 3365 3429 3405 omne
3460 3348 3630 3419 repel-

1988 3449 2169 3504 v-litis.
2199 3448 2265 3503 Et
2286 3455 2341 3502 ut
2370 3446 2621 3502 miserius
2644 3444 2717 3501 sit
2761 3444 3023 3515 quidquid
3048 3442 3185 3498 mihi
3205 3439 3627 3505 misere'l'acitis,

2041 3545 2145 3601 hoc
2191 3535 2411 3615 insuper
2454 3543 2520 3597 ad
2560 3539 2940 3597 cnmnlandam
2984 3537 3258 3593 miseriam
3308 3536 3523 3594 additis.
3575 3546 3633 3588 ut

2041 3650 2162 3690 cum
2188 3650 2315 3690 vere
2347 3650 2433 3690 res
2461 3633 2534 3688 ita
2583 3633 2673 3698 sit,
2704 3632 2784 3687 sic
2826 3630 2957 3685 mihi
2986 3630 3058 3684 sit
3086 3629 3240 3699 quasi
3273 3642 3379 3682 non
3430 3627 3503 3680 ita
3538 3627 3628 3681 sit.

2042 3726 2136 3783 Sic
2174 3727 2318 3782 enim
2368 3739 2489 3781 esse
2533 3724 2732 3779 veritas
2776 3721 3034 3784 ostendit,
3084 3729 3141 3775 et
3188 3730 3369 3774 tamen
3408 3716 3631 3773 an‘ectus

2039 3833 2144 3872 non
2175 3818 2359 3871 sentit.
2398 3814 2491 3871 Sic
2540 3815 2677 3869 ratio
2707 3814 2881 3877 docet,
2929 3819 2983 3866 et
3024 3825 3123 3865 cor
3167 3825 3274 3864 non
3321 3808 3485 3863 dolet.
3540 3806 3631 3860 Sic

2038 3911 2195 3965 video
2216 3909 2340 3979 quia
2370 3917 2472 3973 est,
2500 3916 2578 3973 et,
2603 3906 2736 3961 heu!
2774 3919 2984 3974 nequeo
3013 3901 3279 3974 liquel‘teri
3312 3911 3456 3955 totus
3483 3899 3538 3953 in
3554 3898 3631 3952 la-

2039 4014 2275 4069 crymas,
2308 3998 2436 4067 quia
2460 3998 2539 4052 sic
2570 3993 2761 4051 est.‘Si
2790 3995 2891 4049 hoc
2922 4007 3155 4064 possem,
3185 3991 3415 4047 forsitan
3442 4006 3631 4060 spera-

2037 4104 2176 4152 rem,
2220 4087 2483 4158 sperando
2530 4100 2764 4151 orarem,
2798 4085 3021 4140 orando
3070 4084 3445 4153 impetrarem.
3492 4081 3627 4135 Cum

2036 4191 2166 4232 vero
2190 4190 2380 4230 sensus
2405 4182 2459 4229 et
2485 4173 2639 4230 dolor
2664 4173 2717 4227 in
2743 4187 2828 4227 me
2853 4172 3149 4227 secundum
3178 4186 3453 4225 aerumnas
3479 4185 3629 4223 ηις-τις

2036 4284 2143 4324 non
2186 4267 2411 4334 sit‘m‘,
2453 4266 2683 4338 qualiter
2728 4266 2992 4339 sperabo?
3039 4267 3308 4336 quomodo
3363 4265 3485 4320 sine
3536 4281 3631 4336 spe

1964 4391 2012 4451 ι)
2035 4359 2238 4416 orabo?
2284 4358 2411 4429 quid
2444 4361 2562 4414 sine
2593 4359 2839 4413 oratione
2869 4357 3208 4428 impetrabo?

2111 4451 2301 4507 Infelix
2332 4450 2640 4519 homuncio,
2667 4451 2733 4506 ad
2764 4451 2891 4522 quid
2921 4450 3138 4506 devenit
3160 4448 3337 4506 oratio
3366 4450 3495 4505 tua?
3520 4465 3629 4520 quo

1633 4580 1865 4639 VARUE
1910 4582 2310 4641 LECTIONES.

428 4688 540 4779 ¹ξ¹³ᾼ
564 4691 1078 4779 animameanmss.
1125 4712 1425 4779 aerumnosa
1452 4699 1634 4779 anima
1663 4716 1782 4779 mea
1864 4699 2329 4779 ⁸ξδ’]θιᾷτθιεΐιδὶῐιείεῑ
2367 4717 2467 4756 ms.
2501 4701 2637 4758 'I’hu.
2667 4700 2964 4771 coniringis
3074 4702 3164 4735 ¹⁸¹⁸
3202 4699 3336 4758 Ossn
3366 4699 3488 4768 ejus
3526 4720 3627 4758 ms.

354 4758 786 4848 Beaossagtnea
864 4764 955 4795 ¹⁸¹⁶
982 4766 1301 4848 Ρεξτίιηθιυξια
1331 4786 1432 4848 tua.
1463 4769 1604 4848 That.
1636 4772 1784 4848 omit_.
1849 4772 1957 4848 ff".
2003 4772 2170 4848 b‘ruat
2191 4758 2309 4825 eain
2367 4772 2687 4848 dimittendo
2745 4758 2968 4848 peccata
2992 4771 3134 4840 ejus.
3165 4789 3261 4827 ms.
3293 4758 3626 4828 Sari-Germ.

352 4836 774 4909 eruatanimam
805 4847 978 4909 meam
1003 4836 1070 4890 ab
1094 4837 1239 4909 omni
1264 4838 1409 4909 malo
1434 4849 1490 4895 et
1521 4841 1590 4896 ab
1617 4842 1766 4895 omni
1796 4841 2168 4909 tribulatione,
2192 4850 2253 4895 et
2278 4844 2547 4909 perducat
2567 4857 2686 4896 eam
2719 4836 2785 4895 a'd
2815 4844 2983 4896 vitam
3012 4836 3270 4898 aeternam
3369 4842 3465 4874 “"
3499 4844 3630 4897 Vin-

354 4899 476 4954 cula
516 4899 634 4982 ejus
666 4916 801 4956 sana
837 4903 1057 4982 νεφρὼ-ει
1089 4906 1227 4982 ejus,
1255 4906 1448 4982 libera
1482 4927 1584 4963 ms.
1620 4908 1942 4965 Son-Germ.
1980 4899 2188 4982 vincula
2225 4899 2421 4966 anima:
2471 4927 2625 4976 mete.
2654 4922 2710 4967 et
2737 4912 2902 4966 libera
2981 4913 3071 4944 ⁸⁸⁸³
3100 4915 3175 4968 De
3218 4912 3437 4967 miseria
3470 4917 3625 4982 regni

351 4980 718 5057 pegcat‘orunn
734 4990 840 5057 llis.
863 4973 1055 5057 “That.”
1079 4973 1151 5057 di:
1195 4978 1823 5057 miserla_pe_ccatorun_t__
1885 4980 2331 5057 ‘"_°_Collata_est
2364 4999 2483 5057 euut
2510 4973 2658 5057 Ima.
2696 4981 2831 5057 Vict.
2859 4981 2983 5057 ΚΚἶ
3018 4984 3105 5038 16.
3146 4995 3191 5037 et
3225 4982 3338 5036 RR.
3382 4983 3440 5035 3.
3484 4973 3625 5037 Τὶἷα.

350 5040 482 5126 ἔξω..
511 5038 817 5126 Co_rb.ul.60.
852 5042 974 5126 βπ.
1013 5044 1077 5099 0.
1098 5045 1397 5126 δωρεαί.
1416 5038 1649 5126 ναι-ιᾳε.
1681 5060 1727 5103 et
1755 5048 1904 5126 Flor.
1940 5051 2069 5126 Mss.
2100 5052 2288 5126 Oratio
2320 5052 2386 5107 ad
2420 5052 2477 5107 S.
2509 5051 2734 5126 Paulum
2766 5053 3080 5126 Apostolum
3182 5053 3272 5085 ¹⁸¹¹
3312 5052 3395 5126 Tu
3429 5069 3628 5124 magne

351 5110 538 5199 liable,
575 5122 642 5199 [tu
673 5113 761 5199 ille
789 5116 880 5184 qui
912 5130 1048 5199 unus
1068 5133 1172 5199 ius:
1211 5115 1531 5199 Sun-gerat.
1558 5120 1814 5199 apostole
1833 5121 2089 5199 _(_l‘hristi,_
2114 5121 2203 5199 qui
2230 5138 2458 5199 esurias
2532 5122 2626 5155 ¹⁸²²
2652 5110 2860 5199 Fovetis
2893 5124 3030 5179 tilios
3056 5139 3183 5179 suos
3210 5140 3311 5177 ms.
3354 5122 3495 5177 νισι.
3522 5110 3557 5179 Ἶ
3571 5127 3621 5177 6.

352 5182 539 5262 fovens
558 5183 710 5262 lilios
748 5182 909 5262 tuo§__
942 5185 1033 5262 “8"
1067 5185 1171 5262 Sed
1204 5196 1263 5262 et_
1300 5182 1662 5245 sollicitudine
1702 5206 1801 5244 ms.
1832 5190 1967 5245 Tltu.
1996 5182 2090 5246 sed
2122 5182 2175 5246 i'n
2203 5192 2565 5249 sollicitudine
2639 5192 2733 5224 ¹⁸¹⁸
2779 5192 3039 5249 Mirabilis
3070 5193 3260 5249 affectu
3292 5211 3419 5247 mu.
3452 5196 3625 5248 mira-

354 5252 475 5337 bilis
517 5251 743 5337 allectus
819 5254 1089 5337 ml’Apud
1121 5257 1541 5337 omnipotentem
1590 5276 1715 5337 mss.
1748 5262 1888 5337 apud
1927 5267 2211 5337 potentem
2280 5262 2371 5294 ’⁸³⁸
2395 5263 2505 5337 _Sed
2541 5264 2706 5319 certis
2728 5280 2851 5318 mss.
2887 5265 2978 5317 sed
3004 5274 3059 5319 et
3081 5265 3244 5319 certis
3340 5264 3433 5295 ³⁸³⁷
3465 5263 3621 5329 Quod

744 5323 1150 5423 ﬂagrauit
1178 5323 1982 5423 qnpnt‘snciunt‘inlﬁligta
2046 5331 2347 5423 .‘F’anQuant
2377 5334 2683 5423 desiderant
2706 5351 2802 5387 ms.
2842 5333 2985 5423 Virg,
3012 5335 3079 5389 16
3131 5350 3295 5415 quam
3324 5323 3625 5417 expectant

392 5393 1006 5478 [ξςΕινίίιθοηειξειὲηᾳιη
1047 5414 1171 5451 mss.
1216 5407 1271 5451 cl
1297 5393 1677 5478 ἱάαεξεηνθιι]
1760 5400 1862 5478 .¹⁸³⁰
1901 5400 2093 5455 Omnia
2121 5393 2707 5478 etiatuirrationahilia
2735 5421 2858 5458 nus.
2892 5405 2937 5461 Ο
2975 5406 3085 5475 ipsa
3124 5393 3285 5458 etiam
3323 5393 3621 5460 irrationa-

354 5460 478 5532 bilia
504 5462 605 5516 alia
709 5465 797 5497 ¹⁸³¹
828 5460 963 5520 Mala
996 5468 1209 5522 irruunt
1250 5484 1351 5523 ms.
1390 5460 1523 5522 ΤΙιῖι.
1569 5468 1709 5523 mala
1758 5471 2035 5525 irruerunt
2133 5472 2223 5503 ¹⁸³²
2257 5471 2361 5527 Vos
2382 5474 2727 5528 damnatores
2777 5460 2917 5528 mss.
2950 5460 3067 5529 B'ec.
3115 5474 3251 5528 Tha.
3294 5473 3435 5529 Vict.
3493 5474 3623 5532 Va:-

352 5528 461 5617 l‘uc.‘
494 5543 549 5617 ἐι
602 5532 755 5617 Flor.
796 5538 1307 5617 vosdatnnat_orent
1411 5539 1876 5617 “"_Abscindi_tj_s
1924 5539 2231 5617 mrs.__Vi_ct.
2277 5542 2403 5597 Bec.
2459 5542 2615 5598 Corb.
2666 5542 2818 5617 Flor.
2861 5528 3139 5602 absciditis
3192 5561 3320 5600 mss.
3379 5528 3622 5603 Tum}

364 5596 590 5653 Val-(uc.
624 5604 951 5660 absconditis
1026 5608 1118 5641 ¹⁸³⁸
1147 5609 1291 5666 Meas
1339 5625 1444 5665 non
1477 5610 1586 5665 sint
1628 5626 1753 5664 mss.
1795 5610 1929 5665 Vict.
1964 5621 2011 5666 et
2065 5610 2293 5668 Val-(uc.
2325 5596 2483 5670 tneasﬁ
2506 5596 2612 5669 non
2644 5616 2715 5670 sit
