3906 6058
268 326 375 383 977

1699 329 2119 388 ORATIONES';

3444 330 3543 387 978

266 440 493 497 evanuit
532 454 657 511 spes
696 450 751 496 et
798 438 991 495 fiducia
1038 439 1166 496 tua?
1208 440 1540 512 hicmperam
1574 443 1673 475 ¹⁸⁸⁸
1697 459 1858 499 orare
1885 450 1935 508 Α
2031 442 2178 509 Jesu,
2216 443 2354 499 boue
2399 442 2645 510 Domine,
2674 460 2777 501 cur.
2800 446 2866 500 de
2895 444 3034 500 cmlo
3062 444 3294 501 venisti?
3323 443 3460 511 Quid
3489 460 3544 499 tn

267 549 389 589 cum
418 533 611 589 fiducia
645 532 987 595 temeritatis,
1009 541 1066 587 et
1089 534 1659 604 oecurritdesperatio
1686 537 1858 591 extin'

267 622 482 678 tellectu
509 623 776 689 veritatis,
801 633 856 678 et
877 626 1059 680 deficit
1078 625 1251 680 oratio
1273 626 1365 658 ⁸⁸³⁸
1386 641 1451 681 ex
1481 629 1859 697 desperatione

266 715 495 786 alicujus
516 732 645 788 erga
677 733 766 772 me
791 717 1025 786 pietatis.
1052 717 1109 773 Si
1133 717 1276 773 enim
1304 718 1566 789 quidquid
1592 730 1695 786 est,
1714 721 1859 791 justo

267 816 457 861 contra
490 822 577 862 me
603 815 708 873 est,
751 807 907 878 cujus
950 808 1123 876 pietas
1151 822 1363 862 mecum
1405 809 1525 864 est?
1570 808 1625 864 Si
1674 811 1858 865 omnia

268 914 390 967 qua:
429 906 589 964 sunt,
609 907 759 954 recte
799 899 930 954 mihi
964 908 1093 955 sunt
1120 900 1368 969 adversa,
1395 900 1550 971 cujus
1584 903 1861 959 miseratio

267 992 338 1046 ad
384 1008 475 1048 me
494 992 600 1046 erit.
622 993 930 1048 conversa?
963 990 1020 1047 Si
1057 992 1283 1048 Creator
1310 1002 1366 1048 et
1388 1005 1637 1050 creatura
1667 996 1861 1051 mera'to

271 1098 358 1136 me
384 1083 632 1153 despicit,
663 1084 820 1155 cujus
846 1093 1097 1154 aspectus
1139 1101 1225 1139 me
1255 1086 1511 1156 respicit?
1552 1086 1714 1142 Miser
1739 1101 1862 1157 pec-

269 1180 442 1236 cator,
472 1172 516 1227 si
547 1173 627 1228 sic
654 1182 778 1238 est,
802 1172 935 1227 nihil
956 1173 1071 1229 -tibi
1117 1184 1382 1243 remanet,
1410 1175 1515 1231 nisi
1557 1191 1586 1230 a
1619 1192 1716 1247 spe
1753 1187 1857 1231 tor-

272 1277 424 1331 pere,
451 1272 507 1317 et
539 1263 607 1318 ab
631 1264 875 1319 oratione
902 1271 1104 1329 tacere,
1128 1273 1185 1319 et
1213 1265 1295 1320 sic
1322 1280 1537 1337 semper
1560 1266 1613 1320 in
1645 1266 1735 1299 ⁸⁸³⁷
1764 1269 1861 1322 mi-

271 1354 416 1408 seria
447 1362 534 1408 tua
557 1352 767 1422 jacere.
798 1350 1014 1427 'Utique
1043 1356 1137 1428 qui
1183 1366 1237 1412 te
1280 1367 1472 1427 sponte
1496 1357 1673 1414 fecisti
1702 1359 1864 1414 mise-

271 1460 413 1509 rum,
459 1444 607 1513 juste
655 1460 879 1502 necesse
928 1455 1013 1507 est
1061 1462 1277 1517 semper
1324 1456 1377 1503 te
1422 1463 1543 1504 esse
1580 1449 1859 1504 miserum.

275 1537 479 1608 Utique
518 1540 714 1595 misera
747 1540 964 1607 delicta,
993 1542 1085 1596 sic?
1103 1542 1331 1598 redditis
1361 1550 1542 1598 vestra
1574 1543 1861 1613 promissa.

273 1629 410 1684 Dum
440 1630 735 1697 attmhitis,
777 1631 956 1688 dulcia
980 1632 1333 1703 promittitis;
1368 1648 1494 1688 cum
1523 1633 1862 1703 pertrahitis,

272 1737 581 1791 possessum
634 1732 876 1779 vestrum
933 1724 1293 1781 amaritudine
1344 1724 1687 1795 perfunditis.
1730 1725 1912 1779 Dum'

1962 536 2163 590 mundo
2186 535 2400 590 fecisti?
2426 536 2505 591 Ad
2532 538 2661 608 quid
2694 547 2745 592 le
2774 537 2934 592 morti
2961 537 3180 602 dedisti,
3206 537 3310 591 nisi
3340 546 3398 591 ut
3423 550 3546 607 pec-

1962 640 2175 682 catores
2204 627 2481 682 salvares?
2511 628 2714 684 Sancte
2743 628 2929 693 Paule,
2956 628 3086 698 quid
3113 628 3257 682 aliud
3290 629 3546 683 mundum

1961 718 2384 788 perambulando
2417 720 2681 775 docuisti?
2706 721 2786 775 Ad
2819 721 2959 775 hanc
2987 721 3145 775 fidem
3183 721 3296 790 ipse
3334 730 3388 775 et
3415 735 3545 790 apo-

1962 818 2013 863 st
2036 810 2083 863 lli
2108 808 2246 878 ejus,
2272 820 2328 866 et
2355 820 2409 866 tu
2436 813 2671 868 maxime
2700 827 2799 867 nos
2824 819 3139 881 peccatores
3163 812 3424 877 invitatis,
3449 812 3547 866 hoc

1963 902 2135 955 solum
2183 910 2355 957 tutum
2394 902 2662 974 refugium
2691 904 2846 959 nobis
2890 902 3223 958 monstratis.
3269 901 3549 970 Quomodo

1963 1009 2224 1063 ergo‘non
2253 996 2508 1066 sperabo,
2533 996 2581 1051 si
2612 998 2714 1051 hoc
2744 997 2931 1061 eredo,
2958 1005 3015 1050 et
3054 996 3106 1049 in
3134 995 3236 1050 hac
3262 995 3364 1048 ﬁde
3391 995 3551 1064 peto?

1962 1087 2366 1157 Autquomodo
2395 1103 2481 1143 me
2513 1088 2864 1143 frustrabitur
2909 1101 3033 1156 spes
3080 1086 3201 1149 ista,
3248 1086 3294 1142 si
3341 1084 3409 1139 de
3442 1101 3550 1155 qua

1965 1180 2227 1243 nascitur,
2272 1194 2378 1234 non
2420 1194 2515 1234 me
2551 1177 2685 1232 fallit
2710 1178 2845 1232 fides
2885 1176 3021 1232 ista?
3060 1174 3186 1231 Jesu
3217 1176 3377 1240 Deus,
3405 1183 3462 1229 et
3493 1183 3550 1227 tu

1965 1270 2205 1349 apostole
2231 1271 2369 1342 ejus,
2401 1271 2527 1327 huic
2569 1271 2687 1325 ﬁdei
2736 1278 2989 1340 peccator
3016 1283 3103 1323 me
3132 1278 3315 1322 vestro
3343 1265 3551 1319 monitu

1962 1365 2128 1420 credo
2152 1363 2263 1431 ηδε,
2300 1363 2353 1417 in
2397 1364 2537 1419 hanc
2567 1377 2653 1418 me
2692 1361 2863 1431 jacto,
2896 1361 3004 1416 imo
3028 1360 3141 1431 jam
3169 1358 3296 1413 olim
3325 1356 3549 1427 jactavi.

1967 1453 2081 1509 Hac
2107 1452 2347 1508 inductui
2387 1452 2592 1508 accessi
2622 1467 2718 1507 vos
2747 1451 2840 1484 ¹⁸³⁸
2867 1458 3144 1505 oraturus.
3182 1448 3239 1502 ln
3273 1449 3373 1502 hac
3402 1455 3549 1517 peto,

1968 1547 2020 1602 in
2051 1548 2152 1603 hac
2178 1562 2384 1618 qumro,
2415 1548 2468 1601 in
2496 1546 2597 1602 hac
2623 1546 2799 1616 pulso,
2826 1554 2886 1600 ut
2912 1542 3183 1616 peccatori
3212 1541 3303 1574 ⁸⁸³⁵⁸
3330 1540 3553 1596 misera-

1967 1638 2132 1704 mini;
2162 1646 2216 1693 tu
2246 1637 2538 1708 parcendo,
2574 1646 2627 1693 tu
2656 1635 3069 1698 intercedendo;
3105 1642 3158 1688 tu
3183 1631 3467 1695 salvando,
3497 1641 3553 1684 tu

1968 1729 2192 1783 orando.
2224 1728 2336 1783 liae
2361 1728 2465 1784 ﬁde
2486 1743 2668 1783 coram
2700 1728 2851 1783 vobis
2882 1742 2969 1781 me
2989 1724 3237 1787 obvolvo,
3262 1730 3321 1777 ut
3349 1721 3549 1792 possim

272 1815 537 1880 suadetis,
581 1816 813 1887 nngitis;
846 1828 1132 1887 postquam
1166 1817 1505 1887 persuadetis
1542 1815 1654 1879 ¹⁸³⁸,
1693 1832 1863 1888 usque
1894 1820 1938 1879 Β
1966 1818 2137 1875 latere
2166 1819 2513 1889 inquisitores
2538 1828 2591 1874 et
2610 1828 2891 1874 exactores
2912 1825 3259 1888 peccatorum
3282 1828 3550 1875 meorum,

272 1907 341 1961 ad
370 1915 598 1963 mortem
624 1908 821 1964 animae
845 1910 1104 1979 pungitis.
1156 1910 1531 1965 Dumvocatis
1563 1911 1616 1965 in
1648 1911 1859 1967 foveam

271 2010 529 2061 vestram,
556 2001 711 2070 quasi
754 2000 964 2056 facilem
995 2002 1235 2057 reditum
1275 2016 1372 2072 per
1402 2002 1735 2073 paenitentia
1763 2004 1860 2058 do-

274 2088 443 2145 lorem
475 2092 824 2156 monstratis;
870 2108 1003 2148 eum
1024 2109 1151 2149 vero
1194 2094 1581 2164 praecipitatis,
1616 2095 1863 2166 praecipi-

274 2188 446 2233 tatum
473 2180 724 2249 obruitis,
753 2183 1009 2238 obrutum
1044 2185 1354 2251 obcaecatis,
1399 2185 1731 2241 obcaecatum
1767 2187 1865 2240 oh-

271 2270 505 2336 dursatis,
535 2273 802 2329 obdurato
840 2290 1057 2331 onmem
1100 2276 1307 2331 exitum
1347 2278 1616 2333 obturatis
1641 2278 1753 2332 ηδ’.
1798 2278 1864 2332 Et

273 2362 354 2416 sic
382 2363 639 2420 miserum
664 2375 907 2422 vestrum
933 2369 1236 2439 deceptum,
1263 2370 1612 2439 captivatum,
1638 2370 1860 2441 ligatum

274 2452 455 2511 facitis
482 2455 794 2527 desperare,
826 2466 1030 2522 tacere,
1061 2468 1116 2513 et
1148 2458 1542 2525 iusensibilcm,
1564 2461 1711 2516 velut
1737 2478 1859 2533 per-

276 2545 447 2599 ditum
496 2546 591 2603 Dei
639 2557 695 2603 et
740 2548 966 2604 oblitum
1008 2548 1099 2604 Dei
1133 2549 1224 2582 “M
1245 2548 1452 2619 jacere,
1494 2552 1666 2608 donec
1711 2553 1860 2608 illum

276 2638 527 2695 vendatis
552 2643 946 2697 mercatoribus
973 2642 1190 2709 inferni,
1213 2644 1304 2713 qui
1332 2659 1539 2701 merces
1561 2660 1689 2703 suas
1715 2662 1862 2702 com-

275 2741 495 2803 pqrtant
521 2732 576 2788 in
606 2734 780 2790 lacum
813 2735 1021 2791 mortis.
1054 2735 1169 2792 Hoc
1214 2745 1384 2791 totum
1419 2737 1485 2792 de
1517 2752 1604 2793 me
1632 2738 1857 2804 fecistis,

278 2824 395 2878 lucc
418 2827 596 2880 omnia
625 2838 882 2896 expertus
915 2844 1055 2894 sum,
1094 2828 1193 2884 nisi
1222 2828 1346 2897 quia
1386 2829 1633 2883 nondum
1653 2843 1864 2885 merea-

279 2917 488 2972 toribus
531 2916 635 2973 illis
681 2919 908 2973 traditus
949 2935 1090 2974 sum.
1137 2919 1291 2986 Quod
1322 2920 1412 2953 ‘3“
1450 2929 1627 2977 tamen
1661 2932 1716 2976 et
1761 2936 1860 2990 ego

276 3018 533 3078 exspecto
576 3009 773 3065 misere
809 3010 1071 3079 timendo,
1118 3022 1176 3066 et
1213 3010 1290 3066 illi
1336 3012 1719 3082 praestolamur
1749 3029 1862 3067 ma-

276 3098 422 3170 ligne
449 3101 749 3171 gaudendo.

348 3192 493 3249 Heu!
529 3210 689 3263 quam
736 3195 935 3251 malum
967 3204 1051 3253 est
1094 3197 1174 3253 sic
1208 3197 1519 3269 desperare,
1550 3197 1631 3253 sic
1660 3206 1858 3266 tacere,

276 3283 356 3339 sic
396 3284 613 3354 jacere!
664 3286 731 3343 Et
776 3288 905 3342 heu!
956 3304 1118 3358 quam
1148 3305 1347 3345 vanum
1374 3288 1468 3323 ‘5“
1492 3290 1729 3347 est-sine
1768 3306 1864 3361 spe

275 3377 533 3443 clamare,
563 3379 682 3435 sine
722 3394 817 3449 spe
844 3382 1057 3440 conari!
1099 3383 1263 3450 Deus,
1294 3381 1452 3450 cujus
1493 3382 1707 3438 bonitas
1752 3398 1859 3438 non

275 3472 619 3539 exhauritur,
642 3477 794 3545 cujus
820 3477 1189 3533 misericordia
1219 3494 1327 3534 non
1353 3479 1684 3547 exinanitur,
1709 3481 1863 3551 cujus

274 3565 499 3619 scientia
532 3582 639 3621 non
668 3567 871 3632 deﬁcit,
903 3569 1058 3638 cujus
1091 3578 1333 3639 potestas
1356 3572 1498 3639 quod
1524 3570 1639 3626 vult
1678 3569 1860 3639 efficit,

272 3659 417 3713 unde
433 3668 632 3729 potero
667 3660 937 3730 reSpirare
963 3662 1055 3731 qui
1102 3661 1181 3717 sic
1210 3662 1279 3718 ob
1308 3672 1526 3733 peccata
1553 3678 1672 3719 mea
1700 3680 1864 3736 cogor

272 3751 600 3821 desperare?
631 3750 762 3805 Nam
794 3753 895 3807 etsi
923 3752 1179 3809 irascaris
1202 3756 1575 3824 peccantibus,
1605 3755 1748 3810 soles
1776 3765 1860 3809 ta-

273 3859 420 3912 men,
445 3844 681 3916 benigne
699 3844 946 3910 Domine,
967 3845 1098 3899 dare
1117 3845 1403 3901 consilium
1426 3844 1860 3916 petentibus‘m;

273 3936 408 3990 doce
457 3951 567 4003 me,
612 3938 862 4001 Domine,
894 3938 1036 3992 unde
1064 3937 1288 3992 debeam
1320 3952 1544 4008 sperare
1566 3946 1632 3992 ut
1660 3938 1862 4006 possim

274 4042 452 4083 orare.
488 4026 661 4084 Orare
703 4044 939 4101 namque
967 4038 1018 4086 te
1049 4028 1199 4096 volo;
1220 4029 1329 4085 sed
1356 4044 1456 4085 nec
1479 4030 1618 4093 scio,-
1646 4038 1864 4100 propter

275 4120 633 4191 ignorantiam
680 4135 879 4186 meam,
911 4136 1011 4177 nec
1059 4136 1300 4192 possum,
1345 4129 1566 4192 propter
1606 4122 1862 4177 duritiam

274 4225 473 4277 meam,
502 4220 552 4265 et
583 4212 873 4279 prohibeor
912 4212 1313 4281 desperatione,
1344 4223 1564 4283 propter
1604 4213 1861 4282 iniquita-

277 4308 384 4353 tem
415 4315 610 4354 meam.
640 4300 836 4366 Quaero
859 4300 1060 4370 aliquid
1089 4302 1233 4370 quod
1266 4316 1350 4357 me
1376 4309 1619 4367 excuset,
1645 4310 1701 4357 et
1726 4301 1862 4357 nihil

272 4399 357 4446 est
387 4392 530 4461 quod
561 4406 651 4446 me
673 4406 779 4445 non
811 4400 1050 4448 accuset.
1079 4390 1281 4459 Quaero
1298 4392 1390 4461 qui
1414 4400 1533 4447 oret
1556 4407 1652 4462 pro
1681 4407 1785 4459 me,
1806 4400 1863 4447 et

1964 1919 2019 1966 et
2063 1912 2174 1977 tui,
2214 1911 2375 1975 Deus,
2421 1909 2650 1965 districti
2696 1909 2883 1979 judicii
2928 1907 3352 1977 percussionem.
3402 1902 3554 1957 Hanc

1964 2004 2097 2074 petit
2123 2011 2306 2059 vestro
2330 2002 2554 2058 consilio
2576 2008 2830 2071 peccator
2852 1999 3285 2062 absconsionem;
3302 1996 3549 2060 obsecro,

1966 2111 2034 2151 ne
2070 2095 2160 2128 ³⁸⁸⁷
2194 2093 2454 2165 prodatur
2477 2092 2683 2162 judicio
2711 2100 2889 2147 vestro
2918 2089 2985 2143 ad
3014 2088 3436 2143 damnationem.

2037 2186 2144 2243 Sed
2176 2186 2310 2242 heu!
2342 2200 2469 2241 ecce
2496 2185 2735 2241 occurrit
2762 2190 2817 2239 et
2838 2180 2981 2237 aliud
3012 2179 3104 2212 ¹⁸⁵⁸
3130 2194 3293 2250 grave
3325 2177 3545 2231 malum.

1966 2279 2260 2350 Sperabam
2310 2292 2395 2334 me
2420 2278 2511 2311 ¹⁸⁸⁹
2537 2292 2635 2349 per
2676 2276 2837 2332 ﬁdem
2867 2289 3015 2343 spem
3047 2272 3314 2336 obtinere,
3342 2278 3397 2326 et
3422 2284 3550 2323 ecce

1964 2372 2122 2427 video
2153 2384 2254 2427 nec
2280 2369 2438 2426 ﬁdem
2467 2384 2554 2425 me
2585 2377 2789 2424 tenere.
2821 2366 3082 2420 Putabam
3111 2379 3197 2419 me
3227 2363 3280 2417 in
3312 2362 3415 2416 hac
3446 2360 3554 2413 fide

1963 2477 2086 2519 esse
2114 2460 2450 2527 obvolutum,
2481 2469 2535 2516 et
2575 2473 2839 2531 cognosco
2870 2457 2937 2513 ab
2965 2456 3052 2510 illa
3079 2469 3164 2509 me
3186 2461 3405 2507 exutum
3435 2450 3548 2503 “3".

1963 2555 2309 2613 Conﬁdebam
2341 2571 2428 2612 me
2458 2554 2511 2609 in
2539 2552 2627 2608 illa
2660 2552 2894 2617 latitare,
2936 2558 2991 2604 et
3020 2548 3205 2603 sentio
3245 2561 3331 2601 me
3364 2544 3434 2601 ab
3460 2543 3546 2597 illa

1964 2646 2241 2712 exsulare;
2265 2646 2395 2716 ﬁdes
2421 2644 2565 2701 enim
2588 2644 2701 2698 sine
2729 2640 2968 2712 operibus
2994 2649 3196 2693 mortua
3224 2645 3295 2691 est
3320 2633 3548 2706 (latuit,

1962 2738 2086 2808 20);
2119 2736 2252 2792 fides
2272 2750 2407 2792 vero
2433 2743 2664 2799 mortua,
2696 2732 2830 2788 ﬁdes
2853 2746 2961 2786 non
2990 2738 3093 2785 est.
3120 2727 3221 2794 Qui
3250 2740 3378 2796 ergo
3406 2738 3548 2778 mor-

1966 2837 2113 2883 tuam
2142 2827 2300 2883 ﬁdem
2326 2826 2509 2892 habet,
2548 2825 2708 2880 ﬁdem
2737 2838 2847 2878 non
2874 2822 3057 2876 habet.
3091 2818 3215 2873 Vae!
3244 2815 3550 2873 fecunditas

1964 2921 2230 2979 malorum
2274 2936 2499 2993 operum
2544 2917 2869 2990 prohibebat
2909 2929 3009 2971 me.
3037 2927 3186 2984 spem
3232 2910 3456 2974 habere,
3493 2914 3550 2961 et

1963 3013 2222 3070 sterilitas
2255 3014 2519 3069 bonorum
2547 3025 2773 3081 operum
2814 3008 3007 3080 probat
3054 3020 3141 3060 me
3187 3002 3293 3057 ﬁde
3331 3014 3543 3057 carere.

1964 3103 2057 3160 Vae
2082 3104 2222 3160 male
2254 3103 2465 3175 agenti!
2497 3117 2575 3157 vae
2599 3102 2738 3156 bona
2762 3097 3047 3171 negligenti
3072 3098 3085 3149 ι
3119 3094 3261 3150 sicut
3281 3092 3427 3148 enim
3454 3105 3547 3145 nee

1965 3210 2120 3251 cesse
2149 3202 2232 3250 est
2272 3194 2326 3248 in
2370 3193 2527 3248 malis
2571 3190 2825 3261 operibus
2871 3188 2982 3242 Deo
3006 3184 3315 3255 displicere,
3344 3181 3416 3235 ita
3448 3180 3550 3233 im-

1964 3288 2219 3360 possibile
2243 3296 2327 3343 est
2368 3288 2484 3342 sine
2512 3284 2634 3352 (ide,
2664 3297 2785 3354 quae
2816 3282 2974 3339 bonis
3000 3277 3256 3351 operibus
3285 3274 3375 3307 ‘3“
3406 3270 3548 3328 nulla

1964 3394 2067 3450 est,
2102 3384 2211 3438 Deo
2242 3382 2474 3453 placere.

2034 3475 2147 3530 lmo
2175 3475 2237 3530 si
2258 3473 2438 3543 justus
2461 3488 2545 3529 ειη
2577 3468 2681 3527 ﬁde
2706 3469 2858 3533 vivit,
2903 3466 2991 3539 qui
3022 3465 3181 3520 ﬁdem
3229 3476 3334 3517 non
3365 3459 3550 3522 habet.

1968 3574 2215 3622 mortuus
2246 3572 2350 3621 est.
2402 3562 2508 3619 Sed
2551 3562 2595 3618 si
2638 3560 2838 3616 sterilis
2873 3558 3142 3613 bonorum
3184 3561 3431 3609 mortuus
3460 3551 3552 3582 ²⁸³¹

1964 3667 2070 3723 εει,
2095 3657 2287 3714 fertilis
2304 3654 2578 3711 malorum
2609 3660 2813 3724 quanto
2841 3648 3013 3720 magis
3036 3646 3130 3680 ¹⁸⁸³
3159 3653 3407 3701 mortuus
3430 3643 3552 3697 est?

1963 3750 2098 3806 Nam
2133 3749 2178 3803 si
2207 3749 2388 3813 arbor,
2418 3760 2538 3815 quae
2566 3759 2671 3799 non
2710 3742 2838 3799 facit
2867 3740 3099 3815 fructum
3130 3739 3364 3801 bonum,
3400 3734 3551 3790 exci-

1964 3841 2045 3897 dit
2068 3849 2124 3895 ut
2148 3839 2322 3904 arida,
2349 3852 2470 3907 quas
2494 3835 2624 3890 facit
2652 3834 2887 3888 fructum
2911 3830 3137 3895 malum,
3161 3828 3349 3898 utique
3374 3827 3523 3881 eradi
3541 3857 3554 3866 -

1962 3942 2119 3988 catur
2145 3931 2240 3964 “'“
2267 3939 2327 3986 ut
2356 3928 2538 3985 noxia.
2580 3926 2723 3982 Mors
2764 3926 2882 3980 haec
2927 3938 3033 3979 non
3082 3922 3263 3978 carnis
3305 3927 3410 3983 est,
3455 3920 3552 3973 sed

1963 4023 2179 4079 animae.
2227 4021 2397 4088 Quam
2442 4017 2614 4089 magis
2660 4003 2776 4082 ηπ,
2827 4022 2883 4069 et
2923 4027 3084 4083 quam
3119 4008 3271 4081 pejus
3320 4007 3552 4063 moritur

1961 4118 2052 4189 qui
2115 4117 2219 4172 hac
2272 4122 2448 4169 morte
2485 4110 2737 4176 moritur,
2786 4122 2947 4177 quam
2992 4103 3085 4175 qui
3139 4100 3320 4157 carnis
3372 4107 3549 4154 morte

1962 4212 2212 4268 moritur.
2269 4209 2459 4266 Omnis
2508 4206 2654 4262 enim
2709 4205 2945 4259 humana
3002 4213 3131 4255 caro
3179 4204 3421 4252 mortua-
3451 4192 3547 4247 ali-

1960 4305 2177 4378 quando
2216 4304 2469 4375 resurgit,
2510 4299 2603 4355 sed
2645 4313 2751 4353 non
2792 4295 2968 4351 omnis
3007 4291 3187 4346 anima
3218 4296 3429 4378 mortua
3463 4302 3548 4340 rc-

1961 4376 2153 4467 surgit.
2177 4395 2243 4450 Et
2272 4394 2441 4465 magis
2468 4390 2687 4462 perimit
2720 4401 2866 4441 mors
2894 4384 3004 4447 illa,
3023 4397 3143 4451 qum
3176 4376 3547 4467 aufert’vitam

275 4485 491 4541 invenio
517 4484 778 4555 quidquid
805 4494 891 4540 est
912 4500 1034 4541 esse
1059 4493 1251 4541 contra
1278 4498 1385 4539 me.
1414 4486 1608 4551 Quaero
1637 4485 1727 4555 qui
1757 4485 1859 4541 mi-
1887 4519 1936 4579 Β
1964 4464 2187 4542 forsitan
2206 4464 2478 4553 nunquam
2507 4490 2872 4579 ret-versuram.3
2892 4486 3052 4542 quam
3220 4467 3357 4579 tollit
3379 4464 3544 4579 vita—1n

273 4579 380 4635 seri
402 4579 743 4644 misereatur,
763 4586 997 4635 etomne
1013 4579 1160 4650 quod
1186 4587 1269 4636 est
1283 4578 1493 4635 misero
1514 4578 1851 4635 adversatur.
1887 4560 1934 4579 ν
1962 4594 2027 4634 ex
2057 4576 2378 4634 necessitate
2401 4569 2726 4644 quandoque
2759 4564 3075 4623 redituram.
3106 4560 3175 4615 Et
3201 4560 3353 4631 pejus
3382 4560 3548 4610 morie
3614 4591 3621 4597 -

1567 4776 1796 4833 νᾹῙὶΙιΕ
1839 4772 2245 4833 LECTIONES.

348 4890 649 4948 “’"Oratio
681 4892 818 4946 tua?
852 4888 1162 4976 inceper'am
1220 4909 1347 4976 ηςεξ.
1396 4893 1707 4974 oratiouna
1731 4890 1906 4976 2112
1945 4887 2168 4946 evanuit
2213 4900 2341 4969 spes
2379 4894 2434 4939 et
2471 4881 2663 4976 ﬁducia
2706 4878 3204 4976 tuazhlnﬁepetlap:
3246 4872 3538 4976 ο

273 4964 388 5020 ﬁcit
415 4942 1191 5034 Ostiam'gjcongjaiis.
1221 4942 1707 5034 ‘aérégi'ar's'us"‘
1736 4942 1832 4994 "95"
1854 4942 2191 5034 iEtvsemper
2238 4942 2455 5034 inﬂatu.
2500 4962 2553 5034 ει
2588 4953 2676 5034 sic
2705 4966 2920 5034 semper
2958 4942 3033 5034 ip—
3099 4942 3540 5034 g'fmfgilnmjy'

274 5014 856 5089 ἔιῖέιὶιέίῑξὴυὶζ⁷⁷Βέσζ
878 5014 1029 5086 'Vicl.
1056 5014 1213 5087 Coi-li.
1235 5014 1311 5086 ’ἑί
1326 5014 1517 5089 ’Ποῖ-ξ’
1538 5014 1826 5102 postquam
1860 5014 2203 5102 persuadens
2230 5026 2369 5102 “’3”
2393 5027 2464 5102 A_.
2504 5014 3032 5102 lixithttmliluluratis
3060 5033 3185 5102 mas.
3214 5015 3420 5102 exutum
3446 5014 3541 5066 ob.

542 5084 921 5159 ῑειίοίωξίὶιηὶ
945 5084 1041 5155 sui
1066 5084 1211 5156 mss.
1246 5084 1366 5157 Βὲοῖ
1400 5084 1837 5159 "Corbrr'i’
1863 5084 2109 5155 'VnLluc.
2155 5098 2382 5152 oblitum
2430 5096 2523 5170 Dei
2721 5092 2997 5170 Expertus
3039 5101 3180 5141 Sllm-
3229 5084 3381 5170 Q"3§l
3403 5101 3535 5170 fl":-

268 5151 531 5243 ὧδέ-’ἵης’
554 5151 890 5246 κειυῐιιῗειῖβὶ⁸
916 5172 1055 5246 Quia
1075 5173 1311 5227 nomlum
1345 5174 1740 5246 mercatoribus
1796 5174 1901 5246 illis
1932 5172 2162 5246 traditus
2193 5183 2345 5246 sum;
2376 5166 2535 5246 quod
2578 5163 2913 5246 _‘.°“_Quam.
2936 5151 3538 5246 νεῃιιᾲηιέηεῖῂξίὶτίιὶῃᾖ,

268 5225 711 5315 ἦῖιῖιῖήνῐῖιξιιῖιὴῗ
738 5225 830 5276 ¹⁸³ί³
855 5225 1153 5319 Consilium
1179 5225 2375 5319 petentibusirirssgconsiliumprenitentibus
2394 5225 2406 5236 ’
2454 5235 2545 5268 ³³⁵⁸
2578 5235 2779 5317 Monitu
2817 5231 2964 5319 cede
2984 5225 3347 5319 mgsj‘mqtlri‘l‘u
3377 5225 3538 5319 (ἐγὼ)

713 5292 2412 5395 _aecessi_:ajl:vosr"fluitet—‘iinltluczniptluctus
2456 5306 2661 5361 arcessi
2710 5319 2804 5357 vos
2820 5296 3156 5395 Antii-“3f:-

269 5364 1016 5442 εηάιιιὶίξέέὲἐὲἐείᾮόἷλεια
1045 5364 1460 5453 Utipecca—toris'
1478 5364 1631 5438 iuvas:
1652 5364 2085 5453 itit'peccatorinv
2104 5381 2207 5453 ‘3‘?
2227 5378 2533 5453 plisecrans
2568 5391 2632 5430 ne
2658 5372 3043 5453 mssz‘olisecro
3070 5383 3165 5453 ne?
3333 5364 3537 5420 Occur-

268 5440 342 5512 rlt
370 5456 512 5509 aliud
551 5472 674 5508 mss.
707 5453 945 5509 occurrit
990 5462 1043 5506 et
1075 5440 1218 5505 aliud
1297 5454 1388 5486 “3"”
1420 5456 1718 5522 Sperabam
1746 5440 1836 5509 {ne
1866 5471 1963 5508 ms.
2028 5451 2158 5505 Vict.
2190 5448 2527 5522 16._spe_ravi
2564 5460 2649 5498 me
2725 5442 2819 5473 ¹⁸³⁰
2869 5440 2959 5493 Illa
2990 5452 3108 5493 esse
3128 5444 3366 5522 'exuttnn
3395 5452 3531 5522 Δηιδε.

268 5506 647 5583 illitteratum—7
686 5506 799 5557 ‘8‘"
823 5506 951 5579 Sine
989 5522 1144 5593 bonis
1171 5506 1907 5591 operibrrsvinsiThii."sine
1930 5523 2186 5593 operibus
2268 5506 2358 5551 “‘5
2397 5518 2669 5593 generum
2719 5522 2965 5593 mortuus
2994 5506 3241 5593 ηιξ-βενε).
3272 5506 3534 5593 bonorum

268 5578 507 5667 operum
547 5578 792 5650 mortuus
838 5578 1220 5667 7‘°§'__Quanto
1250 5578 1423 5667 magis
1464 5594 1783 5667 masal’ict.
1831 5578 2346 5667 Bec.'_Vul-lur.__et
2395 5587 2543 5641 Flor.
2586 5582 2972 5667 «μείω-ηιξκιε
3003 5661 3014 5667 Δ
3047 5578 3531 5667 ‘ffiExrcidetpr...

268 5650 644 5723 eradicabitnr
667 5682 792 5721 mss.
824 5650 1165 5731 exciditur...
1199 5650 1512 5719 eradicatur
1564 5665 1676 5700 -"‘"
1702 5666 1873 5731 Quam
1896 5663 2074 5731 majus
2102 5680 2199 5717 ms.
2232 5661 2368 5716 Tim.
2403 5672 2564 5730 quam
2595 5650 2653 5712 et
2674 5654 2813 5710 mala
2847 5650 3184 5711 detestabilis
3224 5664 3374 5706 mors
3404 5650 3543 5709 ista.

270 5749 433 5808 quam
466 5738 639 5809 magis
669 5753 792 5792 mss.
834 5735 970 5791 Vict.
1013 5730 1135 5787 Bec.
1180 5733 1417 5791 Val-(uc.
1452 5747 1497 5791 ct
1545 5733 1694 5791 Flor.
1732 5730 1907 5803 Quam
1944 5734 2115 5806 magis
