3852 6050
341 279 447 363 υπὸ

712 301 768 359 S.
803 300 1096 354 ANSELMI
1131 296 1478 352 (IANTUAR.
1520 293 1838 348 ARCllIEP.
1881 292 2033 348 0PP.
2071 291 2250 347 PARS
2278 291 2340 345 ll.
2379 319 2448 329 —
2491 285 2858 342 ΡΑΒΑΞΝΕΤ.
2904 285 2990 340 ΕΤ
3033 284 3276 339 ASCET.

3517 279 3633 335 980

342 433 436 475 tur
461 419 552 489 qui
600 417 772 488 perdit
801 414 964 466 vitam
987 411 1228 480 iustitiae,
1264 425 1360 479 per
1383 408 1525 478 quod
1555 408 1729 478 perdit
1759 408 1921 460 vitam
1954 411 1999 468 Α
2030 414 2132 459 tua:
2159 405 2252 436 ⁸⁸⁸⁸
2280 401 2564 474 potestatis
2594 399 2782 454 cﬂ'ectu
2815 399 2905 430 ηδ’
2938 409 3182 452 mortuus
3213 399 3337 463 iste,
3381 407 3440 451 ut
3470 399 3637 451 vivus

345 509 582 571 beatam,
608 519 768 574 quam
791 502 881 571 qui
911 501 1112 554 amittit
1141 499 1300 553 istam
1328 498 1580 552 miseram
1607 497 1795 550 vitam.
1827 495 1926 549 De-

344 603 508 670 nique
540 597 692 650 valde
734 593 908 658 magis
949 600 1007 646 et
1047 590 1299 645 miserius
1343 589 1530 642 interit
1575 587 1666 657 qui
1709 587 1929 641 dimittit

343 695 532 752 v’tam,
564 703 684 757 qute
724 693 936 740 servata
983 692 1038 737 et
1081 683 1337 736 amissam
1366 680 1459 712 ’³⁵⁸
1486 680 1730 748 corporis
1761 679 1926 732 vitam

346 779 625 834 meliorem
672 774 930 837 restituit,
979 782 1032 826 et
1075 771 1190 825 sine
1217 785 1320 839 qua
1350 768 1568 839 expedit
1614 782 1712 822 nec
1745 776 1927 820 natum

343 885 486 933 esse,
516 883 676 937 quam
705 865 797 934 qui
823 862 1023 918 deserit
1050 861 1215 925 illam,
1243 861 1361 914 sine
1389 874 1493 927 qua
1521 856 1651 911 nihil
1680 855 1930 926 prohibet

344 960 580 1014 animam
612 957 827 1011 beatam
855 969 996 1009 esse.
1030 951 1154 1006 Haec
1185 951 1382 1004 misera
1430 948 1535 1002 vita
1579 947 1723 1010 vivo,
1770 953 1825 1000 et
1865 943 1933 997 ab

343 1052 446 1105 hac
474 1051 628 1105 beata
659 1047 769 1102 vita
799 1055 1047 1100 mortuus
1085 1057 1224 1097 sum.
1258 1041 1314 1094 In
1345 1055 1412 1093 eo
1438 1039 1560 1093 vivo
1581 1037 1722 1106 quod
1755 1038 1820 1092 de
1848 1051 1933 1092 me

342 1142 508 1195 vilius
549 1148 662 1203 est;
713 1138 764 1191 in
794 1150 861 1191 eo
890 1143 1135 1190 mortuus
1159 1132 1250 1166 ⁸⁸⁸⁷
1279 1146 1399 1186 sum
1428 1131 1572 1199 quod
1601 1127 1793 1183 melius
1827 1137 1931 1183 est.

345 1232 472 1286 Plus
515 1243 646 1300 ergo
697 1237 943 1281 mortuus
986 1239 1104 1280 sum
1150 1237 1312 1292 qttam
1362 1221 1546 1284 vivus;
1595 1228 1650 1273 et
1696 1218 1934 1300 deterius

344 1328 593 1376 mortuus
648 1332 767 1373 sum
825 1331 986 1386 quam
1042 1329 1210 1369 carne
1263 1312 1558 1366 moriturus
1612 1324 1752 1364 sum.
1815 1309 1932 1363 Non

345 1413 490 1467 enim
518 1411 610 1443 ¹⁸⁸⁸
637 1423 784 1464 mors
812 1407 898 1461 illa
926 1404 1062 1460 mala
1098 1403 1228 1457 mihi
1255 1402 1378 1464 erit,
1409 1401 1512 1455 nisi
1540 1401 1666 1469 quia
1693 1399 1794 1454 ista
1819 1401 1934 1468 jam

345 1501 574 1572 praecedi
585 1509 599 1553 ι
609 1540 624 1554 .

419 1592 620 1644 Sancte
647 1588 834 1653 Paule,
872 1586 991 1642 veni
1021 1587 1089 1640 ad
1117 1594 1169 1638 te
1199 1593 1255 1638 ut
1299 1594 1553 1654 peccator
1582 1581 1935 1636 reconcilian-

347 1682 470 1748 dus,
501 1690 556 1735 et
579 1695 707 1735 ecce
738 1683 986 1732 inventus
1016 1692 1136 1731 sum
1162 1690 1347 1731 coram
1378 1685 1429 1728 te
1459 1684 1702 1728 mortuus
1728 1672 1820 1705 ⁸⁸⁵⁸
1850 1689 1934 1728 re-

2029 494 2292 565 gioriﬁcet
2321 493 2486 548 Deum
2517 500 2572 546 et
2603 500 2656 544 te
2714 497 2961 543 mortuus
2993 490 3113 543 iste.
3149 489 3394 554 Domine,
3429 505 3537 543 non
3571 503 3637 546 es

2031 584 2299 652 impotens
2330 583 2473 636 hunc
2516 589 2788 634 mortuum
2834 581 3122 646 suscitare,
3167 581 3293 649 quia
3338 589 3478 635 teste
3515 581 3634 636 Deo

2031 671 2227 728 suﬁicit
2253 673 2346 727 tibi
2373 673 2544 742 gratia
2577 673 2692 728 Dei.
2738 673 2871 726 Nam
2903 673 2946 727 si
2997 673 3050 726 in
3099 683 3240 744 terra
3271 673 3494 744 degenti
3528 674 3630 726 tibi

2032 762 2267 828 suffecit,
2312 763 2499 834 utique
2546 765 2599 817 in
2641 764 2782 818 caelo
2829 764 3070 818 manenti
3119 743 3226 818 non
3276 765 3476 818 defecit
3509 766 3630 818 “7°.

2031 855 2161 923 Cur,
2203 857 2439 922 domine,
2481 858 2685 913 diutius
2726 858 2931 928 jacebit
2974 855 3190 912 oblatus
3238 858 3331 911 tibi
3383 868 3634 913 mortuus

2032 951 2150 1006 sine
2177 951 2306 1014 vita,
2339 965 2462 1004 cum
2509 950 2650 1004 Deus
2685 958 2914 1004 testetur
2944 959 3087 1002 tuam
3136 949 3458 1018 potentiam,
3487 959 3540 1003 et
3577 961 3634 1002 tu

2035 1042 2249 1094 testeris
2279 1040 2394 1110 ipse
2435 1048 2581 1093 tuam
2619 1039 2914 1108 pietatem?
2945 1039 3171 1093 Domine
3212 1039 3377 1104 Deus,
3407 1048 3464 1092 tu
3496 1040 3637 1094 dicis

2031 1129 2199 1185 Paulo
2241 1148 2255 1184 :
2306 1130 2509 1200 Suﬂicit
2551 1132 2644 1184 tibi
2692 1133 2864 1200 gratia
2915 1147 3032 1184 mea
3080 1130 3168 1199 (II
3212 1129 3336 1184 Cor.
3388 1147 3503 1194 xu,
3549 1131 3632 1199 9).

2034 1220 2234 1276 Sancte
2257 1220 2442 1286 Paule,
2477 1230 2532 1274 tu
2561 1220 2701 1276 dicis
2753 1221 2909 1276 nobis
2939 1238 2952 1274 :
2999 1219 3256 1274 Omnibus
3291 1223 3472 1275 omnia
3513 1238 3634 1275 sum

2035 1314 2204 1382 factus
2253 1312 2304 1384 (1
2347 1308 2472 1368 Cor.
2517 1328 2604 1378 Ix,
2646 1312 2759 1382 22).
2811 1312 2878 1368 Et
2923 1327 3050 1368 ecce
3089 1313 3376 1368 verborum
3423 1324 3634 1369 vestros

2033 1421 2154 1460 rum
2185 1406 2275 1438 ³⁸⁷⁸
2307 1405 2558 1462 effectum
2593 1415 2875 1476 exspectat
2909 1416 3172 1475 mortuus,
3212 1409 3314 1463 hac
3337 1425 3433 1478 spe
3477 1411 3636 1464 vobis

2033 1498 2248 1554 allatus.
2281 1497 2386 1554 Vos
2414 1498 2614 1563 dicitis,
2640 1509 2696 1554 et
2737 1509 2983 1554 mortuus
3015 1500 3241 1556 audiens
3281 1511 3487 1568 sperat.
3520 1501 3636 1558 Vos

2036 1591 2369 1661 promittitis,
2398 1599 2455 1644 et
2493 1599 2741 1645 mortuus
2764 1606 2928 1646 orans
2957 1599 3254 1661 exspectat.
3289 1593 3398 1645 Vos
3423 1593 3637 1657 dicitis,

2033 1688 2090 1735 et
2132 1695 2160 1734 a
2204 1681 2357 1736 vobis
2400 1689 2484 1736 est
2527 1679 2830 1750 prolatum,
2867 1681 3114 1741 obsecro,
3161 1683 3388 1735 sentiam
3436 1682 3634 1737 aﬂ'ectu

347 1771 714 1828 suscitandas.
753 1769 888 1824 Veni
922 1779 981 1823 ut
1009 1783 1133 1823 reus
1160 1781 1297 1836 opus
1325 1766 1530 1820 habens
1558 1766 1934 1830 intercessore,
1969 1761 2012 1814 Β
2036 1773 2180 1841 quod
2209 1773 2302 1806 ¹⁸⁷⁹
2330 1774 2562 1828 mundus
2589 1773 2788 1845 gaudet
2830 1787 2928 1842 per
2953 1787 3049 1827 vos
3098 1785 3219 1826 esse
3263 1771 3631 1842 propalatum.

347 1875 405 1920 et
449 1866 698 1918 inventus
728 1877 846 1916 sum
895 1860 1036 1914 male
1063 1869 1328 1923 mortuus,
1362 1856 1610 1926 indigens
1643 1857 1938 1912 resuscita-

351 1964 486 2008 tore.
524 1952 590 2008 Ut
627 1954 790 2006 miser
820 1951 964 2013 veni,
996 1960 1046 2004 et
1079 1950 1443 2004 miserrimum
1489 1963 1574 2002 tne
1607 1951 1803 2005 inveni.
1833 1949 1936 2002 Ac-

349 2046 488 2100 cessi
542 2044 690 2099 velut
744 2045 894 2098 vivus
930 2051 1235 2103 accusatus.
1281 2050 1334 2097 et
1362 2057 1490 2098 ecce
1518 2057 1703 2097 coram
1735 2051 1786 2096 te
1815 2057 1932 2095 sum

350 2149 599 2195 mortuus
626 2141 931 2195 dantnatus.
973 2139 1106 2193 Nam
1132 2139 1231 2194 etsi
1276 2139 1511 2193 nomium
1543 2153 1662 2192 sum
1706 2137 1937 2193 traditus

350 2233 512 2286 morti
563 2233 864 2300 torquenti,
911 2232 1023 2300 jatn
1075 2242 1252 2284 tamen
1304 2230 1556 2285 dimissus
1606 2245 1725 2284 sum
1777 2229 1934 2283 morti

351 2327 497 2381 illam
544 2328 858 2380 attraheuti.
907 2325 1037 2378 Nam
1072 2325 1198 2378 licet
1237 2324 1470 2378 nondum
1501 2323 1603 2377 sim
1636 2322 1726 2354 ¹³⁶⁰
1754 2321 1936 2375 detru-

350 2437 446 2476 sus
472 2421 522 2473 in
553 2434 832 2475 canerem
863 2428 1275 2477 tormentorum,
1304 2425 1485 2469 tamen
1511 2414 1621 2482 jatn
1666 2429 1783 2467 sum
1809 2428 1938 2467 con-

351 2511 534 2565 clusus
569 2510 622 2564 in
654 2510 804 2564 fovea
850 2516 1219 2579 peccatorum.
1262 2505 1519 2572 Quamvis
1543 2505 1686 2559 enim
1716 2503 1804 2536 ¹⁸⁶¹
1831 2519 1934 2558 non

351 2617 471 2655 sum
506 2602 681 2654 adhuc
713 2602 765 2654 in
799 2599 1011 2654 inferno
1040 2598 1306 2666 sepultus,
1343 2598 1455 2667 jam
1493 2612 1611 2651 sum
1660 2605 1834 2650 tamen
1879 2602 1939 2648 ut

353 2692 707 2761 sepeliendus,
748 2691 958 2745 delictis
981 2690 1289 2744 obvolutus.
1317 2688 1428 2742 Hoc
1450 2698 1566 2742 erat
1595 2697 1765 2752 certe,
1794 2688 1936 2756 quod

351 2798 512 2837 orare
545 2798 643 2837 tice
688 2793 930 2852 poteram
959 2797 1059 2836 nec
1095 2781 1354 2835 sciebam.
1386 2779 1497 2834 Hoc
1522 2788 1642 2834 erat
1670 2793 1796 2833 vere
1822 2779 1934 2845 ‘3“,

351 2874 479 2942 quia
505 2889 589 2927 me
611 2874 756 2926 omni
785 2873 858 2928 rei
884 2871 1272 2927 exsecrabilem
1305 2870 1690 2941 intelligebam,
1715 2879 1771 2924 et
1794 2869 1940 2924 velut

355 2963 684 3018 insensibilis
723 2977 830 3017 non
875 2963 1143 3018 dolebam.
1188 2960 1552 3031 lutclligebam
1597 2975 1693 3029 per
1735 2970 1939 3016 natura;

351 3055 795 3120 rationalitatem,
831 3069 935 3109 non
964 3055 1263 3110 sentiebam
1295 3069 1392 3122 per
1433 3053 1623 3107 mortis
1653 3051 1941 3107 insensibi-

352 3146 581 3202 litatum.
611 3146 745 3202 Vere
767 3156 1013 3201 mortuus
1032 3161 1203 3209 eram,
1227 3155 1280 3200 et
1309 3154 1552 3200 mortuus
1578 3145 1720 3210 veni,
1742 3153 1797 3198 et
1818 3143 1938 3199 ideo
1965 3124 2011 3187 Ο

351 3253 441 3294 Ine
473 3247 740 3292 mortuum
774 3237 974 3291 inveni.

423 3327 468 3382 0
487 3329 649 3391 Deus,
671 3328 795 3396 quis
815 3328 990 3382 orabit
1013 3342 1110 3395 pro
1134 3337 1346 3380 mortuo
1369 3326 1509 3380 isto?
1533 3324 1732 3380 Sancte
1752 3324 1936 3388 Paule,

355 3420 450 3473 tibi
496 3418 649 3472 attuli
683 3435 836 3482 enm;
871 3433 936 3473 ne
981 3421 1248 3473 averteris
1293 3435 1416 3473 eum
1449 3417 1572 3483 m3;
1601 3432 1697 3472 ora
1727 3433 1825 3487 pro
1851 3432 1937 3472 eo.

355 3509 604 3572 Domine,
630 3509 776 3564 Elias
796 3509 888 3540 ¹⁸⁶⁸
913 3519 967 3563 et
992 3510 1222 3574 Eliseus,
1248 3519 1306 3562 ut
1332 3519 1575 3564 mortuos
1595 3512 1937 3574 suscitarent,

357 3601 587 3654 mortuis
631 3614 692 3653 se
736 3600 1053 3669 junxerunt,
1102 3608 1157 3654 et
1201 3601 1443 3656 membra
1492 3600 1768 3663 membris,
1821 3600 1938 3654 viva

355 3692 588 3747 mortuis
613 3701 1023 3762 coaptavernnt.
1056 3691 1304 3754 Domine.
1338 3693 1446 3747 vivi
1474 3691 1568 3724 ¹⁸⁶⁸
1595 3701 1836 3747 mortuos
1861 3700 1967 3748 at-.

357 3794 533 3840 tactos
561 3785 994 3848 viviﬁcaverunt,
1024 3795 1080 3840 et
1109 3786 1307 3840 mortui
1353 3785 1488 3841 vivis
1531 3785 1666 3839 nihil
1715 3785 1818 3839 nisi
1849 3783 1942 3818 ¹⁸⁶⁶

355 3877 583 3948 gloriam
615 3877 932 3932 intulerunt.
958 3877 1206 3939 Domine,
1233 3886 1287 3930 tu
1312 3892 1526 3946 quoque
1548 3877 1683 3932 dicis
1712 3877 1939 3946 teipsum

355 3969 536 4022 omnia
564 3969 816 4024 omnibus
841 3967 1062 4030 factum,
1097 3978 1155 4022 ut
1180 3983 1368 4022 omnes
1393 3968 1720 4024 lucrifacias.
1756 3969 1942 4024 Amice

358 4058 476 4122 Dei,
515 4058 757 4128 exempla
797 4057 1023 4112 al'orum
1068 4071 1154 4111 me
1183 4057 1387 4111 faciunt
1427 4072 1770 4126 praesumere,
1799 4059 1939 4114 dicta

357 4157 447 4200 tua
475 4162 560 4202 me
581 4148 868 4201 hortantur
887 4147 1180 4201 conﬁdere.
1205 4147 1389 4201 Dicam
1419 4163 1570 4218 ergo,
1597 4148 1834 4213 domine,
1861 4149 1942 4202 di-

355 4249 508 4302 cam;
537 4238 774 4303 domine,
796 4239 1033 4302 domine,
1061 4237 1327 4291 descende
1355 4237 1421 4290 ad
1454 4248 1724 4292 mortuum
1753 4239 1939 4306 istum,

354 4328 600 4398 expande
635 4337 686 4383 te
717 4343 882 4398 super
927 4337 1200 4382 mortuum
1239 4328 1422 4393 istum,
1453 4327 1538 4383 fac
1581 4338 1630 4385 te
1661 4345 1764 4385 non
1799 4347 1936 4387 mor-

358 4428 530 4483 tuum,
560 4420 653 4475 sed
683 4427 936 4489 tanquam
979 4428 1252 4475 mortuum
1283 4419 1466 4474 istum.
1495 4419 1720 4476 Caleliat
1749 4422 1936 4477 confo-

357 4519 442 4563 tus
465 4519 568 4565 tua:
588 4510 976 4580 compassionis
996 4511 1084 4542 ¹⁸⁶⁷
1101 4519 1305 4566 attactu
1330 4520 1575 4566 mortuus
1599 4511 1718 4575 iste,
1735 4513 1942 4568 revivat

2037 1864 2095 1918 Si
2145 1880 2174 1918 a
2205 1865 2356 1920 vobis
2387 1865 2588 1918 dictum
2639 1876 2746 1919 non
2785 1865 3017 1936 negatis.
3064 1879 3162 1919 cur
3207 1865 3448 1933 poscenti
3498 1865 3634 1919 effe-

2037 1965 2182 2011 ctum
2226 1957 2539 2027 denegatis?
2579 1967 2672 2012 aut
2714 1958 2800 2012 cui
2848 1957 3094 2011 securius
3122 1966 3368 2010 mortuus
3399 1958 3636 2011 resusci-

2038 2048 2232 2101 tandus
2274 2055 2546 2116 portatur,
2595 2049 2639 2102 si
2689 2063 2718 2100 a
2747 2048 2901 2102 vobis
2943 2047 3177 2110 oblatus,
3224 2062 3254 2101 a
3298 2047 3454 2100 vobis
3488 2063 3637 2101 mor-

2040 2149 2162 2194 tuus
2192 2139 2284 2171 ¹⁸τ³
2315 2140 2658 2208 reportatur?
2686 2138 2805 2207 Quo
2833 2139 2978 2192 illum
3027 2139 3262 2199 mittitis,
3306 2140 3350 2192 si
3399 2139 3478 2193 sic
3508 2154 3632 2192 euut

2037 2229 2346 2284 dimittitis?
2375 2229 2491 2293 Quo
2519 2229 2636 2289 ibit,
2675 2230 2719 2283 si
2749 2245 2778 2283 a
2815 2230 2968 2282 vobis
2998 2229 3201 2282 abibit?
3236 2228 3281 2284 Ο
3317 2229 3479 2292 Deus,
3511 2230 3635 2298 quis

2039 2322 2351 2384 resuscitat,
2382 2322 2427 2375 si
2460 2323 2618 2376 'Deus
2647 2337 2754 2376 non
2771 2323 3110 2377 cesuscitat?
3138 2324 3183 2375 A
3218 2337 3325 2390 quo
3360 2334 3630 2392 speratur,

2038 2415 2133 2468 sia
2160 2414 2268 2469 Deo
2287 2415 2640 2482 desperatur?
2665 2415 2707 2466 Α
2741 2429 2845 2485 quo
2867 2413 3064 2468 amissa
3094 2413 3206 2467 vita
3235 2415 3495 2484 recipitur
3518 2415 3632 2478 ηπ,

2036 2507 2140 2561 ιιἱεί
2173 2522 2202 2560 a
2231 2522 2339 2576 quo
2368 2508 2518 2577 prius
2548 2506 2846 2576 accipitur?
3373 2514 3376 2515 '

2109 2595 2310 2652 Sancte
2335 2597 2520 2660 Paule,
2550 2597 2673 2666 quis
2705 2596 2963 2665 indigenti
3007 2605 3064 2650 et
3103 2595 3304 2651 dolenti
3349 2597 3465 2666 pius
3496 2597 3630 2663 erit,

2037 2688 2082 2743 si
2108 2687 2216 2754 ille,
2239 2689 2331 2758 qui
2357 2705 2478 2743 cum
2512 2689 2912 2743 inﬁrmantibus
2947 2688 3213 2742 inﬁrmari
3253 2703 3313 2742 se
3337 2689 3630 2757 prom'ttit,

2035 2781 2206 2836 durus
2247 2782 2386 2837 erit?
2419 2782 2552 2849 Quis
2597 2797 2758 2837 orare
2803 2795 2900 2850 pro
2932 2781 3132 2834 misero
3158 2781 3414 2850 dignatur
3437 2781 3552 2840 ³⁸⁷³,
3585 2783 3634 2835 si

2038 2873 2146 2939 ille,
2179 2873 2269 2942 qui
2318 2889 2378 2929 se
2421 2874 2672 2928 omnibus
2702 2872 2882 2927 omnia
2926 2871 3127 2926 factum
3171 2871 3437 2942 publicat,
3482 2873 3635 2926 dedi-

2038 2965 2272 3034 gnatur?
2312 2966 2421 3019 Aut
2450 2966 2572 3034 quis
2601 2964 2686 3020 vel
2727 2964 2946 3018 auditur
2971 2962 3084 3024 “’7‘,
3120 2963 3161 3017 si
3191 2962 3296 3026 ille,
3330 2962 3416 3015 cui
3444 2963 3634 3030 gratia

2042 3055 2136 3110 Dei
2179 3057 2397 3121 sufﬁcit,
2446 3072 2551 3111 non
2601 3057 2890 3111 exauditur
2923 3055 3054 3108 1“7"?
3093 3056 3170 3109 An
3211 3055 3282 3108 illi
3327 3054 3507 3122 pietas
3549 3056 3637 3110 vei

2041 3155 2278 3217 potestas
2303 3147 2508 3213 deﬁcit,
2534 3148 2618 3203 cui
2647 3147 2819 3218 gratia
2847 3147 2939 3202 Dei
2977 3145 3199 3201 suﬂicit?
3225 3144 3270 3202 0
3306 3162 3406 3200 vos
3443 3147 3631 3212 ambo,

2041 3239 2172 3308 quid
2216 3255 2310 3294 vos
2357 3251 2558 3305 movet,
2594 3240 2638 3294 si
2671 3239 2786 3294 haec
2828 3255 2933 3294 non
2981 3238 3228 3293 movent?
3279 3237 3436 3293 Unde
3475 3254 3630 3292 assu-

2044 3343 2208 3392 mam,
2246 3328 2345 3382 nisi
2377 3331 2444 3383 de
2467 3329 2640 3394 vobis,
2669 3329 2811 3398 quod
2839 3328 2905 3382 ad
2935 3328 3280 3383 excitandam
3317 3329 3630 3382 misericor-

2041 3419 2184 3474 diam
2214 3428 2445 3473 vestram
2487 3420 2779 3474 obteudam
2814 3419 3004 3474 vobis?
3043 3418 3253 3473 Mortua
3300 3419 3475 3472 anima
3502 3417 3631 3486 quid

2041 3509 2298 3565 obtendet
2331 3511 2398 3563 de
2443 3525 2519 3573 se,
2554 3509 2656 3565 nisi
2701 3510 2825 3579 quia
2861 3504 3238 3579 peccatrix'et
3278 3508 3474 3562 misera
3515 3508 3634 3560 est?

2042 3601 2317 3656 Pienitens
2348 3611 2524 3656 tamen
2553 3610 2609 3656 et
2636 3601 2822 3657 dolens
2847 3611 2986 3657 orat.
3017 3601 3062 3657 Ο
3091 3601 3137 3656 si
3167 3600 3257 3654 ille
3283 3604 3375 3669 qui
3402 3600 3468 3654 de
3494 3601 3633 3654 creto

2042 3693 2190 3747 venit
2211 3707 2340 3748 voca
2350 3707 2405 3747 re
2428 3702 2740 3763 peccatores
2758 3693 2811 3750 in
2835 3693 3209 3762 paenitentiam
3229 3693 3341 3758 “7',
3363 3700 3420 3746 et
3439 3691 3528 3746 ille
3543 3692 3631 3760 qui

2042 3792 2164 3854 post
2199 3788 2321 3840 eum
2353 3787 2420 3840 ad
2467 3787 2568 3842 hoc
2599 3785 2776 3855 ipsum
2820 3785 2942 3855 plus
2974 3787 3231 3842 omnibus
3267 3785 3558 3846 laboravit,
3589 3785 3636 3848 si,

2043 3877 2164 3932 ideo
2192 3889 2544 3934 contemnent
2591 3880 2944 3949 pmnitentem
2993 3878 3230 3932 animam
3275 3878 3402 3946 quia
3444 3891 3638 3945 pecea-

2046 3970 2149 4024 trix
2176 3969 2286 4024 est!
2311 3967 2367 4024 Si
2401 3969 2506 4034 ille,
2533 3970 2624 4038 qui
2652 3969 2719 4024 de
2743 3970 2862 4024 sinu
2893 3968 3069 4024 Patris
3092 3967 3263 4024 exivit
3289 3976 3512 4036 portare
3541 3967 3634 4019 do-

2045 4061 2184 4132 lores
2213 4071 2448 4126 nostros,
2489 4071 2546 4116 et
2587 4063 2696 4128 illc,
2739 4063 2830 4132 qui
2862 4077 2920 4117 se
2953 4076 3076 4116 eum
3110 4060 3515 4115 inﬁrmantibus
3544 4057 3634 4089 ⁸⁵⁷⁸

2044 4155 2175 4209 dicit
2221 4153 2504 4220 inﬁrmari,
2547 4155 2591 4210 si
2642 4155 2844 4210 idcirco
2879 4155 3184 4224 despiciunt
3213 4154 3306 4186 ¹⁸⁸⁰
3335 4154 3633 4214 dolentem,

2043 4243 2167 4312 quia
2200 4244 2395 4298 misera
2428 4255 2511 4299 est
2537 4245 2661 4299 ¹⁸⁸¹ῑ
2699 4244 2753 4300 Si
2801 4246 2908 4312 ille,
2939 4247 3029 4315 qui
3065 4254 3121 4299 ut
3149 4253 3395 4300 mortuas
3422 4245 3636 4297 animas

2043 4333 2356 4399 suscitaret,
2386 4343 2659 4390 mortuum
2693 4351 2751 4390 se
2782 4334 2932 4399 fecit,
2957 4345 3013 4389 et
3042 4335 3131 4390 illc
3159 4335 3251 4404 qui
3286 4348 3345 4388 se
3377 4335 3637 4390 omnibus

2046 4427 2227 4480 omnia
2258 4426 2454 4482 factum
2485 4428 2753 4496 perhibet,
2779 4429 2821 4483 si
2850 4429 2919 4483 ob
2947 4429 3048 4483 hoc
3076 4427 3323 4494 rejiciunt
3351 4426 3447 4456 ’⁸⁸⁸
3472 4439 3636 4479 oran-

2054 4525 2180 4583 tem,
2202 4520 2326 4588 quia
2354 4531 2562 4576 mortua
2591 4531 2675 4576 est
2698 4521 2818 4574 ⁸⁸⁸³1
2847 4521 2964 4577 Non
2998 4522 3068 4576 ita
3097 4523 3256 4583 Dens,
3287 4535 3395 4573 non
3429 4519 3501 4572 ita
3529 4518 3634 4572 sit:

1674 4650 1758 4703 VA
1771 4651 1903 4704 llle
1949 4652 2351 4710 LECTIONES.

434 4779 526 4812 ‘3“
557 4779 782 4834 Servata
813 4781 1065 4835 amissam
1094 4799 1218 4836 mss.
1248 4792 1462 4838 servata
1496 4794 1549 4839 et
1581 4786 1836 4842 amissam
1879 4807 1975 4845 ms.
2013 4786 2243 4844 Val-(uc.
2280 4801 2492 4846 servata
2524 4801 2580 4846 et
2621 4795 2820 4848 amissa

365 4849 501 4906 Vict.
543 4850 596 4904 5.
629 4862 682 4904 ct
713 4850 765 4904 in
814 4865 880 4904 eo
910 4860 1152 4905 mortuus

2939 4795 3031 4826 ¹⁸⁰⁷
3062 4794 3114 4847 in
3149 4809 3212 4846 eo
3239 4803 3486 4848 mortuus
3532 4811 3632 4848 ms.

1270 4853 1362 4887 ¹⁸⁸⁸
1390 4857 1560 4919 Quam
1590 4871 1754 4910 carne
1783 4870 2030 4914 mortuus
2071 4875 2231 4913 sum:
2278 4876 2383 4914 non
2431 4863 2576 4916 enim
2610 4880 2734 4917 mss.
2769 4864 2888 4918 Bec.
2935 4862 3066 4919 Vict.
3103 4866 3256 4918 (ἔοι-ὁ.
3301 4863 3547 4918 γιιιοιηε.
3589 4877 3633 4917 et

356 4923 510 4975 Flor.
552 4935 906 5003 quamfarne
953 4923 1246 4977 moriturus
1277 4939 1574 5003 sum__:_non
1603 4928 1744 5003 enim
1775 4944 1874 4982 ms.
1907 4929 2232 5003 T]:_i_t._qualn
2260 4946 2424 5003 carne
2477 4943 2724 4987 mortuus
2754 4949 3079 5003 sum.qnam
3119 4950 3284 5003 carne
3329 4936 3633 4988 moriturus

356 5009 474 5045 smn
587 4991 677 5025 ¹⁸⁸⁹
723 4991 799 5045 Te
848 5002 906 5043 ιιι
953 5003 1198 5046 mortuus
1225 5010 1349 5046 mss.
1394 4993 1523 5048 Vict.
1556 4998 1724 5048 omilt.
1762 5008 1820 5050 ut

357 5062 592 5116 nondum
622 5062 722 5117 sim

357 5142 474 5185 erat
509 5147 635 5187 vero
748 5131 840 5162 ³³⁸³
889 5133 963 5187 Ne
998 5135 1262 5186 avertaris
1305 5149 1426 5187 eum
1481 5151 1578 5188 ms.
1631 5136 1765 5189 Tim.
1797 5141 1942 5191 omit.

356 5201 583 5257 Domine
615 5201 794 5258 Paule.
827 5203 932 5257 vivi
979 5219 1102 5254 mss.
1135 5204 1302 5256 omitt.
1355 5205 1520 5258 Paule

356 5273 622 5340 passionis

357 5341 556 5398 defecit

357 5415 498 5478 quod

355 5481 602 5538 redditur

357 5547 475 5602 Non
503 5554 787 5608 exauditur
818 5570 914 5607 ms.
971 5547 1261 5608 Tlmfnon
1289 5556 1511 5609 exaudit
1587 5559 1676 5590 ⁸⁵⁷⁸
1703 5560 1780 5610 Ad

355 5633 480 5671 cum
519 5620 915 5677 inﬁrmantibus

1630 5207 1722 5237 ¹⁸⁶⁶
1766 5207 1908 5261 Nihil
1940 5210 2041 5265 nisi
2091 5226 2190 5262 ms.
2224 5211 2358 5264 Tha.
2389 5213 2535 5264 omit.

731 5272 822 5304 “"‘5
853 5273 1079 5326 llevivat
1109 5281 1213 5326 tuze
1236 5290 1335 5327 ms.
1369 5274 1501 5328 Tim.
1534 5277 1820 5332 reviviscat
1853 5287 1956 5333 tua;

667 5343 758 5415 ¹⁸⁷ξ
812 5341 1110 5398 Verborum
1143 5355 1446 5398 vestrorum
1494 5363 1591 5398 ms.
1623 5346 1750 5401 l’ict.
1801 5350 1884 5403 i6.
1915 5350 2201 5415 verborum
2245 5361 2454 5404 tuorum

612 5415 706 5451 ¹⁸⁷⁸
737 5413 776 5466 Α
819 5414 969 5468 vobis
1013 5424 1258 5468 mOrtuus
1301 5431 1400 5467 ms.
1459 5414 1593 5469 Vict.
1648 5417 1733 5470 Hi.
1778 5435 1808 5472 a
1871 5422 2024 5475 nobis
2053 5413 2320 5475 vnzortuus

703 5484 794 5515 ¹⁸⁷⁸
825 5483 1033 5558 Misero
1057 5485 1310 5553 dignatur
1338 5485 1606 5558 ms._Vict.
1639 5488 1723 5540 16.
1781 5491 1978 5544 misero
2004 5492 2255 5558 dignetur

1163 5008 1198 5074 Ls
1225 5010 1349 5074 mss.
1394 4999 1523 5048 Vict.
1556 4999 1724 5074 omilt.
1757 5008 1820 5074 ut
1921 5000 2014 5074 ⁸³⁴ξ⁰
2046 4999 2201 5074 Licet
2254 5002 2490 5074 nondum
2521 5017 2641 5056 sum
2692 5021 2815 5058 mss.
2865 4999 3000 5074 Vict.
3047 5006 3100 5058 5.
3134 5015 3180 5057 et
3229 5002 3467 5074 Val-(uc.
3506 5006 3633 5059 licet

829 5061 919 5093 ¹⁸⁶¹
947 5062 1207 5128 Quamvis
1232 5064 1374 5116 enim
1420 5081 1516 5118 ms.
1559 5063 1695 5122 Vict.
1752 5067 1835 5120 Hi.
1885 5069 2031 5122 omit.
2063 5071 2206 5127 enim

2314 5071 2406 5102 ³⁸⁸³
2436 5072 2563 5125 Erat
2606 5084 2754 5127 certe
2794 5092 2915 5128 mss.
2965 5072 3091 5127 Vict.
3143 5077 3193 5129 3.
3247 5073 3366 5126 Bec.
3403 5086 3450 5127 et
3495 5075 3629 5128 Tim.

2059 5139 2150 5170 ‘8“
2183 5141 2258 5194 Eo
2293 5143 2456 5195 Deum
2490 5141 2670 5196 Helias
2699 5159 2822 5197 mss.
2863 5160 2947 5207 eo,
2986 5144 3208 5198 Domine
3242 5144 3424 5197 llelias
3543 5147 3632 5178 ’⁸⁵³

2650 5214 2739 5244 ’⁸⁸⁷
2767 5216 3172 5281 Compassionis
3223 5231 3319 5266 ms.
3365 5214 3508 5266 Virt.
3545 5216 3625 5269 iG.

2063 5280 2154 5312 ³⁸⁸⁸
2184 5281 2392 5334 Ail‘ectu
2430 5298 2554 5335 mss.
2601 5282 2791 5337 eﬁ‘ectu
2871 5280 2962 5316 ¹⁸⁷⁰
2988 5284 3101 5338 Non
3136 5285 3320 5338 deﬁcit
3362 5300 3492 5337 mss.
3524 5301 3630 5339 non

2063 5366 2201 5403 )rum
2245 5361 2454 5404 tuorum
2573 5354 2666 5384 ¹⁸⁷²
2714 5353 2992 5406 Eliectum.
3033 5358 3176 5406 uuod
3229 5372 3352 5406 mss.
3407 5355 3630 5406 eﬁ'ectu.

2731 5364 2992 5408 allectum.
3033 5364 3176 5408 unod
3229 5372 3352 5408 mss.

2433 5369 2454 5404 ιι
2573 5357 2666 5384 ’⁸⁷⁸
2714 5357 2992 5421 Ellectunt,
3033 5358 3176 5424 quod
3229 5372 3352 5408 mss.
3407 5357 3630 5417 effectu,

2433 5421 2524 5493 ’θῖξ
2560 5421 2676 5476 Vita
2731 5426 2989 5493 recipitur
3038 5443 3138 5478 ms.
3179 5425 3314 5478 Vict.
3371 5425 3460 5477 16.
3519 5430 3630 5478 vita

2359 5491 2451 5523 ³⁸⁷⁸
2479 5492 2569 5546 Vel
2601 5495 2820 5547 auditur
2846 5491 2942 5548 ius.
2982 5495 3116 5547 Tim.
3166 5497 3246 5548 vel
3280 5496 3434 5548 audit
3541 5497 3632 5527 ⁸⁸⁷⁷

1829 5562 2200 5628 pmuitentiam
2244 5579 2367 5615 mss.
2402 5563 2453 5614 in
2488 5564 2862 5629 paenitentiam
2939 5563 3028 5596 “7’
3058 5566 3190 5619 Cum
3238 5565 3470 5618 inﬁrmis
3503 5584 3631 5619 mss.

1015 5625 1106 5698 {‘3'
1161 5626 1469 5698 Despicient
1520 5644 1643 5698 mss.
1702 5625 1840 5682 Vict.
1889 5631 2042 5684 (ἔοι-ιι.
2078 5629 2228 5686 Flor.
2271 5625 2577 5698 despiciunt
2655 5634 2746 5665 ¹⁸⁸⁸
2777 5633 2942 5688 Miser
2966 5644 3045 5689 est
3081 5653 3204 5689 mss.
3243 5634 3380 5687 Vict.
3417 5647 3465 5688 et
3507 5633 3636 5688 Val-

357 5686 463 5742 (uc.
496 5692 690 5743 misera
719 5703 803 5746 est
877 5694 965 5724 ¹⁸⁸²
997 5694 1107 5748 lloc
1140 5686 1382 5763 rejicicnt
1406 5715 1500 5752 ms.
1543 5695 1669 5751 Vict.
1712 5700 1790 5752 ιϐ.
1824 5701 1924 5756 hoc
1958 5701 2210 5770 rejiciunt
2287 5686 2380 5734 ³⁸⁸⁵
2412 5703 2547 5769 Quia
2578 5686 2948 5761 mortuusest
2975 5686 3258 5775 iiut-(ilius
3293 5686 3522 5760 tuor-tua
3551 5686 3644 5774 est
