3906 6058
219 345 326 404 985

1616 305 2028 385 camenas.

3385 306 3494 370 98a

219 459 470 520 Domine,
528 454 786 526 famulum
827 462 977 508 tuum
1016 451 1215 506 diutius
1257 449 1348 482 ’³³⁸
1397 464 1431 501 o
1476 455 1525 501 te
1567 446 1798 514 separari
1831 441 1876 502 Α
1910 451 2005 492 sua
2033 433 2124 466 ω’
2149 429 2442 486 necessitas
2459 439 2700 497 quaerere
2722 423 3228 482 interventorem.et
3251 424 3492 478 occurrit

218 559 505 614 errantem,
551 548 686 602 sicut
737 562 880 600 ovem
921 545 1014 576 ¹⁹³⁹
1045 561 1147 598 non
1199 542 1470 596 habentem
1518 547 1802 606 pastorem.

220 642 440 698 Audivit
465 649 522 695 et
552 637 831 694 exaudivit
870 647 998 691 tunc
1039 635 1334 690 clamorem
1371 640 1524 686 tuum
1562 641 1807 684 summus

221 741 428 799 pastor,
456 739 513 786 et
552 731 802 801 protinus
828 735 1164 796 assumptum
1201 739 1386 781 secum
1424 721 1714 777 collocavit
1749 719 1804 772 in

220 823 379 878 coelo.
421 810 561 876 Audi
593 819 771 889 itaque
793 833 935 872 nunc
965 817 1255 872 clamorem
1281 813 1502 884 perditae
1521 812 1659 874 ovis,
1688 823 1808 878 quae

221 911 515 967 revertitur
543 909 610 964 de
634 908 814 979 longe,
842 917 896 962 et
921 907 1242 974 deprecatur
1263 903 1495 958 admitti.
1525 900 1731 956 Exhibe
1757 900 1807 954 ei

221 1001 472 1057 eamdem
499 1000 863 1056 miserationis
884 1012 1040 1066 opem
1063 1011 1224 1068 quam
1251 995 1343 1050 tibi
1361 993 1606 1050 exhibuit
1627 1000 1810 1062 pastor

221 1093 375 1162 pius,
408 1107 532 1147 cum
576 1091 820 1146 eamdem
875 1089 1088 1144 subires
1133 1085 1533 1142 necessitatem.
1583 1084 1809 1151 Suscipe

220 1199 343 1240 eam
371 1183 438 1237 ad
461 1181 602 1237 ovile
635 1181 812 1235 redire
839 1179 1108 1235 volentem
1129 1177 1277 1248 gregi
1307 1191 1428 1240 suo,
1459 1191 1488 1230 a
1524 1189 1632 1245 quo
1654 1177 1699 1229 a‘
1722 1187 1810 1228 ero

221 1282 463 1338 raverat,
494 1272 693 1328 sociari
725 1279 839 1325 toto
873 1270 1038 1326 corde
1084 1269 1449 1325 anhelantem.
1494 1268 1566 1322 De
1597 1266 1687 1320 illo
1719 1265 1808 1298 ‘9“

221 1364 420 1433 quippe
461 1363 705 1418 sauciato
750 1377 912 1431 quem
963 1361 1342 1417 Samaritanus
1389 1359 1634 1423 curavit,
1685 1371 1810 1413 cum

223 1456 482 1512 Dominus
533 1463 1050 1520 commemorasset,
1093 1456 1223 1525 quid
1277 1453 1492 1509 tandem
1529 1451 1812 1507 snbintnlit

227 1546 353 1599 "‘l?
390 1545 556 1610 Vade,
580 1555 629 1599 et
653 1558 710 1598 tu
733 1545 820 1613 [ac
844 1545 1084 1599 similiter
1116 1544 1267 1616 (Luc.
1301 1560 1354 1609 x,
1379 1543 1510 1614 5'7)?
1548 1543 1640 1578 ηδ’
1673 1541 1812 1596 Ecce

223 1655 407 1695 coram
437 1648 490 1694 te
508 1637 655 1706 jacet
680 1639 922 1693 sauciata
964 1646 1021 1693 et
1048 1637 1188 1693 male
1220 1637 1422 1691 laniata
1452 1636 1626 1690 anima
1669 1649 1811 1691 mea.

223 1731 452 1787 Infunde
491 1731 668 1785 oleum
719 1731 1120 1797 miserationis,
1171 1731 1367 1784 adhibe
1406 1727 1658 1797 suffragia
1709 1735 1812 1781 tute
1843 1765 1867 1797 ,.

1843 1777 1887 1837 Β
1917 1809 2152 1872 Etenim,
2199 1821 2231 1860 ο
2275 1805 2480 1859 Dilecle
2525 1802 2641 1865 Dei,
2674 1816 2796 1855 cum
2838 1798 3052 1869 peccavi
3096 1798 3148 1852 in
3181 1795 3494 1848 dilectorem

224 1823 641 1879 interventionis
689 1822 813 1887 ηδ’,
861 1823 905 1878 si
945 1822 1126 1892 aliquo
1172 1821 1332 1876 modo
1376 1828 1537 1890 queat
1581 1819 1811 1872 evadere

224 1914 526 1984 periculum
555 1922 772 1968 aeterna:
797 1914 1009 1970 mortis.
1041 1915 1240 1968 Audiet
1272 1922 1324 1967 te
1355 1912 1588 1967 libenter
1613 1910 1816 1981 suppli-

225 2017 439 2063 cantem
471 2021 569 2076 pro
594 2007 771 2069 nobis,
794 2009 886 2076 qui
904 2007 1117 2076 proprio
1149 2004 1290 2060 Filio
1311 2021 1416 2059 non
1448 2003 1541 2037 ‘9“
1563 2003 1812 2071 pepercit,

224 2099 317 2152 sed
346 2114 439 2167 pro
468 2098 615 2152 nobis
645 2099 885 2152 omnibus
912 2098 1131 2152 tradidit
1160 2097 1310 2150 illum
1341 2096 1518 2167 (Rom.
1551 2111 1670 2158 vm,
1697 2093 1810 2164 5‘2).

227 2189 308 2243 Τιι
337 2205 573 2260 quoque,
608 2190 787 2243 anima
821 2204 964 2254 mea,
990 2204 1155 2260 pecus
1190 2189 1525 2252 morbidum,
1553 2187 1669 2242 ovis
1693 2202 1816 2256 per-

225 2279 338 2334 dita
363 2296 460 2350 per
487 2280 851 2350 temetipsum,
882 2294 1103 2334 recurre
1131 2280 1196 2333 ad
1241 2288 1534 2348 pastorem.
1580 2279 1645 2332 Et
1686 2278 1814 2347 quia

229 2387 330 2442 per
354 2381 406 2427 te
432 2388 538 2427 non
563 2372 789 2427 mereris
815 2373 1051 2437 admitti,
1088 2387 1214 2442 roga
1242 2371 1528 2425 Andrtcam
1557 2371 1728 2440 pimn,
1760 2379 1818 2426 ut

230 2471 283 2517 te
308 2463 558 2517 admittat
580 2464 646 2518 ad
677 2464 852 2518 sinum
878 2479 988 2517 sua:
1015 2462 1390 2531 protectionis,
1417 2471 1475 2516 ut
1501 2461 1618 2529 ejus
1646 2462 1816 2515 in'er-

228 2551 475 2607 cessione
501 2554 620 2622 pius
643 2553 915 2619 Salvator,
946 2554 1036 2621 qui
1065 2553 1198 2606 venit
1228 2567 1462 2622 querere
1489 2551 1631 2622 quod
1663 2567 1816 2606 erra-

227 2651 402 2706 verat,
432 2653 480 2697 et
505 2645 703 2698 salvum
733 2643 906 2714 facere
947 2645 1088 2714 quod
1112 2634 1335 2713 perierat
1375 2641 1524 2708 (Luc.
1561 2658 1673 2706 xix,
1705 2642 1815 2708 l0),

233 2741 389 2788 sanet
415 2735 738 2799 morbidum,
765 2734 934 2790 salvet
959 2734 1248 2804 perditam,
1267 2744 1323 2789 et
1343 2734 1408 2787 ad
1432 2733 1572 2787 ovile
1599 2732 1820 2787 reducat

232 2839 555 2890 erroneam,
587 2833 643 2878 et
693 2825 839 2896 gregi
878 2825 1076 2890 societ,
1128 2824 1220 2894 qui
1274 2832 1359 2880 est
1406 2822 1725 2880 benedictus
1763 2822 1816 2876 in

231 2926 520 2972 aeternum.
552 2916 725 2970 Amen
759 2916 870 2970 ηπ.

535 3006 794 3064 ORATIO
833 3007 1015 3063 LXVII
1045 3008 1137 3079 [οι.
1174 3005 1336 3079 LXV]
1367 3005 1482 3063 "“.

446 3114 516 3153 AD
571 3113 815 3154 εΑΝετυιι
879 3113 1118 3153 ιοΑκΝειι
1180 3111 1605 3152 ΕνΛΝϐΕῌΒτΔΙ.

661 3187 771 3244 Pro
805 3190 989 3243 timore
1017 3189 1393 3243 damnationis.

309 3279 507 3335 Sancte
538 3290 594 3335 et
616 3280 898 3335 benedicte
932 3279 1022 3312 ‘9"
1055 3279 1295 3335 Joannes
1315 3318 1329 3341 ,
1361 3277 1629 3333 altissime
1657 3291 1822 3332 evan-

238 3371 552 3440 gelistarum
593 3369 686 3424 Dei
736 3369 848 3434 ωε,
893 3369 1248 3425 dilectissime
1293 3368 1658 3438 apostolorum
1695 3366 1820 3432 Dei;

240 3471 296 3518 tu
328 3463 407 3517 sic
454 3461 546 3494 m’
575 3460 845 3532 praecipue
869 3460 1063 3516 dilecte
1102 3463 1212 3516 Deo
1248 3462 1388 3518 inter
1419 3470 1526 3516 tam
1556 3460 1823 3531 praecipue

237 3554 463 3611 dilectos
483 3552 629 3622 ejus,
671 3562 733 3607 ut
762 3553 1170 3622 supereminens
1205 3553 1422 3609 dilectio
1462 3553 1553 3608 tibi
1585 3557 1656 3610 sit
1693 3571 1820 3626 pro-

236 3646 417 3718 prium
447 3647 658 3714 signum
688 3647 830 3700 inter
873 3659 998 3707 eos;
1049 3652 1103 3697 tu
1135 3644 1222 3699 ille
1248 3645 1514 3710 Joannes,
1547 3649 1630 3702 cui
1671 3647 1823 3702 fami-

238 3739 373 3792 liare
394 3735 496 3791 fuit
524 3735 840 3791 recumbere
861 3749 1026 3804 supra
1051 3734 1178 3789 illud
1205 3736 1295 3767 ¹⁹⁵⁰
1318 3737 1611 3806 gloriosum
1636 3747 1826 3806 pectus

237 3827 538 3894 Altissimi;
571 3835 650 3894 tu,
681 3842 841 3898 quem
864 3828 1006 3882 Deds
1029 3827 1310 3881 substituit
1336 3829 1492 3882 matri
1522 3843 1631 3882 sua:
1658 3828 1825 3882 lilium

239 3935 340 3990 pro
381 3933 462 3985 se,
509 3932 632 3971 cum
661 3915 1021 3985 corporaliter
1040 3930 1159 3969 eam
1209 3917 1486 3972 moriendo
1509 3918 1824 3972 desereret:

239 4011 323 4066 Ad
347 4019 419 4074 te,
447 4025 481 4064 ο
509 4009 669 4064 beate
698 4014 808 4063 tam
855 4008 1032 4064 amice
1074 4017 1128 4064 et
1159 4016 1265 4062 tam
1306 4017 1485 4062 amate
1515 4007 1628 4070 Dei.
1662 4007 1729 4062 ad
1775 4018 1826 4064 te

241 4099 574 4153 exorandum
637 4096 726 4128 ¹⁹⁸¹
773 4097 985 4152 accedit
1037 4097 1329 4153 homuncio
1375 4098 1494 4163 iste,
1548 4112 1670 4153 reus
1707 4097 1821 4159 Dei,

243 4198 304 4243 ut
323 4205 419 4260 per
441 4199 549 4244 tam
567 4189 824 4246 dilectum
851 4189 1266 4244 intercessorem
1294 4190 1420 4243 vitet
1453 4191 1821 4245 imminentem

1905 529 1953 584 ei
1979 527 2066 580 illa
2100 534 2187 580 tua
2217 524 2429 577 famosa
2453 518 2793 575 familiaritas
2819 515 2958 583 apud
2984 514 3129 568 illum
3152 530 3310 584 quem
3338 514 3493 568 timet

1905 619 2159 674 ultorem.
2207 615 2402 670 Certus
2435 613 2618 683 igitur,
2651 609 2888 670 domine,
2921 622 3014 675 per
3049 607 3292 662 eamdem
3335 605 3490 660 fami-

1908 709 2198 763 liaritatem
2227 707 2290 762 de
2319 713 2588 774 potestate
2632 712 2743 763 tua,
2781 701 3034 768 quoniam
3069 700 3207 770 apud
3248 697 3341 730 ‘9“
3367 714 3489 752 eum

1907 801 2050 870 quod
2076 799 2226 853 voles
2266 795 2490 860 efficies,
2521 804 2576 848 et
2603 805 2829 861 sperans
2876 793 2941 844 de
2987 792 3183 860 pietate
3214 799 3333 850 tua,
3363 789 3489 856 quia

1909 892 2166 946 miserum
2197 890 2249 942 in
2273 885 2537 957 angustiis
2562 885 2628 938 ad
2658 894 2707 939 le
2728 886 3049 938 clamantem
3079 897 3184 935 non
3206 879 3490 949 despicies,

1911 983 1978 1035 ad
2009 990 2062 1035 te
2108 995 2194 1035 me
2245 987 2538 1044 converto,
2590 977 2838 1046 quamvis
2883 976 3093 1043 tepido,
3150 982 3262 1026 toto
3311 983 3490 1025 tamen

1910 1073 2104 1128 affectu
2149 1071 2347 1126 mentis
2375 1085 2542 1134 mete,
2570 1077 2621 1122 et
2650 1077 2921 1137 potentem
2956 1066 3098 1119 illam
3134 1075 3279 1118 tuam
3328 1064 3493 1116 inter-

1909 1165 2216 1221 ventionem
2249 1176 2516 1233 praesumo
2550 1159 2764 1231 precari
2797 1157 3083 1229 peccatrici
3116 1155 3309 1210 anima:
3338 1169 3492 1219 meae,

1910 1267 1977 1314 ut.
1995 1273 2089 1327 per
2121 1265 2172 1311 te
2199 1255 2507 1310 retrahatur
2535 1249 2566 1306 a'
2593 1251 2875 1306 tormentis
2895 1291 2910 1315 ,
2939 1251 3006 1303 ad
3042 1264 3161 1314 quae
3192 1246 3334 1302 illam
3371 1263 3494 1317 per-

1913 1354 2135 1410 trahunt
2183 1350 2512 1405 multimoda:
2558 1347 2872 1417 iniquitates
2919 1360 3069 1400 meae.
3122 1344 3227 1397 Sed
3266 1343 3367 1397 heu
3410 1356 3494 1396 me

1912 1441 2201 1498 miserum!
2227 1455 2390 1509 quam
2420 1438 2695 1493 contrarie
2729 1436 2819 1470 ‘9“
2850 1436 3170 1504 promittunt
3204 1432 3334 1486 mihi
3377 1446 3494 1486 mea

1913 1533 2140 1589 delicta!
2184 1531 2322 1586 Ecce
2346 1529 2487 1584 enim
2519 1529 2646 1582 dum
2676 1541 2845 1581 conor
2888 1523 3181 1579 eoufortari
3223 1539 3318 1592 per
3347 1530 3493 1574 tuam

1915 1625 2054 1694 apud
2093 1623 2261 1677 Deum
2305 1620 2752 1681 familiaritatem,
2784 1617 2905 1686 plus
2939 1630 3102 1685 cogor
3127 1629 3225 1683 per
3251 1611 3494 1667 eamdem

1915 1715 2215 1778 deterreri,
2262 1721 2482 1782 propter
2516 1725 2690 1764 meam
2723 1719 2908 1762 contra
2943 1707 3110 1761 Deum
3155 1703 3494 1773 pravitatem.

1916 1910 2091 1964 tuum,
2121 1906 2302 1952 certus
2325 1910 2442 1950 sum
2472 1893 2735 1948 meruisse
2760 1906 2844 1944 me
2869 1891 3051 1944 odium
3081 1902 3295 1957 quoque
3318 1895 3492 1939 tuum.

1987 1993 2032 2050 Ο
2064 2000 2247 2048 reatus
2285 1986 2708 2045 immoderatus!
2749 1994 2930 2039 reatus
2969 1990 3153 2036 contra
3185 1982 3372 2043 Deum,
3402 1978 3494 2046 qui

1914 2103 2021 2142 non
2051 2085 2222 2141 solum
2270 2083 2444 2152 ipsum
2485 2079 2736 2142 offendit,
2779 2076 2871 2132 sed
2902 2084 2957 2128 et
2982 2073 3100 2128 illos
3129 2072 3218 2141 qui
3253 2071 3496 2124 interce-

1917 2181 2044 2234 dere
2073 2182 2299 2248 possnnt
2324 2173 2463 2242 apud
2487 2186 2632 2225 eum.
2662 2169 2860 2223 Verum
2883 2164 3027 2219 enim
3050 2174 3131 2218 est
3159 2163 3284 2232 quia
3312 2160 3498 2216 crimi-

1918 2283 2083 2324 nosus
2115 2266 2232 2331 Dei,
2265 2264 2424 2333 digne
2463 2260 2681 2315 odiosus
2705 2266 2788 2312 est
2819 2255 3007 2310 amicis
3051 2253 3169 2319 Dei,
3197 2267 3300 2305 nec
3323 2249 3498 2303 solum

1919 2360 2113 2416 amicis
2137 2359 2278 2427 ejus,
2323 2355 2416 2411 sed
2449 2362 2598 2408 certe
2625 2359 2678 2406 et
2715 2349 2950 2412 sibimet,
2983 2357 3038 2401 et
3063 2344 3208 2399 omni
3237 2353 3500 2397 creatura:

1918 2450 2054 2519 ejus.
2087 2450 2340 2509 Peccata,
2367 2453 2607 2516 peccata,
2635 2440 2904 2512 quomodo
2946 2438 3066 2509 plus
3113 2436 3345 2491 horretis
3381 2434 3501 2506 plus

1917 2543 2287 2602 considerata!
2325 2538 2430 2594 Vos
2476 2552 2708 2606 namque
2748 2535 2861 2597 ηδ’,
2889 2548 2986 2586 vos
3018 2531 3158 2585 unde
3204 2528 3492 2590 abducitis,

1919 2653 2027 2709 quo
2051 2635 2350 2708 perducitis
2389 2633 2645 2686 miserum
2693 2625 3099 2690 homunculum,
3142 2637 3301 2692 quem
3344 2621 3502 2676 sedu-

1920 2732 2076 2788 citis?
2124 2729 2276 2784 Unde
2311 2725 2471 2785 cadit,
2511 2738 2618 2792 quo
2666 2719 3037 2790 praecipitatur
3083 2713 3266 2770 infelix
3320 2712 3500 2768 anima

1921 2838 2040 2894 qua:
2080 2836 2176 2876 vos
2205 2819 2451 2889 sequitur
2497 2815 2626 2868 “5‘?
2659 2812 2797 2879 Quid
2829 2810 3036 2882 perdit,
3079 2808 3330 2876 inquam,
3375 2803 3503 2872 quid

1921 2916 2153 2987 acquirit
2187 2924 2490 2968 aerumnosa
2533 2907 2642 2970 illa,
2686 2919 2806 2974 quae
2853 2902 2920 2957 ab
2965 2915 3148 2955 amore
3195 2899 3308 2960 Dei,
3341 2911 3502 2966 quem

1921 3007 2096 3079 potuit
2126 3013 2316 3060 tenere
2345 3015 2441 3071 per
2467 2997 2860 3058 innocentiam,
2893 2991 3202 3046 detruditur
3229 2989 3280 3042 in
3313 2989 3506 3043 horro-

1848 3119 1892 3182 ρ
1925 3115 2037 3156 rem
2067 3098 2158 3152 Dei
2191 3105 2244 3151 et
2266 3095 2508 3149 omnium
2555 3096 2932 3146 creaturarum
2980 3084 3098 3154 ejus
3127 3097 3223 3152 per
3259 3089 3501 3134 vestram

1923 3190 2223 3248 malitiam?
2251 3187 2309 3242 Si
2341 3200 2471 3256 ergo
2505 3189 2725 3249 peccata
2759 3178 2837 3233 sic
2859 3174 3218 3230 universalem
3245 3187 3499 3226 exsecra-

1923 3283 2122 3339 tionem
2149 3278 2477 3335 contrahunt
2506 3273 2601 3338 illi,
2631 3286 2791 3342 quem
2821 3285 2851 3324 a
2881 3269 2993 3322 Deo
3027 3264 3366 3327 abstrahunt,
3410 3261 3500 3315 ubi

1921 3391 1981 3430 se
2009 3369 2328 3434 abscondet,
2353 3366 2440 3423 cui
2485 3378 2544 3420 se
2584 3360 2830 3417 ostendet
2863 3356 3174 3420 homuncio,
3212 3351 3508 3409 circumfe-

1921 3481 2047 3523 rens
2072 3462 2336 3520 sarcinam
2361 3463 2706 3530 peccatorum
2729 3464 2973 3512 snorum,
3006 3460 3168 3516 quam
3197 3445 3311 3515 ipse
3338 3440 3506 3512 depo-

1923 3572 2056 3613 nere
2105 3570 2209 3609 non
2256 3559 2455 3622 potest,
2507 3547 2740 3603 horrens
2789 3550 2845 3597 et
2891 3539 3066 3594 fetens
3111 3535 3425 3591 vulneribus
3452 3542 3508 3588 et

1925 3647 2198 3704 ulceribus
2230 3643 2550 3698 delictorum
2581 3649 2840 3698 suorum,
2866 3645 2986 3702 qua:
3016 3629 3130 3698 ipse
3171 3639 3364 3681 sanare
3402 3637 3508 3678 non

1925 3737 2139 3809 patest?
2186 3734 2334 3788 Talis
2388 3728 2636 3790 accedit,
2682 3724 2880 3779 dilecte
2920 3721 3016 3776 Dei
3067 3717 3338 3781 Joannes,
3387 3714 3510 3771 talis

1928 3805 2138 3882 accedit
2180 3836 2365 3877 coram
2413 3829 2464 3873 te
2507 3816 2686 3870 anima
2725 3826 2873 3873 mea,
2921 3809 3033 3864 imo
3076 3809 3194 3862 lucc
3240 3815 3354 3872 est,
3393 3805 3507 3858 haec

1929 3919 2128 3974 misera
2161 3914 2340 3968 anima
2375 3923 2493 3964 mea
2519 3907 2636 3970 ηδτ,
2660 3918 2780 3972 qua:
2808 3915 2867 3954 se
2891 3901 3120 3952 amicam
3145 3893 3303 3964 hujus
3328 3893 3508 3948 saeculi

1934 4008 2175 4064 faciens.
2229 4014 2284 4057 et
2328 4005 2671 4072 peccatorum
2725 3989 3112 4045 numerositate
3151 4001 3210 4040 se
3251 3983 3505 4044 obrueus,

1933 4099 2206 4156 inimicam
2239 4094 2329 4148 Dei
2359 4107 2416 4147 se
2446 4084 2747 4145 constituit.
2773 4081 2931 4152 291
2958 4077 3106 4132 Heu!
3135 4090 3329 4131 nomen
3355 4087 3511 4127 exse-

1930 4189 2190 4244 crandnm
2222 4183 2368 4239 omni
2410 4180 2510 4245 rei,
2543 4189 2736 4232 nomen
2762 4170 2965 4226 inimici
2997 4167 3125 4222 Dei!
3167 4165 3315 4220 Ileu!
3347 4176 3509 4232 quam

242 4257 348 4335 sibi
376 4281 512 4336 iram
542 4281 656 4336 Dei.
701 4279 861 4351 Cogit
887 4295 1154 4349 namque,
1181 4279 1439 4348 Domine,
1469 4282 1824 4337 criminosum
1859 4280 1903 4334 D
1932 4284 2113 4352 inique
2141 4297 2168 4332 a
2214 4293 2300 4333 me
2346 4281 2638 4330 attractum
2661 4307 2677 4334 ,
2726 4279 2886 4336 quam
2921 4263 3068 4332 jusle
3099 4258 3233 4315 mihi
3276 4257 3512 4325 iuma‘

1534 4369 1763 4424 VABIIE
1803 4367 2204 4427 LECTIONES.

349 4443 443 4476 ⁸³³⁸
499 4441 725 4496 Domine
779 4439 982 4495 diutius
1038 4454 1136 4493 ms.
1193 4439 1330 4494 Thu.

249 4513 387 4569 Thu.
443 4513 684 4583 separari
735 4519 1008 4583 errantem
1049 4510 1189 4564 sicut
1237 4526 1392 4583 ovem

245 4586 313 4639 ad
353 4558 720 4638 ovilerredire
765 4581 1066 4651 volentem;
1102 4581 1264 4651 gregi
1317 4558 1436 4643 suo,
1488 4595 1518 4634 a
1562 4558 2506 4651 quti'iq'iiéiii'v'éiii,’iocumiam
2532 4566 2694 4648 corde
2726 4563 3094 4651 anhelantem.
3128 4558 3203 4614 De
3224 4559 3314 4611 illo
3361 4626 3372 4638 .

1227 4633 1470 4721 ista‘lps'a
1496 4633 2481 4721 imisericordiaqirzecipitetinvitat,
2505 4648 2564 4694 ιιι
2595 4634 2904 4721 misericors
2948 4633 3046 4685 fias
3095 4645 3242 4721 mss:-
3266 4633 3512 4721 amittunt

246 4653 469 4709 Intulit?
494 4669 595 4706 ms.
628 4651 764 4706 That.
799 4650 1118 4705 subintnlit?

1401 4439 1628 4495 Domine
1695 4441 1952 4495 famulum
2005 4453 2157 4495 tuum
2210 4436 2413 4490 diutius

1508 4487 1627 4544 ἶδίδν
2214 4487 2446 4560 {nam}.
2498 4499 2632 4553 Tlm.
2681 4487 3083 4566 necessitatem.
3128 4487 3364 4566 Suspice
3389 4499 3510 4566 eam

2524 4428 2618 4462 ¹⁹²⁹
2674 4422 2928 4494 Separari
2993 4420 3171 4494 sicnt_
3188 4431 3344 4494 ovem
3401 4429 3505 4467 ms.

3420 4553 3511 4587 ιοδι

251 4724 347 4758 ¹⁹¹⁵³
376 4723 506 4777 Tum
537 4721 952 4777 interventionis
985 4695 2481 4792 an.sm:.Gmi.Tpiiiiiiiiﬁé'diidiiis"“315i?{iis'smi
2507 4722 2777 4792 nntium“.
2819 4703 2934 4792 lilio
2966 4717 3072 4756 non
3152 4695 3514 4780 "fTradidit

251 4795 422 4865 illum.
448 4793 546 4848 Cui
575 4801 660 4865 est
689 4794 860 4846 honor
882 4800 938 4865 et
961 4790 1126 4865 gloria
1156 4791 1208 4844 in
1244 4769 1436 4846 szecnla
2060 4807 2158 4843 ms.
2197 4769 2335 4841 Tim.
2363 4781 2579 4865 tradidit
2622 4778 2792 4831 illum.
2819 4773 2898 4826 Tu
2930 4784 3142 4841 quoque
3164 4769 3342 4865 animi:
3367 4780 3510 4865 mea,

253 4860 778 4935 pecusmorbidum,
816 4836 1180 4935 ovistperdita
2492 4852 2615 4932 quia
2645 4862 2742 4917 per
2769 4853 2822 4927 te
2869 4836 2974 4897 non
2995 4836 3232 4935 .m'ergrils
3274 4836 3509 4916 admitti2

255 4910 384 5005 iuga
415 4933 702 4988 Andrmam
729 4910 876 5005 pium
919 4910 985 4983 ut.
1005 4940 1056 4983 te
1086 4910 1334 4987 admi'tt'at
1671 4910 2199 5002 έιῖεἷρί-διὲὲιῶἶιῖέξ
2228 4910 2299 4981 ut
2346 4923 2464 4993 ejus
2512 4910 2921 5005 intercessioneI
2958 4913 3076 4982 pius
3121 4910 3510 5005 Salvatornqni

252 4975 404 5059 venit
425 5017 670 5074 quaerere
696 4975 836 5072 qiiod
869 5010 1176 5061 erraverat,
1211 4975 3015 5074 eisinitis;"eiiébi'é'13671338231,'éaiiéinomidunhusagvgt
3043 4981 3329 5049 perdilaln.
3362 4984 3416 5030 ει
3443 4975 3510 5028 ad

252 5075 395 5130 ovile
419 5062 639 5129 reducat
667 5062 975 5143 erroneaul.
1002 5074 1228 5143 θρετξαί
1258 5075 1427 5128 societ
1455 5074 1544 5143 qui
1576 5083 1660 5128 est
1705 5062 2022 5143 benedictus
2074 5071 2437 5143 in‘aeternum.
2466 5062 2638 5143 diunon

2751 5054 2844 5086 ‘9“
2880 5052 3085 5106 Collum
3114 5062 3191 5103 est
3223 5063 3338 5100 cum
3379 5061 3506 5099 mu.

261 5117 400 5199 ῑνίἓῇ
422 5117 2429 5206 ’ἱὲῗιῑιῗέΐὶιιίὶ’ἐξᾒέὶτῖ”ὃῖ’ὸ¹όῖιιῖῙειὸῖῇἷιὶῗ’ἑὲ-ιζ’ὲῶἑὶὀέἷᾱέ.
2475 5131 2604 5206 ass,
2638 5124 2874 5206 vat-tne.
2912 5135 2975 5206 et.
2997 5118 3146 5206 ξἰοτ.
3173 5118 3259 5206 ait
3289 5117 3510 5206 ιιςειιιιιη

253 5214 553 5270 Johannem
579 5213 973 5282 Evangelistam
1000 5226 1097 5280 Pro
1125 5186 1318 5267 timo're
1330 5186 2340 5268 éz'ii'écféi
2361 5186 2546 5282 City-It.
2684 5197 2926 5251 sanctum
2950 5189 3249 5282 Jo'bauuem
3281 5186 3512 5282 Aposto-

254 5286 363 5340 Ium
400 5297 453 5338 et
482 5257 903 5354 Evangeli'stam,
935 5257 1033 5354 pr'o
1062 5257 2112 5354 indulgenti;peceaio-riim'mss:
2146 5257 2549 5332 l’iciaetiFlor.
2581 5270 2954 5354 Atl‘nsgncta‘m
2999 5259 3298 5354 Johaunetn
3337 5257 3511 5310 Evan-

254 5355 505 5424 gelistam
537 5347 907 5408 msiVal-luc.
938 5351 1128 5424 Qratio
1162 5347 1239 5407 ad
1269 5354 1326 5408 S.
1351 5347 1652 5409 Johannem
1687 5353 2010 5424 Apostolum
2025 5361 2078 5405 et
2108 5347 2508 5424 Evangelistam

256 5414 445 5481 sancte
497 5434 554 5479 et
591 5427 750 5480 beate
788 5441 887 5477 ms.
933 5420 1084 5475 Flor.
1141 5437 1326 5479 sancte
1355 5436 1407 5478 et
1440 5414 1750 5479 benedicte'
1796 5424 1887 5456 "*3
1923 5422 2014 5476 Dei
2041 5438 2141 5474 ms.
2167 5417 2224 5474 S.
2251 5414 2373 5471 Ger.
2419 5414 2566 5468 omit.

2611 5337 2704 5370 ‘9"
2739 5334 2936 5388 Sancte
2958 5341 3014 5384 et
3045 5329 3353 5382 beatissime
3382 5341 3509 5379 nus.

2642 5405 2733 5440 '9"
2760 5404 2838 5457 Tu
2882 5402 2960 5454 sic
3006 5416 3128 5453 mss.
3167 5395 3512 5451 dilectissime

256 5495 638 5567 Apostolorum
680 5494 792 5567 Dei.
817 5493 1000 5567 Tusic
1029 5467 1858 5567 ηίῗδοῄὃιῖρὲιῗ
1889 5467 2766 5567 διιῖιίᾶἷιίηῖξιξίναι-[υςζιξιιριει
2796 5471 2946 5567 illudl
2998 5469 3089 5502 "“
3113 5469 3189 5522 Te
3210 5467 3513 5567 exorandus

258 5536 382 5621 mist.
418 5575 470 5620 te
491 5564 823 5619 exorandum
901 5561 993 5594 ¹⁹¹⁵²
1021 5536 2453 5619 Οιιίιιιίιιυξιῖιιι
2531 5551 2627 5584 ³⁸⁸³
2650 5536 2766 5612 Qua
2810 5539 2946 5611 apud
2993 5556 3117 5621 mss.
3166 5553 3327 5621 quam
3371 5536 3511 5621 apud

257 5652 386 5690 mss.
424 5634 557 5689 Vict.
583 5634 836 5704 quoniam
863 5605 3224 5704 aputu135075;'Eoiiiiéi'iiz'gis'éf'qiiii.{2'6}ii'i£{iié"'(“erasnailqueivosmaenis.
3263 5605 3390 5690 Vict.
3421 5605 3508 5660 I6.

257 5679 1077 5783 ξξξὶιέῷἀὲιὲῖπῖόξῖἱῆιῆὲ“’ἕπε
1107 5679 1778 5777 νος
1802 5679 2295 5772 ξέᾲιίέιᾘι·
2371 5695 2460 5729 ³⁸⁸⁷
2493 5693 2689 5749 Misera
2711 5679 2827 5741 mea
2856 5699 2952 5738 ms.
2988 5679 3121 5737 Tha.
3157 5679 3370 5737 miseria
3393 5693 3510 5733 mea

263 5793 359 5831 ms.
393 5775 542 5832 Flor.
579 5777 775 5832 misera
800 5775 978 5828 anima
1016 5788 1134 5826 mea
