3852 6050
396 293 500 348 937

406 405 552 462 tum!
602 403 912 473 Angttslim!
964 403 1246 458 Convincit
1296 419 1388 457 me
1428 401 1702 456 inimicum
1758 401 1852 454 Dei
1906 398 1980 452 rei
2013 403 2058 460 Α

413 495 630 555 veritas,
681 503 733 545 et
784 492 1035 558 prohibet
1076 493 1321 547 confiteri
1368 493 1614 546 horroris
1655 490 1983 544 immanitas.

402 585 703 655 ArgnStize!
741 584 904 637 Deum
925 594 979 638 et
1002 585 1180 637 omnia
1211 585 1494 654 provocavi
1521 583 1586 637 ad
1618 583 1984 637 ulciscendum

407 686 462 730 et
506 676 637 729 nihil
689 676 816 729 mihi
865 676 1140 730 reservavi
1178 675 1496 731 inoll'cnsum
1539 675 1604 728 ad
1652 673 1987 729 interceden-

405 769 554 818 dum.
590 764 881 829 Mmrores,
912 765 1128 820 dolores
1153 808 1166 831 ,
1209 767 1472 836 gemitus,
1507 766 1735 834 rugitus,
1771 764 1858 819 ubi
1890 764 1998 818 ad—~

405 855 571 914 estis,
617 855 659 909 si
706 856 791 909 hic
832 856 1063 910 deeslis?
1109 855 1205 910 Ubi
1261 857 1516 920 fervetis,
1548 855 1592 910 si
1628 856 1715 910 hic
1753 854 1986 924 tepetis?

408 942 706 1010 Dirnmpite
755 944 1052 1010 torquendo
1081 960 1390 1014 Compagem
1435 959 1634 1005 meam,
1685 944 1996 998 ennsttmite

408 1035 613 1087 nt'en’du
641 1034 898 1088 interiora
931 1050 1069 1095 mea,
1105 1035 1504 1089 tumultuamini
1541 1034 1635 1066 ¹⁹⁸⁰
1659 1035 1711 1088 itt
1750 1049 1982 1103 praecor-

403 1125 507 1178 diis
545 1126 699 1189 meis,
729 1125 772 1179 si
815 1141 920 1193 qua
955 1125 1092 1181 forte
1121 1127 1489 1181 misericOrdia
1533 1127 1786 1196 respiciat
1824 1126 1984 1180 mise-

406 1216 542 1268 riam
600 1232 773 1269 meam
827 1217 940 1270 ’m.
979 1217 1022 1272 Ο
1067 1233 1161 1272 vos
1212 1219 1588 1274 misericordes
1644 1218 1802 1272 amici
1863 1217 1981 1282 Dei,

406 1307 736 1361 miseremini
768 1318 875 1361 tam
909 1309 1188 1379 indigenti,
1223 1326 1320 1378 per
1362 1311 1507 1364 illam
1553 1310 1982 1366 misericordiam

408 1413 569 1465 qnam
599 1396 726 1453 fecit
747 1400 897 1454 vobis
931 1399 1086 1456 Deus.
1133 1401 1473 1467 Succurrite,
1515 1416 1580 1454 ne
1612 1415 1698 1455 me
1733 1401 1983 1455 obvolrat

407 1488 485 1541 ira
530 1489 619 1543 Dei
647 1506 767 1545 cum
802 1492 1038 1546 inimicis
1065 1491 1200 1559 ejus.
1233 1491 1386 1554 Nolo.
1436 1494 1696 1558 detestor,
1728 1507 1983 1555 exsecror

405 1591 525 1631 esse
554 1579 634 1634 vel
668 1579 772 1635 dici
805 1581 1054 1636 inimicus
1085 1581 1228 1649 ejus;
1275 1583 1400 1637 licet
1440 1582 1704 1638 conﬁtear
1744 1597 1828 1638 me
1858 1598 1981 1652 pec-

407 1679 645 1722 calorem
677 1667 810 1738 ejus.
846 1672 1180 1738 Succurrite,
1208 1673 1286 1727 vel
1320 1672 1512 1743 aliquis
1544 1673 1658 1726 ¹⁹⁸⁰.

753 290 808 345 S.
851 290 1149 345 ANSELSII
1179 290 1528 345 CANTUAR.
1569 285 1885 342 ARClllEI’.
1925 284 2072 340 OP‘P.
2117 283 2295 338 PARS
2324 284 2386 337 Il.
2421 281 2886 337 -—-P.\li.lENET.
2929 281 3019 336 ET
3057 281 3305 338 ASCET.

2159 396 2306 458 Jesu,
2335 395 2419 448 cui
2461 395 2641 463 inique
2668 393 2912 463 peccavi;
2948 393 3192 455 Domine,
3219 408 3378 461 quem
3423 394 3700 464 nequiter

2089 487 2417 556 contempsi;
2450 485 2812 553 omnipotens,
2843 482 2995 550 cujus
3020 484 3158 536 iram
3183 483 3416 551 superbe
3439 485 3694 547 irritavi,

2089 580 2316 635 dilector
2341 578 2564 634 Joannis
2616 577 2758 632 beati
2792 576 3021 646 apostoli
3055 576 3156 640 tui,
3195 577 3262 630 ad
3294 576 3472 645 ipsum
3519 585 3577 630 te
3607 575 3694 628 fn-

2088 672 2168 742 git
2195 671 2288 707 ⁸³³⁸
2339 670 2564 724 territus
2591 684 2718 723 reus
2765 677 2910 732 tuus,
2942 677 3198 738 peccator
3236 676 3383 733 tuus,
3439 667 3694 721 ol'fensor

2090 774 2214 819 tuus
2249 763 2360 826 "‘7,
2393 771 2879 830 quantumcunque
2909 759 3235 821 scelerosus,
3271 770 3698 828 quamnunc-tm-

2087 869 2191 922 que
2219 852 2533 923 flagitiosum,
2562 851 2805 904 obtendit
2849 865 3044 905 nomen
3082 849 3262 904 dilecti
3306 851 3405 913 tui,
3443 849 3596 903 inter
3628 863 3693 902 se

2085 941 2539 996 et-immiuentem
2577 939 2904 994 sententiam
2927 939 3060 1006 justi
3101 938 3292 1008 judicii
3343 939 3444 991 tui.
3481 937 3593 992 Per
3625 939 3688 990 il-

2084 1030 2188 1084 lam
2222 1031 2434 1084 beatam
2482 1029 2826 1084 dilectionem
2851 1067 2867 1091 ,
2897 1042 3059 1098 parce
3093 1029 3356 1096 quaerenti
3402 1027 3524 1095 ejus
3576 1029 3687 1082 tui-

2085 1123 2308 1177 tionem.
2349 1122 2594 1186 Domine,
2625 1137 2724 1191 pen
2755 1135 2908 1188 cujus
2949 1135 3145 1176 nomen
3186 1121 3462 1175 misereris
3487 1137 3686 1191 pecca-

2086 1213 2220 1266 toris
2241 1213 2347 1278 tui,
2368 1212 2412 1265 si
2439 1213 2665 1265 damnas
2688 1220 2934 1264 orantem
2967 1225 3066 1278 per
3104 1225 3302 1264 nomen
3345 1211 3533 1265 dilecti
3571 1213 3686 1265 tui?

2085 1303 2331 1365 Domine,
2359 1303 2460 1357 sub
2484 1317 2593 1370 quo
2623 1301 2859 1369 tegmine
2883 1299 2975 1332 "“
3006 1300 3408 1371 protegitu‘r,.si
3445 1301 3551 1354 sub
3582 1317 3680 1355 ne.

2084 1391 2232 1446 mine
2267 1391 2446 1445 dilecti
2499 1390 2573 1444 tui
2616 1390 2955 1460 percutitur?
3011 1389 3110 1446 Ubi
3163 1399 3249 1445 est
3299 1390 3597 1460 refugium,
3633 1395 3678 1448 si

2083 1483 2185 1538 sub
2213 1481 2412 1537 dilecto
2443 1491 2532 1538 tuo
2559 1492 2642 1536 est
2664 1482 2962 1551 periculum
2983 1482 3006 1535 ἲ
3025 1481 3142 1536 Νοη
3165 1484 3383 1546 sentiat,
3424 1485 3677 1553 Damtne,

2084 1591 2194 1630 non
2283 1575 2484 1630 sentiat
2555 1575 2738 1628 odium
2797 1583 2995 1639 tntum,
3064 1576 3155 1644 qui
3209 1575 3344 1646 fugit
3409 1581 3482 1632 ad
3542 1581 3678 1636 dile-

2082 1677 2228 1723 ctum
2257 1678 2430 1722 tuum.
2497 1667 2764 1732 Domine,
2818 1667 3080 1733 Domine,
3131 1687 3236 1726 non
3308 1671 3432 1740 plus
3501 1675 3689 1728 valeat

477 1760 559 1813 'I‘u
589 1762 695 1828 ille,
726 1763 1006 1833 discipule,
1040 1781 1196 1833 quem
1236 1765 1490 1836 diligebat
1533 1765 1708 1830 Jesus,
1741 1764 1788 1818 si
1824 1781 1986 1836 agno-
2015 1756 2213 1814 B'mea
2265 1759 2508 1827 ηθίῐυίηει
2560 1757 2640 1813 δά
2681 1758 3085 1816 ἀθηιηθιίοηθῑη
3119 1805 3134 1828 ν
3166 1780 3327 1834 fl"am
3373 1765 3497 1834 εἶπε
3549 1783 3674 1835 ἔντε’

415 1855 524 1906 scis
582 1854 790 1924 signum
829 1865 1011 1922 tnnm,
1044 1873 1173 1927 rogo
1228 1869 1279 1914 te
1326 1874 1420 1928 per
1462 1861 1603 1915 hanc
1646 1860 1984 1915 dilectionem

409 1943 601 2011 ipsam,
636 1949 989 2014 agnoscamin
1009 1958 1152 2002 tanta
1187 1952 1507 2005 necessitate
1522 1951 1780 2005 auxilium
1810 1960 1982 2006 tuum.

408 2033 662 2100 Joannes,
696 2034 949 2103 Joannes,
988 2039 1032 2092 si
1070 2048 1122 2092 tu
1155 2055 1214 2094 es
1241 2041 1536 2112 discipulus
1565 2042 1652 2096 ille
1677 2058 1835 2113 quem
1864 2043 1987 2098 dili-

405 2127 558 2195 gebat
589 2126 765 2190 Jesus,
803 2144 994 2198 pret-or
1025 2141 1076 2186 te
1123 2147 1219 2200 per
1261 2134 1361 2188 hoc
1397 2134 1568 2202 ipsum
1610 2135 1723 2202 ⁸⁵⁸⁸,
1760 2135 1861 2190 sim
1886 2151 1986 2206 ego

407 2230 503 2284 per
531 2226 580 2269 te
602 2229 852 2285 peccator
878 2220 967 2252 ¹⁹⁶³
1009 2220 1118 2287 ille,
1166 2223 1248 2276 cui
1285 2224 1554 2293 indulgeat
1595 2223 1774 2280 Jesus.
1800 2225 1856 2281 Si
1892 2225 1985 2280 tibi

407 2308 698 2376 gloriosum
726 2319 912 2378 pectus
945 2309 1069 2366 illud
1120 2312 1221 2368 fuit
1263 2313 1524 2369 familiare
1559 2315 1985 2383 reclinatorium,

417 2414 551 2469 rogo
597 2403 668 2454 sit
701 2402 838 2456 idem
889 2405 1017 2458 mihi
1047 2420 1142 2473 per
1179 2415 1228 2461 te
1249 2407 1483 2462 salutare
1523 2409 1984 2477 propitiatorium.

409 2490 622 2558 Fateor,
651 2492 872 2549 Domine
900 2497 993 2563 mi,
1015 2497 1209 2553 dilecte
1236 2499 1346 2562 Dei,
1375 2500 1498 2569 quia
1527 2509 1580 2554 tu
1601 2500 1744 2569 juste
1773 2517 1989 2572 quoque

407 2582 578 2636 iratus
604 2599 662 2636 es
718 2585 771 2638 in
815 2585 982 2640 Deum
1031 2589 1343 2644 dilectorem
1379 2599 1526 2644 tuum
1573 2593 1819 2660 peccanti
1850 2610 1862 2645 :
1889 2595 1984 2649 sed

407 2682 555 2726 certe
584 2689 612 2728 s
633 2673 720 2727 .let
749 2673 1003 2732 Dominus
1037 2694 1136 2747 per
1170 2680 1401 2735 amicum
1433 2682 1612 2752 pacari
1661 2697 1817 2738 servo
1857 2699 1988 2755 sup-

408 2763 647 2832 plicanti.
679 2766 841 2837 Ergo,
874 2785 906 2823 o
933 2771 1084 2825 beate
1112 2771 1372 2838 Joannes,
1401 2775 1490 2844 qui
1521 2784 1668 2829 tanta
1699 2776 1987 2833 dilectione

410 2853 670 2921 praeditus
711 2872 770 2910 es
819 2860 956 2926 apud
1001 2861 1193 2926 Demn,
1233 2871 1283 2917 te
1333 2863 1582 2919 obsecrat
1624 2879 1748 2920 reus
1797 2880 1988 2920 servus

407 2945 546 3012 ejus,
583 2955 639 2998 ut
672 2949 989 3004 reconcilies
1031 2955 1175 3006 eum.
1217 2951 1333 3008 Non
1361 2961 1464 3015 est,
1507 2953 1702 3009 dilecte
1731 2955 1846 3020 Dei,
1879 2969 1988 3011 non

407 3048 492 3092 est
522 3046 707 3092 co::tra
734 3041 826 3095 Dei
851 3039 1218 3115 dilectionem,
1243 3046 1286 3100 si
1313 3047 1567 3101 subvenis
1593 3061 1685 3102 reo
1706 3045 1844 3116 ejus,
1877 3062 1983 3102 non

2089 1853 2162 1906 tia
2201 1854 2269 1908 ad
2309 1849 2731 1906 miserationem.
2786 1848 2934 1906 Bone
2965 1893 2985 1917 ,
3037 1853 3175 1908 boue
3227 1857 3342 1921 ⁸⁸⁸³,
3404 1874 3518 1912 non
3562 1859 3680 1928 plus

2086 1941 2258 2012 possit
2284 1942 2466 1996 odium
2492 1942 2596 1995 mei
2628 1941 2694 1996 ad
2726 1941 3056 2011 perdendum
3087 1958 3242 2013 opus,
3271 1946 3414 2014 quod
3459 1945 3674 2011 fecisti;

2087 2047 2248 2102 quam
2287 2033 2404 2104 ejus
2447 2031 2666 2088 dilectio
2709 2033 2778 2087 ad
2817 2032 3147 2102 parcendum
3185 2048 3366 2101 servo,
3393 2051 3559 2105 quem
3597 2052 3686 2091 re-

2089 2123 2328 2179 demisti.

2158 2215 2575 2288 Benignissime,
2612 2215 2703 2284 qui
2735 2214 2868 2270 nihil
2900 2214 3060 2270 odisti
3107 2230 3295 2270 eorum
3325 2231 3448 2286 qua:
3479 2217 3673 2283 fecisti,

2089 2323 2216 2365 ecce
2238 2325 2396 2379 quem
2429 2309 2601 2363 fecisti
2632 2308 2724 2342 ³³⁷⁸
2757 2318 2813 2364 et
2859 2306 3117 2362 refecisti.
3148 2307 3259 2363 Cur
3285 2323 3416 2379 ergo
3455 2310 3676 2363 damna-

2087 2399 2192 2466 bis,
2219 2399 2462 2458 Domine,
2496 2412 2555 2452 se
2587 2405 2964 2459 accusantem,
3003 2406 3055 2451 te
3081 2398 3426 2452 invocantem
3447 2441 3463 2462 ,
3489 2399 3534 2453 si
3572 2415 3686 2452 non.

2088 2491 2250 2546 odisti
2281 2490 2482 2561 aliquid
2513 2505 2698 2544 eorum
2723 2504 2843 2558 quae
2870 2487 3089 2543 fecisti?
3111 2489 3218 2544 Fac
3240 2491 3334 2522 ¹⁹⁷¹
3353 2506 3506 2561 ergo,
3539 2493 3672 2546 bone

2090 2578 2358 2642 Domine,
2425 2589 2646 2650 propter
2713 2580 2904 2646 illum,
2953 2597 3114 2652 quem
3167 2581 3312 2634 inter
3371 2581 3669 2649 discipulos

2085 2681 2209 2728 tuos
2233 2673 2556 2728 familiarius
2609 2673 2875 2737 dilexisti,
2929 2690 2996 2728 ne
3061 2675 3138 2728 sis
3183 2674 3312 2728 mibi
3362 2673 3682 2738 damnatur,

2088 2764 2214 2833 quia
2267 2773 2324 2818 tu
2351 2764 2500 2820 solus
2524 2779 2584 2819 es
2619 2764 2876 2820 salvator.
2916 2765 3243 2820 Benedictus
3270 2773 3323 2820 tu
3358 2767 3412 2821 in
3452 2766 3668 2821 siccata.

2087 2855 2281 2910 Amen.

2370 2945 2627 3004 ORATIO
2675 2946 2880 3002 LXVIII
2903 2946 3001 3020 [οι.
3030 2947 3213 3020 LXVI]
3245 2948 3353 3000 m'.

2536 3051 2606 3091 AD
2631 3051 2852 3092 EUIDEI
2887 3053 3212 3093 Αροετοιωι.

407 3127 765 3196 defendendo,
813 3133 905 3187 sed
940 3150 1037 3204 per
1071 3135 1534 3194 intercessionem.
1579 3137 1693 3193 Non
1757 3139 1990 3195 obtendo
2015 3132 2058 3191 C
2148 3125 2257 3181 Ρνο
2286 3127 2490 3197 gamma
2513 3126 2610 3181 θεέ
2636 3127 2912 3182 daemone
2934 3139 2982 3182 ετ
3008 3129 3226 3199 Ρνοτίνηί
3249 3127 3614 3197 ίίηρεπαηάα·

409 3217 710 3289 iniquitatis
747 3238 880 3277 mete
914 3225 1302 3294 defensionem,
1329 3245 1427 3285 nec
1459 3239 1587 3300 opto
1614 3230 1987 3287 defendentem

405 3310 452 3364 si
501 3313 667 3378 prodo
716 3315 805 3348 "“
851 3317 1270 3388 confessionem,
1303 3329 1360 3375 et
1409 3337 1598 3390 qnmro
1630 3322 1991 3377 intervenien-

408 3411 538 3454 tem.
572 3402 760 3458 Amice
792 3405 905 3469 Dei,
931 3423 998 3462 ne
1038 3409 1263 3478 deputes
1284 3411 1379 3450 ¹⁹ο⁸
1409 3412 1555 3466 illum
1585 3413 1678 3467 Dei
1724 3413 1808 3467 vel
1837 3422 1986 3468 tuum

412 3505 533 3544 esse
558 3491 858 3555 inimicum,
887 3498 1001 3565 qui,
1035 3508 1296 3566 quantum
1327 3509 1525 3570 potest,
1557 3503 1788 3558 amando
1817 3504 1989 3560 credit

410 3587 466 3631 et
498 3583 790 3636 confitetur
817 3585 979 3639 Deum
1014 3595 1162 3642 tuum
1193 3603 1312 3645 esse
1343 3592 1600 3645 amicum.
1635 3593 1691 3647 Si
1721 3594 1904 3658 credo,
1937 3596 1983 3650 si

407 3668 689 3738 conﬁteor,
715 3674 760 3728 si
784 3675 904 3731 volo
924 3691 1110 3731 amare
1135 3677 1228 3732 tibi
1255 3695 1570 3735 concessum
1598 3693 1806 3736 tantum
1837 3698 1990 3740 amo-

413 3773 527 3812 rem
562 3761 674 3826 Dei,
707 3778 835 3834 rogo
869 3773 918 3819 te
947 3779 1043 3833 per
1063 3765 1202 3821 hanc
1223 3767 1316 3824 tibi
1346 3769 1525 3825 datam
1549 3773 1805 3841 gratiam,
1833 3788 1988 3828 aver-

414 3859 468 3907 te
498 3869 527 3907 a
569 3871 656 3910 me
686 3857 816 3912 mihi
847 3858 1087 3913 debitum
1113 3859 1206 3894 ¹⁹⁰⁸
1235 3863 1416 3916 odium
1445 3863 1556 3919 Dei.
1582 3864 1709 3931 Fac,
1737 3867 1982 3932 Domine,

412 3956 632 4017 propter
661 3948 832 4017 ipsum
873 3961 1170 4006 amatorem
1207 3961 1376 4018 tuum,
1417 3953 1499 4007 fac
1528 3955 1651 4024 quia
1689 3970 1808 4010 sum
1849 3971 1986 4026 opus

410 4036 528 4101 ejus
558 4046 611 4090 et
651 4053 838 4094 servus
869 4048 923 4093 et
966 4041 1274 4110 redemptus
1299 4041 1435 4110 ejus,
1471 4042 1553 4099 fac
1602 4060 1732 4116 ergo
1769 4057 1989 4116 propter

410 4144 536 4184 eum
567 4131 707 4200 apud
749 4147 909 4196 eum,
940 4149 1006 4188 ne
1032 4135 1224 4202 perdat
1270 4136 1410 4204 quod
1454 4136 1603 4204 fecit,
1643 4154 1710 4194 ne
1756 4140 1990 4210 perimat

409 4220 552 4286 quod
610 4222 856 4278 redemit.
889 4223 1017 4285 Fac,
1052 4223 1193 4278 sicut
1225 4237 1354 4278 vere
1395 4226 1570 4297 diligis
1603 4243 1738 4297 opus
1786 4228 1904 4294 eius
1930 4237 1986 4286 et

409 4309 804 4366 confessionem
839 4313 1105 4369 benedicti
1133 4317 1369 4372 nominis
1387 4315 1523 4385 ejus.

2166 3216 2367 3272 Sancte
2397 3216 2654 3282 Joannes,
2683 3226 2737 3271 tu
2781 3218 2867 3272 ille
2907 3216 3141 3274 Joannes
3176 3231 3315 3271 unus
3358 3215 3428 3269 de
3466 3217 3670 3282 magnis

2093 3308 2350 3380 apostolis
2407 3307 2523 3374 Dei,
2569 3307 2638 3363 de
2692 3311 2902 3380 magnis
2953 3310 3286 3379 principibus
3344 3308 3501 3377 regni
3551 3307 3662 3370 Dei;

2092 3417 2254 3465 unus,
2279 3402 2523 3470 inquam,
2557 3399 2948 3456 ditissimorum
2975 3402 3266 3457 dilectione
3294 3414 3401 3470 qua
3426 3399 3592 3468 diligit
3615 3407 3671 3452 et

2094 3494 2336 3565 diligitur
2366 3495 2508 3550 Deus
2558 3492 2672 3557 ⁸⁸⁷³,
2717 3502 2773 3549 et
2804 3495 3107 3550 ditissimus
3149 3509 3339 3548 eorum
3387 3493 3664 3546 dilectione

2093 3602 2230 3656 quos
2255 3587 2426 3659 diligit
2454 3589 2806 3653 Deus..Ecce,
2845 3603 2878 3643 ο
2902 3587 3155 3658 epulente
3187 3595 3296 3639 tam
3325 3585 3500 3639 beatis
3525 3583 3661 3636 divi-

2091 3677 2207 3742 tiis,
2235 3686 2291 3732 et
2317 3678 2466 3732 dives
2504 3685 2612 3731 tam
2643 3679 2800 3732 beata
2852 3677 3147 3746 opulentia,
3191 3689 3322 3730 ecce
3367 3687 3662 3728 atrumtmsa

2089 3769 2184 3826 sed
2228 3768 2537 3824 Christiana
2575 3769 2775 3834 anima,
2801 3784 3006 3840 pauper
3031 3778 3086 3824 et
3128 3769 3285 3838 inops
3316 3767 3510 3822 harum
3540 3766 3664 3820 divi-

2089 3863 2288 3917 tiarum
2313 3863 2508 3932 quibus
2535 3861 2616 3918 sic
2651 3862 2934 3932 opulenter
2964 3859 3227 3926 abundas,
3245 3875 3495 3915 esuriens
3520 3873 3665 3912 acce-

2089 3955 2166 4010 dit
2193 3955 2259 4009 ad
2288 3955 2487 4010 ostium
2514 3954 2813 4010 clementiae
2842 3964 2951 4009 tute
2974 3995 2988 4018 ,
3014 3952 3331 4022 suppliciter
3357 3952 3670 4006 mendicans

2089 4044 2487 4117 eleemosynam
2537 4045 2828 4115 opulentia:
2867 4054 2991 4108 tua),
3023 4054 3289 4114 quatenus
3321 4057 3391 4096 ex
3420 4056 3488 4096 eo
3533 4037 3662 4110 quod

2088 4137 2185 4192 tibi
2209 4147 2264 4192 et
2293 4138 2475 4193 multis
2506 4138 2624 4192 sine
2650 4137 3008 4192 diminutione
3047 4134 3293 4190 adiicere
3341 4144 3544 4203 potest,
3571 4134 3667 4187 sal-

2050 4236 2061 4250 ‘
2087 4239 2200 4285 tem
2227 4225 2299 4282 iili
2332 4236 2539 4281 tantum
2563 4226 2888 4294 impertiaris
2917 4226 3060 4280 unde
3087 4224 3202 4296 ipsa
3248 4223 3344 4256 ¹⁹⁴¹δ
3373 4224 3455 4279 vel
3482 4225 3666 4277 vivere

2091 4318 2281 4389 possit.
2312 4316 2535 4388 Porrige
2561 4316 2744 4385 igitur,
2769 4316 2918 4370 dives
2948 4315 3120 4370 amice
3146 4314 3261 4380 Dei,
3291 4315 3516 4385 porrige
3557 4316 3664 4368 ani-

1694 4453 1924 4510 VARIIE
1962 4451 2363 4510 LECTIONES.

485 4576 578 4610 ⁸⁸⁸⁸
624 4578 986 4634 'I‘nmulamini
1021 4598 1144 4634 mss.
1197 4581 1319 4636 Bcc.
1358 4582 1492 4637 Tha.
1535 4583 1666 4638 Vict.
1715 4597 1760 4640 et
1790 4583 1946 4640 ϐοή».
1977 4585 2379 4640 tumultuamini

2487 4585 2582 4618 ¹⁹⁸⁹
2609 4584 2876 4639 Miseriam
2905 4598 3080 4639 meam
3117 4601 3218 4638 ma.
3253 4581 3404 4636 Flor.
3430 4585 3666 4638 animam

410 4661 587 4700 meam
663 4649 755 4679 ¹⁹⁶⁰
789 4651 1032 4702 Vestrum
1055 4652 1270 4724 _aliquis
1302 4670 1424 4707 mss.
1459 4655 1539 4709 vel
1572 4655 1767 4723 aliquis
1845 4657 1932 4688 ¹⁹⁶¹
1967 4657 2070 4710 Per
2100 4657 2200 4711 hoc
2240 4656 2414 4722 ipsum
2445 4671 2548 4710 ms.
2579 4654 2860 4712 Sim-Ger.
2880 4671 2974 4724 per
3001 4657 3144 4709 hunc
3174 4656 3346 4723 ipsum
3426 4654 3531 4687 ¹⁹⁶⁸
3570 4655 3668 4723 Ego

409 4731 508 4794 per
539 4725 589 4768 te
619 4727 870 4794 peccator
899 4736 998 4794 ms.
1045 4718 1312 4794 SanoGer.
1331 4739 1436 4794 ego
1482 4718 1732 4794 peccator

409 4787 851 4850 descendentem,
877 4791 970 4841 sed
997 4792 1166 4856 prodo

408 4857 516 4910 lnc.
565 4871 594 4909 a
644 4873 729 4910 me
773 4859 902 4912 mibi
943 4859 1178 4913 debitum

411 5000 559 5052 mine
609 5015 733 5051 mss.
793 5002 1026 5069 tegmine

411 5069 588 5123 I-‘Cisli
621 5085 746 5122 mss.
777 5084 904 5124 ecce
934 5085 1091 5138 quem
1126 5070 1296 5125 fecisti

1135 5001 1226 5033 "'9
1272 5001 1416 5056 Bone
1453 5005 1674 5061 Domine
1729 5001 1853 5061 mss.
1886 5001 2069 5062 εονὸῖ
2088 5006 2213 5061 Bec.
2265 5005 2398 5060 Vict.
2430 5019 2476 5061 et
2522 5006 2760 5060 Val-(uc.
2813 5008 2971 5068 bone,
3004 5005 3141 5059 bone

1842 4725 1934 4758 ¹⁹⁶³
1985 4725 2095 4782 Nec
2131 4726 2364 4781 obtendo
2409 4726 2823 4781 descendentem
2871 4726 2914 4780 si
2965 4725 3182 4793 profero
3227 4741 3354 4777 nm.
3411 4738 3520 4780 nec
3551 4739 3668 4791 opto

1278 4793 1376 4865 97"“,
1394 4792 1658 4864 Nepotes
1694 4813 1817 4850 mss.
1845 4811 1912 4850 ne
1936 4797 2160 4865 deputes

475 4874 516 4938 ρ.
565 4871 594 4909 a
624 4873 729 4938 nte
773 4863 902 4938 mihi
927 4863 1178 4938 Odcbittuu
1246 4932 1256 4938 _
1292 4863 1382 4894 m‘
1432 4863 1514 4938 A_i_t
1572 4877 1642 4920 te.
1675 4867 1810 4937 fugit
1851 4884 1976 4921 mss.
2002 4863 2146 4938 fBec.
2216 4865 2347 4938 Vict.
2372 4867 2457 4938 κζ’).
2500 4865 2656 4920 Corb.
2687 4877 2734 4919 et
2775 4865 2986 4938 Val-Jac
3013 4866 3078 4918 ad
3117 4866 3287 4933 ipsum
3325 4863 3556 4938 te‘fugit
3582 4883 3666 4918 rm.

423 4926 557 5008 Vict.
623 4927 700 4981 I6.
731 4929 796 4980 ad
826 4938 878 4984 te
927 4929 1096 5008 ipsum
1136 4930 1415 5008 fugit‘ms.
1451 4935 1586 5008 :l'lm.
1618 4938 1684 4989 ad
1719 4926 2120 5008 ipsumrefugit

2269 4796 2361 4828 ⁸⁸⁸⁵
2393 4795 2434 4848 Α
2462 4812 2547 4851 me
2574 4797 2870 4851 indebitum
2898 4792 3023 4848 me.
3063 4792 3196 4848 Vict.
3237 4794 3424 4848 cant.
3456 4807 3518 4848 et
3556 4795 3669 4849 Vat-

3328 4934 3424 4967 1908

3252 5005 3344 5036 ⁸⁸⁷⁸
3384 5006 3535 5062 Ecce
3560 5023 3667 5075 qua:

2231 4937 2318 4968 ¹⁹⁶¹¹
2359 4937 2495 4992 Osor
2523 4947 2645 4990 tuus
2679 4954 2806 4991 mu.
2829 4935 3066 4990 oﬁ'ensor
3097 4944 3218 4989 tuus

1374 5074 1466 5106 "“
1509 5077 1564 5130 Si
1597 5092 1700 5130 non
1731 5079 1910 5136 odisti.
1953 5077 2040 5131 fac
2074 5094 2201 5131 mss.
2250 5076 2383 5130 Vict.
2423 5078 2508 5131 16.
2545 5088 2590 5131 et
2631 5075 2780 5131 Flor.
2826 5080 2868 5130 si
2902 5091 3006 5130 non
3039 5073 3195 5143 odisti
3243 5076 3457 5143 aliquid
3488 5073 3667 5131 eorum

409 5155 532 5209 qua!
555 5140 747 5193 fecisti.
782 5139 891 5193 Fac
966 5141 1057 5172 "7’
1088 5139 1294 5194 Collnta
1325 5153 1401 5196 est
1452 5162 1569 5198 cum
1608 5163 1735 5200 mss.
1783 5147 1916 5200 Vict.
1945 5146 2068 5201 KK.
2099 5149 2184 5200 16.
2222 5147 2354 5200 ΤΙιιι.
2400 5148 2525 5202 267.
2560 5147 2680 5201 Bec.
2717 5145 2782 5201 Ο.
2814 5145 2970 5201 Corb.
2999 5145 3120 5198 I60.
3168 5139 3408 5199 Val-lac.
3444 5158 3495 5200 et
3525 5145 3670 5200 Flor.

411 5211 490 5264 ΛεΙ
519 5211 748 5290 curulem
775 5211 1089 5290 Apostnlum
1126 5227 1222 5280 pro
1252 5214 1464 5290 gemina
1505 5215 1598 5270 Dei
1636 5217 1928 5290 dilectione
1951 5227 2005 5272 et
2040 5218 2289 5290 proxittti
2316 5218 2672 5290 impetranda.
2704 5234 2804 5272 ms.
2851 5215 2987 5290 Vict.
3019 5215 3071 5268 5.
3103 5213 3386 5290 OratioAad
3416 5218 3666 5290 eundetu.

413 5295 512 5334 ms.
546 5279 668 5356 Bcc.
704 5280 899 5356 oratio
921 5279 1933 5356 τιό-δοιιριυπιξ-δφὴίιηηθιηγᾼροειοιιιιη
1962 5297 2018 5341 et
2040 5279 2436 5356 Evangelistam
2466 5304 2563 5341 ms.
2610 5287 2813 5341 Thuau.
2842 5284 3028 5342 Oratio
3064 5285 3130 5338 ad
3164 5285 3399 5339 eundem
3437 5303 3541 5355 pro
3572 5287 3670 5338 im-

413 5350 718 5430 petrat-ioue
740 5350 1054 5404 Charitatis.
1073 5349 1483 5430 _u_tss.‘_an-luc.
1513 5349 1742 5430 attat-tr.
1773 5357 1900 5430 Item
1931 5359 2106 5412 oratio
2126 5349 2485 5430 atfeuudenr
2545 5359 2639 5390 ⁸⁸⁷³
2662 5359 2778 5422 Qua
2802 5358 2976 5430 diligit
3002 5364 3054 5408 et
3084 5349 3470 5430 quatliligitur
3509 5357 3663 5414 Deus.

413 5429 472 5496 et
500 5420 805 5496 ditissimus
833 5420 1342 5496 ent-um_tlilocti0tte
1375 5439 1499 5496 qua
1527 5426 1771 5496 diligitur
1823 5428 1962 5481 Dens
2008 5444 2133 5482 mss.
2167 5427 2288 5481 Bec.
2327 5439 2376 5480 et
2430 5426 2559 5481 Vict.
2597 5429 2649 5482 3.
2686 5420 2796 5496 qua
2833 5420 3005 5496 diligit
3032 5433 3082 5478 et
3105 5420 3358 5494 'diligitu'r
3397 5426 3572 5489 Dens,
3620 5431 3672 5478 et

415 5488 720 5570 ditissimus
750 5505 937 5570 eorum
973 5488 1403 5570 dilec_t_i_one_q_ua
1431 5495 1606 5570 diligit
1628 5488 1923 5570 “Densius.
1958 5496 2091 5551 'l'ltu.
2117 5499 2507 5570 quaddeligitur
2535 5488 2783 5570 Deusget
2816 5488 3119 5570 ditissimus
3156 5488 3344 5570 eorum
3370 5488 3667 5570 dilectione

416 5571 525 5637 qua
553 5559 731 5638 diligit
761 5559 1062 5638 Densum.
1098 5560 1234 5616 Vict.
1267 5562 1354 5616 16.
1380 5572 1438 5646 et.
1460 5559 1608 5647 ις’ίῖπ.
1641 5583 1745 5634 qua
1777 5567 1950 5636 diligit
1971 5577 2024 5622 et
2049 5559 2154 5637 qua
2187 5559 2428 5638 diligitur
2452 5568 2592 5623 Deus
2622 5585 2636 5622 :
2669 5559 2964 5622 ditissimus
2988 5578 3172 5643 eorum
3203 5563 3503 5647 dilectione
3537 5580 3670 5646 quos

418 5626 608 5708 εειιιβιξ
637 5629 780 5680 Deus
808 5629 1188 5708 ms_._Vat-ln_c.
1211 5647 1314 5708 qua
1346 5631 1518 5708 diligit
1544 5646 1596 5693 et
1625 5652 1728 5706 qua
1767 5637 2005 5707 diligitur
2030 5637 2194 5704 Deus,
2223 5646 2280 5694 et
2307 5637 2603 5694 ditissimus
2653 5652 2841 5695 corum
2879 5638 3166 5694 dilectione
3190 5649 3291 5704 qua
3319 5636 3504 5708 diligit
3585 5635 3670 5667 ι”δ

1171 5669 1188 5686 ο
1211 5669 1314 5704 ιιι-αξ
1346 5669 1518 5704 unus".
1544 5669 1596 5693 ιι
1625 5669 1728 5704 qua
1767 5669 1994 5704 υιιιδιιυι
2030 5669 2194 5704 νῦν»,

418 5691 573 5748 Unde
596 5695 709 5763 ipsa
744 5712 840 5750 ms.
875 5693 1006 5752 Tltu.
1042 5702 1180 5756 unde
1212 5691 1275 5758 de
1302 5703 1412 5774 ipsa

3583 281 3706 340 ass
3803 259 3805 340 ἰ
