3906 6058
227 309 332 365 939

1609 350 1620 359 .
1662 312 2072 368 OliATiONiiS.

3405 317 3507 370 990

227 441 332 480 ma
355 423 606 494 pauperis
627 423 772 476 servi
801 421 1081 477 diiectoris
1107 423 1181 478 tui
1210 425 1324 492 Dei,
1349 425 1414 480 de
1439 425 1526 480 illa
1551 427 1802 496 epulenta
1833 435 1878 487 Α
1897 437 1962 480 et
1989 438 2195 496 quanto
2227 427 2362 482 facis
2399 427 2488 458 ¹⁹⁸⁰
2520 436 2576 480 ιιι
2601 426 2943 498 plures-illum
2971 437 3179 496 ament,
3211 439 3360 484 tanto
3389 433 3508 500 plus

229 515 364 570 cella
395 514 594 568 mentis
623 523 728 568 tua:
757 513 896 572 hanc
945 512 1042 568 tibi
1091 530 1340 582 parvam,
1375 516 1508 570 mihi
1535 531 1816 586 magnam;

233 604 331 658 tibi
363 603 611 666 facilem,
647 603 780 656 mihi
820 602 1038 658 vitalem
1072 603 1494 676 eleemosynam,
1533 617 1588 660 ut
1631 609 1816 664 Denti-

229 711 332 750 nus
369 710 542 757 meus,
577 711 662 748 cur
693 695 896 764 placntt
923 696 990 748 ad
1021 695 1220 752 multos
1249 697 1502 754 ditandos
1535 707 1586 754 te
1615 699 1816 769 ditare,

229 785 482 856 dignetur
507 800 628 840 eam
657 793 874 854 propter
905 795 958 840 te
982 785 1060 838 vel
1085 787 1150 838 ad
1180 787 1346 840 vitam
1377 789 1632 844 tuendam
1673 791 1820 845 refo-

229 877 442 932 eillare.
473 875 686 944 Pauper
713 887 864 930 certe
891 884 996 939 est,
1037 876 1264 932 Domine
1295 879 1390 941 mi,
1413 881 1608 934 dilecte
1637 879 1822 934 Domi-

229 966 286 1022 ni
319 966 514 1032 nostri,
543 981 748 1036 pauper
765 975 848 1020 est
867 967 1046 1020 anima
1075 981 1214 1030 mea,
1246 967 1390 1036 quod
1411 984 1577 1039 cogor
1602 979 1656 1024 et
1683 986 1811 1024 eru-

228 1060 424 1114 bescor
489 1059 760 1122 conﬁteri,
811 1057 1092 1126 utriusque
1147 1058 1452 1115 dilectionis
1505 1061 1638 1126 Dei;
1689 1062 1818 1130 quia

229 1153 386 1207 valde
423 1151 564 1207 infra
589 1167 756 1221 quam
790 1150 968 1212 debet,
999 1149 1176 1219 diligit
1209 1151 1400 1216 Donni,
1421 1161 1478 1208 et
1503 1153 1674 1208 multo
1711 1153 1816 1208 mi-

229 1261 334 1298 nus
356 1260 520 1314 quam
551 1255 696 1316 eget,
726 1245 970 1316 diligitur
1003 1263 1032 1302 a
1065 1247 1196 1302 Deo.
1229 1245 1490 1315 Equidem
1529 1247 1580 1300 in
1607 1262 1713 1302 uno
1741 1247 1816 1300 l‘a-

229 1346 348 1390 teor
367 1353 454 1392 me
483 1338 638 1392 valde
673 1337 936 1408 injustam
955 1380 970 1403 ,
999 1340 1054 1393 in
1094 1340 1266 1394 altero
1287 1337 1494 1407 justum
1527 1338 1732 1402 Deum;
1759 1338 1816 1394 in

229 1439 462 1499 utroque
481 1431 660 1484 sentio
683 1443 770 1484 me
792 1431 954 1486 nimis
983 1427 1264 1498 miserum,
1295 1431 1444 1501 justo
1466 1430 1672 1500 judicio
1701 1431 1816 1488 Dei.

228 1519 348 1574 Non
377 1535 498 1576 sum
529 1519 732 1576 oblitus
761 1522 1086 1590 hocdicens,
1116 1539 1150 1578 ο
1172 1531 1226 1578 ιιι
1251 1521 1396 1590 juste
1417 1530 1474 1578 et
1503 1523 1828 1580 misericors

229 1611 374 1666 Deus
399 1628 422 1664 ι
459 1626 560 1666 nec
589 1627 708 1666 sum
753 1612 996 1681 ingratus
1033 1613 1366 1668 multimodis
1409 1612 1690 1668 beneﬁciis
1716 1623 1820 1668 tua:

227 1715 358 1770 erga
410 1715 496 1754 me
529 1699 838 1756 dilectionis
882 1702 952 1757 ab
989 1702 1146 1756 initio
1177 1704 1478 1758 creationis
1507 1719 1678 1770 meae;
1717 1704 1812 1760 sed

1923 518 1996 572 illi
2030 520 2306 574 retribuis.
2341 518 2450 574 Fac
2481 533 2630 587 ergo,
2679 517 2923 579 Domino,
2963 519 3100 574 lianc
3139 522 3361 590 supplici
3415 531 3507 574 tuo

1921 609 2368 674 misericordiam,
2399 611 2539 664 unde
2583 619 2638 664 et
2685 621 2772 662 me
2823 608 2916 662 tibi
2952 610 3084 664 tanti
3137 611 3260 664 boni
3301 613 3504 666 debito-

1921 717 2071 770 rem,
2123 709 2178 756 et
2228 710 2280 754 te
2321 700 2432 756 Deo
2471 702 2630 754 unius
2685 703 2878 758 animae
2927 703 3096 756 facias
3151 703 3500 756 redditorem.

1923 791 2048 856 Fac,
2077 806 2289 860 precor,
2314 791 2560 856 Domine,
2585 791 2666 846 fac
2693 807 2760 847 ne
2785 808 3001 856 renuas,
3027 793 3168 846 unde
3195 792 3324 846 nulli
3352 793 3508 846 dam—

1921 899 2048 936 num
2097 885 2342 948 eveniet,
2393 883 2487 936 sed
2542 897 2700 938 servo
2747 894 2838 938 tuo
2888 884 3058 949 salus,
3103 883 3195 938 tibi
3229 885 3422 952 gratia,
3451 895 3506 938 et

1923 972 2036 1026 Deo
2063 971 2238 1042 gloria
2287 973 2591 1039 proveniet.
2642 973 2999 1028 Dilectissimo
3053 975 3308 1044 discipule
3339 975 3508 1043 pieta-

1920 1065 2010 1128 tis,
2041 1079 2140 1117 cur
2170 1065 2396 1132 negabis
2447 1063 2730 1118 almndans
2771 1065 2970 1133 egenti,
3020 1074 3210 1132 potens
3257 1062 3502 1132 poscenti

1918 1155 2060 1225 quod
2103 1154 2232 1208 nulli
2283 1163 2368 1208 est
2419 1154 2640 1208 noxium
2672 1162 2728 1208 et
2758 1163 2834 1209 tot
2885 1155 3041 1210 bonis
3079 1155 3407 1210 obnoxium?
3445 1154 3500 1208 Si

1917 1246 2060 1302 enim
2089 1243 2361 1300 obsistunt
2394 1245 2599 1313 optanti
2637 1254 2856 1314 peccata
2889 1259 3016 1306 sua;
3047 1261 3146 1298 cur
3175 1260 3282 1298 non
3327 1245 3525 1314 potius

1918 1337 2180 1398 assistunt
2203 1337 2380 1392 oranti
2419 1337 2610 1392 merita
2636 1336 2759 1388 tua?
2787 1338 2868 1390 An
2911 1344 3130 1404 peccata
3170 1349 3287 1388 mea
3316 1344 3507 1402 poten-

1923 1431 1996 1486 tia
2027 1439 2154 1486 sunt
2181 1431 2248 1484 ad
2275 1430 2576 1486 nocendum
2607 1429 2720 1494 ‘9‘“,
2749 1437 2804 1482 et
2835 1429 3027 1484 merita
3058 1437 3146 1482 tua
3185 1428 3508 1497 impotentia

1918 1532 2046 1578 sunt
2089 1523 2156 1576 ad
2203 1521 2672 1586 subveniendum?
2701 1522 2880 1586 Absit,
2928 1521 3176 1582 Domine,
3239 1537 3304 1576 ne
3342 1537 3507 1592 cogar

1919 1613 2122 1670 sentire
2159 1613 2302 1682 quod
2357 1614 2554 1668 horreo
2612 1612 2816 1668 dicere.
2859 1609 2973 1686 (Cur
3026 1612 3258 1680 denique
3304 1611 3505 1680 petenti

1919 1710 2146 1772 negetur
2179 1709 2398 1770 propter
2429 1710 2654 1770 peccata
2684 1716 2804 1768 sua,
2834 1700 2924 1768 qui
2957 1715 3018 1754 ea
3053 1701 3382 1764 conﬁtendo,
3415 1701 3502 1753 ni-.

229 1794 406 1846 donec
457 1791 686 1846 satietur
729 1802 960 1860 utraque
1001 1799 1090 1848 tua
1132 1792 1444 1859 dilectione,
1493 1809 1712 1863 semper
1757 1811 1818 1850 se
1852 1773 1892 1830 Β
1923 1793 1998 1846 hil
2028 1808 2124 1862 per
2145 1805 2242 1844 sua
2275 1791 2464 1846 merita
2492 1791 2686 1862 qumrit
2707 1789 2799 1845 sed
2823 1805 2919 1860 per
2945 1797 3036 1844 tua
3065 1789 3088 1842 ?
3113 1789 3504 1858 Cur,inqnam,

227 1895 526 1954 pauperem
606 1889 663 1936 et
741 1895 964 1952 egenam
1035 1882 1238 1938 clamat
1315 1885 1566 1940 esuriens
1639 1886 1818 1940 anima

229 1988 372 2028 mea.

299 2062 512 2130 Quippe
539 2061 644 2117 hoc
669 2060 845 2130 ipsum
877 2071 958 2118 est
985 2063 1052 2124 de
1081 2063 1352 2130 maximis,
1394 2066 1462 2122 de
1493 2067 1820 2136 gratissimis

233 2155 330 2190 “7‘
355 2155 486 2209 mihi
523 2155 630 2210 tuis
651 2155 952 2219 beneﬁciis,
983 2155 1110 2224 quia
1133 2171 1230 2225 per
1252 2173 1472 2214 suavem
1499 2170 1712 2232 gustum
1745 2163 1820 2216 ιιιὶ

236 2248 380 2302 hanc
407 2247 460 2300 in
492 2261 578 2299 me
605 2246 856 2299 exeitasti
879 2246 1218 2314 aviditatem,
1253 2257 1310 2302 ut
1337 2261 1528 2306 renuat
1557 2251 1818 2306 consolari

229 2339 422 2392 animo
447 2353 562 2391 utea
587 2334 758 2405 (Psal.
781 2353 964 2402 Lxxvt,
993 2339 1072 2408 5),
1099 2339 1202 2394 nisi
1223 2355 1318 2408 per
1341 2339 1458 2408 ejus
1480 2341 1813 2398 satietatem.

227 2431 310 2486 Ad
349 2443 514 2498 quam
543 2427 938 2497 impetrandam
971 2430 1228 2498 quoniam
1259 2445 1366 2486 non
1397 2430 1592 2487 sulIicit
1619 2433 1821 2503 suppli-

229 2523 372 2578 catio
403 2521 580 2574 minus
607 2520 786 2574 dilecti
815 2522 1117 2587 peccatoris
1149 2523 1258 2587 tui;
1287 2523 1356 2576 ad
1383 2538 1504 2578 eam
1525 2525 1820 2594 impetran-

230 2615 356 2669 dam
406 2613 522 2678 ⁸³⁷⁸,
557 2613 746 2666 invoco
789 2612 982 2672 merita
1037 2617 1266 2668 multum
1323 2615 1502 2672 dilecti
1543 2615 1818 2673 dilectoris

177 2687 184 2692 ’
231 2706 326 2758 tui.
355 2705 514 2774 Ergo,
543 2713 596 2757 ιιι
631 2703 772 2756 bone
797 2703 986 2767 dulcis,
1028 2713 1086 2758 et
1127 2705 1304 2760 dulcis
1341 2706 1506 2774 bene,
1543 2724 1572 2762 a
1601 2723 1708 2777 quo
1735 2717 1820 2766 est

228 2813 393 2855 otnne
434 2799 658 2862 bonum,
691 2797 776 2853 iac
805 2798 956 2853 illum
987 2798 1117 2852 mihi
1146 2807 1200 2852 et
1234 2807 1284 2852 te
1313 2799 1412 2864 illi,
1445 2801 1554 2855 imo
1583 2809 1637 2856 et
1669 2811 1724 2856 te
1749 2801 1814 2854 il-

234 2891 346 2944 lnm
381 2889 512 2944 mihi
564 2888 920 2956 exorabilem,
950 2898 1011 2943 ut
1047 2903 1143 2958 per
1179 2889 1328 2944 illum
1359 2905 1618 2959 assequar
1659 2891 1819 2960 hujus

230 2981 506 3037 satietatis
537 2982 908 3038 desideratum
945 2980 1166 3036 bonum.
1213 2980 1358 3046 Scio,
1407 2981 1655 3048 Domine,
1704 2985 1819 3040 scio

227 3085 284 3130 et
315 3073 490 3128 fateor
513 3073 642 3142 quia
673 3087 771 3143 ego
803 3087 910 3126 non
933 3086 1054 3125 sum
1085 3071 1280 3140 dignus
1307 3087 1466 3139 quem
1497 3081 1554 3124 ιιι
1581 3071 1814 3143 diligas;
1845 3116 1886 3173 C

228 3166 326 3220 sed
355 3175 504 3220 certe
535 3175 590 3220 tu
629 3179 736 3218 non
759 3178 820 3220 es
849 3163 1102 3232 indignus
1129 3177 1292 3232 quem
1321 3179 1424 3234 ego
1455 3164 1698 3237 diligam.
1739 3167 1818 3237 Da

230 3273 368 3328 ergo
399 3258 552 3323 mihi,
593 3257 840 3322 Domine,
875 3271 974 3326 per
995 3256 1114 3326 ejus
1149 3259 1370 3321 merita,
1401 3259 1542 3312 unde
1571 3271 1624 3312 tu
1649 3273 1710 3314 es
1737 3259 1822 3314 di-

228 3366 390 3420 guns,
429 3360 484 3405 et
509 3365 604 3406 ero
639 3351 857 3421 dignus.
893 3353 1038 3406 unde
1067 3365 1186 3404 sum
1225 3351 1497 3422 indignus.
1541 3351 1646 3406 Sed
1691 3363 1818 3410 oret

233 3441 326 3475 ¹⁰⁷⁷
364 3457 460 3512 pro
491 3458 576 3496 me
605 3443 802 3512 potius,
833 3442 956 3512 quia
989 3443 1106 3511 ipse
1127 3451 1306 3510 potest
1329 3443 1601 3500 eﬂicacius
1625 3445 1712 3500 ille
1740 3446 1821 3500 di-

229 3530 399 3588 lectus
447 3541 572 3588 tuus
605 3575 622 3598 ,
667 3534 893 3590 Domine
957 3533 1106 3588 Jesu.
1171 3532 1301 3590 Orct
1375 3533 1463 3588 ille
1517 3538 1662 3606 pium
1715 3552 1814 3606 pe-

1921 1899 2042 1940 cum
2083 1886 2288 1954 potiora
2340 1883 2450 1937 sint
2496 1883 2689 1938 merita
2729 1895 2850 1950 qua:
2891 1879 2960 1934 ab
3015 1895 3080 1934 eo
3114 1879 3504 1944 obtenduntur,

1921 1991 2080 2046 quam
2105 1975 2300 2030 delicta
2331 1989 2450 2043 quae
2477 1973 2550 2026 illi
2586 1971 2946 2040 objiciuntur?
2975 1971 3167 2026 Certus
3192 1972 3333 2025 enim
3363 1987 3501 2035 sum,

1921 2065 2170 2132 Domine,
2204 2066 2328 2136 quia
2352 2066 2396 2119 si
2423 2065 2502 2119 vis
2531 2063 2652 2132 plus
2677 2062 2820 2116 valet
2843 2063 3015 2132 gratia
3046 2071 3132 2116 tua
3169 2063 3306 2132 apud
3337 2051 3508 2118 Deum.

1920 2158 2236 2212 dilectorem
2270 2167 2441 2220 tuum,
2470 2172 2630 2226 qnam
2657 2163 2737 2220 ut,
2769 2153 3004 2209 dimissis
3047 2155 3288 2226 peccatis
3339 2155 3496 2220 meis,

1920 2265 2006 2306 me
2032 2249 2262 2304 amando
2290 2248 2452 2302 faciat
2469 2257 2763 2302 amatorem
2791 2262 2970 2300 somn.

1935 2393 1938 2396 .
1989 2337 2154 2408 Ergo,
2182 2352 2214 2392 ο
2243 2333 2403 2392 beate
2449 2335 2705 2402 Joannes,
2757 2336 2844 2390 fac
2882 2344 2940 2389 ut
2969 2336 3057 2404 qni
3104 2345 3155 2390 te
3199 2335 3393 2406 diligit,
3423 2351 3507 2392 me

1919 2444 2136 2498 quoque
2162 2428 2352 2500 diligat
2371 2444 2466 2500 per
2495 2428 2639 2482 illam
2667 2428 2947 2484 cbaritatis
2978 2428 3319 2482 latitudinem
3341 2443 3505 2506 quam

1921 2517 2153 2574 docuisti
2208 2525 2263 2572 et
2317 2516 2515 2582 habes;
2549 2527 2605 2572 et
2650 2533 2758 2588 qua
2787 2517 2918 2570 nulli
2967 2517 3196 2580 invides,
3229 2517 3322 2584 sed
3353 2532 3505 2570 com—

1918 2631 2082 2672 ntune
2111 2617 2194 2672 vis
2221 2627 2342 2670 esse
2363 2615 2565 2672 bonum
2593 2628 2702 2683 quo
2721 2612 2944 2684 gaudes.
2974 2591 3204 2680 Fac'pcr
3233 2610 3400 2664 vicem
3429 2607 3508 2664 di-

1919 2707 2168 2763 lectionis
2195 2722 2356 2778 quam
2391 2706 2464 2760 illi
2497 2705 2686 2768 debes,
2726 2712 2785 2758 ut
2823 2719 2998 2758 meum
3027 2719 3243 2772 quoque
3264 2702 3508 2756 dilectio-

1919 2816 2044 2858 nem
2074 2816 2196 2854 cum
2233 2810 2320 2855 tua
2351 2799 2426 2854 illi
2459 2798 2638 2854 solvas
2675 2797 2790 2865 ηδ’,
2831 2796 2915 2850 cui
2947 2813 3044 2864 pro
3097 2799 3215 2850 sola
3265 2810 3367 2850 sua
3416 2793 3508 2854 '9'!

1919 2911 2026 2954 non
2077 2897 2248 2952 solam
2295 2906 2484 2964 tuam,
2537 2897 2630 2952 sed
2721 2894 2920 2950 multas
3001 2894 3186 2949 debes.
3255 2892 3506 2968 Quippe,

1919 2990 2076 3056 beate
2109 2989 2346 3044 Joannes
2369 3029 2384 3054 ,
2411 2989 2528 3059 ipsa
2561 2998 2651 3042 tua
2683 2985 2984 3042 beatudine
3011 2999 3070 3038 es
3103 2995 3356 3054 expertus
3383 2986 3506 3052 quia

1921 3082 2064 3136 sicut
2090 3081 2266 3138 nullus
2297 3082 2405 3136 Deo
2431 3081 2582 3150 prius
2609 3095 2774 3148 quam
2803 3079 3000 3134 debeat
3033 3087 3210 3147 potest
3233 3078 3506 3148 tribucre;

1919 3173 1999 3230 sic
2027 3187 2130 3228 nec
2167 3173 2450 3241 plusquam
2501 3171 2682 3236 debet,
2708 3170 2854 3226 valet
2881 3170 3200 3226 retribuere.
3250 3169 3305 3224 Si
3375 3185 3508 3238 ergo

1920 3272 2188 3331 quotquot
2209 3263 2377 3322 Deum
2403 3273 2704 3316 amatorem
2748 3269 2894 3314 tuum
2919 3275 3018 3330 per
3049 3269 3098 3313 te
3129 3259 3376 3329 diligunt,
3401 3277 3508 3314 non

1918 3365 2147 3424 possunt
2179 3354 2519 3422 compcnsari
2570 3351 2696 3416 "3*;
2725 3367 2939 3422 precor,
2991 3351 3230 3410 Domine,
3267 3368 3334 3408 ne
3376 3350 3510 3418 abjiv

1919 3448 2032 3501 cias
2065 3447 2214 3500 illum
2247 3447 2338 3514 qui
2369 3447 2420 3498 in
2471 3446 2580 3499 illis
2609 3445 2782 3514 poscit
2817 3445 3219 3500 conttuinerari.
3253 3444 3506 3498 Accende

1917 3553 2106 3594 arnore
2132 3538 2250 3607 ejus
2277 3537 2368 3568 ¹⁹⁸⁸
2401 3545 2693 3606 tepentem,
2725 3546 2778 3590 et
2825 3535 2989 3590 redde
3037 3533 3352 3590 ferventem.
3385 3535 3498 3590 Ad-

230 3633 354 3679 ctns
405 3633 576 3690 tuum,
627 3625 782 3679 dulce
857 3625 1266 3679 reclinatorium
1333 3641 1488 3680 suum
1545 3643 1642 3696 pro
1691 3643 1817 3694 me;
1912 3628 2040 3698 juva
2063 3629 2346 3691 nitentem,
2369 3628 2562 3682 exaudi
2589 3637 2862 3682 orantem.

227 3723 286 3772 et
337 3715 532 3770 exaudi
591 3723 646 3768 tu
693 3714 1018 3769 desiderium
1071 3731 1251 3769 meum
1345 3731 1442 3784 per
1486 3717 1636 3772 illum
1696 3735 1822 3788 pro-

227 3821 358 3882 pter
385 3820 454 3862 le.

305 3899 502 3953 Sancte
531 3897 767 3960 Joannes
787 3937 802 3962 ,
831 3896 1024 3952 dilecte
1053 3895 1180 3952 Jesu
1211 3897 1413 3953 Christi
1451 3898 1658 3952 Domini
1692 3897 1819 3962 mei,

229 4000 385 4061 rogat
409 4001 462 4044 te
489 4004 680 4044 servus
706 3989 867 4044 amici
899 3991 996 4054 tui,
1031 3998 1092 4044 ut
1119 3999 1338 4060 propter
1365 4005 1566 4046 nomen
1611 3991 1820 4046 Domini

229 4083 312 4138 sui
351 4083 624 4136 dilectoris
647 4082 722 4134 tui
765 4081 1026 4150 impetres
1075 4081 1150 4136 illi
1191 4091 1432 4138 mutuam
1473 4083 1819 4138 dilectionem

233 4171 350 4235 Dei,
383 4171 606 4240 impetra
639 4185 770 4241 ergo
812 4171 904 4202 ³9⁷³
943 4172 1076 4226 mihi
1115 4181 1386 4241 quatenus
1421 4171 1502 4226 sic
1533 4172 1820 4244 diligor-ab

231 4264 346 4330 illo,
379 4271 438 4316 ut
493 4272 542 4316 el
574 4277 674 4332 ego
705 4263 866 4332 digne
893 4263 1112 4333 diligam
1153 4264 1322 4319 illum.
1365 4263 1530 4319 Certe
1563 4279 1818 4333 namque,

229 4355 424 4412 dilecte
457 4354 570 4416 Dei.
609 4355 652 4409 si
681 4355 794 4424 ipse
827 4355 1000 4425 diligit
1029 4370 1128 4411 nos
1153 4365 1371 4426 propter
1400 4365 1474 4420 te,
1509 4356 1823 4412 misericor-

1989 3718 2119 3774 Jesu
2155 3718 2400 3782 Domine,
2441 3733 2600 3786 quem
2635 3728 2764 3786 opto
2801 3719 3206 3786 exanditorem;
3249 3718 3506 3784 Joannes,

1919 3822 2082 3876 quem
2127 3807 2340 3876 postulo
2383 3809 2824 3874 intercessorem,
2867 3810 2948 3864 sic
2989 3825 3076 3864 me
3115 3811 3261 3880 cogit
3297 3812 3509 3866 deside-

1921 3900 2062 3954 rium
2093 3913 2296 3964 meum,
2330 3910 2390 3953 ut
2413 3899 2506 3932 ¹⁹⁸⁶
2529 3914 2726 3968 cogere
2749 3915 2844 3954 vos
2863 3900 3132 3954 desideret
3164 3915 3260 3956 cor
3293 3917 3508 3964 meum;

1921 4005 2108 4045 verum
2145 4005 2250 4046 non
2287 3991 2484 4045 invitos
2507 3991 2622 4056 “37,
2657 3991 2750 4046 sed
2784 4002 3144 4060 spontaneos;
3179 4006 3286 4046 non
3321 3991 3510 4056 nolen-

1925 4090 2024 4146 tes,
2056 4082 2152 4134 sed
2184 4081 2452 4136 volentes.
2500 4080 2756 4136 Patimini
2791 4081 2955 4149 igitur
2998 4089 3054 4133 et
3091 4081 3328 4149 parcite;
3368 4090 3426 4135 et
3461 4083 3506 4136 si

1921 4172 2050 4240 quid
2083 4170 2360 4240 excogitat
2399 4185 2494 4226 cur
2527 4185 2729 4234 meum,
2757 4178 3004 4239 torquete
3035 4171 3102 4224 ad
3134 4185 3380 4226 amorem
3395 4170 3505 4224 tm.

1925 4261 2236 4327 Snstiuete,
2297 4262 2548 4332 inquam,
2613 4277 2732 4326 me,
2777 4261 2904 4330 quia
2961 4275 3117 4314 amor
3171 4263 3372 4316 amoris
3413 4261 3506 4320 Dei

1925 4352 2072 4423 cogit
2113 4367 2220 4408 me.
2265 4352 2492 4406 Domine
2531 4363 2584 4406 et
2611 4352 2854 4414 Domine,
2895 4353 3080 4412 credo.
3113 4352 3225 4408 scio
3258 4353 3384 4420 quia
3426 4353 3510 4406 in-

229 4446 374 4500 diam
408 4445 562 4499 nobis
601 4445 984 4514 impendis;et
1015 4445 1058 4499 si
1101 4461 1198 4500 nos
1231 4446 1518 4514 diligamus
1547 4447 1696 4501 illum
1728 4463 1823 4515 per
1853 4469 1898 4524 ι)
1925 4445 2098 4498 vicem
2145 4458 2240 4498 vos
2283 4443 2528 4514 diligitis.
2598 4443 2706 4498 Sed
2747 4443 2890 4498 unde
2931 4444 3032 4498 hoc
3071 4444 3188 4514 ipse
3227 4443 3508 4512 experiar;

231 4549 304 4604 te,
333 4541 560 4612 gratiam
577 4539 648 4593 illi
665 4538 830 4608 292
851 4540 1120 4609 rependis.
1137 4539 1318 4603 Certe,
1344 4540 1588 4605 Domine,
1603 4540 1648 4594 si
1671 4539 1820 4592 illum

231 4635 506 4692 convertis
541 4635 606 4688 ad
633 4651 732 4690 nos
771 4633 1087 4696 amandum,
1117 4631 1256 4686 facis
1277 4648 1378 4686 nos
1403 4633 1498 4686 tibi
1535 4633 1668 4686 tanti
1694 4631 1820 4686 boni

235 4727 328 4758 ⁸⁸⁷⁵
357 4725 633 4780 debitores
657 4741 670 4790 ;
693 4735 747 4779 et
782 4725 826 4779 si
860 4739 956 4776 nos
979 4723 1228 4777 accendis
1243 4724 1310 4776 ad
1328 4723 1477 4777 illum
1505 4723 1821 4789 amandum,

233 4817 365 4872 facis
403 4827 454 4871 te
502 4815 574 4869 illi
608 4813 774 4867 debiti
827 4813 1178 4867 redditorem.
1225 4813 1386 4866 Certe
1437 4813 1616 4878 beate,
1648 4827 1820 4882 quan-

234 4921 566 4979 tumcunque
590 4909 762 4963 facias
799 4915 856 4960 ut
885 4904 1070 4976 plures
1095 4913 1266 4971 amet,
1302 4905 1436 4959 nihil
1459 4903 1552 4958 tibi
1585 4905 1814 4968 minuis;

1923 4537 1968 4591 si
1995 4536 2137 4606 quod
2173 4545 2298 4605 peto
2323 4547 2543 4606 propter
2575 4535 2828 4598 invicem,
2855 4551 2960 4590 non
2987 4535 3324 4590 conceditis?
3344 4534 3512 4588 Jesu?

1923 4627 2066 4682 unde
2114 4637 2169 4680 tu
2217 4627 2346 4682 mihi
2375 4665 2391 4691 ,
2455 4635 2548 4680 ant
2591 4641 2694 4696 ego
2735 4627 2984 4696 cuiquam
3031 4627 3199 4696 probo
3248 4626 3339 4657 ‘9”
3382 4626 3509 4696 quia

1923 4735 2074 4773 amas
2120 4719 2290 4785 illum,
2329 4717 2372 4773 si
2411 4733 2510 4772 nec
2541 4719 2709 4772 amari
2754 4735 2781 4772 a
2824 4727 2894 4782 te,
2941 4733 3040 4774 nec
3083 4719 3166 4772 vel
3206 4733 3392 4772 amare
3434 4727 3509 4782 te,

1921 4812 2020 4866 das
2045 4811 2253 4880 optanti
2291 4811 2422 4864 mihi
2455 4819 2672 4879 propter
2707 4809 2896 4864 illum?
2933 4807 3188 4874 Joannes,
3227 4810 3368 4864 unde
3401 4823 3503 4878 ego

1924 4903 2154 4958 sentiam
2201 4902 2326 4972 quia
2366 4903 2541 4975 diligit
2587 4912 2675 4970 te,
2737 4903 2785 4958 si
2823 4917 2930 4964 non
2973 4903 3102 4956 mihi
3143 4903 3400 4970 impetres
3443 4911 3500 4953 ut

1549 4993 1778 5051 VARI/E
1817 4993 2215 5050 LECTIONES.

305 5095 397 5128 ⁸⁸⁷⁸
440 5095 516 5149 De
566 5089 1069 5164 gravissimis_mss.
1126 5085 1192 5140 de
1238 5086 1561 5164 gratissimis

231 5165 626 5235 impetrandam
703 5165 792 5192 “'7
825 5165 932 5212 Sed
976 5167 1027 5210 et

233 5237 321 5290 16.
362 5247 410 5289 et
458 5230 592 5288 Tim.
637 5241 866 5301 impetra
897 5244 1027 5298 ergo

240 5305 478 5360 Vol-Inc.
521 5298 737 5372 quanto
775 5301 929 5372 facis“
1021 5298 1112 5331 ¹⁹⁸¹
1147 5298 1240 5372 ed

234 5377 310 5431 iHi
342 5368 648 5431 solvas—ms.
695 5371 832 5424 Vict.
869 5370 956 5423 ιιι.
987 5383 1107 5422 cum
1147 5369 1220 5421 illi
1253 5368 1430 5422 solvas

233 5443 576 5516 compensari
643 5439 1124 5516 iff‘f'utinoreejus
1167 5455 1315 5516 mss:_
1362 5437 1496 5516 Vi_ct.
1531 5438 1699 5516 16._el
1731 5437 1881 5516 _I"Ior.
1917 5435 2301 5516 anteferri-ejus

639 5513 728 5544 ³⁸⁵⁷
761 5512 874 5564 Non
905 5509 1103 5562 invitos
1121 5525 1220 5560 ms.
1258 5505 1390 5562 Vict.
1419 5509 1470 5561 5.
1496 5525 1602 5562 tton
1635 5509 1890 5562 invitatos

235 5533 440 5579 lttettm,
473 5525 532 5568 ιιῑ

1545 5369 1637 5400 ¹⁹⁸³
1673 5367 1772 5421 Per
1799 5367 1966 5421 solam
2013 5381 2164 5420 suam
2223 5383 2348 5419 mss.
2385 5379 2482 5433 pro
2509 5363 2618 5433 sola
2671 5378 2764 5433 sua

1667 5087 1760 5118 "7°
1807 5088 1889 5142 Ad
1934 5101 2056 5141 cum
2103 5084 2496 5154 implorandam
2538 5099 2661 5136 mss.
2709 5081 2846 5136 Vict.
2876 5081 2960 5136 l6.
2994 5091 3040 5136 et
3077 5079 3230 5154 Flor.
3267 5079 3337 5154 ad
3373 5093 3506 5154 eam

703 5161 792 5192 ¹⁹⁷τ
825 5157 932 5212 Sed
976 5167 1030 5210 et
1057 5168 1176 5212 oret
1203 5147 1328 5211 nisa.
1361 5157 1496 5212 Vict.
1535 5155 1768 5211 Val—Inc.
1801 5169 1848 5211 et
1901 5153 2054 5210 Flor.
2095 5147 2192 5211 sed
2233 5163 2353 5208 oret
2447 5153 2540 5186 ⁸⁸⁷⁸
2571 5154 2800 5221 lmpetra
2835 5168 2964 5222 rogo
2993 5168 3118 5222 nisa.
3153 5147 3508 5222 Corb.__Vict.

1139 5229 1232 5259 “’7’
1269 5229 1380 5282 I‘ilti
1433 5229 1558 5282 boni
1589 5229 1720 5280 tanti
1777 5243 1901 5281 mss.
1939 5226 2074 5280 Vict.
2101 5227 2271 5280 omitt.
2311 5224 2436 5279 boni

1293 5301 1618 5366 poscendum
1666 5315 1792 5352 mss.
1837 5297 1966 5350 Vict.
2035 5295 2270 5350 Val-Inc.
2301 5305 2350 5348 et
2399 5293 2551 5348 Flor.
2574 5294 2654 5366 ad
2711 5293 3010 5366 nocendum

2555 5217 2885 5289 “""Ouanto
2902 5217 3094 5275 vl'aciet
3119 5236 3242 5272 mss.
3308 5217 3442 5272 Vict.
3465 5233 3508 5274 et

2589 5294 2654 5344 ad
2711 5293 3010 5344 nocendum
3127 5289 3218 5320 “'3’
3246 5287 3380 5344 Cum
3421 5299 3508 5343 tua

3151 5299 3218 5320 ⁵⁵⁷
3246 5299 3380 5343 Cum
3421 5299 3508 5343 tua

2879 5359 2970 5392 ⁵⁵⁸⁸⁵
2997 5360 3358 5427 Compensare
3385 5376 3506 5414 nisa.

2407 5435 2498 5468 ¹¹⁸⁶
2527 5431 2884 5498 Desideriunt,
2915 5439 2974 5482 ιιι
3027 5447 3150 5482 mss.
3183 5430 3508 5484 desiderium

2002 5505 2095 5538 ³³⁸⁸
2118 5505 2173 5558 Si
2197 5506 2325 5572 quid
2348 5505 2622 5572 excogitat
2645 5517 2800 5554 amor
2824 5513 2878 5554 ut
2896 5509 3220 5570 extorqueat
3249 5509 3508 5552 anterem.

233 5604 335 5641 ms.
365 5573 522 5642 Gorb.
553 5583 618 5638 Et
648 5583 726 5636 sic
763 5581 1034 5649 excogitat
1075 5595 1168 5632 cur
1199 5593 1374 5631 meum
1408 5587 1660 5646 torquere
1690 5580 1756 5630 ad
1796 5591 2036 5649 amorem
2063 5591 2163 5649 ms.
2183 5575 2570 5649 g'lr'lm._etgquid
2599 5573 2873 5649 excogitat
2898 5587 3005 5649 cur
3049 5585 3226 5626 meum
3261 5578 3513 5649 torquere

235 5659 303 5710 ad
337 5671 578 5711 amorem
657 5652 748 5686 ⁸⁸⁸⁸
781 5643 930 5706 Umlé
973 5659 1025 5700 tu
1057 5649 1188 5701 mihi
1237 5659 1452 5716 antch
1479 5643 1732 5715 cuiquam
1782 5647 1950 5715 probo
1996 5645 2260 5716 θυμιδυ.
2324 5645 2430 5716 Sed
2455 5645 2595 5697 unde
2622 5643 2722 5716 hoc
2757 5652 2809 5698 ιιι
2839 5643 2971 5698 mihi
3002 5651 3095 5700 aut
3133 5655 3233 5712 ego
3261 5643 3514 5712 cuiquam

235 5731 404 5799 probo
442 5745 540 5782 ms.
575 5725 710 5780 Tim.
753 5723 892 5776 unde
925 5729 975 5772 te
1006 5718 1136 5773 mihi
1169 5730 1266 5774 etc.
1301 5713 1411 5772 ms:
1439 5713 1694 5774 Victfiti.
1737 5713 1880 5774 unde
1911 5727 1966 5776 tu
1995 5715 2124 5773 mihi
2156 5724 2246 5771 aut
2269 5715 2518 5786 cuiquam
2545 5713 2714 5784 probo
