3906 6058
244 218 351 275 9.95

1649 211 2075 271 ORATIONES.

3399 206 3509 263 99!.

245 331 419 401 gloria
469 344 569 386 sua
617 328 893 394 viderent;
964 326 1109 398 quod
1152 335 1323 383 tanta
1371 326 1661 382 cbaritatis
1717 328 1812 359 ὀη
1846 332 1893 385 Α
1919 326 2146 399 Semper
2183 322 2429 379 infernus
2473 331 2711 394 apertus,
2744 330 2801 377 et
2830 327 3100 376 tormenta
3129 319 3248 390 ejus
3276 329 3496 390 parata,

245 423 447 492 pietate
479 422 681 486 arsisti,
727 430 786 474 ιιι
815 422 961 490 pium
990 435 1053 476 os
1084 428 1232 474 tuum
1264 420 1352 488 pie
1394 434 1494 488 pro
1544 419 1723 489 impiis
1773 430 1826 475 te

249 512 648 580 perimentibus
677 520 882 567 oraret.
912 510 1005 566 Sic
1050 512 1172 576 fuit,
1210 511 1351 566 bone
1400 511 1705 578 Stephane,
1742 513 1823 568 sic

245 602 367 657 fuit.
406 604 496 659 Sic
521 602 730 673 gaudeo
759 602 927 658 fuisse
958 604 1083 668 ὀυς
1115 613 1173 657 et
1198 603 1278 657 sic
1307 601 1540 672 gaudeo,
1574 603 1747 666 lwtor,
1772 611 1826 658 ct

242 692 459 749 exsulto
490 708 575 748 me
603 694 942 763 cognovisse.
968 692 1178 762 Quippe
1199 701 1447 747 metuens
1468 694 1600 762 justi
1627 692 1827 761 judicis

244 783 544 837 districtam
572 784 922 848 sententiam,
952 792 1217 846 metuens,
1243 782 1484 850 inquam,
1514 798 1613 852 ego
1639 798 1827 852 pecca-

246 882 330 928 tor
364 882 417 927 et
443 888 589 937 reus,
620 875 868 928 meritam
910 888 1154 942 pinnam,
1184 888 1319 942 opus
1345 872 1518 927 habeo
1556 873 1825 942 adjutore,

242 974 300 1018 et
330 963 487 1019 dulce
518 974 574 1020 et
618 975 789 1020 tutum
822 966 998 1020 habeo
1027 974 1077 1019 te
1121 963 1336 1020 mittere
1385 963 1825 1031 intercessorem,

243 1065 306 1109 ιιι
346 1054 544 1126 places
585 1058 684 1088 ‘°“
725 1056 855 1111 mihi
898 1056 1325 1124 omnipotentem
1369 1056 1605 1109 anticum
1656 1065 1824 1121 tuum,

244 1147 532 1221 Dominum
556 1159 609 1203 et
640 1146 953 1202 Creatorem
988 1162 1169 1200 meum
1202 1156 1258 1201 et
1278 1155 1460 1201 .tuum.
1508 1145 1634 1201 Scio
1659 1148 1827 1213 enim,

242 1239 483 1302 domine.
514 1250 569 1294 et
612 1250 795 1294 certus
821 1254 940 1294 sum
970 1253 1038 1293 ex
1079 1238 1289 1309 magnis
1332 1239 1540 1293 meritis
1570 1240 1676 1294 tuis
1702 1242 1828 1309 quia

240 1344 423 1403 potes;
454 1332 666 1387 conﬁdo
694 1347 757 1385 ex
784 1332 1000 1402 copiosa
1024 1331 1292 1386 charitate
1314 1331 1438 1400 quia
1462 1331 1643 1397 voles;
1669 1347 1830 1401 spero

242 1440 309 1477 ex
343 1425 607 1478 immensa
650 1423 1023 1478 misericordia
1058 1421 1260 1490 judicis
1295 1423 1421 1492 quia
1452 1440 1557 1477 non
1588 1425 1827 1494 negabit.

243 1515 452 1570 Auxius
477 1516 661 1585 itaque
686 1524 741 1571 et
759 1524 1003 1570 tremens
1031 1513 1314 1585 refugitad
1338 1523 1389 1570 te
1417 1515 1557 1570 male
1578 1516 1830 1571 conscius

242 1607 346 1661 sibi
386 1617 658 1676 peccator.

314 1697 457 1754 Vide
502 1714 657 1769 ergo,
688 1697 793 1768 pie
842 1698 1137 1769 Stephane,
1174 1698 1479 1767 angustiam
1522 1712 1727 1764 meam,
1774 1708 1830 1754 et
1858 1681 1902 1738 Β

248 1790 416 1845 dilata
464 1805 625 1860 super
662 1806 783 1845 eam
824 1790 921 1821 ’°“
958 1790 1282 1844 charitaletn
1320 1800 1485 1844 tuam.
1517 1788 1657 1843 Ecce
1683 1789 1827 1843 enim

249 1891 397 1937 astat
425 1896 548 1937 reus
569 1890 694 1936 ante
719 1882 1060 1936 tremendum
1078 1879 1337 1948 judicem.
1366 1880 1667 1934 Accusatur
1694 1880 1831 1935 mul-

252 1976 327 2030 tis
363 1984 418 2030 et
473 1975 683 2046 magnis
730 1974 971 2029 olfeusis.
1026 1971 1382 2028 Convincitur
1429 1980 1565 2026 teste
1609 1972 1829 2042 prepria

249 2065 604 2132 conscientia,
643 2074 699 2121 et
727 2067 953 2121 testibus
989 2064 1167 2121 oculis
1205 2062 1377 2132 ipsius
1412 2062 1633 2132 judicis.
1670 2062 1826 2118 Bona

242 2170 353 2210 non
387 2155 517 2225 egit,
560 2170 680 2224 qua:
710 2155 851 2210 male
886 2155 1025 2211 actis
1064 2162 1397 2223 compenset.
1431 2151 1646 2208 Nullum
1675 2154 1830 2207 fami-

244 2245 437 2300 liarem
459 2245 660 2316 judicis
701 2244 881 2314 aliquo
908 2243 1184 2312 praeterito
1221 2243 1483 2311 obsequio
1519 2241 1716 2297 meruit
1746 2245 1830 2295 itt-

248 2346 627 2401 tercessorem,
665 2350 859 2390 omnes
887 2333 1208 2390 offendendo
1238 2333 1437 2388 meruit
1463 2342 1828 2389 accusatores.

244 2427 419 2484 lude:
450 2426 768 2484 terribiliter
802 2425 1105 2491 districtus,
1138 2424 1565 2480 intolerabiliter
1586 2424 1830 2491 severus,

247 2521 604 2576 immoderate
642 2518 902 2583 olleusus,
936 2518 1286 2573 vehementer
1323 2517 1514 2572 iratus.
1542 2516 1829 2574 Sententia

240 2612 365 2682 eius
402 2610 570 2667 semel
604 2609 814 2681 prolata
847 2607 1221 2673 immutabilis,
1252 2622 1442 2663 carcer
1471 2608 1832 2664 irremeabilis

246 2712 490 2774 apertus.
540 2702 599 2757 ln
651 2718 873 2758 carcere
921 2710 1189 2756 tormenta
1239 2701 1496 2756 immania
1546 2701 1828 2770 disposita,

243 2802 481 2848 tortores
503 2793 695 2861 parati,
714 2802 793 2856 ut,
811 2792 933 2846 data
963 2791 1254 2857 sententia,
1285 2792 1597 2847 damnatum
1628 2792 1693 2845 ad
1723 2800 1833 2846 tor-

245 2892 429 2937 menta
456 2882 692 2950 rapiant.
735 2879 1026 2935 Tormenta
1053 2882 1174 2936 sine
1220 2881 1346 2945 ﬁne,
1378 2882 1495 2937 sine
1526 2882 1830 2950 intervallo,

243 2971 363 3027 sine
385 2979 838 3040 temperamento,
867 2980 1099 3025 tortores
1120 2970 1431 3035 horribiles,
1447 2971 1539 3040 qui
1562 2987 1828 3041 nusquam

246 3058 565 3122 lassescunt,
616 3060 709 3129 qui
749 3075 1023 3127 nunquam
1068 3060 1421 3115 miserentur.
1454 3060 1643 3115 Timor
1680 3078 1829 3116 reum
1860 3033 1904 3093 C

246 3150 450 3215 turbat,
468 3150 799 3206 conscientia
820 3148 1123 3215 confundit,
1140 3151 1504 3221 cogitationes
1526 3152 1831 3220 increpant,

250 3245 435 3312 lugere
459 3258 565 3297 non
592 3243 739 3297 licet.
780 3242 872 3298 Sic
904 3252 1012 3297 stat
1036 3258 1329 3314 suspensus
1360 3244 1426 3299 ad
1456 3243 1833 3313 gravissimam

251 3335 603 3389 sententiain.
636 3334 773 3389 Ecce
818 3334 1078 3388 miserum
1129 3334 1183 3388 in
1213 3343 1444 3403 angusto
1472 3333 1740 3404 periculo,
1779 3335 1834 3388 in

246 3426 553 3497 periculosa
604 3429 881 3497 angustia.
946 3427 1085 3482 Ecce
1152 3427 1425 3482 hominem
1502 3426 1832 3497 indigentem

250 3518 449 3573 festino
480 3518 700 3573 auxilio.
739 3519 836 3575 Ubi
884 3535 1028 3574 nunc
1057 3519 1176 3574 est?
1205 3517 1360 3574 Nunc
1396 3519 1702 3586 subveniat,
1740 3520 1831 3589 qui

249 3609 353 3663 sub
389 3623 645 3678 pressura
680 3608 913 3679 lapidum
955 3609 1209 3664 misertus
1245 3617 1332 3665 est
1363 3622 1421 3664 se
1451 3609 1831 3678 lapidantiutn.

247 3699 405 3755 Nunc
439 3710 559 3755 oret
586 3701 685 3731 ’δι’
716 3716 814 3770 pro
858 3716 943 3767 eo,
990 3702 1081 3770 qui
1130 3700 1271 3771 apud
1318 3703 1568 3756 eumdem
1590 3700 1832 3770 judicem

247 3791 458 3847 exstitit
490 3806 589 3861 pro
634 3790 747 3845 suis
793 3790 1079 3845 homicidis
1118 3799 1323 3846 orator.
1358 3791 1656 3860 Stephane,
1704 3791 1832 3847 Ste-

248 3880 449 3949 phane,
491 3888 545 3934 et
587 3894 715 3933 vere
747 3878 1045 3949 Stephane,
1073 3881 1195 3949 quia
1227 3893 1353 3933 vere
1395 3890 1677 3936 coronate.
1708 3880 1835 3936 Ste-

249 3974 448 4042 phane,
484 3970 725 4041 inquam,
756 3971 1051 4042 Stephane,
1074 3987 1140 4027 en
1168 3971 1320 4028 locus
1339 3972 1578 4042 pietatis,
1602 3988 1668 4028 en
1705 3983 1838 4029 tem-

250 4080 352 4133 pus
386 4066 771 4121 misericordiae
798 4066 916 4131 ‘°“,
955 4082 1021 4121 en
1054 4068 1242 4136 utique
1271 4068 1484 4123 occasio
1515 4068 1837 4123 exhibenda:

250 4158 561 4214 charitatis.
594 4159 651 4213 ln
693 4161 795 4214 hoc
838 4176 1071 4228 namque
1118 4160 1360 4229 periculo
1388 4161 1627 4217 consisto
1661 4162 1836 4216 inces-

252 4259 459 4315 santcr,
488 4250 590 4304 nisi
618 4252 740 4319 quia
773 4266 879 4304 non
900 4266 1114 4320 semper
1136 4251 1229 4283 ’⁸⁸⁷
1256 4253 1357 4307 hoc
1387 4252 1597 4321 cogito;
1632 4264 1685 4306 et
1708 4261 1838 4307 tunc

255 4342 508 4397 miserior
570 4352 626 4397 et
680 4344 1066 4409 miserabilior,
1117 4359 1240 4398 cum
1299 4344 1543 4400 oblivisci
1590 4361 1833 4414 possum.

255 4432 483 4503 Semper
497 4434 640 4489 enim
663 4436 805 4490 videt
824 4451 909 4490 me
936 4437 1095 4498 Deus,
1120 4444 1175 4490 et
1198 4446 1416 4506 peccata
1440 4451 1590 4501 mea;
1619 4451 1835 4505 semper

254 4525 494 4581 minatur
514 4528 754 4583 districta
771 4527 980 4597 justitia
1007 4528 1123 4599 ejus
1145 4528 1433 4597 peccatrici
1457 4527 1652 4581 anima:
1677 4542 1834 4583 metu.

1927 431 2144 487 semper
2180 416 2478 471 invisibiles
2523 415 2871 470 insidiatores
2915 412 3115 482 parati,
3153 421 3214 467 ut
3259 410 3386 467 illuc
3414 412 3511 443 ¹⁰¹⁶

1930 510 2143 581 rapiant
2171 509 2427 567 miseram
2451 507 2711 562 animam.
3036 566 3042 571 _

2002 600 2094 657 Sic
2116 616 2236 656 sum
2263 600 2493 671 positus,
2517 614 2638 657 cum
2662 597 2857 669 vigilo;
2885 596 2964 652 sic
2987 611 3107 650 sum
3130 610 3253 651 cum
3280 594 3510 660 dormio,

1928 693 2008 749 sic
2049 709 2168 747 sum
2209 708 2332 747 cum
2386 692 2567 756 rideo;
2608 690 2687 745 sic
2738 705 2859 744 sum
2902 704 3026 742 cum
3061 685 3248 755 jooor;
3289 686 3369 739 sic
3395 702 3513 740 sunt

1928 799 2050 840 eum
2076 782 2349 851 snperbio,
2373 798 2496 838 cum
2519 780 2766 845 detraho;
2784 779 2863 833 sic
2881 794 3003 832 cum
3027 778 3253 843 irascor,
3271 792 3393 831 cum
3428 792 3515 831 me

1928 876 2177 940 vindico;
2209 875 2286 930 sic
2310 875 2391 929 sic
2409 888 2526 929 sum
2553 888 2678 928 cum
2701 872 2923 927 delicias
2956 871 3206 940 corporis
3236 867 3517 923 miserabi-

1928 967 2054 1022 liter
2080 967 2402 1036 amplector.
2431 965 2677 1035 Denique
2706 965 2786 1019 sic
2807 979 2928 1020 sum
2963 978 3179 1033 semper
3212 970 3266 1017 et
3292 962 3513 1031 ubique.

1929 1057 2191 1113 Accelera
2239 1072 2391 1129 ergo,
2455 1056 2565 1126 pie.
2624 1071 2849 1126 precor,
2916 1054 3159 1109 accelera
3222 1064 3512 1122 antequam

1930 1150 2179 1213 damner,
2202 1159 2506 1218 antequam
2545 1163 2633 1203 me
2668 1147 2883 1217 rapiant
2906 1155 3166 1213 tortores,
3202 1146 3386 1200 hostes
3416 1146 3516 1199 bu-

1930 1240 2076 1294 mani
2109 1240 2345 1311 generis,
2378 1240 2696 1309 priusquam
2736 1226 2823 1293 the
2850 1238 3141 1294 absorbeat
3165 1252 3352 1293 carcer
3380 1238 3516 1291 inle-

1932 1331 2119 1397 rnalis,
2153 1332 2470 1402 priusquam
2488 1346 2575 1387 me
2600 1340 2926 1385 consumant
2940 1339 3215 1385 tormenta
3233 1332 3513 1400 gehennae.

2003 1425 2110 1480 Sed
2146 1441 2179 1481 o
2206 1439 2325 1488 vos,
2354 1439 2387 1478 o
2411 1439 2528 1490 vos,
2564 1434 2787 1493 peccata
2818 1424 2911 1456 ³⁰¹⁹
2954 1439 3096 1489 mea,
3142 1437 3337 1493 magna
3377 1421 3513 1477 estis

1933 1517 2113 1581 nimis,
2139 1516 2308 1572 multa
2338 1515 2471 1571 estis
2501 1515 2684 1578 nimis,
2724 1524 2783 1569 ut
2816 1513 3011 1570 merito
3050 1523 3278 1585 negetur
3319 1514 3514 1569 auia-te

1931 1624 2065 1664 mete
2094 1610 2248 1663 venia
2296 1616 2496 1663 vestra.
2526 1605 2655 1661 Scio
2694 1624 2708 1659 :
2754 1606 2919 1660 etiam
2962 1617 3133 1671 certe,
3163 1606 3236 1659 ita
3263 1618 3349 1661 est
3374 1607 3471 1637 ¹⁰²⁰
3493 1646 3513 1672 ,

1932 1698 2236 1765 conﬁteor,
2285 1698 2358 1752 ita
2411 1706 2519 1753 est.
2556 1696 2664 1751 Sed
2700 1707 2903 1767 quanto
2950 1694 3169 1766 gravior
3209 1710 3328 1749 mea
3378 1695 3515 1749 inlc-

1932 1792 2131 1855 licitas,
2188 1797 2397 1859 qnauto
2455 1789 2734 1860 angustior
2792 1803 2911 1843 mea
2982 1787 3313 1853 necessitas;
3368 1796 3517 1842 tanto

1930 1880 2232 1935 mirabilior
2293 1879 2400 1935 erit
2465 1880 2643 1949 pietas
2724 1878 3049 1942 indultoris,
3129 1886 3279 1932 tanto
3345 1877 3518 1949 major

1931 1972 2213 2043 apparebit
2268 1972 2407 2041 apud
2470 1970 2799 2026 indultorem
2865 1970 3040 2040 gratia
3113 1970 3512 2026 intercessoris.

1932 2064 2060 2120 Scio
2112 2064 2247 2119 satis
2279 2104 2293 2127 ,
2354 2062 2620 2127 Domine,
2658 2062 2856 2116 dilecte
2900 2060 2996 2115 Dei
3043 2060 3336 2129 Sephane,
3389 2064 3514 2131 quia

1932 2170 2056 2211 cum
2086 2155 2254 2209 Deum
2274 2152 2499 2217 olrendi,
2532 2159 2585 2207 te
2606 2166 2823 2221 quoque
2839 2159 2903 2206 et
2932 2166 3122 2207 omnes
3156 2159 3373 2206 sanctos
3396 2151 3518 2221 ejus

1937 2246 2158 2302 oll'endi.
2206 2245 2407 2301 Verum
2455 2251 2604 2298 tanta
2645 2251 2729 2297 est
2784 2242 3078 2297 necessitas
3128 2256 3246 2296 mea
3297 2240 3418 2305 ¹⁸²¹,
3461 2250 3519 2295 ιιι

1933 2347 2094 2409 cogat
2122 2352 2207 2392 me
2247 2349 2476 2407 poscere
2521 2334 2821 2389 subsidium
2858 2334 3021 2387 ctiam
3050 2332 3118 2386 ab
3149 2333 3215 2387 iis
3249 2348 3280 2386 a
3321 2332 3517 2403 quibus

1934 2432 2108 2487 merui
2147 2429 2491 2501 supplicium.
2522 2427 2591 2482 Et
2623 2434 2831 2482 tantum
2864 2424 3055 2490 repleti
3084 2424 3217 2480 estis
3248 2433 3303 2477 tu
3338 2432 3394 2478 et
3424 2422 3516 2481 alii

1932 2523 2103 2585 sancti
2138 2522 2227 2577 illo
2252 2521 2492 2591 copioso,
2511 2518 2608 2574 illo
2631 2515 2999 2574 inaestimabili
3024 2514 3175 2570 fonte
3196 2514 3438 2581 pietatis,
3458 2522 3518 2567 ut

1933 2614 2166 2669 delectet
2185 2627 2285 2667 vos
2313 2611 2478 2666 etiam
2507 2624 2602 2664 eos
2627 2610 2716 2678 pie
2751 2606 3008 2671 liberare,
3032 2619 3169 2676 quos
3188 2603 3337 2672 juste
3366 2613 3519 2675 pote-

1933 2707 2034 2761 stis
2056 2705 2319 2759 damnare
2350 2704 2467 2756 '°“.
2501 2700 2692 2772 Magna
2715 2707 2864 2765 sunt,
2885 2712 3075 2768 magne
3095 2697 3190 2729 ²⁰³³
3222 2696 3517 2764 Stephane,

1933 2811 2129 2868 magna
2156 2804 2289 2852 sunt
2332 2795 2525 2849 merita
2573 2804 2688 2855 tua,
2721 2801 2780 2845 ut
2819 2789 3064 2845 sullicere
3093 2788 3303 2858 possint
3336 2788 3430 2841 tibi
3465 2798 3519 2841 et

1934 2889 2103 2953 mihi;
2137 2897 2192 2943 et
2219 2888 2265 2942 si
2301 2896 2530 2957 prosunt
2554 2885 2707 2947 mihi.
2745 2884 2879 2938 nihil
2918 2883 3015 2937 tibi
3054 2882 3348 2937 minuetur.
3382 2881 3521 2935 Ecce

1935 2994 2119 3034 coram
2148 2977 2280 3043 Deo,
2322 2985 2377 3032 et
2408 2992 2591 3031 coram
2619 2984 2691 3041 te,
2720 2975 2878 3030 beate
2910 2973 3208 3041 Stephane,
3241 2980 3366 3026 sunt
3387 2985 3521 3026 cun-

1938 3082 2025 3129 cta
2056 3080 2278 3141 peccata
2304 3085 2449 3131 mea,
2473 3084 2593 3137 qua:
2623 3069 2893 3128 territant,
2924 3080 3044 3134 qua:
3065 3064 3378 3124 sollicitant,
3400 3078 3520 3133 quae

1938 3169 2166 3232 gravant
2195 3160 2429 3214 animam
2463 3174 2655 3213 meam.
2691 3156 2785 3210 Dic
2817 3171 2970 3225 ergo.
3003 3170 3039 3211 ο
3066 3156 3172 3224 pie,
3197 3154 3439 3223 piissimo
3467 3164 3522 3207 et

1938 3251 2295 3309 dilectissimo
2326 3250 2571 3306 dilectori
2599 3248 2696 3280 m"
2728 3258 2843 3313 tuo,
2881 3248 2990 3311 dic,
3028 3245 3268 3308 Domine,
3310 3260 3375 3297 ne
3412 3254 3519 3296 sta-

1937 3354 2057 3398 tuas
2080 3342 2157 3397 illi
2187 3344 2303 3397 haec
2326 3350 2544 3411 peccata
2577 3339 2671 3372 ὀη
2703 3340 2841 3409 (Act.
2868 3353 2966 3400 vu,
2989 3335 3103 3407 59).
3134 3336 3248 3398 Dic,
3277 3334 3518 3403 inquam,

1937 3451 2036 3506 pro
2069 3448 2240 3504 egeno
2268 3431 2361 3487 tibi
2393 3431 2758 3501 supplicante.
2788 3428 2933 3497 quod
2965 3424 3152 3481 dixisti
3199 3439 3298 3494 pro
3326 3423 3521 3492 popqu

1939 3536 1993 3582 te
2035 3524 2364 3581 trucidante.
2420 3522 2578 3577 Dicat
2622 3529 2833 3575 tantum
2876 3518 2961 3588 pia
3012 3516 3251 3571 cbaritas
3300 3519 3423 3577 tua;
3466 3521 3523 3565 et

1938 3626 2122 3672 certus
2149 3631 2267 3670 sum
2292 3614 2421 3684 quia
2452 3613 2690 3668 remittet
2715 3608 3139 3679 benignissimus
3164 3607 3304 3660 Deus
3325 3614 3522 3659 cuncta

1940 3708 2080 3763 mala
2132 3722 2273 3760 mea.
2326 3706 2446 3771 Ipse
2493 3704 2638 3757 enim
2697 3710 2782 3755 est
2833 3700 3146 3755 misericors
3192 3705 3249 3751 et
3295 3696 3523 3751 Creator

1939 3814 2114 3861 meus,
2145 3811 2247 3866 ego
2296 3795 2459 3849 miser
2509 3802 2563 3847 et
2605 3806 2743 3860 opus
2770 3791 2913 3860 ejus,
2964 3800 3021 3844 tu
3056 3788 3285 3843 dilectus
3315 3787 3524 3841 amicus

1939 3889 2056 3960 ejus
2083 3888 2175 3956 qui
2201 3894 2285 3942 est
2313 3884 2628 3939 benedictus
2659 3883 2713 3937 iu
2743 3880 2960 3937 saecula.
2984 3883 3156 3934 Amen
3184 3877 3281 3909 ²⁰’⁸

2210 4017 2535 4076 Retractatio
2565 4015 2841 4071 charitatis
2874 4011 2933 4068 S.
2964 4010 3234 4081 Stephani.

2010 4157 2144 4213 Cum
2168 4154 2311 4210 enim
2341 4151 2517 4208 insani
2556 4149 2760 4205 inimici
2792 4148 2867 4203 tui
2912 4157 2965 4203 te
2990 4146 3359 4217 apprimerent
3387 4144 3522 4199 ami-

1940 4265 2063 4307 cum
2111 4261 2292 4311 suum,
2337 4244 2481 4298 sicut
2516 4242 2800 4310 Scriptura
2843 4240 2937 4270 ²⁶²⁷
2984 4252 3148 4291 verax
3184 4245 3433 4299 testatur,
3464 4246 3520 4290 tu

1944 4339 2137 4412 positis
2162 4337 2392 4409 genibus
2423 4332 2670 4389 clamasti
2704 4331 2799 4364 ²⁰⁸⁸
2832 4346 2965 4385 voce
2999 4343 3188 4399 magna
3228 4345 3241 4378 τ
3275 4326 3522 4392 Domine,

1944 4448 2008 4486 ne
2046 4439 2249 4484 statuas
2278 4426 2386 4481 illis
2432 4426 2528 4477 hoc
2560 4431 2827 4493 peccatum
2867 4420 3007 4490 (Act.
3052 4435 3149 4485 vn,
3185 4415 3298 4484 59).
3341 4415 3386 4471 0
3431 4430 3526 4470 cor

1946 4521 2260 4592 Opulentum
2292 4514 2627 4588 pinguedine
2649 4512 2961 4575 charitatis;
2994 4512 3061 4566 de
3089 4526 3216 4581 quo.
3239 4526 3361 4566 curn
3392 4508 3536 4591 ..ιω-λ

1564 4674 1642 4730 VA
1653 4673 1792 4729 RUE
1830 4669 2218 4729 LEC'I‘IUNES

329 4789 421 4822 ¹⁰¹¹
451 4789 622 4843 Tanta
678 4787 963 4842 charitatis
1024 4786 1224 4857 pietate
1279 4803 1377 4857 nis.
1419 4784 1554 4840 Vict.
1598 4786 1685 4857 l6.
1727 4794 1889 4840 tanta:
1938 4783 2220 4857 charitatis
2277 4779 2479 4857 pietate
2568 4776 2804 4857 _’°“.S.ic
2861 4776 3171 4857 fuitlnhop'e
3228 4776 3523 4844 Stephane,

256 4859 340 4915 sic
394 4859 512 4913 fuit.
567 4860 657 4913 Sic
710 4862 917 4928 gaudeo
962 4847 1131 4911 fuisse
1161 4874 1265 4911 ms.
1301 4856 1436 4910 Tim.
1469 4859 1567 4928 sicA
1595 4856 1766 4919 fuisti,
1812 4857 1950 4910 bone
2004 4847 2296 4928 Stephane,
2335 4850 2413 4904 sic
2442 4847 2650 4920 gaudeo
2690 4847 2855 4928 fuisse

2964 4847 3057 4879 ²⁰¹³
3100 4845 3166 4901 Ut
3197 4863 3356 4915 paces
3394 4865 3523 4900 mss.

261 4928 399 4985 Tim.
439 4930 592 4984 Corb.
642 4917 990 4984 et‘San-Ger.
1045 4941 1104 4981 ut
1133 4928 1311 4997 places
1410 4927 1508 4997 3?“
1539 4926 1715 4995 Super
1745 4917 1864 4982 eam
1903 4942 2001 4997 ms.
2050 4917 2319 4997 Son-Ger.
2374 4917 2711 4997 superine”
2740 4918 2835 4997 ’f“
2876 4917 3029 4997 llunc
3055 4927 3175 4996 oret
3224 4934 3347 4997 mss.
3378 4932 3521 4997 nque

259 5010 378 5056 oret
476 4999 571 5031 ³⁰¹⁸
593 4999 829 5068 Tempus
858 4986 1245 5053 misericordia:
1273 5014 1370 5051 ms.
1415 4996 1549 5051 Vict.
1580 4986 1634 5051 ὅ.
1686 4998 1891 5068 (ιιιιὶιιὶιΔ
1925 4993 2307 5068 misericordirc
2329 4986 2625 5068 ms_{_Vict.'
2648 4987 2732 5068 {.61.
2764 4988 2912 5043 locus
2940 4986 3329 5068 misericordia:

262 5055 398 5138 Quia
431 5086 536 5126 non
589 5055 804 5138 semper
830 5087 954 5123 nm.
1008 5069 1111 5122 nisi
1158 5069 1283 5138 quia
1336 5084 1439 5121 non
1488 5082 1706 5138 semper
1743 5136 1766 5138 __
1801 5065 1895 5138 ’Ψ
1953 5063 2020 5119 Ut
2071 5063 2176 5117 illic
2220 5078 2344 5115 mss.
2406 5059 2536 5113 Vict.
2582 5057 2816 5138 Vol-lue.
2854 5068 2899 5110 et
2932 5055 3077 5138 Flor.
3113 5070 3167 5108 ut
3198 5056 3324 5138 illuc

264 5135 369 5195 Sed
388 5154 421 5191 ο
450 5157 544 5194 vos
579 5135 798 5209 peccata
850 5157 974 5193 mss.
1013 5135 1441 5209 νέειίξνιιι--ιιιι-ἑ
1455 5149 1501 5190 et
1533 5135 1685 5189 Flor.
1735 5136 1842 5190 Sed
1871 5152 1906 5192 o
1932 5149 2047 5196 vos,
2074 5148 2229 5209 (λινοῦ
2260 5142 2479 5209 peccata

265 5213 391 5265 Scio
415 5199 594 5264 etiam.
614 5218 762 5263 certe
786 5210 858 5263 ita
890 5219 974 5263 est
1002 5227 1096 5263 ms.
1141 5206 1372 5262 Val-(uc.
1406 5208 1581 5261 Etiam
1628 5216 1775 5260 certa
1823 5214 1908 5260 est
1951 5220 2051 5273 ius.
2082 5201 2233 5273 Flor.
2261 5199 2447 5273 etiam,
2475 5199 2721 5273 certerita
2746 5209 2831 5253 est

3428 5056 3527 5087 101.

2581 5129 2677 5161 ²⁰²⁰
2702 5128 2827 5183 Scio
2855 5137 3001 5182 certe
3033 5128 3101 5177 ita
3140 5134 3223 5179 est
3251 5140 3327 5177 ms
3385 5123 3521 5179 Vir!-

2938 5196 3029 5226 ²⁰¹²
3056 5194 3361 5249 Necessitas
3406 5210 3524 5249 mea

264 5290 324 5335 ut
370 5264 477 5333 ima.
536 5278 668 5332 Vict.
715 5280 801 5333 l6.
842 5280 1069 5334 oll'ensio
1100 5294 1217 5334 mea
1267 5288 1326 5330 nt
1376 5294 1501 5331 mss.
1544 5275 1678 5330 Vict.
1709 5276 1762 5330 ὅ.
1798 5272 2060 5331 Son-Ger.
2088 5284 2134 5327 et
2175 5264 2730 5326 Val-luc.hecessitas
2758 5279 2817 5323 ut
2887 5267 2983 5298 ²⁰²²
3007 5264 3243 5335 Potestis
3265 5264 3526 5335 damnare

262 5367 363 5419 ms.
399 5349 533 5403 Tim.
585 5350 816 5419 possetis
858 5351 1119 5419 damnare

264 5416 511 5477 dilectori
544 5409 670 5472 m'u.
704 5418 839 5473 Vict.
873 5417 1144 5475 Son-Ger.
1175 5416 1357 5471 Carth.
1393 5409 1627 5469 γῖει-ιιιε.
1661 5409 1710 5469 et
1744 5413 1894 5469 Flor.
1929 5414 2170 5483 piissimo
2200 5422 2255 5465 et
2285 5409 2634 5483 dilectissimo
2663 5409 2906 5465 dilectori

266 5508 389 5545 mss.
419 5487 538 5544 Bec.
568 5487 702 5542 Thu.
733 5487 869 5541 Vict.
906 5490 991 5543 l6.
1023 5490 1124 5543 hoc
1148 5497 1427 5557 peccatum
1451 5503 1549 5557 ms.
1578 5485 1688 5539 San
1708 5483 1842 5539 Ger.
1872 5494 2153 5557 peccatum
2189 5498 2345 5557 suum

1219 5347 1313 5379 ²⁰²³
1344 5346 1530 5416 Magna
1572 5355 1717 5410 sunt,
1756 5361 1996 5416 _magne_
2030 5360 2127 5397 ms.
2175 5340 2869 5416 Sun-59ersni_agna__sunt,
2894 5344 3101 5416 sancte
3150 5334 3255 5416 1°“
3276 5334 3526 5390 Piissimo

3007 5406 3101 5437 ³⁸³⁸
3150 5404 3271 5460 Haec
3301 5415 3523 5473 peccata

2447 5481 2543 5512 '°’°
2571 5483 2764 5534 Amen.
2811 5494 2908 5531 ms.
2940 5476 3074 5530 Tim.
3103 5476 3297 5529 Amen.
3332 5474 3527 5529 Retra-

266 5563 433 5616 ctatio
461 5560 743 5615 charitatis
781 5545 1251 5630 beati__Stephani.
1318 5556 1418 5630 ﬁ?"
1452 5555 1838 5630 Sicscriptura
1872 5545 2016 5630 "mss.
2060 5552 2189 5607 Vict.
2221 5553 2312 5610 l6.
2350 5560 2397 5607 et
2422 5549 2576 5606 Flor.
2604 5550 2746 5606 sicut
2773 5549 3043 5619 scriptura
3116 5546 3211 5578 ¹⁰²⁸
3235 5545 3310 5603 Te
3337 5545 3530 5617 positis

268 5633 493 5703 genibus
512 5630 774 5687 clamasse
794 5645 893 5685 ms.
938 5624 1081 5685 Vict:
1099 5628 1185 5684 l6.
1216 5628 1404 5699 positis
1427 5625 1652 5699 genibus
1673 5624 1917 5682 clamasti
