3852 6050
371 195 478 266 Θίῖὂ
731 206 790 262 S.
821 203 1118 262 ANSELM!
1157 201 1458 258 CATUAR.
1499 193 1820 252 ARCHIEP.
1863 181 2015 248 OPP.
2057 187 2236 245 PARS
2272 185 2334 240 ll.
2372 215 2438 225 -
2473 177 2842 238 PAR/ENET.
2889 177 2977 233 ET
3020 176 3262 232 ASCET.
3565 175 3686 231 9'36

379 333 622 397 geretur,
651 330 756 376 tam
787 321 999 389 cepiosa
1029 315 1394 372 misericordia
1431 309 1875 381 superelilucbat!
1905 305 1953 362 Ο
1981 308 2029 368 Α
2063 316 2210 362 "CIII.
2257 313 2392 350 εοηο
2447 299 2794 363 Γριὶνωδθιιιτιῑ
2847 289 3296 345 misericordia",-
3346 285 3447 339 υἷε
3503 300 3683 355 (πει).

373 379 527 472 mens
550 415 896 469 vehementer
922 412 1118 464 ardens
1143 423 1347 471 amore,
1379 406 1598 474 copiose
1629 411 1797 457 "uncta
1822 402 1922 455 cha
1941 429 1953 442 -
2057 395 2216 450 beate
2244 390 2544 459 Stephane,
2575 383 2706 456 quid
2735 385 2881 438 intus
2911 381 3153 444 fovebas,
3181 380 3324 433 unde
3354 379 3678 432 misturam

375 509 568 569 ritate;
615 505 680 558 de
720 517 848 570 qua,
886 515 1006 554 cmn
1043 496 1419 560 tribularetur,
1449 482 1560 546 tam
1601 492 1842 547 suaviter
1870 503 1957 543 ar-
2058 494 2138 541 tet
2168 483 2492 540 suavitatum
2522 478 2668 533 foras
2695 473 3054 544 erumpebas?
3081 471 3345 526 Nimirum
3377 470 3448 525 iis
3475 469 3680 523 omni-

380 597 572 651 dentes
595 600 652 646 et
682 601 787 646 tam
817 591 1070 644 ardenter
1095 601 1293 642 suaves
1319 584 1565 640 scintilla:
1580 579 1880 638 micabant!
1912 578 1958 636 0
2060 579 2162 634 bus
2190 576 2381 647 plenus
2410 588 2553 640 eras,
2582 570 2836 626 omnibus
2866 569 2932 624 iis
2959 576 3184 622 ornatus
3215 580 3360 630 eras,
3396 563 3679 618 omnibus

379 684 536 739 favus
561 681 772 753 pinguis
800 679 956 735 melle
987 677 1324 742 dilectionis;
1351 677 1416 731 de
1447 691 1574 745 quo,
1605 689 1724 728 eum
1744 685 1961 742 preme-

376 786 555 839 retur,
624 783 731 828 tam
763 772 1071 840 opulentae,
1114 780 1224 823 tam
1272 767 1735 836 jucundze-guttaz
1783 762 1958 819 disdi-

376 868 583 921 labant.
613 865 851 925 Domine,
907 878 970 915 ne
1011 870 1218 915 statuas
1257 858 1365 912 illis
1414 858 1510 911 hoc
1545 864 1837 924 peccatum.
1867 851 1962 906 Vir

374 959 556 1021 beate,
617 965 875 1026 quantam
917 963 1079 1024 spem
1117 952 1288 1006 donas
1330 947 1714 1020 peccatoribus
1764 945 1961 999 amicis

376 1054 505 1117 tuis,
535 1066 654 1105 eum
689 1048 915 1103 audiunt
945 1057 996 1100 te
1021 1046 1101 1099 sic
1137 1043 1304 1098 luisse
1332 1041 1628 1097 sollicitum
1658 1053 1754 1107 pro
1781 1036 1963 1106 impiis

376 1142 612 1197 inimicis
641 1141 779 1194 tuis?
809 1139 913 1193 Vas
943 1135 1226 1191 ebaritatis
1255 1131 1701 1204 superabu-ndans
1733 1129 1965 1200 plenitu-

377 1234 526 1295 dine,
561 1247 665 1301 qua
699 1231 944 1283 ubertate
974 1226 1186 1296 potabis
1230 1223 1603 1278 desiderantes
1629 1217 1878 1287 amplecti
1913 1225 1966 1270 te

381 1327 522 1380 intra
560 1339 654 1378 cor
685 1337 864 1385 suum,
896 1335 1016 1375 eum
1047 1319 1128 1373 sic
1162 1315 1442 1388 perfundis
1477 1313 1575 1346 ’⁸³⁸
1609 1311 1886 1383 ejicientes
1913 1316 1965 1363 te

382 1428 538 1473 extra
561 1417 839 1471 civitatem
869 1411 1062 1469 suam?

447 1509 582 1563 Cum
601 1507 680 1561 sic
706 1507 962 1576 propinas
990 1504 1172 1556 furore
1195 1499 1403 1554 anhelis
1431 1497 1765 1553 irruentibus
1795 1497 1844 1550 iu
1879 1504 1962 1549 te:

379 1597 653 1670 quomodo
703 1593 1028 1650 rcfoeillabis
1073 1592 1266 1646 timone
1317 1589 1542 1644 anhelos
1587 1587 1854 1657 fugientes
1898 1585 1965 1640 ad

381 1664 467 1744 te?
521 1687 776 1750 Domine,
828 1702 890 1737 ne
945 1693 1149 1735 statuas
1205 1679 1312 1734 illis
1348 1679 1446 1732 hoc
1482 1690 1772 1748 peccatum.
1825 1677 1966 1742 Quo-
2000 1664 2044 1722 li

381 1779 546 1834 modo
572 1775 918 1845 respondebit
952 1774 1260 1836 invocatus,
1289 1771 1380 1839 qui
1409 1771 1488 1824 sic
1516 1768 1839 1840 obiurgabat
1869 1767 1964 1800 '°“

383 1865 752 1938 provocatus?
784 1865 956 1930 Quam
985 1862 1214 1929 benigne
1258 1860 1460 1915 fovebit
1503 1857 1734 1914 humiles
1761 1859 1967 1914 exalta-

384 1971 476 2014 tus
519 1957 638 2022 ¹⁰³¹,
687 1956 777 2026 qui
820 1955 900 2009 sic
937 1953 1186 2022 superbis
1225 1951 1582 2006 succurrebat
1614 1949 1969 2005 humiliatus?

390 2049 508 2114 Qua
534 2023 814 2102 celeritate
851 2043 1105 2098 liberabit
1134 2040 1364 2097 afﬂictos
1399 2049 1652 2112 potenter
1684 2023 1968 2104 liberatus.

385 2138 581 2208 quisic
612 2136 972 2208 amigentibus
1008 2133 1367 2188 subveniebat
1412 2132 1680 2188 alllictus?
1708 2131 1786 2186 Illi
1817 2132 1972 2186 festi-

387 2230 594 2285 nabant
620 2228 838 2283 auferre
868 2226 1105 2280 animam
1143 2236 1322 2290 tuam;
1357 2233 1415 2278 ttt
1453 2224 1741 2294 satagebas
1761 2224 1973 2278 anima-

383 2325 487 2379 bus
515 2337 701 2376 eorum
752 2321 979 2375 reddere
1019 2319 1186 2372 vitam
1232 2331 1411 2371 suam.
1465 2315 1542 2370 Illi
1596 2316 1772 2384 rigido
1810 2315 1970 2380 collo,

387 2427 585 2484 magno
613 2411 797 2466 furore
818 2409 1146 2473 fremebant,
1175 2417 1235 2462 ut
1266 2415 1319 2461 te
1350 2406 1709 2476 perimerent;
1745 2413 1800 2460 tu
1828 2406 1972 2475 posi-

395 2506 468 2560 tis
518 2505 744 2574 genibns
785 2515 920 2556 voce
964 2515 1162 2570 magna
1205 2499 1426 2565 orabas,
1473 2511 1540 2552 ne
1585 2496 1660 2550 illi
1707 2497 1969 2565 perirent.

392 2595 594 2664 Utique
639 2605 773 2647 voce
827 2605 1043 2662 magna.
1102 2590 1228 2659 quia
1289 2588 1559 2643 eharitate
1625 2601 1854 2656 magna;
1919 2594 1976 2640 et

391 2687 586 2758 positis
631 2684 881 2756 genibus,
932 2682 1060 2752 quia
1112 2695 1243 2737 vera
1297 2679 1668 2748 simplicitate.
1703 2678 1974 2748 Superbia

394 2771 758 2826 humilitatem
788 2768 892 2823 sub
924 2776 1052 2822 cote
1084 2767 1380 2823 tribulabat
1412 2766 1527 2832 Μ’,
1562 2778 1618 2821 et
1638 2767 1773 2820 odor
1797 2765 1977 2821 chari-

391 2861 522 2914 tatis
563 2859 689 2913 inde
737 2854 1040 2926 fragrabat.
1083 2856 1340 2912 Charitas
1384 2855 1454 2910 ab
1481 2856 1608 2911 odio
1649 2870 1772 2910 cum
1822 2866 1974 2926 petra

308 3016 315 3022 ἡ
391 2949 821 3021 percutiebatur,
864 2957 918 3003 et
963 2947 1190 3002 tinnitus
1235 2947 1452 3017 pietatis
1490 2945 1839 3001 reddebatur.
1871 2946 1976 3001 lm-

392 3042 570 3110 pietas
604 3041 860 3110 pietatem
898 3038 1076 3109 lapide
1114 3039 1418 3108 premebat,
1468 3047 1525 3093 et
1549 3037 1727 3095 oleum
1758 3038 1976 3095 miseri-
2005 3022 2048 3085 C

391 3132 594 3186 cordia:
623 3131 936 3188 ebulliebat.

465 3222 631 3294 296.
651 3222 698 3278 0
723 3223 766 3277 si
790 3237 1030 3293 unquam
1059 3221 1310 3277 merebor
1331 3221 1398 3278 de
1418 3222 1689 3277 eharitate
1717 3221 1978 3293 Stephani

393 3311 571 3368 oleum
595 3313 850 3381 precibus
875 3312 1093 3377 elicere,
1123 3313 1267 3381 quod
1291 3311 1363 3366 illi
1393 3321 1684 3382 potuerunt
1712 3314 1982 3383 lapidibus

395 3403 1236 3474 exprimereLLanguetnamque
1253 3405 1348 3436 ’⁸³⁸
1373 3406 1554 3460 anima
1577 3421 1696 3460 mea
1723 3405 1984 3477 languore

397 3496 740 3565 gravissimo,
772 3497 864 3564 qui
894 3512 1003 3550 non
1033 3505 1258 3550 sanatur
1285 3497 1390 3551 nisi
1423 3498 1812 3552 misericordiae
1835 3496 1980 3554 oleo.

400 3587 621 3642 Utinam
645 3585 730 3640 vel
755 3586 923 3640 semel
951 3595 1208 3657 suggerat
1235 3588 1348 3641 Deo
1376 3602 1474 3657 pro
1500 3603 1607 3654 me,
1639 3598 1694 3643 et
1716 3604 1819 3660 pro
1852 3605 1986 3645 cun-

401 3687 492 3732 cto
521 3685 746 3746 peccato
765 3691 884 3732 meo
911 3697 924 3730 .
952 3677 1176 3732 Domine
1187 3695 1250 3732 ne
1266 3685 1470 3734 statuas
1494 3679 1569 3733 illi
1593 3681 1690 3734 hoc
1713 3692 1984 3751 peccatum

399 3768 545 3824 Doce
592 3785 720 3835 me,
774 3770 929 3824 beata
971 3769 1154 3824 anima
1194 3771 1339 3827 beati
1387 3770 1688 3842 Stephani,
1729 3788 1837 3842 quo
1893 3788 1984 3828 sa-

398 3875 532 3930 pore
557 3860 972 3931 jucundabaris,
1002 3876 1109 3930 qua
1144 3862 1399 3918 satietate
1426 3862 1522 3896 ¹⁰³⁶
1543 3863 1833 3931 aestuabas,
1863 3879 1986 3920 eum

401 3953 654 4008 eructavit
678 3969 768 4006 sor
789 3962 938 4008 tuum
961 3953 1169 4007 verbum
1193 3963 1302 4008 tam
1327 3955 1518 4008 bonum
1544 3953 1716 4025 (Psal.
1739 3971 1880 4015 κων.
1905 3955 1984 4027 ‘2).

405 4043 577 4108 Quam
599 4043 758 4097 dulce
780 4043 877 4074 ’(⁸³⁸
906 4044 1149 4112 faucibus
1179 4046 1374 4098 animae
1391 4061 1522 4100 mea:
1539 4046 1811 4116 eloquium
1839 4056 1985 4102 tuum

404 4134 582 4190 lPsal.
616 4151 810 4199 cxvm,
845 4136 988 4205 105),
1016 4151 1172 4203 super
1201 4135 1303 4188 me!
1329 4147 1377 4189 et
1413 4137 1589 4202 favum
1624 4138 1798 4209 (Psal.
1829 4158 1988 4208 xrttt,

406 4227 496 4296 Η)
523 4226 606 4280 ori
638 4243 759 4282 meo
789 4226 908 4279 ²⁹⁸⁶.
936 4225 1263 4290 Mandeudo,
1304 4228 1477 4296 magis
1506 4244 1570 4282 ac
1609 4231 1782 4301 magis
1809 4233 1990 4287 dulce-

405 4319 538 4382 scit;
571 4318 810 4389 sugendo
851 4317 971 4389 plus
1010 4325 1065 4371 et
1105 4315 1222 4387 plus
1265 4318 1624 4372 suavissimus
1667 4335 1830 4390 sapor
1870 4322 1987 4390 ejus

407 4409 597 4466 allluit.
642 4411 766 4465 Plus
819 4410 1069 4474 videndo,
1128 4410 1246 4480 plus
1292 4409 1569 4481 fulgescit;
1628 4414 1774 4467 omni
1829 4415 1989 4469 modo

409 4509 719 4562 traetatmn,
748 4516 962 4569 semper
980 4499 1046 4554 ad
1064 4499 1472 4554 delectationem
1494 4503 1709 4557 crescit.
1736 4502 1988 4558 Formam

409 4590 551 4658 gerit
580 4591 727 4655 lidei,
761 4591 1090 4645 soliditatem
1129 4590 1292 4645 habet
1326 4593 1619 4660 patientiae.
1660 4593 1992 4664 Simplicitao

413 4679 485 4732 tis
510 4679 743 4748 puritate
773 4681 928 4742 nitet,
966 4681 1318 4749 benignitatis
1345 4683 1528 4737 colore
1553 4683 1714 4738 lucet.
1744 4685 1989 4741 Charita-

413 4776 522 4821 tem
555 4768 716 4838 sapit,
751 4769 1009 4838 pietatem
1049 4767 1177 4834 olet,
1222 4779 1368 4826 tactu
1402 4771 1581 4828 reddit
1617 4778 1993 4831 mansuetudi-

2059 668 2128 722 iis
2153 679 2418 720 accensus
2463 677 2607 717 eras.
2657 659 2764 713 Per
2804 659 2904 712 has
2944 670 3134 710 omnes
3174 655 3406 707 virtutes
3457 651 3678 720 quibus

2062 755 2394 820 abundabas,
2437 760 2488 807 te
2522 765 2744 822 precor,
2783 763 2816 803 ο
2857 747 3183 802 eharitative
3219 745 3313 776 ιη’
3347 743 3672 812 Stephane,

2062 867 2157 907 ora
2187 858 2245 902 ttt
2270 845 2560 901 charitatis
2594 843 2750 908 adipe
2779 851 2829 894 et
2857 839 3174 906 pinguedine
3208 836 3478 903 repleatur
3511 832 3672 886 arida

2063 950 2242 1002 anima
2282 960 2396 998 mea
2429 939 2604 1011 (Psal.
2647 953 2784 1004 mm,
2830 937 2907 1005 6).
2948 935 3174 1004 Adjura,
3211 943 3266 985 ut
3292 946 3436 1001 pane
3471 928 3672 982 chari-

2067 1041 2193 1094 tatis
2225 1038 2452 1091 satietur
2479 1032 2730 1088 esuriens
2761 1029 2939 1082 anima
2970 1041 3116 1080 mea.
3144 1024 3252 1078 Fac
3281 1033 3339 1078 ut
3371 1023 3503 1091 igne
3535 1021 3673 1074 eba-

2066 1127 2246 1182 ritatis
2273 1125 2465 1192 ﬂagret
2498 1119 2696 1190 frigido
2732 1117 2915 1170 anima
2955 1127 3095 1177 mea,
3129 1118 3439 1182 praestante
3469 1121 3543 1164 eo
3575 1106 3667 1176 qui

2067 1213 2270 1271 creavit
2295 1227 2414 1266 eam
2441 1209 2561 1261 ²⁰³⁸.

2309 1341 2634 1397 Retractatio
2656 1337 2990 1392 dormitiouis
3020 1334 3081 1390 S.
3117 1333 3397 1404 Stephani.

2143 1477 2208 1531 Et
2228 1492 2349 1530 cum
2366 1475 2463 1528 hoc
2485 1474 2727 1538 dixisset,
2747 1470 3058 1524 obdormivit
3083 1469 3138 1522 in
3153 1466 3380 1521 Domino
3406 1467 3661 1529 (Λρήτη,

2070 1571 2184 1641 59).
2223 1570 2268 1624 0
2298 1567 2658 1622 obdormivit!
2690 1583 2724 1620 o
2765 1580 2988 1620 somnus
3041 1578 3164 1618 cum
3200 1562 3409 1631 requie,
3444 1562 3667 1630 requies

2073 1677 2197 1717 eum
2233 1660 2549 1722 securitate,
2579 1656 2852 1712 securitas
2877 1669 3000 1710 cum
3027 1654 3363 1708 aeternitate!
3403 1651 3668 1721 Requies-

2073 1755 2177 1818 eis,
2207 1769 2242 1808 ο
2265 1751 2419 1815 felix,
2458 1751 2510 1804 in
2548 1749 2768 1819 gaudio,
2801 1747 3007 1816 gaudes
3045 1747 3097 1800 in
3141 1746 3346 1815 requie.
3370 1745 3664 1811 Gloriaris,

2070 1863 2105 1903 ο
2130 1861 2340 1908 secure,
2371 1847 2424 1898 in
2454 1841 2731 1907 satietate,
2759 1839 2980 1895 satiaris
3009 1839 3063 1893 in
3096 1838 3289 1909 gloria.
3323 1838 3544 1892 Lzetitia
3581 1847 3666 1891 tua

2074 1955 2182 1996 non
2214 1937 2532 2001 mutabitur,
2571 1935 2752 1989 lumen
2787 1942 2934 1987 tuum
2969 1947 3078 1987 non
3111 1931 3344 1987 deﬁciet.
3379 1929 3660 2000 Quidquid

2075 2049 2183 2089 non
2220 2033 2325 2096 vis,
2361 2030 2550 2102 procul
2589 2029 2772 2092 abest;
2805 2025 3068 2096 quidquid
3105 2025 3209 2089 vis,
3241 2025 3309 2078 ad
3351 2032 3543 2078 votum
3577 2023 3667 2076 ad-

2073 2138 2173 2184 est.
2225 2125 2403 2182 Sitivit
2449 2123 2627 2177 anima
2673 2129 2762 2174 tua
2804 2119 2902 2150 ’⁸³³
2948 2117 3017 2172 ad
3060 2117 3226 2171 Deum
3267 2116 3467 2186 [autem
3497 2115 3666 2169 vit-um

2074 2217 2248 2291 (Psal.
2308 2231 2395 2270 xu
2448 2215 2531 2285 5).
2560 2211 2768 2268 Venisti
2798 2209 2864 2264 ad
2892 2223 3037 2274 eum,
3065 2216 3119 2262 et
3154 2207 3295 2280 bibis
3323 2207 3392 2261 de
3422 2215 3668 2260 torrente

2073 2308 2363 2379 voluptatis
2389 2307 2506 2377 ejus
2538 2313 2798 2374 quantum
2830 2302 2936 2366 vis,
2974 2299 3248 2370 quomodo
3278 2299 3379 2362 vis,
3428 2298 3667 2366 quanditl

2074 2404 2177 2456 vis.
2211 2401 2441 2470 Semper
2472 2399 2699 2453 satiatus
2721 2409 2935 2463 semper
2967 2392 3132 2456 bibis,
3165 2391 3290 2461 quia
3320 2405 3540 2459 semper
3577 2390 3668 2443 de-

2078 2497 2245 2552 lectat
2271 2507 2322 2551 te
2347 2495 2561 2558 bibere,
2595 2506 2698 2546 nec
2727 2504 2966 2560 unquam
3002 2487 3239 2541 fastidis.
3281 2484 3393 2539 Nec
3419 2485 3581 2548 bibis,
3610 2493 3667 2536 ut

2076 2589 2170 2644 fiat
2199 2588 2293 2642 tibi
2327 2587 2554 2642 satietas
2577 2583 2731 2653 quasi
2763 2581 3001 2636 nondum
3038 2577 3301 2642 habenti;
3333 2577 3427 2632 sed
3453 2591 3667 2644 semper

2075 2679 2240 2743 bibis,
2278 2690 2336 2732 ut
2383 2663 2602 2747 semper
2633 2674 2791 2729 duret
2820 2670 2914 2703 ’διο
2949 2669 3175 2724 satietas
3197 2667 3311 2736 jam
3344 2667 3663 2738 possidenti.

2078 2770 2306 2840 Semper
2332 2768 2481 2824 enim
2512 2765 2792 2821 desideras
2821 2763 2964 2833 quod
2990 2775 3204 2830 semper
3227 2760 3415 2824 habes,
3444 2769 3500 2813 et
3529 2757 3668 2828 quod

2077 2875 2296 2930 semper
2332 2872 2560 2913 securus
2598 2870 2658 2910 es
2704 2866 2757 2908 te
2796 2866 3012 2922 semper
3060 2851 3280 2905 habere.
3322 2849 3673 2903 incessanter

2079 2953 2278 3021 quippe
2311 2960 2368 3004 et
2396 2945 2794 3004 delectabiliter
2819 2945 3098 3000 desideras
3129 2943 3302 3012 ipsum
3337 2939 3674 2995 delectabile

2081 3051 2173 3084 ’W
2199 3048 2567 3112 desiderium;
2604 3053 2659 3100 et
2693 3057 2909 3114 semper
2945 3041 3086 3097 bibis
3111 3053 3227 3094 cum
3255 3031 3574 3090 delectabili
3599 3042 3674 3085 ar-

2083 3143 2214 3197 dore
2262 3140 2438 3210 ipsum
2478 3135 2830 3201 desiderium,
2877 3148 2998 3187 cum
3051 3131 3256 3200 copiosa
3309 3127 3598 3180 satietate.
3628 3121 3670 3176 0

2083 3229 2354 3288 sullicieus
2375 3229 2675 3290 beatitudo,
2703 3236 2758 3283 et
2780 3227 2936 3281 beata
2965 3221 3312 3279 sullicientia!
3339 3217 3523 3286 Quam
3551 3217 3672 3271 felix

2083 3325 2415 3388 obdormire,
2446 3321 2761 3376 obdormire
2788 3320 2838 3374 in
2875 3317 3136 3372 Domino!
3170 3314 3382 3381 Quanta
3420 3325 3552 3381 pace
3573 3307 3671 3362 ob-

2085 3415 2383 3478 dormiunt,
2412 3413 2504 3482 qui
2551 3411 2903 3466 obdormiunt
2953 3408 3006 3462 in
3058 3405 3318 3461 Domino!
3367 3403 3485 3457 Non
3533 3401 3669 3455 enim

2087 3502 2393 3574 gravabant
2418 3515 2510 3555 eos
2543 3499 2777 3569 amplius
2810 3499 3052 3568 pondera
3094 3495 3305 3560 carnis,
3335 3509 3439 3547 non
3473 3506 3566 3545 eos
3596 3491 3670 3542 af-

2087 3598 2278 3667 ﬂigent
2315 3594 2531 3649 dolores
2568 3592 2953 3662 corruptionis.
3000 3589 3114 3644 Non
3147 3587 3549 3659 impugnabunt
3576 3585 3669 3639 sti-

2088 3687 2219 3743 muli
2252 3686 2638 3751 tentationum,
2669 3701 2775 3739 non
2807 3684 3030 3739 terrebit
3053 3682 3397 3737 conscientia
3430 3688 3671 3750 peceato-

2090 3796 2235 3836 rum.
2269 3778 2421 3833 Nulla
2447 3793 2541 3833 eos
2560 3775 3207 3845 sollicitabitindigentia.
3241 3771 3517 3826 Abstersit
3543 3768 3671 3821 Deus

2089 3887 2294 3925 omnem
2327 3870 2616 3940 lacrymam
2648 3869 2712 3923 ab
2744 3869 2912 3923 oculis
2935 3885 3115 3922 eorum
3136 3867 3322 3938 (Apoc.
3343 3882 3440 3932 vn,
3466 3863 3668 3935 l7)”“.

2161 3959 2206 4016 0
2244 3961 2396 4015 dives
2420 3968 2476 4014 et
2502 3959 2661 4013 beata
2696 3974 2824 4028 pax,
2848 3973 3011 4028 quam
3041 3959 3203 4028 longe
3229 3973 3349 4011 sum
3378 3973 3407 4010 a
3433 3957 3514 4009 te!
3548 3954 3674 4007 Ecce

2091 4051 2238 4106 enim
2269 4049 2360 4119 qui
2391 4063 2566 4104 conor
2591 4049 2673 4102 vel
2705 4049 2944 4103 tenuiter
2976 4057 3198 4117 gustare
3228 4034 3462 4101 salivam
3495 4043 3676 4098 alienae

2092 4141 2394 4207 felicitatis,
2420 4156 2588 4210 cogor
2614 4139 2899 4195 alllnenter
2945 4139 3143 4210 glutire
3183 4138 3415 4192 acerbos
3458 4137 3678 4190 haustus

2092 4249 2230 4290 mea:
2257 4231 2615 4299 infelicitatis,
2649 4231 2740 4301 qui
2767 4247 2853 4286 me
2882 4235 3227 4286 commovent
3250 4237 3434 4282 tacere
3453 4241 3523 4281 ea
3549 4225 3680 4280 bona

2093 4341 2213 4398 qua:
2243 4339 2344 4380 nec
2375 4337 2593 4395 possum
2624 4324 2889 4395 cogitare,
2919 4332 2973 4378 et
3013 4321 3144 4376 ﬂere
3176 4321 3364 4391 gravia
3399 4318 3547 4372 mala
3573 4330 3680 4386 qu:e

2093 4415 2404 4473 sull'erendo
2443 4408 2965 4488 possum'palpare.
2999 4412 3116 4467 Heu
3145 4427 3230 4466 me
3262 4409 3567 4465 miserum!
3603 4406 3681 4461 ubi

2093 4525 2202 4564 non
2243 4524 2385 4576 sum,
2430 4520 2486 4566 et
2519 4510 2607 4565 ubi
2649 4523 2791 4572 sum,
2831 4507 2924 4576 qui
2973 4506 3158 4560 nescio
3193 4504 3284 4558 ubi
3315 4503 3541 4556 futurus
3573 4514 3680 4555 sunt

2093 4600 2211 4653 "‘3.
2245 4600 2529 4657 Discordat
2559 4600 2759 4670 quippe
2790 4596 3179 4652 miserabiliter
3211 4595 3395 4649 anima
3421 4609 3552 4647 mea
3573 4607 3684 4648 cum

2093 4693 2342 4763 cepulata
2375 4693 2476 4747 sibi
2502 4707 2668 4748 carne
2693 4706 2830 4754 mea,
2863 4705 3026 4760 quam
3053 4687 3228 4758 sequi}
3248 4703 3356 4741 non
3405 4686 3558 4751 vult,
3601 4698 3686 4740 nec

2094 4792 2273 4852 potest
2293 4784 2411 4838 sine
2436 4783 2628 4838 timore
2661 4800 2674 4836 :
2723 4782 3028 4852 relinquere
3058 4796 3166 4835 non
3202 4779 3392 4844 audet,
3421 4793 3535 4833 nec
3557 4777 3686 4829 valet

1723 4971 1954 5027 VARUE
1986 4974 2391 5032 LECTIONES.

487 5102 968 5178 '°’_°__Super_fumlis
1021 5119 1122 5178 ms.
1180 5103 1316 5178 Vict.
1351 5103 1436 5159 l6.
1464 5117 1513 5160 et
1547 5104 1700 5163 Flor.
1745 5111 2023 5178 perfundis

417 5174 647 5231 Humilis
674 5175 942 5228 exaltatns
964 5189 1089 5227 mss.
1111 5175 1342 5229 humiles
1364 5178 1636 5236 exaltatus

416 5255 539 5300 cote
572 5245 790 5297 trihttlat

417 5331 524 5384 qua
555 5315 809 5384 satietate
905 5315 999 5346 ²⁰³¹⁸
1031 5316 1076 5382 Q

421 5383 509 5438 l9.
555 5383 600 5438 0
650 5385 814 5439 chztre

420 5455 613 5507 Anima
643 5465 727 5508 tua
759 5472 882 5509 mss.
910 5456 1088 5509 anima
1137 5473 1255 5511 mea

413 5534 632 5576 ciorum
671 5539 793 5577 mss.
829 5527 999 5583 oculis
1039 5542 1228 5582 eorum

424 5590 637 5647 futurus
665 5609 782 5648 sum
933 5600 935 5602 ’

2130 5113 2226 5145 ²⁶³⁰
2257 5111 2696 5184 εἰργοιιῇιινςδὶιρι
2720 5130 2819 5167 ms.
2847 5112 2983 5166 Vict.
3009 5112 3095 5168 lli.
3148 5113 3225 5168 sic
3257 5113 3512 5184 iurgabit
3609 5111 3686 5184 ’Ψ

1230 5182 1342 5256 tiles
1364 5182 1636 5236 exaltatus
1735 5182 1829 5212 ²⁰³³
1865 5183 1976 5256 Sub
2015 5192 2134 5239 cote
2159 5183 2449 5256 tribulabat
2495 5182 2594 5236 ms.
2632 5183 2766 5237 Tha.
2793 5185 2894 5237 sub
2921 5182 3271 5256 tribulatms.
3306 5182 3442 5236 Vict.
3479 5186 3568 5240 16.
3600 5183 3687 5236 sub

1037 5245 1314 5327 [bapguida
1341 5262 1573 5317 namque
1596 5259 1681 5305 est
1703 5267 1842 5327 ms_s._
1886 5251 2142 5327 Vit-bulis:
2169 5265 2214 5327 et
2241 5253 2392 5327 Flor.
2423 5254 2641 5327 languet
2671 5268 2908 5327 namque
3003 5255 3096 5286 m‘
3125 5254 3239 5320 Qua
3273 5255 3550 5309 socieme
3579 5271 3688 5306 mss.

1083 5317 1168 5368 uia
1206 5317 1362 5392 dulce
1391 5333 1518 5373 mss.
1560 5335 1722 5392 quam
1758 5322 1910 5376 dulce
1984 5325 2079 5355 ²⁰⁸⁶
2105 5323 2197 5380 Ori
2221 5323 2338 5392 ejus
2361 5341 2484 5378 mss.
2515 5317 2596 5378 Bri
2635 5341 2755 5379 meo

915 5385 1008 5463 ⁸⁰³ῗ
1037 5387 1252 5440 Creavit
1305 5402 1446 5463 eain.
1489 5385 1602 5463 uti.
1651 5391 1694 5463 Τ
1695 5393 1782 5445 Im.
1820 5395 2025 5448 ereavit
2069 5410 2208 5448 eam.
2248 5385 2581 5450 Retractatio
2638 5395 2982 5449 dormitionis
3011 5396 3154 5449 beati
3190 5385 3454 5463 Stephani
3607 5393 3691 5424 ""

1473 5461 1718 5542 abundet
1763 5479 1886 5516 mss.
1924 5466 2081 5542 duret
2131 5464 2650 5542 _'°“_l_)cs_iderabile
2677 5481 2801 5519 mss.
2833 5464 3150 5542 delectabile
3224 5458 3320 5498 ⁸⁸⁸⁸
3347 5465 3545 5521 Oculis
3571 5481 3691 5520 sano

1351 5527 1447 5560 ’m
1489 5529 1553 5585 Et
1585 5531 1672 5586 ubi
1703 5549 1843 5601 sum,
1877 5536 1966 5604 qui
1999 5536 2180 5594 nescio
2221 5535 2310 5591 ubi
2367 5533 2583 5592 futurus
2625 5551 2743 5592 sum
2786 5553 2884 5591 ms.
2921 5535 3055 5591 Tha.
3109 5544 3162 5590 ct
3204 5536 3294 5592 ubi
3326 5551 3475 5610 sum,
3519 5546 3574 5594 et
3610 5534 3691 5590 ubi

2856 5325 2948 5356 ’°”
2975 5324 3019 5379 Ο
3059 5325 3328 5378 charitate
3377 5343 3490 5387 γης.
3565 5323 3687 5376 Virt.
