3906 6058
216 225 336 286 ῃςη
1658 212 2074 280 'ORATIONES.
3379 225 3503 289 993

225 341 351 396 sine
373 338 595 405 dolore;
631 337 846 392 trahere
866 351 984 392 eam
1003 333 1102 367 ’δι’
1140 340 1262 405 post
1285 331 1511 401 se'vult,
1539 345 1593 390 et
1615 335 1800 406 nequit
1828 339 1876 394 Α
1901 335 2036 389 delis
2071 344 2124 388 et
2149 335 2383 405 prudens
2413 334 2755 404 dispensator
2796 337 3121 408 pauperibus
3162 340 3472 410 distribuit;

174 500 185 507 π
217 431 321 484 ’νει
352 445 472 484 cum
497 428 703 483 labore.
747 425 948 494 Infelix
984 441 1078 496 ego
1104 426 1277 489 homo,
1309 426 1427 494 quis
1457 441 1538 478 me
1565 423 1804 479 liberabit
1911 426 1988 480 sic
2018 428 2082 480 de
2110 427 2362 480 thesauro
2389 427 2670 480 charitatis
2703 436 2908 482 tantum
2952 429 3044 482 tibi
3079 431 3268 485 saltem
3297 435 3478 489 distil-

217 523 296 578 de
341 537 557 590 corpore
601 521 786 574 mortis
823 519 1022 587 hujus?
1047 518 1216 589 (Rom.
1249 533 1347 580 vu,
1369 516 1483 586 24).
1513 516 1736 583 Precor,
1766 531 1800 570 ο

228 615 387 668 beate
429 613 728 683 Stephane,
764 626 976 679 precor,
1007 619 1317 680 compatere
1349 619 1404 662 tu
1437 608 1565 662 tnihi
1611 609 1809 663 misero

232 705 513 774 indigenti,
543 703 634 771 qui
675 702 988 771 congaudeo
1035 700 1130 754 tibi
1171 699 1347 760 beato,
1379 697 1504 752 licet
1531 712 1636 750 non
1665 697 1808 750 imii-

231 796 400 866 genti.
428 795 650 851 Liberet
678 810 762 849 me
786 794 855 848 de
878 805 1104 861 corpore
1147 790 1338 844 mortis
1366 789 1524 858 hujus
1551 789 1658 842 tuis
1699 802 1809 841 tne-

233 889 354 944 ritis
391 888 562 959 gratia
609 887 700 941 Dei
745 901 843 956 per
879 885 1062 939 Jesum
1094 882 1367 938 Chrisuttu
1394 881 1677 934 Dominum
1707 889 1804 932 no-

231 990 428 1044 strum,
463 989 520 1034 ιιι
549 979 873 1048 quandoque
901 977 954 1030 in
978 992 1104 1046 pare
1127 975 1183 1027 'in
1210 973 1437 1042 idipsum
1464 973 1725 1028 dormiam
1757 980 1806 1025 et

231 1074 551 1140 requiescam
581 1069 754 1139 (Psal.
787 1086 862 1134 tv,
893 1069 946 1136 9)
976 1069 1025 1122 in
1055 1066 1301 1130 Domino,
1331 1065 1420 1136 qui
1449 1065 1580 1120 vivit
1602 1076 1656 1119 et
1690 1081 1809 1134 reg-

221 1173 328 1218 mat
357 1165 497 1219 Deus
536 1178 634 1232 per
656 1163 836 1216 omnia
866 1160 1062 1216 smcula
1086 1159 1428 1214 sazculorum.
1451 1159 1640 1212 Amen.

541 1269 797 1328 ORATIO
825 1270 964 1324 Lxx
997 1269 1090 1342 [οι.
1116 1268 1348 1341 vauz]
1375 1270 1492 1322 ποια.

653 1399 721 1438 AD
750 1398 991 1438 SANCTCII
1024 1397 1388 1437 ιλυιιειιτιωι.

307 1494 624 1550 Beatissimo
696 1502 906 1565 martyr
953 1507 1016 1546 ac
1065 1491 1461 1547 ferventissime
1511 1492 1806 1546 Salvatoris

229 1591 482 1654 dilector,
526 1604 670 1643 verte
702 1586 976 1642 fclicitatis
1006 1585 1190 1640 laurea
1234 1585 1484 1640 redimite
1526 1585 1805 1650 Laurenti,

233 1690 289 1733 ttt
322 1679 450 1733 illud
481 1679 776 1749 pretiosum
805 1693 898 1732 vas
922 1677 1114 1731 domus
1141 1677 1260 1740 Dei,
1299 1685 1352 1730 ιιι
1383 1675 1472 1730 ille
1497 1674 1669 1730 fidelis
1701 1677 1808 1730 dis-

223 1779 487 1842 pensator
520 1770 757 1825 thesauri
788 1769 1047 1833 caelestis,
1087 1777 1142 1822 et
1184 1768 1569 1839 benignissime
1603 1785 1804 1838 panpe-

218 1881 350 1918 Tum
391 1863 590 1918 Christi
639 1862 905 1931 provisor,
956 1871 1005 1916 te
1052 1861 1241 1916 invoco
1287 1861 1339 1915 in
1384 1861 1639 1914 auxilium
1677 1861 1808 1914 mihi

219 1953 564 2008 desideranti
607 1952 883 2022 deprecari
915 1951 1108 2007 faciem
1155 1951 1269 2014 Dei,
1302 1951 1395 2006 sed
1437 1966 1533 2020 pro
1561 1959 1810 2019 peccato-

229 2060 350 2100 rum
381 2043 748 2113 magnitudine
771 2042 836 2096 ad
869 2057 989 2097 eum
1017 2041 1204 2096 faciem
1229 2041 1409 2094 levare
1433 2056 1539 2095 non
1565 2041 1807 2094 audenti.

231 2133 347 2204 Age
380 2149 528 2203 ergo,
559 2134 712 2188 testis
742 2132 1032 2187 fortissime
1062 2130 1313 2200 potentiae
1335 2129 1560 2190 Christi,
1585 2132 1811 2186 ostende

229 2227 288 2280 in
324 2242 408 2279 me
439 2223 868 2279 benevolentiam
894 2234 1062 2286 tuam,
1097 2232 1153 2277 et
1185 2223 1402 2277 attende
1428 2224 1808 2279 necessitatem

233 2332 434 2382 meam,
483 2326 536 2370 et
565 2315 715 2371 defer
756 2315 830 2370 illi
870 2315 1169 2371 orationem
1219 2330 1417 2370 meam.
1459 2315 1674 2371 Evacua
1720 2318 1809 2387 pia

225 2408 619 2463 intercessione
678 2417 897 2477 peccata
964 2421 1108 2470 mea,
1166 2406 1406 2476 exstirpa
1470 2403 1808 2460 misericordi

231 2497 586 2553 subventione
615 2499 745 2552 vitia
772 2513 912 2562 mea,
944 2507 1003 2551 ut
1026 2498 1092 2552 ab
1125 2496 1256 2567 ipsis
1282 2506 1456 2560 eruta,
1485 2497 1807 2551 charitatem

231 2589 399 2656 illam,
467 2606 574 2662 qua
630 2591 684 2645 in
732 2591 935 2646 Christi
987 2588 1316 2644 desiderium
1375 2597 1524 2642 totus
1575 2587 1809 2642 feliciter

231 2683 510 2746 exarsisli,
539 2683 918 2754 quoquomodo
943 2682 996 2737 in
1027 2696 1086 2736 se
1111 2680 1410 2736 accendere
1429 2679 1605 2734 valeat
1627 2679 1808 2734 anima

231 2790 374 2829 mea.
404 2773 484 2828 Ob
525 2775 644 2840 hoc,
683 2774 1074 2844 pretiosissime
1114 2765 1462 2848 Domine.'ad
1509 2783 1561 2826 te
1589 2771 1809 2840 potissi-

231 2882 378 2920 mum
407 2867 629 2924 accedo.
663 2866 788 2935 quia
830 2865 1110 2919 charitatis
1141 2865 1301 2934 hujus
1333 2865 1384 2917 in
1416 2874 1467 2918 te
1502 2863 1806 2919 mirabilem

229 2955 501 3010 ﬂammam
529 2958 836 3010 considero.
866 2956 999 3022 Quis
1025 2956 1168 3010 enim
1207 2957 1467 3026 cogitare,
1503 2971 1624 3025 quae
1655 2973 1808 3011 mens

1911 518 2003 581 let,
2037 534 2143 588 quo
2170 519 2223 573 in
2257 519 2374 576 dies
2401 519 2669 574 desiderio
2697 521 2814 589 ejus
2854 523 3026 590 magis
3056 522 3337 580 famelicus
3369 528 3487 594 ﬁas,

1903 618 1965 664 et
1997 609 2140 664 illius
2169 610 2472 664 satietatem
2501 625 2715 679 semper
2746 611 3040 666 desideres.

1980 701 2060 754 Ad
2089 711 2139 756 te
2160 701 2348 770 igitur,
2378 701 2755 771 potentissime
2785 710 2838 754 et
2879 703 3270 772 pretiosissime
3301 705 3500 761 Salva-.

1915 794 2048 850 toris
2083 795 2265 848 mundi
2297 796 2450 850 testis
2476 793 2759 858 Laurenti,
2789 795 2856 847 ad
2891 803 2996 849 tute
3023 797 3240 864 pietatis
3262 797 3485 866 januam

1911 883 2111 938 clamat
2145 884 2231 940 hic
2259 883 2561 950 famelicus,
2608 884 2695 938 hic
2729 884 2976 938 esuriens
3015 901 3249 954 panper;
3286 905 3392 943 non
3435 899 3496 946 ut

1908 974 2027 1043 ejus
2058 976 2253 1030 famem
2283 990 2535 1040 evacues,
2582 974 2675 1030 sed
2722 984 2780 1030 ut
2822 974 3183 1046 qualicunque
3213 980 3492 1035 charitatis

1911 1078 2068 1138 gustu
2116 1067 2471 1123 refocillatam
2516 1068 2688 1136 magis
2715 1068 3004 1133 acccndas,
3037 1072 3492 1138 quantulumcun-

1910 1172 2015 1227 que
2041 1155 2238 1210 stillam
2277 1155 2582 1210 dulcedinis
2607 1156 2725 1226 ejns
2752 1156 2957 1210 sitienti
2988 1158 3183 1212 animae
3231 1175 3363 1213 mea:
3403 1163 3490 1214 in-

1911 1247 2205 1312 fundendo,
2253 1248 2400 1302 sitim
2445 1247 2587 1302 illius
2629 1249 2681 1301 iu
2733 1263 2820 1301 me
2863 1263 3093 1318 augeas;
3148 1259 3206 1304 ut
3259 1267 3492 1306 onerosa

1911 1337 2042 1392 tuibi
2067 1339 2136 1393 sit
2162 1339 2340 1392 omnis
2362 1337 2617 1403 dultedo,
2645 1354 2765 1407 qua:
2797 1339 2939 1394 illius
2970 1356 3037 1395 ex
3068 1339 3217 1396 fonte
3247 1358 3354 1398 non
3383 1360 3492 1397 ma-

1911 1439 2036 1496 nat;
2063 1430 2107 1484 si
2136 1439 2315 1483 tamcn
2347 1429 2576 1485 dulcedo
2601 1439 2746 1484 recte
2777 1431 3003 1484 dicenda
3030 1441 3132 1496 est,
3165 1448 3286 1503 qua:
3311 1434 3378 1488 de
3402 1435 3490 1488 illa

1911 1536 2159 1592 saporem
2193 1537 2298 1576 non
2340 1522 2524 1576 habet.
2571 1520 2688 1575 Non
2730 1523 2933 1592 itaque,
2981 1524 3364 1594 benignissime
3397 1526 3494 1579 do-

1913 1614 2076 1678 mine,
2118 1613 2242 1668 licet
2271 1613 2432 1668 nitnis
2461 1613 2694 1682 tepidam
2723 1612 2920 1668 famem
2955 1614 3134 1668 cordis
3164 1613 3293 1680 mei,
3327 1631 3488 1683 quam

1840 1712 1884 1770 Β
1915 1705 2016 1760 hae
2041 1706 2220 1759 esurie
2260 1705 2481 1773 patitur,
2512 1705 2740 1760 satietas
2786 1704 2966 1772 aliqua
3013 1705 3296 1759 mundanae
3344 1707 3490 1762 volu-

1912 1799 2078 1868 ptatis
2119 1807 2344 1852 evacuet
2387 1812 2404 1852 :
2449 1811 2552 1850 non
2593 1795 2710 1864 ejus
2755 1795 2902 1849 sitim
2936 1795 3218 1851 delectatio
3241 1796 3498 1864 qutelihet.

1915 1887 2146 1943 carnalis
2173 1887 2516 1956 exstinguat;
2547 1885 2641 1940 sed
2681 1886 2734 1938 in
2779 1895 2958 1938 mente
3000 1885 3076 1939 tui
3115 1885 3331 1940 humilis
3358 1886 3496 1940 dile-

1913 1980 2078 2034 ctoris
2107 1977 2270 2050 295
2303 1978 2355 2032 in
2385 1977 2501 2033 dies
2529 1984 2832 2032 excrescat.
2858 1975 2942 2030 Sit
2970 1976 3153 2029 anima
3184 1991 3302 2030 mea
3332 1975 3491 2043 hujus

1913 2069 2068 2123 avida
2103 2068 2280 2133 fatuis,
2311 2067 2378 2121 ad
2401 2065 2582 2121 omnia
2631 2072 2850 2117 terrena
2893 2063 3200 2129 fastidiosa,
3227 2073 3285 2118 ttt
3323 2065 3390 2118 ab
3424 2063 3492 2119 iis

1914 2160 2196 2224 deﬁciens,
2246 2158 2298 2213 in
2333 2158 2480 2212 illam
2527 2157 2838 2227 proficiens,
2869 2170 2967 2224 per
2993 2154 3328 2226 spiritualem
3368 2170 3491 2208 esu-

1913 2252 2049 2306 riem
2081 2249 2147 2303 ad
2176 2250 2388 2304 beatam
2410 2247 2690 2316 perveniat
2715 2248 3042 2315 satietatem,
3067 2261 3170 2314 qua
3205 2245 3318 2314 ipse
3361 2245 3493 2299 insi‘

1914 2341 2110 2412 gnibus
2141 2339 2290 2394 dives
2316 2337 2526 2392 meritis
2570 2337 2759 2391 satiari
2795 2345 2848 2390 et
2879 2323 3171 2390 beati'licari
3216 2321 3498 2390 meruisti.

1912 2432 2118 2487 Adeant
2146 2431 2234 2485 alii
2257 2428 2730 2502 pauperesjanuas
2754 2428 2997 2487 divitum.
3028 2438 3086 2481 ut
3109 2428 3338 2482 terrenis
3359 2442 3486 2498 cpn-

1912 2523 1980 2580 lis
2022 2525 2200 2579 satiati
2254 2535 2531 2593 corporeae
2578 2519 2740 2576 famis
2788 2518 3062 2589 expellant
3115 2519 3488 2586 incommoda;

1911 2631 2010 2686 ego
2039 2615 2108 2669 ad
2141 2623 2246 2669 tute
2273 2613 2492 2683 pietatis
2519 2610 2721 2680 jannas
2752 2612 2929 2681 pulso,
2959 2623 3015 2666 ιιι
3048 2613 3354 2667 satietatem
3381 2621 3492 2667 ter~

1910 2722 2056 2761 rente
2079 2705 2452 2761 delectationis
2489 2704 2743 2768 evadere,
2775 2712 2829 2757 et
2869 2703 3062 2757 famem
3095 2718 3342 2773 superate
3369 2703 3490 2758 dul-

1911 2795 2118 2850 cedinis
2137 2794 2532 2848 indelicientem
2559 2807 2777 2847 merear
2797 2793 3061 2848 obtinere.
3090 2791 3238 2846 Hanc
3260 2792 3490 2861 esurire,

1911 2887 2048 2942 hanc
2080 2886 2256 2951 sitire,
2301 2885 2368 2939 ad
2399 2884 2541 2939 hanc
2568 2899 2806 2955 gemere,
2853 2885 2979 2938 huic
3021 2885 3301 2954 suspirare
3347 2885 3494 2940 inar-

1911 2979 2094 3032 desco.

229 3050 519 3114 :eslimare,
568 3047 688 3117 quis
731 3046 1032 3101 intellectus
1070 3061 1264 3116 capere
1304 3045 1535 3100 sulllciat
1576 3063 1684 3117 quo
1723 3062 1805 3102 ar-

238 3139 355 3158 jA_-
427 3156 436 3158 _
459 3154 517 3158 -,-
567 3147 723 3158 Δμ.....
777 3137 946 3158 ---.-.2
980 3135 1167 3158 ,μα-λη--
1229 3135 1337 3158 -2---
1370 3152 1602 3158 -_-__.._--
1631 3136 1726 3158 ’Μιι
1753 3138 1799 3158 3..

1977 3068 2208 3126 Consule
2246 3068 2399 3132 mihi,
2440 3076 2648 3138 martyr
2686 3066 3095 3137 gloriosissime.
3146 3066 3284 3122 Ecce
3321 3067 3492 3124 indis-

231 3139 384 3202 dore,
420 3154 526 3208 quo
564 3147 726 3192 arstus
774 3137 948 3191 sancti
978 3135 1191 3201 affectu,
1224 3135 1340 3204 ejus
1367 3152 1608 3192 amorem
1631 3136 1726 3202 ξω
1752 3138 1804 3191 in

229 3229 394 3285 corde
423 3238 513 3283 tuo
543 3228 706 3282 ﬁxum
740 3228 994 3294 tenebas;
1037 3228 1146 3281 imo
1171 3242 1268 3281 cor
1304 3237 1452 3280 tuum
1491 3227 1664 3282 amori
1689 3225 1806 3294 ejus

231 3321 508 3387 inﬁxeras,
561 3323 774 3392 quando
815 3321 894 3376 sic
937 3321 1164 3375 interius
1196 3319 1340 3374 illius
1369 3321 1654 3375 dulcedine
1707 3320 1802 3352 ²⁰⁵⁷

231 3414 550 3484 rcplebaris,
579 3423 637 3468 ιιι
665 3411 907 3468 ﬂammas
933 3415 1174 3469 exterius
1211 3422 1262 3469 te
1299 3423 1606 3484 prementes
1629 3413 1804 3482 parvi-

228 3504 529 3574 penderes?
552 3504 856 3574 ingredere,
889 3505 1070 3559 anima
1099 3521 1242 3569 mea,
1267 3504 1526 3560 interiora
1551 3505 1807 3574 spiritua-

229 3595 295 3650 lis
318 3595 564 3660 intuitus,
593 3605 648 3650 et
667 3607 888 3664 penetra
913 3596 956 3649 si
989 3608 1142 3664 potes
1164 3606 1432 3650 secretum
1455 3597 1596 3651 beati
1621 3605 1803 3666 pecto-

227 3686 326 3751 ris,
374 3694 483 3738 tam
522 3684 677 3754 igniti
724 3683 997 3739 dilectoris
1035 3685 1238 3738 domini
1274 3683 1374 3748 tui,
1415 3694 1470 3738 et
1515 3684 1802 3740 considera

227 3792 390 3847 quam
426 3783 684 3828 nectareo
709 3772 902 3828 divinae
926 3773 1143 3827 vinculo
1178 3775 1462 3829 charitatis
1493 3774 1621 3829 felix
1651 3790 1807 3829 mens

226 3867 346 3938 ejus
388 3864 488 3919 fuit
536 3865 822 3936 colligata;
857 3879 978 3919 cum
1028 3879 1248 3919 carnem
1295 3865 1538 3919 exterius
1584 3865 1806 3920 crudele

227 3967 462 4015 torreret
511 3959 846 4024 incendium,
875 3966 928 4013 et
955 3955 1178 4012 allectus
1217 3957 1445 4013 interior
1482 3957 1806 4012 exsultando

227 4051 414 4108 laudes
441 4052 698 4124 dirigeret
733 4051 785 4106 in
816 4052 1035 4106 cretum.
1067 4050 1317 4115 Attende,
1356 4049 1594 4120 inquam,
1627 4059 1682 4106 et
1704 4050 1803 4104 ad-

226 4143 451 4207 mirare,
496 4142 695 4197 mirare
733 4152 790 4197 et
833 4143 1028 4213 gaude,
1078 4144 1252 4213 gaude
1294 4152 1350 4197 et
1388 4158 1535 4208 ama,
1588 4157 1709 4197 ama
1750 4150 1806 4198 et

226 4234 418 4300 lauda;
463 4245 941 4304 quantumcunque
980 4233 1123 4288 enim
1161 4245 1213 4289 te
1251 4234 1318 4289 ad
1346 4235 1803 4290 considerandum

226 4327 542 4388 intenderis,
573 4326 728 4397 longe
767 4334 918 4380 tuum
943 4335 1165 4398 superat
1191 4325 1287 4359 ²⁰⁴⁸
1333 4325 1661 4381 intellectum
1687 4325 1804 4381 dul-

225 4419 360 4474 cedo
404 4417 491 4472 illa
536 4433 641 4487 qua
695 4419 807 4486 ipse
849 4416 1250 4486 jucundabatur
1298 4433 1395 4487 per
1442 4415 1718 4482 allectum,
1747 4425 1803 4470 et

224 4507 639 4564 bcatilicabatur
681 4523 779 4577 per
833 4507 1105 4562 elfectnm.
1154 4508 1236 4562 Ad
1284 4510 1387 4562 hoc
1445 4517 1625 4563 tamen
1678 4509 1800 4564 inde

224 4601 510 4672 cogitando
556 4599 818 4670 proﬁcis,
877 4610 937 4654 ut
991 4614 1055 4655 ea
1102 4600 1288 4654 satiari
1331 4602 1542 4656 esurias
1583 4602 1703 4668 ’°"’,
1747 4611 1802 4658 et

223 4695 461 4764 quaudiu
498 4695 722 4749 satietas
755 4694 932 4758 abest,
971 4691 1090 4762 ejus
1118 4694 1352 4750 esuriem
1382 4696 1628 4764 patiaris.
1663 4695 1800 4764 Quia

223 4787 476 4841 nimirum
503 4801 610 4856 quo
640 4785 759 4859 plus
787 4786 966 4841 esurie
1015 4785 1288 4855 allicieris,
1326 4801 1391 4842 eo
1431 4788 1802 4845 abundantius

219 4888 470 4949 percepta
519 4879 768 4934 satietate
810 4878 1094 4948 gaudebis.
1134 4878 1252 4934 Non
1297 4895 1426 4951 ergo
1471 4895 1651 4936 cesses
1690 4883 1800 4937 cla-

220 4985 392 5036 mare,
442 4986 548 5025 non
589 4973 885 5026 erubescas
930 4972 1244 5028 mendicare
1286 4975 1352 5028 ad
1383 4973 1604 5042 jauuam
1643 4973 1800 5042 hujus

219 5059 400 5116 divitis
426 5061 770 5128 tltesaurarii,
805 5060 958 5129 cujus
987 5060 1242 5130 imploras
1271 5064 1562 5132 auxilium;
1597 5065 1801 5135 suppli-

220 5150 355 5207 citer
377 5167 544 5208 orans
573 5160 629 5205 ut
657 5152 798 5208 sicut
843 5152 1130 5206 thesauros
1167 5151 1427 5210 Ecclesiae
1458 5164 1716 5225 tanquam
1746 5156 1802 5210 li-

1911 3171 2056 3214 creta
2089 3157 2321 3212 fortasse
2354 3157 2655 3213 verbositas
2681 3156 2812 3210 dicit
2846 3174 2859 3209 :
2912 3155 3058 3212 Satis
3086 3165 3292 3208 oratum
3316 3168 3412 3222 est,
3436 3166 3490 3211 et

1909 3248 2132 3302 allectus
2157 3246 2406 3301 desiderii
2443 3245 2641 3300 clamat
2673 3263 2686 3299 :
2725 3245 2909 3298 Atllmc
2956 3246 3226 3300 ardentius
3257 3246 3485 3321 orationi

1908 3337 2106 3390 insiste.
2138 3334 2310 3400 Itane,
2364 3333 2675 3390 dulcissime
2729 3333 2946 3390 domine
2994 3344 3050 3389 et
3099 3335 3493 3390 ferventissime

1909 3427 2108 3482 Christi
2133 3436 2366 3494 amator,
2394 3433 2510 3482 sese
2541 3428 2700 3482 habet
2730 3442 2834 3481 non
2867 3426 2987 3482 ftcta
3023 3429 3214 3482 orandi
3256 3430 3492 3496 devotio,

1909 3529 1967 3572 ut
1989 3518 2224 3573 orationi
2255 3533 2363 3587 quo
2391 3517 2510 3588 plus
2551 3518 2806 3582 intendit,
2838 3517 2956 3587 plus
2986 3519 3344 3573 acctmdatur‘l
3375 3517 3493 3574 Sic-

1908 3611 2028 3664 cine
2064 3610 2116 3663 in
2166 3609 2357 3678 spiritu
2408 3617 2464 3663 et
2510 3608 2743 3663 veritate
2789 3618 3010 3664 orantes
3058 3608 3494 3678 incomparabilis

1909 3702 2136 3757 attrahit
2166 3702 2300 3755 odor
2328 3701 2631 3764 charitatis,
2659 3709 2718 3755 ut
2748 3700 2871 3755 dum
2898 3701 3073 3754 oratio
3101 3700 3167 3753 ad
3196 3701 3490 3754 terminum

1912 3796 2128 3857 dicitur,
2147 3792 2348 3847 diutius
2371 3806 2528 3846 orare
2555 3792 2820 3846 delectet?
2841 3791 2912 3843 lla
2943 3790 3118 3859 plane.
3147 3791 3311 3844 Beata
3341 3807 3493 3845 mens

1915 3886 2025 3950 illa,
2055 3899 2217 3954 quam
2259 3882 2364 3937 tale
2390 3883 2657 3936 veraciter
2704 3882 3000 3950 inflammat
3031 3882 3355 3936 incendium.
3388 3883 3492 3936 Sed

1911 3987 1969 4032 ut
1991 3977 2104 4048 jam
2135 3991 2250 4031 mea
2282 3973 2671 4051 qualiscunque
2701 3973 2988 4028 claudatur
3021 3973 3496 4041 oratio,dcprecor

1917 4079 1992 4136 te,
2015 4067 2325 4124 beatissime
2356 4075 2564 4136 martyr
2579 4074 2632 4119 et
2663 4066 2932 4134 praecipua
2962 4065 3207 4121 columna
3238 4065 3492 4121 Ecclesia:

1913 4161 2006 4216 Dei
2037 4157 2313 4224 Laurenti,
2338 4157 2428 4226 qui
2447 4155 2675 4210 feliciter
2696 4171 2725 4210 a
2741 4157 3133 4228 benignissimo
3155 4155 3279 4212 Jesu
3304 4159 3493 4212 audire

1912 4249 2179 4315 tneruisti,
2212 4249 2348 4314 veni,
2379 4246 2703 4300 desideratur
2727 4247 2889 4312 bone;
2941 4248 3222 4313 suscipiant
3247 4258 3296 4302 te
3321 4247 3493 4316 angeli

1911 4343 2032 4405 mei,
2056 4341 2305 4411 quoniam
2335 4352 2541 4396 assatus
2574 4358 2676 4395 non
2719 4341 2917 4408 negasti
2946 4356 3048 4404 me,
3080 4341 3327 4407 probatus
3370 4357 3497 4392 ron-

1833 4451 1879 4510 υ
1911 4434 2079 4502 fessus
2133 4451 2185 4488 es
2231 4450 2354 4488 me:
2387 4442 2458 4498 te,
2512 4433 2762 4502 inquam,
2797 4433 3080 4501 deprecor,
3123 4432 3341 4486 subleva
3389 4435 3492 4488 tnis

1907 4523 2229 4578 sublimibus
2249 4533 2303 4577 et
2324 4522 2716 4593 potentissimis
2733 4521 2941 4575 meritis
2967 4523 3268 4576 orationem
3293 4537 3488 4585 meam,

1906 4624 2175 4682 quatenus
2218 4614 2363 4683 quod
2403 4627 2616 4668 summe
2657 4613 2909 4667 desidero
2941 4612 3214 4684 (videlicet
3248 4623 3306 4667 ut
3346 4629 3375 4666 a
3408 4629 3495 4668 me

1905 4706 2238 4775 cxstirpetur
2263 4704 2440 4760 omnis
2473 4705 2754 4776 iniquitas,
2783 4713 2838 4761 et
2865 4721 2991 4761 vera
3043 4721 3214 4776 usque
3246 4705 3297 4760 in
3331 4697 3491 4760 finem

1907 4797 1960 4852 in
1991 4814 2078 4854 me
2126 4798 2371 4869 proﬁciat
2404 4799 2686 4869 charitas),
2729 4807 2781 4853 te
2807 4799 3222 4862 interveniente,
3248 4808 3304 4854 et
3349 4799 3494 4852 bono

1907 4890 2136 4944 Domino
2178 4889 2303 4944 Jesu
2361 4890 2598 4952 favente,
2642 4901 2856 4944 merear
2897 4891 3165 4954 obtinere,
3201 4898 3494 4959 praestante

1908 4981 2098 5035 eodem
2132 4981 2358 5036 Domino
2385 4992 2440 5036 et
2479 4981 2842 5052 Redemptore
2873 4993 3078 5046 nostro,
3110 4985 3202 5054 qui
3245 4991 3327 5036 est
3366 4997 3489 5035 cum

1907 5072 2067 5128 Patre
2093 5083 2148 5128 et
2171 5074 2376 5142 Spiritu
2396 5085 2587 5131 sancto
2613 5076 2720 5130 vita
2747 5085 2802 5129 et
2829 5092 3051 5146 regnum
3084 5077 3136 5129 in
3164 5085 3362 5130 aeterna
3386 5090 3490 5130 sae-

1907 5164 2050 5218 cula.
2073 5163 2263 5219 Amen.

1516 5315 1749 5372 VA“le
1785 5317 2184 5375 LECTIONES.

220 5449 387 5554 “:2
412 5450 473 5504 Et
505 5450 722 5554 trahere
748 5468 866 5554 eam
897 5451 1268 5554 711:8.Ill'ailf3re
1294 5469 1412 5506 eam

393 5536 460 5554 ..η
488 5537 560 5554 ....
590 5537 649 5554 ...
696 5538 822 5554 ......
852 5541 863 5554 .
898 5542 922 5554 ..
971 5540 1031 5554 ....
1060 5541 1089 5554 ..
1146 5537 1258 5554 ......
1291 5540 1410 5554 ......

342 5521 460 5592 Quo
486 5532 651 5576 aestus
695 5525 863 5577 sancti
897 5525 1113 5585 affectu,
1145 5522 1260 5589 ejus
1289 5539 1530 5578 amorem
1574 5541 1672 5576 nis.
1722 5538 1828 5592 quo
1871 5525 2041 5578 sancti
2075 5533 2238 5576 :estns
2284 5522 2403 5588 ejus
2438 5538 2680 5577 amorem

1511 5452 1604 5485 '°"'
1631 5452 1838 5507 Collata
1858 5463 1932 5507 est
1974 5469 2090 5506 cum
2128 5468 2225 5505 ms.
2255 5451 2390 5506 Tim.
2417 5452 2544 5508 267.
2575 5453 2630 5505 in
2662 5451 2781 5504 aliis
2811 5451 2946 5504 enim
2979 5466 3082 5502 mss
3136 5464 3238 5502 non
3267 5447 3488 5501 habeer

2777 5522 2869 5554 ’°"
2902 5521 3051 5575 Illius
3081 5519 3359 5576 dulcedine
3382 5536 3485 5574 ms.

217 5589 308 5646 illa
335 5591 617 5648 dulcedine
689 5594 783 5626 ²⁰³⁸
816 5593 952 5649 Τιιιιι
979 5610 1040 5649 su
1079 5603 1196 5648 erat
1226 5610 1323 5648 ms.
1353 5605 1500 5650 tuum
1533 5589 1755 5672 supcrat
1827 5594 1921 5625 "‘9
1953 5593 2148 5649 Satiari
2181 5593 2458 5650 desideres
2488 5611 2585 5648 ms.
2618 5592 2806 5647 satiari
2839 5593 3049 5648 esurias
