3906 6058
277 325 412 382 1001

1712 319 2118 379 ORATIONES.

3402 293 3561 391 tuos

276 441 380 495 ista
421 453 489 495 ex
546 437 839 508 indigentia
893 447 1013 490 mea
1044 433 1304 492 ascendit.
1342 433 1435 489 llla
1487 432 1606 488 ﬂuit
1649 448 1716 489 ex
1766 434 1856 489 Dei
1887 442 1935 501 Α
1964 431 2370 503 piternis?Cut,
2400 431 2502 488 nisi
2529 432 2744 504 caligini
2785 444 3057 506 perpetuae
3092 439 3290 506 noctis,
3318 448 3375 498 et
3407 458 3544 514 pen.

273 529 451 600 copia,
491 529 594 585 ista
631 527 807 598 surgit
841 541 907 581 ex
945 541 1066 580 mea
1113 526 1314 596 inopia.
1347 525 1392 581 Ο
1429 525 1473 580 si
1511 525 1652 580 illius
1699 526 1856 580 inun-

272 621 475 679 dantia:
517 617 852 675 exundantia
900 616 1207 682 inundabil,
1253 625 1315 670 ut
1363 614 1539 671 diluat
1589 615 1855 672 malorum

272 725 522 768 meorum
549 707 939 764 abundantiam
975 706 1104 760 "7°!
1144 705 1188 761 Ο
1215 705 1261 760 si
1284 706 1561 776 plenitudo
1589 706 1734 762 illius
1763 723 1854 762 sa-

273 801 733 871 tietatisgreplebit
765 799 1091 853 vacuitatem
1127 810 1259 852 mere
1284 798 1573 868 egestatis!
1615 796 1730 853 Non
1760 799 1858 852 du-

270 893 406 961 bito,
436 893 669 955 domine,
697 899 748 946 te
778 890 879 945 hoc
908 887 1039 944 mihi
1072 888 1384 959 impetrare,
1408 891 1451 943 si
1485 897 1690 944 tantum
1721 889 1855 944 velis

271 1000 371 1054 pro
397 999 482 1039 me
500 983 735 1054 judicent
763 996 941 1036 meum
969 979 1224 1035 dilectum
1254 979 1568 1034 dilectorem
1594 980 1852 1033 tuum’m

271 1091 520 1132 exorare.
567 1073 644 1130 Ne
681 1081 966 1142 exspectes
985 1071 1103 1136 ³⁸⁷³,
1145 1071 1404 1137 Domine,
1447 1072 1516 1126 ad
1561 1073 1855 1127 exaudien-

271 1170 398 1224 dum
428 1182 602 1222 meam
622 1164 1112 1234 importunitatem;
1138 1163 1265 1232 quia
1287 1162 1466 1217 tuscis
1493 1162 1558 1216 ad
1585 1163 1844 1216 orandum

271 1259 361 1313 diu
407 1271 580 1311 meam
613 1253 1057 1309 imbecillitatem.
1089 1252 1257 1309 Velox
1305 1252 1450 1307 enim
1482 1267 1600 1305 sum
1627 1251 1694 1305 ad
1724 1250 1857 1305 deli-

272 1348 554 1411 ciendum;
584 1347 679 1401 sed
709 1354 826 1400 esto
854 1355 910 1399 tu
943 1344 1184 1401 velocior
1214 1345 1281 1400 ad
1320 1344 1486 1415 296
1528 1343 1855 1398 subvenien-

271 1441 418 1496 dum.
453 1437 615 1493 Certe
637 1437 681 1491 si
710 1451 808 1490 cor
836 1450 1016 1490 meum
1041 1436 1334 1490 contritum
1360 1433 1547 1497 luerit,
1569 1432 1615 1488 si
1645 1433 1854 1487 viscera

269 1543 390 1584 mea
414 1537 683 1582 commota
707 1524 926 1592 fuerint,
942 1525 987 1581 si
1011 1525 1300 1594 liquefacta
1316 1523 1479 1580 fuerit
1500 1523 1680 1578 anima
1712 1537 1852 1588 mea,

269 1619 316 1674 si
343 1618 444 1672 rivi
496 1617 586 1671 diu
626 1615 883 1671 ﬂuxerint
927 1616 997 1670 ab
1027 1614 1200 1670 oculis
1238 1616 1406 1680 meis;
1459 1623 1590 1670 tunc
1620 1615 1852 1686 sperabo

271 1713 399 1783 quia
445 1710 710 1765 Martinus
737 1711 895 1764 adest
936 1709 1188 1779 precibus
1225 1707 1382 1763 meis.
1422 1706 1663 1762 Concute
1697 1720 1851 1778 ergo,

1959 527 2073 582 deri
2099 526 2450 582 indesinentis
2473 527 2868 582 mortis?Certe
2890 529 2974 583 his
2993 529 3152 586 malis
3175 546 3262 586 me
3284 535 3540 602 servatis,

1961 617 2029 672 ad
2055 619 2169 672 lucc
2193 617 2335 672 mala
2378 632 2464 673 me
2488 618 2899 675 trahitis.Certe
2919 620 2971 674 in
2999 621 3082 674 his
3103 637 3198 676 ero
3235 623 3542 694 obvolutus,

1959 705 2004 760 si
2050 705 2203 775 prius
2229 721 2259 760 a
2282 706 2438 762 vobis
2477 722 2582 762 non
2609 706 2763 762 lucro
2788 707 3014 763 solutus.
3047 707 3188 765 Vere
3214 711 3405 766 horum
3437 713 3544 768 illi-

1959 793 2219 850 berabilis
2247 795 2342 828 ὀη
2376 811 2567 852 servus
2601 811 2717 863 ero,
2747 798 2792 854 si
2841 799 2978 855 liber
3003 815 3033 855 a
3062 800 3215 856 vobis
3253 803 3402 872 prius
3433 820 3540 861 non

1957 884 2130 942 fuero.
2166 885 2363 957 Utique
2390 903 2556 959 prepe
2584 899 2670 943 est
2690 889 2808 945 dies
2838 891 3156 966 illa,pr0pe,
3185 895 3428 964 inquam,
3458 909 3543 953 est

1959 986 2013 1032 et
2066 978 2339 1048 incognita
2373 980 2492 1035 “7‘.
2535 980 2728 1037 Subito
2763 986 2934 1052 venit,
2985 995 3040 1041 et
3097 986 3324 1042 lorsiian
3382 990 3541 1045 hodie

1957 1069 2063 1130 erit
2091 1071 2208 1123 ὀττ.

2028 1161 2229 1218 Delicta
2283 1179 2434 1230 mea,
2475 1181 2544 1220 an
2585 1176 2752 1222 eratis
2800 1177 2910 1223 tam
2953 1170 3114 1224 noxia
3167 1167 3368 1235 futura,
3415 1187 3536 1228 cum

1956 1253 2194 1309 animam
2229 1271 2405 1310 meam
2435 1267 2619 1312 vestra
2667 1257 2946 1315 dulcedine
2975 1262 3263 1331 potabatis,
3294 1277 3417 1320 cum
3447 1280 3542 1319 cor

1955 1360 2135 1401 meum
2172 1357 2350 1403 vestra
2373 1348 2650 1419 voluptate
2681 1352 2996 1423 ungebatis?
3017 1354 3125 1408 Cur
3151 1355 3264 1410 haec
3292 1371 3377 1411 me
3398 1355 3542 1411 cela-

1953 1439 2131 1492 batis?
2161 1439 2269 1494 Cur
2297 1455 2386 1495 me
2420 1443 2753 1498 tradebatis?
2782 1443 2896 1499 lmo
2949 1461 3056 1501 non
3089 1461 3186 1502 vos
3236 1461 3323 1501 me
3373 1449 3540 1503 tradi-

1954 1524 2110 1582 distis
2134 1527 2250 1594 "7°,
2275 1530 2373 1584 sed
2403 1545 2504 1602 ego
2535 1547 2620 1586 me
2643 1533 2864 1599 tradidi,
2889 1533 2980 1605 qui
3009 1534 3164 1591 vobis
3198 1537 3534 1594 credidi’m.

1953 1613 2073 1670 Non
2103 1631 2200 1673 vos
2230 1633 2315 1672 me
2338 1619 2661 1690 decepistis;
2693 1621 2786 1677 sed
2818 1637 2919 1694 ego
2964 1639 3053 1679 me
3084 1625 3294 1695 decepi,
3318 1627 3411 1697 qui
3444 1644 3540 1698 vos

1953 1705 2098 1763 intra
2128 1724 2214 1764 me
2258 1712 2490 1782 suscepi.
2535 1711 2581 1768 0
2616 1713 2858 1769 inaudita
2905 1715 3150 1770 insania!
3204 1717 3442 1773 sciebam
3483 1719 3536 1774 in

270 1803 490 1861 domine
534 1809 724 1857 sancte
775 1800 1028 1867 Martiae,
1077 1809 1304 1855 concute
1347 1799 1596 1870 spiritum
1645 1813 1847 1863 meum,
1883 1811 1926 1871 Β
1955 1798 2112 1854 vobis
2161 1814 2266 1854 non
2294 1815 2415 1856 esse
2444 1801 2626 1868 ﬁdem,
2665 1813 2720 1858 et
2766 1811 2945 1859 tamen
2982 1805 3144 1860 habui
3172 1807 3328 1862 vobis
3351 1808 3444 1841 ³⁸⁸⁸
3472 1809 3536 1864 li-

271 1893 448 1949 excita
482 1907 577 1948 cor
607 1906 807 1958 meum,
841 1906 1122 1947 commove
1162 1899 1399 1946 mentem
1445 1905 1619 1952 meam
1659 1889 1726 1946 ad
1774 1889 1853 1943 af-

268 1984 472 2041 fectum
521 1987 816 2040 secundum
865 1982 1245 2039 necessitatem
1307 1997 1484 2047 suam,
1517 1990 1578 2036 ut
1620 1980 1851 2036 sentiam

271 2077 636 2134 miserationis
673 2085 775 2132 tua:
809 2073 1059 2132 ell‘ectum
1088 2073 1184 2106 ²⁰⁷³
1215 2074 1512 2130 secundum
1552 2073 1851 2145 potentiam

270 2179 438 2225 tuam.

341 2260 448 2316 Sed
496 2260 632 2315 heu!
691 2266 893 2330 quanto
940 2266 1182 2328 tempore
1237 2257 1455 2327 languet
1502 2269 1657 2311 mens
1709 2269 1850 2319 mea,

245 2359 474 2421 ,quanto
524 2359 745 2420 stupore
800 2347 1111 2404 induratum
1154 2355 1237 2402 est
1280 2361 1378 2401 cor
1418 2361 1622 2410 meum,
1650 2354 1852 2415 quanto

272 2452 491 2514 torpore
517 2443 768 2498 obruitur
794 2441 977 2496 anima
1015 2439 1170 2496 mea?
1202 2439 1400 2494 Sancte
1441 2437 1692 2503 Martine,
1723 2435 1851 2507 quid

268 2543 356 2590 est
403 2535 546 2605 quod
607 2534 686 2590 sic
741 2548 831 2589 me
877 2532 1136 2604 impedit?
1181 2531 1320 2600 Quid
1367 2539 1451 2587 est
1501 2531 1643 2600 quod
1686 2530 1855 2585 cervi-

271 2641 391 2682 cem
429 2641 605 2681 meam
638 2626 719 2681 sic
763 2625 998 2696 premit?
1045 2624 1196 2681 Unde
1224 2625 1304 2679 sic
1347 2622 1662 2678 tenebratur
1689 2621 1853 2676 intui-

267 2725 360 2772 tus
415 2716 604 2771 meus?
658 2713 813 2770 Unde
880 2715 962 2771 sic
1020 2715 1294 2772 clauditur
1353 2714 1614 2769 circuitus
1669 2713 1853 2768 meus?

270 2804 417 2869 Vult,
453 2804 693 2868 domine,
721 2804 837 2858 vult
878 2805 946 2858 ad
999 2803 1167 2860 Deum
1217 2813 1272 2858 et
1317 2805 1384 2859 ad
1426 2813 1476 2858 te
1523 2803 1701 2856 anima
1731 2817 1851 2856 mea

267 2896 482 2966 erigere
527 2893 723 2950 faciem
766 2909 943 2959 suam,
975 2905 1030 2951 et
1057 2895 1310 2966 plumbeo
1354 2897 1594 2966 pondere
1624 2903 1849 2961 curvata

269 2997 548 3059 gravatur.
592 2986 754 3058 Cttpit
786 2987 839 3042 in
870 3002 966 3042 vos
1010 2987 1246 3058 dirigere
1287 2988 1540 3042 intuitum
1591 3001 1772 3050 suum,
1800 2996 1854 3042 et

267 3081 582 3151 caliginosis
599 3081 837 3153 tenebris
863 3080 1206 3135 obscuratur.
1230 3079 1469 3134 Conatur
1492 3094 1551 3134 se
1575 3080 1850 3149 expedire,

1958 1889 2100 1944 dem.
2128 1891 2241 1945 imo
2271 1906 2374 1945 non
2423 1893 2586 1948 habui
2643 1893 2827 1960 ﬁdem,
2859 1910 2959 1952 nec
2997 1896 3200 1953 credidi
3226 1897 3408 1966 vobis;
3443 1901 3539 1956 sed

1956 1979 2190 2049 quodam
2236 1981 2480 2037 horribili
2511 1983 2670 2038 modo
2696 1985 2906 2050 videns,
2934 2001 3110 2042 caicus
3139 1973 3386 2046 commisi
3440 2007 3528 2047 me

1955 2071 2128 2127 vobis.
2185 2071 2385 2127 Videns
2437 2087 2628 2139 eram,
2680 2076 2808 2146 quia
2846 2090 2942 2131 vos
2989 2080 3422 2148 cognoscebam,
3475 2091 3532 2136 et

1955 2180 2076 2235 qua:
2108 2163 2248 2219 mala
2297 2178 2394 2221 vos
2440 2173 2776 2237 sequuntur,
2829 2167 3095 2234 sciebam;
3141 2185 3314 2226 carens
3355 2187 3528 2240 eram,

1954 2257 2080 2326 quia
2132 2273 2239 2314 non
2275 2274 2305 2313 a
2351 2260 2494 2314 notis
2531 2262 2811 2316 cavebam.
2845 2260 2956 2318 Heu
2987 2274 3292 2333 peceatum,
3321 2281 3520 2321 nomen

1954 2348 2284 2404 horrendum
2306 2349 2427 2417 “3‘,
2451 2366 2536 2406 res
2559 2353 2912 2418 detestabilis,
2934 2356 3061 2409 nulli
3087 2356 3226 2412 malo
3247 2373 3537 2429 compara-

1954 2437 2108 2494 bilis!
2134 2439 2322 2496 Caecus
2345 2455 2451 2495 non
2482 2441 2626 2496 videt
2652 2442 2882 2506 foveam,
2916 2444 2969 2498 in
2997 2461 3158 2514 quam
3183 2447 3356 2513 cadit;
3390 2448 3538 2503 insa-

1953 2543 2056 2583 nus
2087 2537 2234 2599 putat
2279 2545 2338 2585 se
2368 2532 2566 2586 debere
2599 2531 2778 2588 facere
2829 2535 2972 2604 quod
3010 2535 3184 2590 facit:
3221 2536 3311 2606 qui
3354 2545 3534 2593 autem

1953 2629 2145 2689 sponte
2170 2629 2384 2691 peccat,
2413 2621 2601 2677 videns
2624 2631 2681 2676 et
2713 2623 2893 2679 sciens
2929 2625 3234 2695 przecipitio
3263 2641 3320 2682 se
3345 2628 3534 2685 tradit.

1953 2713 2097 2769 Mors
2129 2724 2184 2769 et
2213 2723 2480 2770 tormenta
2513 2715 2762 2786 quaelibet
2784 2756 2800 2780 ,
2834 2725 3100 2772 tormenta
3141 2727 3348 2773 tantum
3378 2729 3534 2784 sunt;

1953 2821 2054 2862 nec
2081 2807 2133 2861 in
2161 2821 2221 2862 se
2248 2806 2390 2863 {uada
2441 2816 2586 2874 sunt,
2613 2807 2738 2877 quia
2772 2807 3019 2862 ordinata
3067 2819 3213 2866 sunt.
3244 2809 3534 2867 Peccatum

1955 2897 2006 2952 in
2031 2912 2090 2954 se
2111 2896 2275 2952 habet
2319 2913 2470 2952 suam
2520 2897 2845 2965 fmditateut,
2873 2907 2929 2954 et
2955 2914 3140 2955 secum
3175 2901 3344 2956 trahit
3372 2913 3532 2959 πίει·-

1953 3003 2077 3041 nam
2111 2987 2504 3043 infelicitatem.
2535 2987 2727 3046 Melius
2756 3001 2886 3060 ergo
2917 3000 3035 3044 erat
3060 2990 3265 3062 eligere
3296 3001 3535 3048 tormen-

1955 3086 2067 3130 tum
2099 3077 2193 3109 ²⁰⁸²
2224 3085 2488 3132 aeternum
2516 3078 2660 3148 quod
2706 3093 2804 3148 per
2853 3093 2912 3135 se
2943 3077 3243 3135 [teditatem
3275 3090 3534 3137 aeternam

268 3180 324 3225 et
352 3169 541 3225 ferreis
570 3169 777 3225 catenis
808 3169 1146 3237 astringitur.
1182 3168 1382 3222 Tentat
1407 3169 1580 3233 exire,
1612 3178 1668 3224 et
1694 3183 1846 3222 aeneo
1873 3165 1918 3229 C
1950 3181 2054 3222 non
2079 3167 2326 3232 attrahit,
2353 3183 2514 3238 quam
2545 3179 2827 3238 peccatum
2853 3171 2996 3240 quod
3020 3184 3144 3226 cum
3169 3169 3412 3228 foeditate
3434 3187 3532 3228 sua

269 3277 490 3318 carcere
518 3262 810 3316 clauditur.
842 3260 982 3328 Quid
1033 3269 1159 3316 sunt
1191 3261 1317 3329 ista,
1371 3262 1534 3327 Deus,
1565 3260 1692 3331 quid
1723 3267 1852 3314 sunt

271 3353 398 3417 ista,
417 3367 536 3422 qua:
559 3352 638 3406 sic
661 3351 898 3406 animam
932 3366 1109 3406 meam
1130 3349 1491 3406 obtcnebrant
1518 3361 1574 3405 et
1601 3359 1850 3420 gravant,

267 3447 525 3502 claudunt
553 3456 609 3501 et
654 3446 856 3518 ligant?
882 3447 1090 3502 Forsan
1137 3463 1258 3518 quae
1288 3455 1416 3502 sunt
1444 3455 1666 3518 peccata
1697 3461 1848 3514 mea;

267 3535 377 3591 imo
407 3543 533 3590 vere
564 3537 680 3592 haec
724 3547 853 3592 sunt
896 3545 1119 3607 peccata
1167 3550 1306 3592 mea.
1336 3537 1496 3592 Certe
1542 3537 1656 3591 haec
1701 3546 1846 3591 sunt.

265 3628 506 3683 Allectus
525 3628 764 3685 carnalis
795 3627 1084 3683 infatuavit
1118 3629 1170 3682 in
1202 3645 1288 3684 me
1317 3643 1567 3698 saporem
1599 3630 1852 3698 spiritua-

266 3719 428 3782 lium;
461 3718 686 3771 intentio
710 3718 1016 3772 intimorum
1065 3718 1366 3773 incurvavit
1397 3720 1634 3774 animam
1675 3734 1848 3774 meam

265 3811 336 3863 ab
368 3809 563 3862 intuitu
593 3822 949 3880 supernorum
979 3824 994 3874 ;
1033 3824 1187 3862 amor
1215 3810 1552 3864 terrestrium
1593 3809 1856 3864 exstinxit

268 3902 321 3955 in
355 3916 441 3954 me
477 3900 889 3956 delectationem
926 3901 1262 3967 cmlestium;
1311 3917 1411 3956 usu
1444 3901 1698 3957 vitiorum
1727 3917 1853 3955 eva-

267 3992 386 4044 nuit
411 3991 507 4022 ²⁰⁷⁵
537 3990 590 4044 in
626 4007 711 4045 me
762 4006 956 4046 sensus
997 4007 1248 4046 verorum
1294 3991 1584 4048 bonorum.
1617 3991 1697 4046 Ab
1749 3991 1852 4046 illis

267 4081 424 4136 bonis
481 4099 598 4137 sum
650 4082 949 4154 elongatus,
982 4084 1032 4138 in
1085 4083 1171 4138 his
1201 4083 1360 4138 malis
1405 4093 1730 4154 occupatus,
1761 4097 1849 4138 se-

266 4172 450 4225 clusus
475 4172 541 4226 ab
574 4173 697 4238 illis,
724 4172 968 4229 inclusus
1001 4174 1054 4228 in
1104 4175 1252 4240 istis;
1288 4173 1356 4228 ab
1406 4173 1509 4228 illis
1548 4173 1848 4240 devolutus,

267 4261 321 4314 in
353 4261 470 4316 istis
497 4262 806 4317 obvolutus.
841 4263 978 4320 llinc
1007 4273 1090 4320 est
1144 4264 1232 4320 ille
1277 4279 1468 4321 carcer
1513 4273 1568 4320 ct
1611 4264 1845 4321 vincula.

267 4351 404 4406 llinc
429 4362 555 4406 sunt
584 4352 689 4407 illa:
717 4354 952 4409 tenebrat
977 4364 1031 4410 et
1058 4355 1316 4424 pondera.

335 4443 565 4502 Peccata
613 4460 754 4511 mea,
787 4447 873 4502 cui
912 4448 1142 4502 servatis
1179 4447 1232 4502 in
1289 4447 1375 4502 his
1400 4446 1630 4501 vinculis
1659 4455 1712 4502 et
1742 4448 1846 4502 hoc

1954 3257 2169 3313 dolores
2197 3267 2438 3313 aeternos
2460 3258 2658 3329 jungit.
2684 3259 2750 3313 Et
2769 3268 2937 3325 certe,
2964 3275 2999 3315 o
3020 3260 3186 3316 miser
3206 3262 3390 3328 homo,
3419 3262 3535 3334 ipsa

1953 3349 2066 3404 sola
2094 3348 2188 3381 ²⁰⁸³
2218 3348 2336 3420 plus
2379 3349 2474 3404 tibi
2502 3349 2725 3406 vitanda
2753 3349 2850 3382 ’⁸⁸⁸
2875 3359 2994 3406 erat
3040 3351 3248 3422 peccati
3297 3351 3532 3420 fmditas,

1952 3456 2114 3512 quam
2140 3440 2392 3512 qumlibet
2421 3448 2812 3496 tormentorum
2853 3441 3181 3498 immanitas.
3216 3442 3424 3514 Quippe
3477 3445 3529 3497 in

1951 3533 2228 3603 peccando
2286 3531 2584 3589 fmdissima
2658 3535 3018 3605 perversitate
3081 3535 3422 3606 prmposuisti
3482 3545 3534 3590 te

1953 3627 2063 3681 [leo
2087 3625 2332 3680 Creatori
2359 3635 2469 3693 tuo,
2501 3640 2608 3694 quo
2658 3625 2790 3681 nihil
2839 3625 3092 3698 iniustius
3120 3645 3134 3680 :
3166 3627 3218 3681 in
3246 3627 3530 3681 tolerantia

1952 3723 2343 3769 tormentorum
2379 3715 2569 3770 ordine
2605 3715 2970 3785 pulcherrimo
3001 3717 3295 3788 subjicerct
3333 3734 3393 3774 se
3434 3719 3530 3751 “"5

1954 3806 2164 3860 factura
2195 3820 2294 3860 suo
2321 3804 2514 3860 factori
2545 3806 2660 3872 "8‘,
2686 3821 2794 3876 quo
2819 3808 2950 3862 nihil
2979 3807 3298 3877 estjustius.

2023 3896 2068 3952 0
2115 3896 2298 3962 homo,
2330 3911 2437 3964 quo
2493 3897 2714 3951 evanuit
2762 3898 3071 3954 humanitas
3099 3900 3224 3953 tua?
3256 3901 3532 3956 Didiceras

1954 3989 2206 4060 quoniam
2230 3989 2321 4058 qui
2349 3989 2474 4059 facit
2495 3999 2785 4058 peccatum,
2821 4006 2999 4044 servus
3020 4000 3094 4046 est
3121 3993 3320 4062 peccati
3345 3993 3528 4064 (Joan.

1952 4097 2072 4142 vin,
2101 4081 2214 4152 35);
2245 4088 2299 4136 et
2346 4089 2404 4134 ut
2451 4081 2586 4135 tanti
2628 4081 2756 4136 mali
2800 4096 2989 4137 servus
3032 4097 3200 4150 esses,
3249 4095 3527 4154 peceatum

1952 4172 2149 4228 fecisti.
2181 4171 2401 4227 Sciebas
2429 4173 2553 4242 quia
2581 4173 2794 4241 spiritus
2816 4189 2870 4228 cs
2898 4175 3089 4228 vadens
3116 4187 3161 4229 et
3190 4193 3293 4230 non
3327 4178 3528 4232 rediens

1953 4262 2125 4335 (Psal.
2153 4277 2354 4328 Lxxvu,
2379 4263 2492 4332 59);
2519 4271 2573 4317 ct
2605 4263 2656 4315 in
2686 4265 2890 4333 peccati
2919 4265 3170 4335 abyssum
3216 4265 3529 4321 irremeabi-

1951 4355 2055 4409 lem
2083 4362 2137 4408 et
2175 4354 2293 4411 sine
2327 4353 2492 4408 fundo
2523 4363 2573 4408 te
2595 4353 2796 4423 jecisti.
2834 4352 2966 4408 Vere
2988 4354 3215 4424 abyssus
3252 4363 3376 4408 sunt
3405 4369 3529 4423 pec-

1954 4455 2072 4502 cata
2103 4461 2243 4513 mea,
2269 4447 2396 4515 quia
2445 4443 3009 4516 incomprehensibilia
3047 4452 3175 4498 sunt
3219 4445 3453 4514 pondere
3475 4457 3530 4501 et

264 4549 508 4601 carcere,
538 4537 640 4593 sub
688 4537 772 4590 his
806 4537 1043 4592 tenebris
1073 4547 1126 4591 et
1171 4537 1286 4592 hoc.
1313 4536 1588 4608 pondere?
1611 4535 1706 4590 Cui
1737 4536 1838 4591 nisi
1874 4513 1922 4571 D
1947 4535 2409 4605 profunditateget
2429 4533 2816 4588 intestimabilia
2839 4544 2963 4588 sunt
2984 4549 3209 4589 numero
3229 4535 3526 4590 etimmcn-

267 4629 513 4684 districto
552 4629 746 4696 jndici,
788 4639 843 4684 et
892 4628 1190 4683 tortoribus
1221 4628 1436 4689 vestris,
1467 4635 1522 4681 et
1557 4626 1842 4680 tormentis

265 4721 514 4776 aeternis?
545 4721 665 4788 Cui,
698 4723 800 4776 nisi
835 4721 1044 4777 carceri
1093 4719 1313 4786 inferni,
1343 4728 1399 4774 ct
1431 4716 1656 4774 vinculis
1697 4731 1840 4773 scm-

1956 4625 2278 4693 sitate.'Quac
2301 4625 2529 4696 abyssus
2557 4623 2913 4680 irremeabilis
2938 4633 3039 4689 est,
3060 4625 3186 4695 quia
3215 4625 3391 4682 nullus
3407 4627 3528 4684 inde

1943 4716 2084 4771 redit
2103 4716 2218 4781 "‘7,
2243 4717 2343 4771 nisi
2368 4731 2464 4786 per
2485 4717 2712 4787 gratiam
2742 4716 3080 4784 retrahatur;
3105 4725 3158 4773 et
3185 4717 3303 4775 sine
3335 4718 3522 4786 fundo,

1541 4873 1774 4931 VARI/ﬁ
1819 4870 2218 4927 LECTIO‘NES.

335 5020 429 5050 ²⁰⁷⁰
471 5019 815 5073 Abundanlia
858 5034 982 5071 mss.
1035 5012 1418 5070 abundantiam

265 5089 517 5144 dilectum
589 5089 903 5142 dilectorem
952 5099 1098 5140 tuum
1161 5101 1258 5137 ms.
1331 5080 1656 5136 Sun-Germ.
1712 5093 1893 5131 meum
1945 5078 2197 5131 dilectum
2246 5086 2394 5130 tuttm

1583 5151 1677 5181 ²⁰⁷³
1729 5147 1859 5201 Ture
1912 5147 2162 5201 allectum
2220 5163 2343 5200 mss.
2380 5146 2502 5201 Bec.
2561 5147 2695 5201 Vict.
2737 5147 2918 5200 Curtii.

769 5228 866 5259 ’⁰⁷δ
918 5227 1060 5282 Usus
1109 5225 1359 5277 vitiorum
1415 5220 1696 5276 evacttavit
1736 5234 1875 5299 .mss.
1925 5232 2024 5271 usu
2064 5211 2316 5298 vitiorum
2351 5219 2590 5296 .evannit
2715 5218 2808 5249 ¹⁰⁷⁵
2861 5216 3141 5298 ΙΙΙίῠθμτιΙίε
3195 5232 3320 5270 mss.

1321 5293 1416 5324 ²⁰⁷⁶
1466 5293 1672 5360 Cuique
1735 5290 1954 5356 inquam
2024 5297 2107 5341 est
2154 5290 2422 5362 incognita
2471 5305 2595 5341 mss.
2649 5303 2816 5371 prope
2866 5296 2951 5342 est
3004 5290 3220 5355 inquam
3271 5295 3328 5340 et
3374 5290 3524 5342 inco-

1325 5361 1444 5414 odic
1477 5363 1579 5414 erit
1686 5359 1783 5390 ""3
1830 5356 2192 5413 Tradebatis..
2247 5357 2542 5414 trautdistis
2590 5376 2689 5413 ms.
2732 5358 2890 5412 Corb.
2949 5357 3290 5411 traltebatis..
3343 5359 3523 5411 trahe-

1907 5386 2192 5412 ὸΙῚΙυυῗΙιΙδο-
2249 5386 2542 5412 ιιιιυιιιιθιιδ
2590 5386 2689 5412 11η.
2732 5386 2890 5412 υυιυο
2949 5386 3290 5411 ιιιιιςυαιιδ..
3344 5386 3523 5411 ιιαυεε·

1885 5427 1982 5459 ¹⁰⁸⁰
2036 5427 2268 5481 Adhibui
2326 5428 2479 5483 vobis
2523 5446 2646 5483 mss.
2693 5429 2830 5484 Vict.
2879 5427 3039 5481 habui
3087 5427 3138 5481 in
3189 5426 3341 5482 vobis
3392 5443 3518 5480 mss.

263 5175 440 5226 neque
487 5169 740 5228 expectes
778 5175 874 5210 ms.
920 5155 1195 5228 έναι-1ης),
1223 5156 1368 5206 omit.
1407 5168 1472 5206 ne

265 5239 372 5283 tua:
413 5228 661 5282 effectum

271 5297 506 5352 Val-lue.
569 5309 618 5351 et
670 5297 822 5352 Flor.
880 5296 1213 5352 illiberabilis

262 5370 412 5439 gnita
517 5367 617 5440 δέ’-⁷
656 5368 839 5440 μοιρὶε
895 5368 1060 5440 venit.
1107 5382 1233 5418 mss.
1285 5361 1444 5440 hodie
1477 5363 1579 5416 erit

262 5428 406 5493 hstis
514 5437 608 5468 ²⁰⁷⁹
651 5439 810 5493 Vobis
837 5436 1037 5492 credidi
1092 5451 1218 5489 mss.
1263 5433 1414 5486 vobis
1449 5447 1533 5486 me
1573 5428 1778 5484 credidi

1528 5009 1621 5042 ²⁰⁷¹
1678 5008 1855 5062 Meum
1906 5007 2217 5062 dilectorem
2256 5014 2556 5060 tuum'mss.
2615 5006 2741 5060 Vict.
2786 5005 3018 5061 VaHuc.
3063 5019 3112 5060 et
3146 5006 3294 5062 Flor.
3345 5021 3525 5061 meum

2505 5078 2600 5110 '0"
2646 5078 2722 5132 Ne
2769 5086 3027 5146 expectes,
3075 5094 3174 5130 ms.
3243 5075 3521 5146 Victam.

2993 5145 3218 5200 Val-(uc.
3267 5156 3314 5200 et
3376 5145 3522 5200 Flor.

2715 5218 2808 5249 ²⁰⁷⁵
2861 5216 3141 5272 llliberalis
3195 5232 3320 5270 mss.
3385 5215 3521 5272 Vict.

273 5507 512 5563 Val-(uc.
545 5517 591 5560 et
624 5505 768 5560 Flor.
794 5508 958 5562 habtti
983 5507 1134 5560 vobis
1204 5505 1296 5535 ²⁰⁸¹
1328 5502 1500 5556 Meum
1534 5500 1862 5554 horrendum
1907 5514 2033 5552 mss.
2072 5495 2208 5550 Vict.
2261 5495 2490 5551 Val-(uc.
2519 5511 2566 5554 et
2596 5499 2744 5553 Flor.
2793 5513 2986 5553 nomen
3020 5498 3349 5551 horrendum
3425 5497 3522 5529 ²⁰⁸¹

265 5579 396 5633 Erat
437 5572 762 5632 tormentum
795 5595 918 5631 mss.
947 5587 1066 5631 erat
1089 5577 1287 5645 eligere
1319 5581 1640 5645 tormentum
1716 5568 1816 5645 ’ξεί
1843 5567 1960 5645 ipsa
1991 5567 2232 5645 sola‘p‘ts.
2274 5567 2408 5645 Vict.
2440 5570 2494 5623 5.
2527 5572 2649 5645 quia
2681 5570 2806 5645 sola
2865 5569 2960 5645 ὀῗ
2983 5567 3103 5645 ’l:i_|ti_
3133 5569 3519 5645 l_ll|l8lld3_?_lﬂ.

267 5649 360 5703 tibi
398 5649 614 5704 vitanda
690 5647 785 5678 ²⁰⁸⁶
815 5647 1111 5716 Snbjirerct
1145 5635 1202 5701 si.
1245 5662 1343 5698 ms.
1384 5641 1652 5716 ἵξῃ-16.Δ
1677 5635 1898 5716 subjicit
1944 5653 2002 5692 se
2076 5636 2182 5716 ’f’“_
2201 5638 2306 5691 Sua
2344 5635 2558 5716 [actori
2579 5656 2701 5694 mss.
2747 5637 2880 5694 Vict.
2920 5639 2973 5694 5.
3007 5637 3240 5692 Val-(uc.
3271 5647 3318 5691 et
3364 5635 3517 5694 Flor.

265 5735 365 5775 suo
391 5719 581 5776 facturi
615 5735 714 5773 ms.
756 5717 892 5772 Vict.
925 5719 1010 5772 16.
1057 5719 1202 5771 omit.
1236 5732 1332 5770 sua

557 5818 824 5876 PATROL.
874 5813 1144 5875 CLVlll.

1405 5714 1496 5744 '0‘"
1537 5711 1690 5766 Unde
1737 5705 1875 5764 redit
1920 5725 2047 5763 mss.
2095 5705 2216 5762 inde
2265 5709 2404 5763 redit

3003 5804 3082 5862 32
