3906 6058
439 199 576 255 1003

795 197 854 255 S.
896 197 1197 256 ANSELMI
1235 196 1586 254 CANTUAB.
1627 195 1948 252 ARClllEP.
1981 194 2131 252 OPP.
2173 195 2354 253 PARS
2392 198 2454 254 ll.
2482 199 2949 258 -ΡΑΠᾸΞΝΕΤ,
2975 200 3062 257 ET
3095 201 3340 260 ASCET.

3559 208 3702 266 10οὖ

432 317 560 386 quia
580 313 671 386 qui
693 322 886 386 sponte
907 313 1002 347 ’°°°
1023 324 1230 386 peccat,
1257 313 1452 372 merito
1473 314 1527 368 in
1555 311 1824 369 infinitum
1847 313 2010 380 cadit,
2045 318 2089 372 Α
2115 313 2260 369 Bone
2309 313 2471 381 Deus,
2503 315 2682 370 omnia
2720 316 2833 373 haec
2885 317 3063 372 fecisti
3117 317 3172 372 in
3199 319 3424 390 abysso;
3479 333 3534 377 et
3587 340 3700 380 non

432 411 476 466 si
533 425 636 464 non
703 423 799 478 per
852 407 1274 462 misericordiam
1336 406 1649 462 retineatur.
1709 405 1753 460 Ο
1793 406 2009 475 abyssus

435 494 675 563 abyssum
714 491 914 544 invocat
959 489 1130 562 (Psal.
1173 507 1286 558 xu,
1323 489 1378 562 8)
1425 498 1643 560 peccata
1695 490 1842 544 mea!
1900 499 2012 546 tor-

408 551 430 599 δ

404 659 552 740 "quia
607 669 814 725 infinita
863 680 920 726 et
970 670 1189 727 omnino
1235 669 1800 740 incomprehensibilia
1857 679 2002 728 sunt.

424 761 543 827 Vas,
573 768 761 816 carcer
788 771 844 817 et
873 761 1107 827 vincula,
1143 764 1376 818 tenebra:
1399 770 1452 816 ct
1493 762 1727 832 pondera
1758 769 2007 831 peccato-

425 869 544 907 rum
604 852 881 907 terrebant
932 866 1018 906 me
1045 852 1166 918 “9°;
1199 851 1293 906 sed
1347 849 1472 905 mali
1524 850 1656 905 nulli
1709 850 1802 882 ²⁰⁹¹
1862 849 2004 905 malo

420 943 802 1011 comparabilis
849 957 1037 998 servus
1067 942 1242 998 factus
1272 958 1389 998 sum
1418 957 1434 997 :
1463 951 1518 997 et
1545 943 1625 997 sic
1665 941 1717 997 in
1749 941 2001 1013 abyssum

418 1047 630 1088 mersus
651 1041 860 1098 sum,et
883 1048 1004 1088 cum
1029 1033 1131 1088 hac
1158 1032 1386 1088 dolenda
1410 1031 1688 1094 servitute,
1706 1041 1760 1088 et
1783 1034 1997 1103 abysso,

417 1125 470 1180 in
493 1125 714 1181 alteram
745 1125 999 1196 abyssum
1047 1124 1388 1196 sepeliendus
1415 1140 1555 1180 sum.
1587 1123 1681 1180 Vae
1710 1140 1872 1195 super
1897 1141 1995 1191 vae;

416 1217 582 1272 timor
628 1231 793 1285 super
834 1216 1117 1282 timorem;
1151 1214 1302 1270 dolor
1348 1230 1510 1286 super
1556 1215 1818 1272 dolorem.
1857 1217 1999 1272 Ecce

415 1309 569 1364 tertia
601 1308 846 1380 abyssus,
875 1315 929 1362 et
966 1307 1080 1378 ipsa
1126 1307 1288 1363 nimis
1329 1307 1629 1364 terribilis:
1650 1308 1858 1378 judicia
1903 1307 1997 1365 Dei

410 1399 629 1470 abyssus
653 1398 818 1454 multa
850 1397 1024 1471 (Psal.
1052 1415 1218 1468 xxxv,
1245 1398 1332 1470 7);
1359 1399 1541 1456 forsan
1571 1402 1625 1455 in
1650 1417 1768 1456 voce
1803 1401 1996 1456 barum

410 1501 798 1546 cataractarum
844 1490 1063 1561 abyssus
1109 1503 1225 1545 mea
1276 1492 1518 1564 abyssum
1571 1494 1776 1546 invocat
1818 1491 1992 1564 (Psal.

411 1596 520 1648 xu,
545 1581 620 1651 8).
653 1579 953 1636 Cataractae
984 1581 1209 1636 occultae
1245 1591 1392 1647 sunt,
1421 1581 1623 1650 judicia
1654 1583 1746 1638 Dei
1779 1584 1990 1640 occulta

404 579 609 647 ;'menta
630 579 722 612 ³⁸⁸⁸
748 594 982 649 quoque,
1005 581 1200 651 quibus
1226 595 1312 635 me
1332 580 1581 645 servatis,
1605 579 1829 651 abyssus
1857 589 2004 648 sunt;

2111 404 2265 459 audis
2292 404 2619 459 clamantem
2662 407 2728 460 de
2759 407 2988 477 abysso?
3020 407 3145 462 ll:ec
3183 411 3564 478 praeveniendo
3598 413 3699 449 "3’

2109 493 2334 566 fugitivo
2388 505 2480 551 tuo
2509 496 2603 528 ²⁰⁰⁸
2632 497 2838 564 fecisti;
2868 507 2923 554 et
2977 515 3082 555 non
3139 500 3484 571 subsequeris
3537 507 3605 562 ad
3645 516 3701 565 te

2109 587 2307 642 reverti
2330 585 2618 655 volentem,
2642 597 2700 643 ut
2724 589 2973 658 perticias
2994 590 3137 660 quod
3173 590 3478 662 incmpisti?

2179 677 2326 734 Bone
2377 678 2622 745 Domine,
2679 680 2884 750 gratias
2940 679 3056 735 tibi.
3109 679 3246 736 Vere
3284 681 3580 753 qutesivisti
3634 686 3694 742 in

2106 766 2300 839 abysso
2345 769 2613 839 perditum
2661 778 2810 823 tuum
2841 788 2854 824 :
2885 781 2940 826 et
2989 771 3264 838 invenisti,
3291 787 3451 842 quem
3499 777 3573 830 ita
3621 778 3696 832 de

2103 861 2343 931 peccatis
2370 861 2482 916 suis
2503 862 2836 918 exterruisti.
2862 862 2966 919 Per
3013 864 3205 919 merita
3251 867 3424 921 sancti
3469 867 3686 926 Martini

2104 951 2287 1008 dilecti
2318 953 2416 1018 tui,
2443 955 2610 1011 reduc
2637 956 2706 1011 de
2731 956 2928 1026 abysso
2953 965 3320 1026 peccatorum,
3347 975 3508 1029 quem
3538 978 3692 1032 quae-

2102 1043 2266 1098 situm
2307 1043 2558 1101 invenisti
2586 1045 2859 1116 perditum
2887 1056 3070 1114 tuum;
3103 1063 3172 1105 ne
3213 1049 3408 1120 perdas
3456 1053 3690 1125 amplius

2101 1135 2377 1192 inventum
2406 1145 2576 1206 tuum,
2607 1152 2676 1193 ne
2702 1138 2755 1193 in
2776 1140 2976 1210 abysso
2999 1140 3218 1206 inferni,
3244 1141 3334 1198 ubi
3364 1143 3572 1199 nullum
3602 1146 3687 1200 in-

2099 1231 2271 1296 venis,
2301 1232 2495 1301 perdas
2521 1231 2801 1302 quaesitum
2828 1246 2884 1288 et
2927 1232 3209 1289 inventum
3262 1247 3478 1290 servum
3509 1245 3681 1294 tuum.

2096 1322 2295 1389 Audio,
2325 1321 2573 1389 Domine,
2595 1322 2725 1393 quia
2748 1322 2906 1394 iubes
2929 1339 3018 1380 me
3044 1323 3245 1390 redire,
3278 1325 3373 1382 sed
3397 1327 3681 1383 miserabi-

2097 1412 2222 1470 liter
2255 1413 2468 1486 ligatus,
2499 1425 2556 1471 et
2580 1414 2750 1472 nimio
2770 1415 3009 1487 pondere
3034 1424 3290 1486 gravatus
3329 1432 3435 1473 non
3461 1432 3679 1490 possum

2097 1507 2270 1562 exire.

2169 1595 2301 1664 Sed,
2327 1613 2361 1654 ο
2382 1605 2571 1654 sancte
2591 1595 2843 1664 Martine,
2863 1611 2962 1654 cur
2983 1611 3113 1670 ergo
3135 1611 3234 1668 per
3248 1599 3440 1654 merita
3469 1608 3556 1657 tua
3582 1618 3679 1660 oro

408 1685 531 1725 sunt
563 1691 576 1724 :
615 1671 842 1742 abyssus
872 1672 1051 1742 agitur
1077 1671 1330 1743 abyssum
1353 1672 1406 1726 in
1436 1688 1570 1729 voce
1590 1665 1983 1730 catar'actarum
2019 1677 2062 1738 Β
2092 1689 2259 1746 Deum
2291 1707 2304 1745 τ
2337 1705 2458 1746 cum
2485 1698 2536 1745 ιθ
2567 1689 2758 1744 melius
2790 1690 2894 1745 hoc
2919 1665 3114 1761 possis,
3135 1665 3233 1760 qui
3255 1704 3316 1746 es
3348 1699 3477 1747 ante
3507 1695 3671 1748 eum?

407 1759 502 1817 Dei
537 1761 771 1830 invocat,
794 1762 918 1832 quia
948 1771 1293 1833 peccatorum
1334 1763 1560 1836 abyssus
1597 1773 1984 1822 tormentorum

405 1854 658 1925 abyssum
686 1865 945 1927 meretur,
986 1854 1130 1925 quod
1162 1853 1365 1923 judicia
1395 1855 1490 1912 Dei
1523 1857 1892 1927 pronuntiant.
1927 1859 1985 1917 Si

404 1953 624 2013 peccata
674 1960 794 1999 mea
847 1960 953 1999 non
999 1954 1181 2000 essent
1228 1946 1481 2018 abyssus,
1517 1947 1750 2004 timenda
1803 1957 1983 2006 tamen

405 2035 628 2090 multum
677 2045 796 2091 erat
838 2035 1163 2104 iudiciorum
1197 2029 1291 2092 Dei
1337 2031 1565 2108 abyssus
1612 2038 1808 2106 multa;
1849 2055 1985 2113 quo-

403 2126 548 2179 niam
573 2139 736 2195 supra
767 2127 1064 2181 bmnanum
1101 2142 1319 2182 sensum
1353 2139 1477 2184 sunt
1510 2129 1744 2184 occulta.

471 2215 624 2272 Nunc
671 2233 800 2289 ergo
824 2219 918 2249 ¹⁰⁹³
938 2217 1140 2287 judicia
1168 2219 1262 2274 Dei
1315 2219 1562 2291 abyssus,
1587 2230 1808 2291 peccata
1861 2238 1981 2279 mea

401 2307 647 2380 abyssus,
679 2309 856 2366 debita
889 2310 1018 2365 milii
1060 2322 1326 2368 tormenta
1358 2315 1603 2384 abyssus,
1637 2313 1864 2384 abyssus
1892 2314 1983 2384 ju-

399 2397 660 2453 diciornm
690 2415 752 2455 os
803 2415 966 2471 super
995 2401 1090 2435 ¹⁰⁹³
1122 2417 1230 2468 nte,
1273 2401 1501 2473 abyssus
1547 2401 1742 2458 inferni
1795 2404 1982 2468 subtus

400 2505 508 2559 me,
540 2489 766 2563 abyssus
799 2501 1142 2563 peccatorum
1179 2494 1232 2548 in
1274 2509 1380 2564 qua
1409 2509 1548 2560 sum,
1580 2501 1640 2548 et
1691 2495 1804 2563 ipsa
1841 2495 1980 2551 intra

398 2595 502 2632 me.
547 2579 693 2635 illam
739 2597 861 2652 qua:
907 2597 1069 2652 supra
1107 2584 1353 2639 imminet
1380 2583 1476 2616 ⁶⁰⁹⁸
1499 2585 1681 2652 timeo,
1712 2601 1779 2641 ne
1812 2587 1980 2642 inme

399 2673 588 2738 irruat,
620 2683 676 2730 et
716 2690 802 2730 me
825 2691 946 2730 cum
987 2679 1181 2748 abysso
1209 2695 1326 2734 mea
1351 2679 1404 2734 in
1435 2678 1605 2746 illam,
1637 2695 1757 2750 qua:
1785 2681 1978 2736 subtus

394 2770 562 2829 patet,
591 2763 801 2827 obruat,
830 2765 921 2818 ubi
951 2773 1218 2824 tormenta
1251 2783 1526 2839 nunquam
1558 2780 1779 2840 peccata
1828 2771 1975 2826 dele-

395 2851 560 2917 bunt;
584 2852 677 2907 sed
705 2862 926 2924 peccata
951 2870 1166 2924 semper
1197 2865 1463 2912 tormenta
1495 2859 1776 2914 tenebunt.

464 2935 646 3010 Miser,
700 2940 784 2994 cui
815 2942 1036 3010 peccavi
1071 2941 1202 2996 ’σπι
1229 2958 1338 3015 quo
1381 2945 1607 3000 deveni?
1646 2961 1752 3017 quo
1801 2949 1908 3004 abii
1939 2965 1968 3004 a

2085 1781 2288 1839 Precor
2318 1789 2391 1848 te,
2414 1781 2629 1838 domine
2657 1781 2775 1851 "9’,
2798 1796 2895 1852 per
2921 1795 3117 1838 nomen
3145 1780 3286 1850 ejus,
3315 1797 3384 1837 ne
3413 1786 3678 1840 avertaris

2085 1889 2246 1946 quem
2289 1873 2405 1944 ipse
2433 1873 2543 1943 jam
2567 1873 2662 1905 ²¹⁰⁰
2685 1873 2944 1944 respexit,
3002 1874 3251 1944 quamvis
3277 1889 3429 1931 reum
3459 1890 3674 1934 servum

2082 1963 2230 2032 ejus;
2261 1963 2450 2019 adesto
2479 1961 2636 2031 mibi,
2660 1977 2811 2033 rogo,
2842 1965 2984 2034 apud
3025 1963 3217 2029 Deum,
3248 1979 3355 2020 non
3399 1975 3457 2020 ut
3486 1965 3674 2021 defen-

2083 2055 2182 2111 das
2235 2070 2343 2122 me,
2379 2054 2474 2110 sed
2516 2063 2576 2109 ut
2627 2069 2752 2110 ores
2796 2069 2897 2126 pro
2939 2068 3046 2110 me.
3105 2054 3334 2111 Peccata
3367 2057 3513 2112 enim
3555 2073 3674 2113 mea

2083 2160 2265 2202 coram
2313 2161 2382 2202 eo
2435 2161 2544 2202 non
2580 2145 2841 2211 defendo,
2886 2147 2983 2202 sed
3015 2147 3273 2212 ostendo;
3303 2161 3409 2203 non
3444 2161 3672 2214 excuso,

2082 2237 2178 2293 sed
2201 2249 2418 2292 accuso.
2443 2234 2557 2307 Ego
2579 2251 2698 2291 sum
2731 2245 3002 2308 reus,jego
3038 2235 3154 2308 ipse
3184 2249 3306 2292 sum
3350 2239 3453 2294 sub
3494 2238 3584 2295 illo
3617 2249 3671 2294 et

2081 2342 2180 2398 pro
2213 2325 2305 2381 illo
2339 2337 2624 2382 accusator
2647 2341 2821 2382 meus.

2151 2416 2315 2488 297
2340 2413 2455 2470 Non
2488 2423 2707 2471 accuset
2733 2431 2840 2484 me,
2873 2415 2965 2485 qui
2995 2415 3121 2472 fecit
3152 2432 3270 2485 me;
3302 2417 3452 2474 solus
3481 2418 3666 2475 suﬂ‘eri

2081 2508 2148 2564 ad
2177 2507 2532 2578 peccandum,
2563 2507 2712 2564 solus
2739 2507 2999 2565 suliiciam
3030 2510 3097 2566 ad
3122 2511 3490 2566 accusandum
3521 2530 3535 2566 :
3565 2513 3664 2568 de-

2081 2602 2245 2672 nique
2274 2600 2316 2656 si
2341 2600 2507 2670 judex
2531 2609 2616 2656 est
2640 2602 2707 2657 ad
2731 2599 3082 2672 iudicandum
3116 2619 3270 2660 reum
3300 2621 3481 2670 suum,
3503 2617 3586 2663 est
3609 2620 3664 2666 et

2081 2694 2340 2750 Dominus
2368 2692 2435 2748 ad
2470 2694 2725 2750 tuendum
2766 2711 2982 2752 servum
3029 2711 3217 2766 suum;
3255 2707 3343 2755 est
3366 2709 3425 2756 et
3443 2700 3668 2757 Creator

2079 2785 2147 2839 ad
2184 2785 2511 2843 servandum
2539 2799 2676 2856 opus
2724 2801 2920 2854 suum;
2967 2797 3045 2844 est
3077 2789 3222 2845 Deus
3254 2790 3324 2845 ad
3349 2791 3664 2848 salvandum

2078 2861 2387 2930 cre'dentem
2417 2884 2474 2932 et
2503 2876 2832 2947 baptizatum
2861 2891 3040 2932 suum.
3085 2878 3192 2933 Ant
3216 2882 3488 2950 quomodo
3512 2881 3664 2950 judi-

2078 2961 2223 3017 cabit
2250 2973 2615 3034 peccatorem,
2645 2972 2705 3018 ut
2740 2973 3200 3030 contemnentem,
3226 2967 3316 3036 qui
3346 2983 3404 3022 se
3433 2969 3500 3022 de
3534 2983 3664 3039 pec-

394 3019 534 3082 Deo?
557 3029 645 3104 ubi
675 3029 914 3100 perditus
945 3047 1062 3087 sum
1089 3033 1156 3088 ab
1181 3034 1282 3088 eo?
1309 3032 1442 3102 Quis
1464 3051 1548 3091 me
1587 3035 1638 3090 in
1655 3037 1860 3108 abysso
1887 3039 1971 3093 in-

2089 3052 2214 3109 :atis
2240 3055 2496 3110 miserum
2526 3055 2796 3125 cognoscit
2834 3067 2888 3110 ct
2915 3056 3114 3112 fatetur
3135 3058 3528 3127 poenitentem‘f
3569 3073 3664 3117 aut

392 3129 476 3173 ter
503 3121 724 3190 abyssos
745 3122 984 3192 quaeret?
1008 3123 1114 3177 Aut
1143 3124 1412 3196 perditum
1443 3125 1535 3180 Dei
1559 3127 1679 3196 quis
1701 3126 1972 3184 inveniet?

389 3217 481 3261 aut
511 3209 632 3277 quis
660 3218 812 3265 extra
858 3212 1112 3282 abyssum
1156 3225 1500 3284 peccatorum
1522 3217 1681 3272 audit
1729 3218 1971 3274 claman-

391 3308 496 3352 tem
545 3301 609 3354 de
639 3301 904 3370 profundo
933 3304 1156 3358 eorum?
1187 3305 1314 3372 Sed,
1345 3321 1378 3361 ο
1408 3315 1463 3360 ιιι
1487 3307 1731 3376 Domine,
1763 3309 1853 3381 qui
1891 3310 1972 3364 in-

389 3391 554 3444 tneris
600 3391 846 3461 abyssos,
904 3411 1003 3465 quo
1050 3394 1122 3449 ivi
1171 3413 1202 3449 a
1239 3396 1424 3466 spiritu
1454 3406 1566 3466 tuo,
1600 3409 1649 3453 et
1706 3417 1809 3470 quo
1859 3401 1967 3473 fugi

387 3499 418 3534 a
443 3481 578 3551 facie
603 3483 907 3539 tua?Certc
929 3501 1035 3540 non
1073 3487 1160 3542 ubi
1185 3489 1361 3544 adhuc
1399 3504 1541 3557 sum,
1575 3491 1733 3558 abes;
1765 3494 1892 3563 quia
1916 3507 1965 3548 et

384 3571 430 3623 si
477 3571 809 3641 descendero,
834 3574 887 3629 in
912 3575 1170 3645 infernum
1218 3577 1342 3632 ades
1377 3577 1548 3650 (Psal.
1579 3596 1837 3651 cxxxvm,
1886 3584 1962 3658 8).

387 3662 446 3714 Et
483 3663 524 3716 si
557 3677 657 3734 ego
691 3665 940 3736 nequiter
972 3665 1079 3738 fugi
1111 3675 1183 3734 te,
1214 3675 1268 3722 et
1297 3668 1349 3723 in
1371 3669 1567 3741 abysso
1592 3687 1711 3728 utea
1742 3673 1964 3729 damna-

383 3755 562 3809 biliter
578 3755 834 3812 abscondi
857 3773 969 3824 me;
995 3759 1083 3813 ubi
1109 3774 1323 3831 quoque
1341 3761 1490 3818 vides
1514 3777 1619 3820 me.
1644 3762 1776 3834 Quis
1796 3767 1961 3835 enim,

380 3844 483 3899 nisi
517 3852 592 3910 tu,
623 3846 691 3900 ad
737 3847 1102 3916 paenitendum
1130 3857 1310 3905 movet
1347 3851 1583 3907 animam
1615 3856 1829 3912 meam?
1855 3856 1966 3912 Aut

2073 3146 2348 3217 quomodo
2373 3146 2654 3202 damnabit
2682 3155 2742 3201 ut
2763 3147 3136 3203 adversarium
3162 3159 3532 3220 peccatorem,
3563 3155 3656 3222 qui

2072 3250 2132 3291 se
2165 3250 2421 3307 peccasse
2449 3235 2616 3304 dolet,
2650 3244 2707 3292 ct
2739 3235 2877 3307 fugit
2909 3238 2977 3292 ad
3013 3245 3122 3294 tam
3161 3240 3395 3295 amicum
3425 3241 3542 3312 ejus
3575 3245 3659 3298 in-

2071 3325 2462 3382 tercessorem?
2504 3327 2667 3394 Deus,
2701 3326 2756 3382 in
2793 3337 2844 3382 te
2870 3343 3013 3399 pono
3041 3344 3192 3400 spem
3230 3347 3428 3387 meam.
3456 3333 3654 3390 Sancte

2069 3415 2328 3484 Martine,
2382 3416 2480 3473 tibi
2535 3418 2816 3475 committo
2866 3418 3167 3476 orationem
3219 3435 3421 3477 meam.
3477 3423 3655 3496 Super

2067 3504 2257 3560 ambos
2276 3503 2425 3575 jacto
2455 3521 2643 3562 curam
2673 3522 2882 3575 meam;
2916 3507 3027 3565 imo
3054 3510 3210 3566 vobis
3246 3512 3338 3544 ³¹⁰¹
3361 3511 3509 3581 jacto
3533 3515 3655 3569 ani-

2068 3610 2212 3649 mam
2241 3610 2443 3664 meam,
2473 3597 2580 3653 boc
2605 3605 2709 3664 est,
2741 3598 2885 3668 quod
2932 3615 2962 3653 a
2993 3615 3079 3654 me
3107 3601 3280 3672 magis
3319 3603 3556 3673 exigitis,
3598 3618 3654 3660 ιιι

2059 3684 2320 3758 Ῑιὼθιιάο,
2349 3695 2408 3741 ιιι
2436 3687 2794 3744 consulendo.
2833 3687 3103 3760 Suscipite
3128 3706 3248 3745 eam
3278 3693 3433 3747 vobis
3452 3693 3549 3724 ²¹⁰²
3568 3695 3654 3764 ja-

2064 3787 2293 3843 ctatam,
2345 3778 2542 3834 habete
2596 3793 2717 3835 eam
2765 3780 2920 3835 vobis
2970 3790 3319 3850 prostratam.
3384 3783 3652 3840 Reducite

2067 3883 2188 3922 eam
2213 3867 2308 3900 ¹¹⁰³
2333 3867 2399 3923 de
2428 3867 2623 3940 abysso
2655 3879 2997 3940 peccatorum
3024 3889 3037 3925 :
3065 3887 3228 3942 quam
3253 3874 3534 3944 quarsitam
3570 3877 3654 3930 in-

381 3944 436 3991 tu
471 3939 740 4006 quomodo
763 3953 946 3995 moves
977 3955 1119 4008 eam,
1153 3941 1198 3996 si
1241 3941 1293 3996 in
1321 3943 1517 4014 abysso
1551 3959 1647 4000 sua
1679 3962 1784 4003 non
1811 3948 1963 4004 vides

379 4030 540 4082 eam?
570 4028 717 4086 Bone
744 4030 989 4096 Domine,
1020 4041 1074 4086 tu
1103 4032 1329 4102 pulsasti
1369 4042 1424 4089 et
1450 4037 1697 4093 excitasti
1741 4053 1863 4094 eam
1906 4040 1962 4097 in

379 4121 576 4191 abysso
601 4123 918 4178 delictorum
963 4138 1207 4192 suorum,
1239 4126 1387 4181 velut
1417 4128 1469 4181 in
1513 4128 1652 4185 lecto
1681 4130 1959 4188 dormien-

2061 3956 2289 4012 venistis
2319 3957 2608 4027 perditam,
2637 3974 2704 4013 ne
2735 3959 2975 4028 perdatis
3020 3960 3316 4016 inventam.
3359 3962 3649 4021 Custodite

2061 4061 2204 4112 eam,
2235 4061 2359 4102 cum
2399 4048 2642 4115 dormio;
2679 4060 2893 4105 servate
2922 4065 3064 4118 eam,
3110 4067 3232 4109 cum
3276 4053 3419 4108 aliud
3464 4053 3643 4121 facio;

2061 4141 2240 4195 videte
2289 4156 2430 4206 eam,
2477 4156 2598 4196 cum
2647 4141 2795 4196 aliud
2842 4143 3070 4214 cogito:
3109 4153 3164 4198 tu
3212 4160 3306 4215 per
3335 4148 3649 4201 concessio-

381 4217 509 4263 tcm.
539 4207 619 4264 Tu
668 4213 986 4267 concussisti
1037 4223 1363 4283 torpentem,
1415 4226 1470 4273 tn
1515 4220 1814 4278 sollicitasti
1861 4238 1958 4278 ne-
2059 4244 2184 4286 nem
2210 4229 2326 4297 πίοι,
2359 4241 2413 4284 ιιι
2447 4245 2544 4300 per
2579 4207 3051 4298 intercessionem,
3099 4242 3153 4288 tu
3193 4245 3412 4305 propter
3445 4239 3648 4291 merita

375 4301 687 4373 gligentem,
715 4312 769 4360 tu
801 4305 973 4362 fecisti
1002 4307 1351 4376 pmnitentem
1376 4313 1516 4368 unde
1530 4313 1951 4384 jucundabatur,
1994 4387 2029 4398 λ
2061 4321 2136 4376 ιιιί
2183 4332 2290 4376 tam
2339 4323 2522 4377 dilecti
2550 4321 2646 4354 ²¹⁰⁸
2671 4323 3025 4390 confessoris,
3075 4333 3130 4380 tu
3174 4301 3392 4398 propter
3443 4343 3650 4385 nomen

376 4403 431 4448 et
473 4397 738 4452 dolentem
776 4399 917 4454 unde
962 4399 1346 4456 delectabatur.
1381 4403 1483 4474 Tu,
1534 4417 1591 4460 ut
1633 4419 1840 4478 peteret
1862 4411 1957 4442 ²⁰⁹⁶
1994 4387 2034 4442 n
2067 4411 2141 4467 ιιιί
2176 4422 2231 4467 et
2271 4413 2375 4469 mei
2411 4413 2710 4480 Creatoris,
2745 4415 2834 4484 qui
2880 4424 2965 4471 est
2991 4387 3421 4473 ’l°‘bciictl'ictus
3459 4419 3510 4472 in
3545 4436 3650 4474 διιδ-

377 4485 810 4557 intercessorem,
863 4494 1207 4561 consuluisti;
1241 4485 1293 4550 tu
1345 4497 1415 4551 illi
1468 4514 1590 4553 eum
1639 4499 1953 4556 exliibuisti.
2064 4501 2204 4558 cnla.
2244 4503 2437 4558 Amen.

1671 4611 1900 4667 νΑιιιλΕ
1941 4611 2342 4669 LECTIONES.

430 4693 679 4778 ‘annia
707 4697 795 4762 qui
817 4705 1008 4778 sponte
1028 4714 1128 4778 ms.
1155 4698 1286 4754 Vict.
1305 4701 1393 4778 16.
1410 4702 1532 4772 quia
1561 4703 1604 4756 si
1628 4713 1820 4772 sponte
1859 4705 1954 4736 ‘°°'
1974 4703 2018 4759 Ο
2041 4705 2406 4778 abyssusqnze
2424 4708 2676 4778 abyssum
2693 4708 2905 4763 invocat
2929 4719 3147 4778 peccata
3173 4710 3323 4764 mea?
3347 4709 3651 4768 Tormenta

489 4722 519 4724 η
549 4722 679 4759 ιιι-ιιι
707 4722 795 4762 qui
817 4722 1008 4766 δμυιιιυ
1028 4722 1128 4754 ms.
1160 4722 1180 4752 v
1198 4722 1286 4754 πει.
1305 4722 1393 4756 ιο.
1410 4722 1532 4772 qum
1561 4722 1604 4756 SI
1628 4722 1820 4772 sponte
1862 4722 1953 4736 ’π’
1974 4722 2018 4759 υ
2041 4722 2298 4776 :tDySSIISI
2326 4723 2406 4761 use
2424 4722 2676 4778 anyssum
2693 4722 2905 4763 invocat
2929 4722 3147 4778 peccata
3173 4722 3323 4764 mea?
3347 4722 3651 4768 tormenta

374 4780 498 4844 mss:
525 4763 568 4819 Ο
591 4767 816 4844 abyssus
834 4770 1088 4844 abyssum
1117 4771 1357 4844 invocat!
1401 4784 1622 4844 peccata
1646 4791 1792 4838 mea;
1819 4783 2080 4830 tormenta
2157 4777 2250 4807 “9°
2273 4722 2580 4833 'llrahebant
2606 4791 2690 4835 me
2713 4794 2838 4833 mss.
2862 4781 3136 4834 terrebant
3158 4795 3243 4834 me
3317 4779 3409 4811 ²⁰⁹¹
3435 4779 3651 4839 Malitia

375 4833 501 4888 nulli
524 4833 1431 4919 ιιιεδίξξιει.ρξϐαπιξιΙικναιῖ-Ιιιᾳξι
1464 4841 1614 4919 Flor.
1627 4844 1748 4919 mali
1767 4833 1892 4899 nulli
1938 4844 2231 4919 ΑξῨῨῗ-Νυιιο
2249 4861 2375 4919 vero
2402 4863 2502 4902 ms.
2528 4833 2683 4901 (λοι-ὗ.
2708 4865 2848 4904 nunc
2865 4833 2994 4919 ergo
3022 4833 3025 4834 ν
3068 4833 3169 4882 ²⁰⁹³ί
3188 4833 3653 4909 iudiciorum—sin;

372 4918 615 4987 ιιςιχιιιω.
653 4903 790 4987 Vict.
813 4906 959 4962 1ϐ.ει
993 4906 1214 4987 Va_l-luc_.
1231 4910 1560 4987 judicinrutn
1581 4912 1672 4968 Dei
1700 4929 1863 4987 super
1935 4915 2529 4987 ’P“Scmperimminet
2551 4934 2676 4973 mss.
2697 4903 3117 4987 supeﬂafminet
3144 4903 3271 4976 mss.
3298 4903 3433 4974 Vict.
3451 4903 3647 4978 (Ῐᾶἦλ.

384 4974 610 5056 Val-lue.
641 4987 687 5030 et
710 4975 1038 5060 ft‘lor:nsup_ra
1063 4974 1307 5060 imminet
1341 4982 1433 5014 ¹⁰⁹⁸
1451 4982 1630 5060 Miser,
1649 4974 1974 5060 cui‘peccavi
1999 5003 2095 5040 ms.
2115 4974 2298 5060 (Σάι-Νι.
2325 4988 2489 5060 miser
2510 5003 2609 5060 Lur
2627 4974 2883 5057 peccavi?
2920 4989 3012 5020 "9‘
3029 4974 3104 5046 Ut
3125 4974 3332 5060 peteret
3353 5007 3453 5046 ms.
3479 4974 3649 5048 (Ξάἱῖὸζ

369 5046 741 5131 ιιξραξιιίιθιοει
812 5049 904 5080 ³⁰⁹⁷
945 5046 1506 5131 Perveniendonmss.”
1543 5052 1676 5131 Vict.
1713 5046 1880 5131 Flor.
1912 5057 2289 5131 pmvcniendo
2363 5058 2459 5131 ’°_’3
2507 5046 2959 5131 Fugitivoiservo
2986 5070 3074 5115 tuo
3122 5046 3247 5116 inst.
3288 5046 3651 5131 fugitivoituo

370 5113 464 5147 ὀη
513 5115 712 5196 Precor
735 5128 1082 5202 “thensaucte
1108 5136 1252 5201 .mss.
1293 5121 1423 5202 Vict.
1463 5120 1649 5202 gauli.
1681 5135 1728 5178 et
1782 5113 2017 5202 Val-inc.
2045 5141 2253 5202 precor
2291 5136 2363 5202 te,
2400 5113 2622 5202 Domine
2696 5129 2788 5161 ²²⁰⁰
2816 5113 3001 5197 Quem
3031 5113 3455 5202 δίει.
3491 5113 3646 5188 hii.

368 5186 661 5253 quemjam
703 5189 826 5269 fl“
861 5188 974 5271 lino
1003 5190 1151 5271 vobis
1177 5207 1292 5271 ῖξιε..
1314 5191 1720 5271 δαη-ϐειυηξιιιο
1761 5206 1815 5271 et
1844 5196 1896 5249 in
1935 5186 2086 5250 vobis
2163 5197 2254 5228 ²¹⁰²
2287 5186 2707 5271 διιειίίιιὶιθᾼριιιιι
2756 5186 2910 5256 vobis
2936 5186 3334 5256 ms.'San:Ger.
3368 5186 3649 5271 suscipite

368 5271 498 5339 ergo
526 5272 644 5310 eam
702 5258 755 5312 in
819 5259 1136 5339 vobisn‘m
1175 5260 1529 5339 Prostratatn.
1582 5265 1856 5339 Custotlite
1910 5281 2031 5339 eam
2087 5278 2184 5320 etc.
2244 5284 2344 5320 ms.
2398 5258 2671 5323 Sim-Ger.
2725 5282 3071 5339 prostratam.
3122 5271 3385 5326 Reduc-ite
3413 5258 3542 5325 ean;
3576 5275 3651 5327 de

367 5330 564 5406 abysso
591 5335 957 5406 peccatorum.
985 5329 1155 5395 Quem
1187 5332 1468 5399 quaesitum
1498 5333 1782 5390 invenistis
1813 5337 2105 5406 perditum,
2157 5352 2223 5391 ne
2272 5338 2512 5406 perdatis
2556 5329 2857 5396 inventum.
2901 5343 3181 5397 Custodite
3210 5357 3296 5396 me
3371 5342 3468 5374 ’m
3496 5341 3647 5397 Ser-

371 5405 682 5483 mtegam...
721 5398 897 5483 videte
927 5414 1089 5483 earnm
1123 5398 1304 5483 tit-per
1327 5408 1732 5483 concessionem
1761 5398 1886 5483 mss.
1920 5398 2441 5483 Sun-genset:an
2475 5424 2604 5464 me..
2639 5410 2817 5465 videte
2851 5428 2978 5466 me..
3015 5424 3070 5466 tu
3093 5428 3188 5483 per
3213 5413 3650 5468 consensionem

367 5461 465 5552 1°:
478 5462 685 5552 fieri":
741 5468 816 5552 tui
863 5477 972 5521 tam
1018 5461 1224 5552 dilecti
1262 5487 1358 5524 ms.
1486 5471 1608 5527 Ger.
1671 5476 1862 5532 merita
1895 5487 2004 5532 tam
2039 5461 2388 5534 dilectivﬂ’m
2410 5461 2979 5552 Propteribiiiéimi
3012 5461 3070 5540 éi
3093 5461 3648 5552 E‘ei‘c‘iéa'ibi’iéﬁii

368 5538 453 5582 est
475 5546 571 5585 ms.
604 5532 864 5591 Sun-Ger.
913 5548 1132 5608 propter
1157 5539 1324 5597 Deum
1353 5543 1444 5612 qui
1489 5553 1571 5598 est

2751 5657 2756 5661 .
2770 5653 2802 5662 ινα
