3852 6050
3805 76 3813 278 Ι

401 261 549 318 1007
773 258 833 315 S.
868 257 1164 315 ANSELMI
1189 257 1537 314 CANTUAR.
1577 256 1896 316 ARCIIIE'P.
1929 258 2080 315 OPP.
2115 261 2296 320 PARS
2334 259 2872 319 Il.—-PAR:‘ENET.
2915 261 3005 319 ET
3042 262 3290 322 ASCET.
3547 264 3714 319 1008

406 375 722 442 Benedicto,
763 388 860 430 oro
902 379 959 431 et
993 375 1220 430 obsecro
1247 373 1338 405 ¹¹³¹
1383 388 1478 443 per
1526 374 1974 438 miscricordiam,
2007 382 2052 436 Λ
2081 391 2184 446 que
2217 387 2590 434 exsecrantur.
2631 379 2768 434 Ecce
2805 378 3047 446 miseria,
3083 394 3210 436 ecce
3239 380 3550 451 angustia;
3616 384 3722 436 ubi

360 481 383 526 ι
405 482 569 534 quam
599 479 726 534 erga
753 463 888 517 alios
918 464 1177 530 habuisti,
1201 474 1256 518 et
1284 478 1381 534 per
1415 464 1558 518 illam
1586 481 1748 535 quam
1775 481 1900 536 erga
1933 476 1984 521 te
2088 482 2212 522 rcus
2257 470 2671 536 condemnatur,
2716 477 2771 525 et
2812 469 2990 525 omnis
3031 470 3125 526 Dei
3175 471 3601 526 misericordia:
3649 485 3722 526 ac

369 543 382 616 ἶ
409 560 551 612 Deus
581 555 789 620 habuit,
821 565 1131 625 competere
1175 557 1407 612 miseria:
1451 572 1604 622 mea),
1633 558 1722 627 qui
1753 573 1984 628 congra-
2085 562 2300 632 pietatis
2333 563 2484 617 sinus
2511 563 2832 628 obseratur;
2875 563 2954 617 sic
2982 563 3250 632 arguitur,
3289 562 3714 627 confunditur,
3812 547 3813 606 Ῑ

362 637 374 702 ἔ
408 648 548 702 tulor
599 645 838 702 felicitati
896 654 1021 701 tute.
1091 646 1360 702 Succurre
1417 656 1470 703 te
1524 657 1808 718 patronum
1873 648 1983 703 ela-
2083 651 2421 719 obtunditur,
2463 654 2800 708 accusatrice
2828 654 3178 719 conscientia,
3212 664 3398 711 utnec
3427 653 3715 724 judicent

369 735 973 800 ,manti“";exouera
1000 736 1142 791 mole
1165 744 1509 805 peccatorum
1535 737 1811 805 obrutum,
1837 727 1984 794 soive
2084 743 2361 812 deprecari
2422 747 2647 808 audeat,
2711 760 2812 800 nec
2865 744 2958 815 qui
3019 747 3337 815 deprecetur
3405 762 3528 817 pro
3582 762 3659 802 ea
3696 789 3712 802 .

361 813 722 885 delictorum
755 827 974 883 funibus
1001 828 1248 898 ligatum,
1275 829 1467 899 expedi
1498 829 1822 884 criminibus
1850 829 1987 884 irre-
2084 836 2202 902 sed,
2236 851 2270 890 ο
2296 842 2384 900 tu,
2427 834 2736 890 misericors
2785 844 2840 891 et
2874 813 2993 906 pie,
3035 813 3124 891 ubi
3165 839 3372 907 pietas,
3405 813 3542 891 ἰιὺί
3601 839 3708 892 ωἱ-

405 922 586 984 titum,
633 919 783 990 erige
831 919 1130 990 iacentem,
1175 920 1383 976 sustine
1429 929 1729 989 nutantem,
1778 921 1984 976 instrue
2085 927 2304 992 seratio,
2362 912 2454 982 tibi
2487 927 2892 994 misericordia,
2953 928 3056 983 nisi
3110 929 3199 984 ubi
3237 929 3526 985 miseria?
3601 928 3708 984 Cui

403 1012 777 1082 spiritualibus
807 1013 996 1077 armis,
1029 1012 1081 1068 id
1108 1021 1195 1067 est
1215 1012 1508 1069 virtutibus
1537 1013 1827 1078 inermem,
1850 1014 1985 1069 doce
2062 1018 2204 1090 pius
2225 1059 2241 1085 ,
2291 1020 2379 1074 cui
2436 1020 2746 1075 misericors
2806 1020 2921 1085 fies,
2968 1019 3068 1075 nisi
3106 1021 3302 1076 misero
3329 1021 3355 1075 2
3398 1021 3705 1092 Agnosco,

401 1112 457 1158 et
492 1112 717 1174 protege
752 1111 1106 1174 pugnantem,
1135 1119 1377 1174 expugna
1417 1101 1980 1173 impugnantesll’sal.
2085 1125 2336 1180 agnoseo,
2401 1125 2700 1182 agnoscens
2767 1109 3101 1167 obmutesce.
3178 1111 3472 1168 Intentans
3531 1127 3707 1168 enor-

403 1197 699 1267 xxx1v,l);
739 1195 888 1266 erige
930 1195 1063 1249 mihi
1100 1195 1383 1250 victoriam
1413 1195 1530 1260 ¹¹⁸³,
1570 1203 1626 1250 et
1664 1196 1867 1265 perduc
1898 1211 1984 1252 me
2085 1202 2327 1256 mitatem
2375 1202 2664 1257 criminum
2707 1217 2985 1270 meorum;
3031 1205 3268 1260 attamen
3313 1213 3547 1275 quanto
3583 1221 3703 1259 ma-

401 1290 468 1346 ad
497 1304 775 1345 coronam.
819 1288 953 1358 Age,
981 1288 1242 1345 advocate
1277 1289 1690 1356 monachorum,
1720 1304 1818 1357 per
1848 1288 1985 1344 eha-
2081 1291 2168 1363 jor
2208 1293 2445 1358 miseria,
2506 1301 2655 1348 tanto
2711 1293 2772 1347 fit
2821 1293 3217 1364 praedicabilior
3259 1296 3697 1361 misericordia;

404 1382 644 1446 ritatcm,
668 1395 774 1451 qua
804 1380 1064 1436 sollicitus
1088 1381 1234 1435 fuisti
1263 1381 1531 1450 quomodo
1555 1381 1737 1434 vivere
1758 1379 1984 1434 debere-
2086 1397 2189 1438 nec
2215 1383 2432 1438 miseria
2462 1398 2579 1439 mea
2609 1393 2755 1439 tanta
2778 1385 2903 1454 erit,
2929 1394 2987 1440 ιιι
3016 1386 3272 1442 deficiens
3298 1387 3398 1441 fiat
3430 1391 3694 1458 potentia

403 1489 524 1528 mus
545 1472 670 1539 "“;
705 1481 823 1528 esto
865 1471 1156 1535 sollicitus,
1201 1480 1262 1527 ut
1299 1470 1632 1526 sufficienter
1665 1470 1895 1525 velimus
1931 1480 1988 1527 et
2088 1478 2193 1526 tute
2216 1471 2452 1528 virtutis.
2483 1472 2566 1526 An
2592 1487 2659 1529 eo
2687 1489 2859 1544 usque
2885 1475 3245 1546 amplificatur
3272 1478 3512 1532 miseria
3548 1495 3696 1544 mea,

402 1565 694 1622 efficaciter
720 1565 990 1636 possimus
1022 1564 1206 1620 vivere
1229 1563 1683 1634 quemadmodum
1707 1564 1802 1596 ¹¹⁸⁵
1825 1564 1986 1619 debe-
2085 1569 2145 1616 ut
2175 1571 2494 1632 angustetttr
2531 1564 2903 1621 misericordia
2937 1567 3060 1622 tua?
3094 1567 3176 1623 An
3208 1569 3530 1626 invalitudo
3568 1589 3691 1628 mea

403 1672 554 1723 mus;
597 1665 658 1710 ut
692 1665 748 1711 et
790 1665 846 1710 tu
883 1654 980 1688 ²¹³⁶
1005 1655 1072 1710 de
1107 1663 1294 1711 nostro
1335 1655 1675 1726 discipulam.
1708 1664 1764 1712 et
1792 1671 1889 1711 nos
1919 1656 1985 1712 de
2089 1655 2524 1725 przeponderabit
2561 1659 2936 1728 potentissima
2985 1661 3178 1717 merita
3213 1664 3347 1717 tua?
3388 1664 3510 1719 into
3572 1681 3693 1721 me-

405 1762 496 1803 tuo
547 1749 856 1818 magisterio
897 1747 1192 1819 gloriemur
1236 1762 1419 1804 coram
1468 1748 1579 1804 Deo
1622 1750 1714 1820 qni
1757 1749 1892 1805 vivit
1931 1759 1986 1806 et
2016 1746 2060 1802 B
2088 1746 2313 1800 rilorum
2350 1755 2561 1801 tuorum
2592 1751 3010 1820 praeponderans
3033 1753 3206 1822 gratia
3236 1755 3525 1820 sustollat,
3558 1757 3692 1812 levio

398 1851 596 1912 regnat
625 1857 721 1912 per
750 1840 933 1898 omnia
967 1840 1161 1895 saecula
1193 1839 1536 1895 saeculorum.
1577 1842 1773 1898 Amen.

745 1929 1014 1988 ORATIO
1051 1930 1259 1986 LXXIII
1291 1929 1384 2003 [οι.
1415 1931 1624 2005 LXXI].

827 2038 900 2078 AD
934 2036 1177 2077 SANC'I'UII
1215 2037 1554 2079 DUNS'I‘ANUII.

647 2120 780 2176 Cum
807 2121 1172 2176 recordatione
1200 2121 1578 2176 miraculorum
1606 2121 1744 2192 ejus.

472 2213 677 2270 Sancte
704 2215 1004 2276 Dunstane,
1036 2211 1209 2267 dulcis
1251 2211 1317 2266 ad
1346 2212 1726 2278 invocandum,
1751 2221 1806 2268 et
1832 2211 1985 2267 beni-

399 2323 540 2375 gnus
577 2306 645 2362 ad
679 2305 1108 2369 exaudieudum,
1152 2303 1274 2372 pius
1315 2303 1382 2357 ad
1420 2303 1876 2370 subveniendum;
1925 2313 1982 2358 tu

389 2400 469 2455 ad
505 2408 556 2454 te
590 2396 922 2467 fugientibus
953 2408 1231 2464 nunquam
1283 2390 1548 2450 incertum
1601 2393 1891 2464 refugium,
1925 2403 1980 2448 ttt

387 2490 467 2544 ad
496 2499 556 2544 te
594 2487 956 2543 clamantibus
994 2501 1270 2555 nunquam
1311 2485 1638 2555 imparatum
1687 2486 1980 2554 aunlium;

397 2591 612 2646 sancte,
647 2579 876 2648 benigne
912 2591 978 2631 ac
1012 2576 1101 2645 pie
1136 2577 1431 2638 Dunstane,
1464 2577 1674 2645 respice
1706 2576 1978 2631 miseriam

396 2671 601 2726 animae
653 2683 834 2722 mete:
876 2667 924 2720 si
977 2667 1123 2721 enim
1167 2666 1491 2736 respexeris,
1527 2666 1572 2720 si
1609 2667 1978 2724 calamitatem

403 2775 580 2814 meam
613 2766 670 2813 et
706 2756 980 2814 miseriam
1025 2756 1350 2821 attenderis,
1389 2755 1634 2828 profecto
1664 2758 1976 2813 misericor-

399 2849 503 2903 diae
539 2858 643 2902 tuae
672 2848 880 2902 viscera
917 2861 1024 2900 non
1064 2846 1384 2902 continebis.
1434 2845 1675 2914 Timore,
1721 2856 1974 2914 tremore,

399 2942 628 2996 horrore
653 2938 930 2994 cruciatur
959 2937 1138 2991 anima
1174 2936 1342 3008 298
1369 2952 1514 3003 mea;
1567 2938 1743 3004 timet,
1791 2941 1975 2996 tremit

402 3042 454 3088 et
483 3031 742 3087 exhorret
790 3029 1070 3092 immania,
1124 3044 1245 3099 quae
1293 3038 1555 3098 meretur,
1586 3031 1876 3102 supplicia;
1918 3043 1977 3088 et

391 3140 504 3186 non
531 3131 615 3179 est
641 3137 750 3194 quo
789 3119 1009 3192 effugiat
1050 3119 1344 3176 constituta
1383 3128 1510 3177 ante
1542 3121 1802 3192 iudicem.
1851 3122 1976 3179 Sola

397 3215 630 3283 assistit;
663 3215 863 3280 nullus,
889 3213 981 3284 qui
1013 3226 1111 3283 pro
1137 3227 1201 3268 ea
1227 3221 1372 3282 agat,
1404 3213 1608 3269 existit.
1643 3213 1763 3270 Vita
1794 3216 1976 3273 discu-

378 3309 550 3373 eitur,
580 3304 902 3364 damnabilis
927 3305 1217 3360 invenitur.
1244 3304 1387 3361 Bona
1413 3306 1612 3362 etenim
1644 3316 1764 3364 acta
1794 3309 1977 3380 requi-

388 3408 618 3465 zruntur;
655 3399 772 3464 vix,
799 3403 894 3452 aut
931 3396 1078 3451 nulla
1117 3396 1482 3466 reperiuntur.
1524 3396 1850 3454 Deferuntur
1879 3403 1976 3456 ad-

387 3487 812 3559 -tuissa;-negari
841 3501 946 3542 non
973 3496 1200 3556 possunt
1235 3495 1343 3542 tam
1377 3487 1546 3544 multa
1581 3499 1638 3544 et
1669 3500 1774 3548 tam
1811 3507 1969 3562 grang

393 3581 504 3644 dia,
548 3593 667 3647 qua:
705 3591 922 3632 omnem
957 3577 1133 3631 venire
1174 3591 1324 3647 spem
1356 3577 1666 3634 excludunt.
1707 3581 1975 3653 Longani-

391 3687 538 3729 mem
566 3670 648 3726 sui
673 3667 990 3740 patientiam
1013 3666 1176 3736 iudex
1205 3669 1473 3738 exigendo
1493 3671 1812 3739 prietendit;
1839 3673 1972 3729 nihil

391 3763 500 3819 nisi
544 3762 875 3831 pertinacem
920 3759 1006 3814 sui
1050 3759 1501 3830 impmnitetitiam
1555 3762 1657 3819 ista
1701 3763 1970 3821 obtendit.

397 3854 816 3912 Circumsistunt
854 3861 1209 3920 accusantes,
1249 3853 1449 3910 iterant
1485 3865 1541 3911 et
1574 3856 1858 3926 reiterant,
1885 3875 1972 3916 re-

393 3947 595 4017 plicant
617 3951 673 3998 et
700 3942 977 4014 explicant
1024 3941 1234 3998 delatas
1278 3943 1674 4000 accusationes.
1722 3947 1971 4017 Undique

394 4047 703 4104 accusatur,
743 4052 774 4091 a
813 4035 958 4091 nullo
985 4043 1310 4089 excusatur.
1341 4035 1534 4090 Astant
1569 4044 1624 4092 et
1657 4049 1973 4110 exspectant

393 4129 638 4186 crudeles
665 4143 729 4184 ac
755 4124 1011 4183 horrendi
1054 4133 1312 4192 tortores,
1337 4126 1632 4196 utprolata
1669 4129 1970 4186 damnatio-

393 4222 492 4278 nis.
519 4218 786 4278 sententia
827 4231 956 4272 mox
1003 4230 1124 4271 eam
1163 4216 1230 4270 ad
1281 4215 1632 4272 crueiaudum
1675 4219 1966 4290 abripiant.

392 4313 566 4370 Tanta
612 4311 950 4368 miseriarum
998 4308 1138 4366 mole
1179 4308 1374 4364 obruta
1419 4308 1745 4368 miserabilis
1784 4313 1962 4368 anima

1902 2109 1917 2140 θ

2086 1850 2176 1913 gct
2208 1857 2271 1898 ae
2291 1850 2517 1898 evacuet
2541 1841 2877 1912 impietatum
2907 1860 3150 1901 mearum
3177 1851 3447 1918 pondera.
3480 1849 3690 1906 Liben-

2084 1936 2292 1991 tissime
2333 1936 2427 1991 tibi
2470 1934 2637 2004 judex
2685 1936 2798 2008 ipse
2843 1939 3066 1995 donabit
3109 1939 3372 2010 quidquid
3426 1951 3525 1996 tua
3576 1954 3688 1997 tam

2084 2026 2280 2081 dilecta
2316 2034 2372 2080 et
2405 2026 2573 2081 chara
2613 2041 2736 2081 cum
2777 2025 3120 2085 familiaritas
3158 2030 3465 2100 postulabit
3509 2049 3529 2088 :
3577 2049 3684 2087 non

2083 2116 2306 2187 negabit
2352 2116 2445 2170 tibi
2488 2117 2650 2172 unius
2693 2117 2920 2172 salutem
2971 2119 3176 2184 miseri,
3223 2119 3369 2174 salus
3423 2121 3544 2191 ipsa
3595 2124 3683 2178 cui

2083 2218 2190 2263 tam
2215 2208 2496 2262 familiaris
2518 2209 2735 2274 existis;
2763 2209 2920 2265 facile
2948 2211 3135 2267 reddet
3162 2211 3253 2266 tibi
3283 2212 3447 2267 unius
3470 2214 3680 2269 mortui

2082 2301 2271 2366 vitam,
2303 2301 2408 2354 vita
2449 2301 2565 2367 ipsa
2601 2301 2742 2370 apud
2773 2316 2934 2370 quam
2967 2311 3171 2356 tantam
3201 2303 3372 2359 habes
3412 2306 3674 2375 gratiam.

2152 2391 2231 2446 Ne
2269 2390 2507 2455 deficiat,
2546 2405 2747 2460 quaeso,
2789 2391 2841 2445 in
2883 2407 2969 2448 me
3007 2407 3118 2448 uno
3166 2403 3271 2449 tua:
3314 2396 3676 2467 benjgnitatis

2083 2479 2472 2545 munificentia,
2504 2479 2662 2549 cujus
2701 2480 2753 2534 in
2791 2480 2973 2536 multis
3002 2490 3056 2537 et
3087 2491 3197 2538 tam
3238 2484 3542 2542 innumeris
3589 2504 3674 2541 re-

2081 2571 2322 2625 dundant
2358 2571 2645 2627 beneficia.
2691 2571 2972 2628 Obtincam
3013 2590 3113 2644 per
3154 2585 3206 2630 te
3250 2577 3668 2648 indulgentiam,

2080 2668 2140 2714 ut
2184 2669 2291 2714 tam
2335 2660 2513 2716 dilecti
2561 2669 2617 2716 ct
2660 2661 2932 2730 diligentis
2967 2663 3081 2730 Dei,
3127 2681 3189 2721 ac
3224 2667 3434 2723 Domini
3487 2673 3567 2725 ιιιί
3617 2673 3668 2726 in

2077 2763 2266 2804 omnes
2328 2750 2620 2820 praedicent
2668 2765 2733 2806 ac
2796 2753 3142 2823 magniticent
3210 2756 3670 2816 misericordiam.

2077 2839 2122 2896 Ο
2176 2856 2338 2910 quam
2402 2843 2762 2912 praedicandis
2834 2849 3175 2903 monstrabat
3238 2850 3380 2905 Deus
3443 2854 3672 2911 indiciis

2075 2941 2336 3001 quantum
2369 2933 2416 2990 ei
2447 2942 2499 2989 tu
2531 2945 2716 3007 gratus
2750 2951 2899 2993 esses
2933 2954 2997 2994 ac
3025 2939 3332 2997 familiaris!
3376 2942 3422 2999 0
3451 2945 3674 3003 inaesti-

2079 3025 2294 3080 mabilis
2340 3027 2522 3083 cordis
2577 3029 2649 3083 tui
2697 3030 2933 3100 puritas,
2985 3047 3106 3087 cum
3151 3049 3248 3103 qua
3299 3043 3404 3089 tam
3455 3039 3672 3096 crebro

2082 3114 2587 3173 sermocinabamur
2625 3119 2799 3190 angeli
2831 3121 2964 3176 Dei!
3011 3137 3045 3177 ο
3082 3125 3473 3182 intestimahilis
3520 3134 3666 3200 apud

2083 3205 2251 3261 Deum
2277 3206 2635 3274 familiaritas,
2671 3210 2756 3265 cui
2786 3210 2864 3268 sic
2893 3210 3168 3269 familiaris
3194 3223 3314 3270 erat
3340 3219 3660 3288 angelorum

2077 3300 2350 3372 dignitas!
2399 3302 2444 3359 Ο
2474 3304 2639 3360 decus
2673 3320 2736 3361 ae
2766 3307 3046 3376 praemium
3081 3309 3428 3380 virginitatis,
3467 3314 3551 3367 cui
3581 3315 3660 3370 sic

2077 3391 2346 3462 adgaudet
2412 3401 2608 3448 natura
2680 3395 2937 3466 angelicae
2982 3397 3291 3468 dignitatis!
3351 3400 3407 3454 lu
3456 3402 3653 3457 ccelum

2082 3481 2470 3549 deducebaris,
2520 3483 2788 3540 intereras
2844 3485 3018 3542 beatis
3065 3489 3372 3558 agminibus
3420 3489 3654 3558 illorum,

2075 3570 2442 3629 oblectabaris
2473 3574 2929 3631 modulationibus
2965 3577 3245 3648 angelicis.
3279 3588 3507 3635 cantans
3533 3597 3651 3637 cum

2075 3661 2180 3717 illis
2207 3664 2506 3732 canticum,
2541 3667 2682 3735 quod
2723 3665 2871 3722 solus
2907 3676 3092 3722 cantat
3128 3668 3330 3724 chorus
3355 3670 3646 3742 virginalis.

2073 3752 2284 3810 Rursus
2322 3752 2418 3810 tibi
2464 3755 2518 3810 in
2564 3756 2726 3812 terris
2772 3757 3026 3830 hymnum
3076 3758 3375 3816 celebranti
3417 3762 3647 3818 vicissim

2074 3844 2259 3901 aderat
2289 3853 2346 3903 et
2367 3847 2702 3904 consonabat
2726 3846 2956 3905 melodia
2986 3847 3257 3916 caelestis;
3291 3850 3647 3906 concinebant

2073 3937 2290 4006 agmina
2329 3937 2678 4009 virginitatis,
2715 3952 2926 3993 summa
2969 3938 3204 4008 dignitas
3242 3953 3495 4009 superna:
3523 3942 3648 3995 civi-

2069 4027 2223 4084 tatis.
2249 4026 2448 4084 Potens
2471 4043 2535 4085 ac
2558 4039 2860 4099 praepotens
2889 4029 3086 4100 gratia,
3118 4031 3203 4086 cui
3234 4030 3316 4086 sic
3344 4031 3646 4102 obsequens

2070 4129 2190 4176 erat
2238 4119 2518 4192 dignitatis
2580 4121 2840 4193 angelicae
2899 4123 3185 4192 potentia!
3246 4123 3540 4181 Excellens
3587 4139 3646 4179 ac

2069 4211 2385 4282 praecellens
2421 4212 2601 4268 meriti
2635 4213 2966 4282 eminentia,
3003 4230 3164 4286 quam
3204 4215 3306 4271 sibi
3343 4225 3644 4287 acceptam,

2065 4303 2147 4358 sic
2191 4304 2480 4374 pretiosam
2538 4304 2716 4360 divina
2760 4307 3096 4362 monstrabat
3136 4308 3643 4378 superexcelleotia!

391 4407 603 4480 qutcrit,
635 4414 688 4460 et
716 4401 1113 4474 circnmSpicit;
1158 4410 1214 4458 et
1245 4415 1400 4469 ecce,
1436 4401 1528 4474 qui
1566 4413 1876 4476 consurgat,
1910 4414 1966 4461 et
1989 4431 2042 4487 θ
2069 4391 2354 4465 Nunquam
2389 4408 2517 4464 ergo
2551 4403 2661 4450 tam
2695 4395 2902 4462 dilecti,
2944 4407 3052 4452 tam
3089 4397 3374 4453 familiaris
3408 4399 3493 4453 sui
3531 4415 3650 4469 pre-

391 4514 488 4568 pro
515 4513 576 4552 ea
607 4497 945 4566 respondeat,
979 4493 1181 4548 nullum
1213 4493 1427 4562 aspicit.

463 4587 542 4641 Tu
571 4601 724 4655 ergo,
767 4587 888 4657 pie,
940 4585 1248 4640 misericors
1293 4595 1348 4642 et
1389 4586 1627 4644 clemens
1668 4589 1962 4656 Dunstane,

391 4693 573 4748 surge,
625 4691 816 4746 surge,
865 4675 1060 4730 exhibe
1112 4675 1326 4731 solitam
1374 4693 1530 4749 opem
1581 4680 1963 4749 miserationis,

390 4767 586 4826 adhibe
616 4766 824 4821 viscera
863 4765 1099 4834 pietatis,
1144 4766 1393 4838 impende
1431 4771 1742 4843 suffragium
1793 4774 1962 4830 inter-

390 4858 658 4917 ventionis
687 4876 699 4912 :
726 4857 792 4912 ad
827 4866 878 4911 te
910 4857 1249 4914 clamandum
1291 4860 1590 4918 invitabant
1630 4874 1685 4919 ct
1711 4867 1962 4922 exhorta-

388 4956 584 5011 hantur
616 4964 782 5021 opera
818 4951 1054 5020 pietatis,
1085 4966 1203 5019 qum
1240 4952 1307 5007 de
1347 4964 1397 5009 te
1435 4957 1821 5024 pranlicantur;
1867 4960 1960 5014 sed

391 5041 682 5113 repellunt,
710 5055 772 5094 ac
794 5039 1104 5092 obtunduut
1132 5055 1291 5109 opera
1330 5041 1644 5111 impietatis,
1675 5061 1792 5115 qua:
1820 5063 1848 5101 a
1878 5063 1962 5102 me

389 5132 674 5194 eotttmissa
705 5145 736 5184 a
760 5139 820 5184 te
847 5128 1071 5183 horrore
1107 5128 1430 5186 intolerabili
1468 5134 1851 5188 abominantur
1882 5146 1964 5190 at-

2063 4499 2188 4540 cem
2219 4494 2448 4552 avertet,
2471 4495 2534 4542 ut
2567 4501 2659 4542 reo
2690 4488 2778 4541 uni
2807 4488 3020 4543 veniam
3051 4504 3156 4544 non
3188 4489 3372 4544 donet.
3406 4488 3648 4559 Denique

2069 4572 2184 4644 ipse
2218 4583 2448 4629 testatur
2482 4576 2737 4646 quoniam
2780 4593 2884 4632 non
2914 4579 3029 4633 vult
3058 4588 3118 4633 ut
3161 4590 3418 4650 peccator
3448 4582 3649 4636 moria-

2071 4674 2158 4719 tur
2219 4666 2452 4734 (Ezerlt.
2507 4685 2702 4730 χχχιιι.
2733 4671 2882 4740 ll):
2933 4671 3162 4728 libenter
3220 4673 3408 4743 itaque
3454 4675 3649 4729 animat

2067 4756 2356 4822 peccatrici
2410 4757 2636 4812 salutem
2687 4761 2853 4826 dabit,
2909 4761 3062 4830 cujus
3114 4771 3342 4818 testatur
3391 4778 3454 4820 se
3509 4765 3651 4821 nolle

2068 4854 2318 4901 mortem.

2141 4961 2347 5015 Iiurstss
2386 4973 2680 5018 occurrunt
2717 4980 2841 5033 spes
2871 4975 2927 5020 et
2967 4967 3293 5023 confidentia
3344 4971 3648 5039 ereptionis

2068 5063 2200 5103 mea:
2253 5051 2391 5119 apud
2435 5051 2604 5120 ipsum
2653 5051 2920 5120 judicent,
2970 5056 3197 5126 insignia
3257 5057 3645 5115 familiaritatis

2072 5148 2191 5193 tute.
2233 5142 2376 5204 Quos
2407 5143 2548 5196 enim
2585 5147 2930 5212 pramuntius,
2960 5162 3096 5216 quos
3124 5149 3464 5218 apparitores
3506 5151 3574 5205 ad
3599 5161 3647 5207 to

1669 5245 1894 5302 νΑιιιΑῑ
1932 5247 2332 5306 LECTIONES.

455 5353 549 5387 ¹¹¹¹
641 5361 694 5429 t_u
724 5349 796 5403 mi
827 5351 967 5429 bene
994 5350 1389 5429 thtx,_o_5tt3vis
1419 5355 1696 5429 magister,
1719 5371 1752 5410 ο
1774 5357 1945 5412 dulcis
1973 5369 2126 5427 pater
2150 5361 2460 5427 Benedicto,
2496 5365 2576 5420 vel
2623 5364 2687 5419 N.
2740 5382 2837 5421 oro
2867 5377 2922 5423 et
2946 5369 3170 5424 obsecro
3219 5388 3318 5426 ms.
3371 5370 3639 5429 Son-Ger.

388 5419 1016 5511 .Age‘,Al-II_I‘2I)0l.tg,I;§i_lE-l:,
1054 5421 1420 5511 dulcis
1457 5419 1761 5511 Denedicte,
1799 5419 2048 5511 obsecro
2098 5432 2191 5511 ²¹³ξ
2236 5419 2825 5511 Patronumuclamanti
2867 5419 3318 5495 ms.

390 5488 660 5572 invocanti
734 5488 827 5521 ¹¹³³
852 5489 1105 5572 ΕιίειςἯίη
1139 5493 1414 5572 victoriam
1457 5488 1944 5572 nissucrigemihi
2000 5501 2278 5558 victoriam
2355 5505 2448 5536 ²¹³⁴⁵
2481 5488 3645 5568 'viiéré"iaéberérhtis“'}n}i

390 5561 948 5652 verendeltet‘rltatsvrtti.‘
973 5559 1622 5652 [tl/privivc'r'emtts"fl“?
1651 5559 1948 5652 Po'ssimtts,
1985 5575 2438 5640 quemadmodum
2491 5559 3648 5652 ms.7Flor.possimus-vivere'quemad-

389 5629 612 5685 modum
683 5628 776 5659 ’³³⁸
801 5629 866 5680 Ει
897 5639 955 5682 ιιι
1001 5639 1054 5684 ιιι
1088 5647 1212 5685 mss.
1264 5632 1421 5688 Tom.
1466 5631 1694 5690 Val-(uc.
1745 5645 1885 5694 utet
1934 5628 1990 5696 tu
