3906 6058
246 271 382 327 i009

1600 261 2011 322 ORATIONES.

3278 254 3280 256 ν
3335 205 3516 324 toro,

232 385 518 454 przeunsit,
550 399 673 439 cum
699 382 961 440 directam
997 393 1143 439 tuam
1180 392 1396 440 beatam
1430 383 1665 437 animam
1696 380 1812 450 jam
1843 384 1888 441 Α
1994 375 2350 448 299-301
2388 368 2647 427 ORATIO
2673 365 2882 422 LXXIV
2925 362 3422 437 lot..LXXllll“".

235 489 402 530 carne
431 473 720 537 abituram,
749 473 898 528 illum
927 473 1218 540 adituram,
1244 487 1307 527 ac
1332 487 1518 528 secum
1558 487 1813 541 perman-

232 577 414 617 suram
445 561 806 633 adiudicavit?
836 577 905 640 ne
937 561 1044 616 ullo
1071 569 1215 616 metu
1248 571 1566 624 terreretur,
1596 575 1818 630 stupore

234 653 568 721 turbaretur,
611 654 992 709 incertitudine
1031 653 1438 720 sollicitaretur,
1480 653 1595 707 dies
1624 653 1818 723 praedi-

232 747 397 812 citur,
423 756 645 802 :eternae
673 745 1022 802 beatitudinis
1051 745 1260 800 mansio
1282 745 1631 813 promittitur,
1655 745 1823 800 duca-

237 846 322 892 tus
357 835 525 892 curiae
565 835 805 891 caelestis
844 834 1159 900 adducitur;
1202 849 1234 888 a
1265 849 1372 905 quo
1408 835 1572 891 hilari
1608 836 1819 892 securi-

195 961 208 970 .
236 935 370 992 tate,
397 940 463 980 ac
486 941 677 982 secura
705 923 977 980 hilaritate
1003 923 1351 994 perducatur.

307 1016 518 1081 Quanta
553 1023 608 1070 et
649 1029 682 1070 ο
709 1023 944 1084 quanta,
982 1012 1126 1082 quali
1162 1023 1218 1070 et
1256 1029 1290 1069 o
1332 1013 1481 1084 quali
1527 1014 1822 1086 suscipitur

234 1109 620 1177 exsultatione,
664 1109 757 1179 qui
805 1123 928 1164 cum
973 1106 1064 1161 tali
1112 1121 1177 1163 ac
1223 1115 1370 1162 tanta
1420 1107 1702 1163 deducitur
1728 1124 1822 1179 ap-

237 1201 547 1270 paritione?
583 1207 844 1269 quantum
879 1198 1216 1270 jucundatur
1243 1209 1298 1256 et
1336 1199 1675 1270 gloriﬁcatur
1702 1215 1823 1255 sus-

235 1301 447 1362 ceptus,
496 1289 648 1360 cujus
691 1290 770 1347 sic
813 1289 1214 1348 honoriﬁcatur
1254 1289 1560 1346 adventus?
1609 1288 1822 1356 Quanta

238 1383 472 1452 denique
514 1382 887 1448 veneratione,
916 1390 1121 1452 quanta
1161 1381 1570 1452 gloriﬁcationis
1608 1381 1822 1437 exhibi-

240 1475 387 1530 tione
415 1475 473 1528 lit
507 1474 624 1545 ipsa
659 1473 1004 1539 annuntialio
1039 1473 1380 1545 migrationis
1421 1473 1565 1531 tua)?
1606 1472 1712 1528 Per
1738 1472 1824 1527 vi-

238 1580 358 1620 sum
393 1563 486 1620 tibi
529 1564 736 1620 sedenti
774 1564 828 1620 in
864 1563 1122 1619 cathedra
1163 1571 1252 1618 tua
1299 1563 1597 1633 pontiﬁcali
1637 1570 1824 1618 astans

238 1667 296 1713 et
337 1658 700 1712 circumstans
745 1656 1059 1728 angelorum
1105 1655 1414 1728 frequentia
1462 1654 1820 1727 supernorum

2203 482 2270 521 AD
2312 478 2554 522 SANCTAII
2603 474 2806 514 MARIAI
2846 469 3222 518 IIACIIA‘LENAM,

2137 561 2268 616 Cum
2299 557 2669 614 retractatione
2698 551 2895 607 amoris
2918 549 2985 603 ad
3013 547 3296 602 Christum.

1994 675 2196 729 Sancta
2248 669 2416 724 Maria
2468 664 2801 736 )lagdalena,
2851 676 2970 730 qute
3008 673 3130 714 cum
3161 657 3308 712 fonte
3338 655 3507 724 lacry-

1923 779 2134 820 marum
2158 762 2224 816 ad
2248 760 2451 815 fontem
2483 753 2871 812 misericordia:
2911 749 3188 806 Christum
3212 744 3427 808 venisti,
3444 745 3510 796 de

1921 869 2029 926 quo
2056 854 2310 910 ardenter
2357 850 2548 906 sitiens
2577 845 2920 901 abundanter
2947 855 3010 896 es
3038 837 3358 900 refocillata,
3415 850 3511 903 per

1922 925 2084 1018 quem
2136 941 2407 1014 peccatrix
2463 954 2520 995 es
2552 936 2870 1007 iustiﬁcata,
2928 947 2958 986 a
3013 945 3120 999 quo
3170 925 3511 982 amarissime

1922 1035 2111 1092 dolens
2155 1032 2466 1088 dulcissime
2513 1044 2574 1086 es
2627 1026 2924 1083 consolata.
2973 1022 3089 1089 Tu,
3135 1019 3352 1076 domina
3391 1031 3508 1072 mea

1922 1127 2262 1186 charissima.
2286 1139 2386 1194 per
2401 1121 2740 1192 temetipsam
2770 1133 2831 1174 es
2873 1125 3100 1186 experta
3128 1112 3362 1183 qualiter
3387 1124 3513 1180 pec-

1923 1216 2099 1272 catrix
2121 1214 2300 1268 anima
2328 1211 2574 1268 Creatori
2604 1224 2701 1264 suo
2728 1206 3134 1268 reconcilietur,
3165 1201 3308 1272 quod
3331 1197 3513 1255 consi-

1925 1303 2055 1358 lium
2086 1303 2299 1357 miserae
2323 1300 2519 1355 animae
2532 1296 2934 1366 expediat,qua:
2960 1291 3225 1348 medicina
3256 1290 3515 1358 languen-

1926 1398 1964 1454 ti
1987 1396 2213 1454 salutem
2243 1393 2514 1450 restituat.
2556 1391 2702 1446 Satis
2723 1390 2867 1443 enim
2893 1387 3116 1451 scimus,
3143 1385 3310 1440 chara
3339 1381 3510 1436 amica

1923 1490 2141 1556 Dei,cui
2168 1487 2390 1543 dimissa
2439 1493 2568 1542 sunt
2589 1492 2802 1553 peccata
2843 1479 3032 1545 multa,
3057 1477 3306 1549 quoniam
3327 1473 3511 1528 dilexit

1924 1581 2144 1638 multum
2160 1580 2255 1613 ³⁸⁸⁸
2289 1577 2444 1649 (Luc.
2470 1591 2568 1640 vtt,
2593 1574 2705 1644 47).
2739 1571 2854 1626 Non
2877 1584 2982 1640 ego
3033 1565 3512 1626 sceleratissimus,

1923 1670 2140 1726 domina
2169 1668 2500 1730 beatissima,
2524 1680 2631 1720 non
2669 1677 2771 1734 ego
2819 1659 3268 1716 sceleratissimus
3293 1662 3512 1725 peccata

237 1748 440 1804 civium
484 1749 658 1815 curia,
696 1749 886 1818 quaerit
923 1764 954 1802 a
993 1756 1044 1803 te
1073 1749 1250 1819 quoad
1287 1749 1382 1805 tibi
1422 1749 1635 1820 placeat
1670 1765 1817 1806 com-

1935 1778 2010 1816 .ua
2037 1757 2452 1830 improperando
2467 1763 2722 1820 retracto;
2736 1753 2827 1808 sed
2843 1751 3261 1806 immensitatem
3275 1747 3513 1802 clemen-

239 1840 444 1894 morari
475 1839 529 1894 in
557 1855 721 1896 carne
745 1840 879 1908 ista;
905 1841 1072 1897 refert
1102 1842 1374 1910 nuntium,
1405 1843 1609 1898 indicat
1634 1851 1821 1899 votum

242 1929 409 1984 totius
455 1944 705 1999 supernae
750 1931 1029 1987 concionis
1077 1931 1339 2002 optantis,
1387 1933 1597 1988 orantis
1631 1949 1696 1990 ac
1734 1935 1825 1992 de-

241 2021 538 2090 precantis,
568 2030 628 2075 ut
651 2021 762 2091 jam
792 2037 915 2076 cum
943 2024 1024 2079 eis
1052 2031 1176 2078 ante
1213 2037 1484 2078 summum
1513 2023 1823 2092 pontiﬁcem

240 2119 560 2180 perpetuum
582 2110 810 2166 Sanctus
832 2113 1092 2170 decantes
1123 2114 1175 2168 in
1202 2114 1374 2170 caelis.
1400 2113 1742 2184 Respondisti
1775 2126 1826 2171 te

241 2216 388 2256 nunc
429 2218 534 2257 non
580 2218 741 2274 posse
780 2203 966 2269 abire;
1011 2203 1138 2274 quia
1159 2203 1454 2260 Dominica:
1477 2203 1827 2260 Ascensionis

241 2293 429 2348 aderat
452 2293 672 2360 festum,
697 2295 752 2350 in
775 2310 880 2364 quo
903 2294 1236 2350 allocuturus
1255 2302 1312 2350 et
1331 2294 1828 2354 communicaturus

240 2397 366 2441 e'as
403 2387 752 2441 commissum
791 2387 884 2442 tibi
921 2387 1198 2457 p0pulum.
1250 2385 1338 2441 Fit
1366 2388 1646 2443 concessio
1667 2387 1829 2458 justzn

243 2486 301 2532 et
329 2477 666 2533 charitativze
703 2479 1101 2545 excusationis;
1144 2478 1402 2534 indicitur
1442 2477 1580 2544 dies,
1630 2479 1683 2533 in
1720 2494 1828 2548 qua

245 2569 390 2624 nulla
426 2579 742 2628 occurreret
777 2587 938 2627 causa
981 2572 1274 2628 dilationis.
1307 2570 1351 2628 Ο
1382 2571 1611 2642 insignis
1643 2581 1699 2627 et
1735 2573 1829 2627 ad-

245 2659 506 2716 mirabilis
527 2661 702 2732 gratia
726 2660 1108 2716 familiaritatis
1124 2677 1152 2729 ;
1169 2663 1322 2733 cujus
1348 2661 1516 2716 solius
1539 2660 1826 2727 voluntati,

246 2750 412 2804 totius
452 2764 699 2818 supernae
736 2750 1014 2820 dignitatis
1045 2761 1242 2806 votum
1273 2766 1338 2808 ac
1369 2751 1627 2806 voluntas
1649 2750 1824 2808 cedit!

245 2838 511 2894 Conredit
546 2838 859 2894 dilationem
896 2840 1003 2907 sui,
1049 2855 1119 2895 ne
1159 2840 1320 2910 hujus
1354 2857 1460 2896 non
1492 2841 1694 2897 habeat
1735 2841 1829 2897 ad-

247 2929 659 3002 impletionem;
685 2933 828 3000 quod
852 2947 958 2987 non
983 2933 1123 2996 vult,
1153 2933 1242 2987 illa
1269 2934 1640 2999 ﬁerimavult,
1669 2948 1830 3002 quam

247 3037 324 3078 ue
345 3037 449 3077 non
479 3022 572 3079 ﬁat
597 3022 741 3092 quod
769 3023 873 3078 ista
899 3023 1036 3080 vult.
1065 3024 1184 3092 Quo
1213 3039 1346 3094 ergo
1378 3040 1567 3079 amore
1595 3039 1830 3094 praesen-

248 3115 322 3170 tia
360 3115 727 3185 ejusamatur
758 3123 815 3170 et
855 3115 1223 3186 amplectitur,
1275 3118 1429 3186 cujus
1467 3116 1712 3170 absentia
1749 3116 1829 3171 sic

247 3206 591 3262 desideratur
624 3216 683 3262 et
709 3209 1098 3277 exspectatur?
1132 3207 1284 3276 Quod
1317 3223 1346 3262 a
1371 3208 1482 3262 Deo
1512 3207 1700 3278 gratiae
1728 3207 1828 3262 do-

249 3311 378 3349 num
415 3297 626 3366 accepit
661 3296 717 3351 in
747 3297 921 3366 cmlis,
959 3298 1047 3355 cui
1087 3307 1294 3353 tantum
1326 3297 1509 3368 gloriae
1541 3312 1736 3352 munus
1772 3296 1827 3352 in

249 3387 412 3442 terris
459 3389 767 3444 concessit?
816 3387 1140 3459 Splendidus
1188 3389 1241 3444 in
1293 3387 1433 3445 stola
1477 3388 1827 3461 virginitatis,

247 3494 409 3548 quam
439 3491 770 3538 veneranter
808 3482 1104 3553 suscipitur
1136 3482 1206 3536 ad
1241 3481 1457 3550 nuptias
1481 3479 1641 3550 Agui.
1686 3479 1832 3535 Inter

249 3575 456 3646 primos
481 3577 806 3643 discumbit;
839 3576 965 3646 quia
1003 3589 1127 3630 cum
1157 3575 1351 3629 decore
1385 3573 1713 3644 integritatis
1748 3573 1832 3628 in-

249 3667 436 3722 duitur
462 3667 664 3722 virtute
692 3666 1046 3732 humilitatis;
1091 3666 1458 3736 przeditusque
1495 3666 1666 3736 gratia
1699 3666 1832 3721 cha-

249 3756 431 3812 vitatis
468 3771 533 3812 ac
574 3756 738 3810 totius
779 3755 996 3811 virtut's
1024 3754 1272 3824 sequitur
1296 3755 1502 3824 Agnum
1525 3770 1832 3824 quacunque

251 3848 400 3902 vadit
417 3848 602 3918 (Apoc.
631 3846 834 3917 xrv,4).
858 3847 1138 3914 Quomodo
1162 3859 1292 3917 ergo
1318 3855 1426 3898 tam
1453 3852 1687 3906 amatus,
1723 3851 1830 3896 tam

229 3941 540 3997 familiaris
568 3940 710 4010 apud
751 3940 926 4010 ipsum
958 3945 1234 3993 auctorem
1277 3935 1498 3999 salutis,
1528 3932 1835 3987 misericor-

255 4034 359 4090 diae
394 4048 458 4088 ac
486 4031 727 4103 pietatis,
757 4045 865 4085 non
896 4027 1164 4084 obtinebis
1199 4027 1425 4083 salutem
1452 4024 1614 4079 unius
1643 4035 1831 4093 pecca-

260 4125 418 4180 toris!
474 4125 523 4180 si
565 4123 816 4179 voluntas
859 4123 1048 4188 adest,
1091 4129 1304 4178 constat
1343 4118 1466 4188 quia
1505 4116 1834 4188 possibilitas

259 4231 366 4271 non
395 4216 574 4280 deest;
619 4229 720 4270 nec
757 4213 1091 4268 voluntatem
1131 4211 1213 4266 fas
1253 4219 1340 4266 est
1378 4209 1590 4274 abesse,
1623 4207 1745 4276 quia
1785 4215 1835 4262 te

261 4305 519 4360 voiuutati
567 4304 682 4373 ejus
731 4303 811 4358 fas
866 4318 975 4360 non
1016 4311 1102 4357 est
1152 4299 1489 4356 contrarium
1534 4312 1692 4364 esse,
1743 4295 1834 4366 qui

256 4411 448 4454 omnes
489 4396 736 4452 homines
779 4394 896 4450 vult
939 4393 1120 4451 salvos
1161 4392 1361 4447 facere.
1415 4389 1610 4446 Obtine
1655 4389 1836 4456 itaque

257 4489 403 4560 quod
442 4488 547 4556 vis,
586 4499 639 4544 et
677 4487 820 4560 quod
858 4494 1013 4558 potes
1050 4486 1234 4541 obtine
1265 4500 1279 4537 :
1317 4485 1574 4538 liberetur
1610 4497 1666 4540 et
1691 4486 1837 4538 vivat

261 4588 350 4634 tua
393 4579 782 4635 intercessione
817 4578 996 4632 anima
1035 4592 1187 4643 mea,
1227 4589 1324 4646 pro
1361 4589 1489 4646 qua,
1522 4582 1583 4630 ut
1606 4575 1832 4630 vireret.

259 4670 400 4726 mori
424 4669 592 4725 voluit
619 4669 728 4724 vita
754 4670 932 4734 beata,
965 4668 1108 4722 Deus
1146 4667 1261 4736 ipse
1291 4665 1663 4722 misericordia
1694 4679 1835 4732 mea,

260 4761 352 4832 qui
381 4769 465 4816 est
488 4758 804 4817 benedictus
832 4758 886 4813 in
913 4755 1128 4815 saecula.
1160 4757 1354 4811 Amen.

1927 1852 2034 1914 tiae,
2050 1865 2148 1920 per
2173 1863 2332 1919 quam
2348 1847 2520 1901 deleta
2533 1853 2678 1907 sunt,
2706 1851 3000 1912 pertracto;
3015 1850 3067 1894 et
3088 1853 3184 1910 per
3207 1852 3326 1893 eam
3343 1834 3518 1904 respi-

1927 1959 1988 1998 ro
2003 1958 2070 1998 ne
2097 1939 2506 2011 desperem'm,
2524 1946 2579 1991 et
2599 1936 2665 1991 ad
2693 1935 2936 1990 eamdem
2959 1932 3170 2001 suspiro
3183 1944 3252 1985 ne
3273 1942 3512 1999 peream;

1926 2050 2049 2103 ego,
2099 2033 2342 2102 inquam,
2387 2027 2777 2085 miserabiliter
2810 2025 2862 2080 in
2893 2022 3220 2095 profundum
3259 2021 3514 2074 vitiorum

1926 2127 2315 2200 praecipitatus,
2340 2140 2439 2195 ego
2467 2121 2636 2177 nimio
2659 2119 2897 2192 pondere
2923 2117 3211 2176 criminum
3235 2121 3511 2186 gravatus,

1927 2230 2027 2287 ego
2069 2216 2123 2270 in
2151 2214 2384 2270 obscuro
2426 2224 2646 2267 carcere
2705 2217 3052 2278 peccatorum
3105 2220 3136 2259 a
3196 2203 3516 2274 memetipsu

1929 2309 2208 2374 detrusus,
2230 2316 2287 2362 et
2320 2308 2372 2361 in
2403 2304 2638 2374 torporis
2658 2302 2752 2335 ³¹⁶⁰
2783 2300 3030 2357 tenebris
3042 2290 3350 2356 obvolutus.

1999 2397 2160 2468 Ergo,
2183 2397 2354 2453 electa
2379 2394 2648 2460 dilectrix,
2674 2401 2732 2448 et
2772 2391 2968 2448 dilecta
3010 2389 3234 2444 electrix
3271 2385 3384 2450 Dei,
3411 2399 3513 2456 ego

1930 2492 2098 2545 miser
2121 2504 2252 2557 rogo
2285 2497 2337 2544 te
2359 2487 2600 2551 beatam,
2629 2483 2948 2540 tenebrosus
2977 2478 3361 2542 illuminatam,
3383 2489 3514 2546 pec-

1931 2588 2085 2636 cator
2105 2577 2488 2647 iustiﬁcatam,
2517 2576 2829 2630 immundus
2852 2572 3185 2628 mundatam.
3223 2567 3510 2629 Memento,

1923 2670 2336 2741 benignissima,
2361 2668 2491 2737 quid
2532 2665 2703 2729 fuisti,
2751 2673 2806 2719 et
2835 2670 3098 2732 quantum
3141 2658 3516 2715 misericordia

1933 2759 2231 2830 indiguisti,
2260 2767 2314 2813 et
2340 2756 2552 2828 postula
2578 2755 2708 2810 mihi
2745 2752 3158 2821 indulgentiam,
3200 2748 3342 2804 sicut
3394 2762 3513 2801 eam

1937 2845 2029 2901 tibi
2057 2846 2170 2902 ﬁeri
2203 2845 2440 2901 voluisti.
2465 2845 2697 2914 lmpetra
2740 2841 2872 2897 mihi
2904 2838 3373 2910 compunctiouem
3403 2836 3521 2905 pie-

1937 2938 2081 3000 tatis.
2119 2937 2386 3009 laerymas
2410 2935 2753 2998 humilitatis,
2809 2932 2999 3002 patria:
3028 2930 3268 2986 caelestis
3309 2927 3517 2982 deside-

1936 3028 2096 3095 rium,
2125 3027 2325 3082 terreni
2357 3026 2532 3080 exsilii
2565 3024 2865 3088 fastidium,
2891 3019 3223 3092 poenitentia:
3258 3017 3509 3072 amaritu-

1856 3101 1898 3158 δ
1934 3119 2114 3174 dinem
2157 3119 2277 3184 ηδ’,
2329 3117 2518 3173 aeterni
2547 3115 2827 3187 cruciatus
2858 3114 3131 3166 timorem.
3158 3109 3336 3164 Prosit
3363 3107 3513 3166 mihi,

1930 3209 2274 3272 charissima,
2305 3207 2590 3262 familiaris
2644 3202 2989 3260 conversatio
3041 3200 3160 3265 ω’,
3195 3213 3358 3269 quam
3419 3197 3515 3249 ha-

1928 3302 2092 3358 buisti
2122 3311 2174 3357 et
2230 3301 2398 3355 habes
2450 3300 2595 3354 circa
2643 3296 2846 3352 fontem
2895 3290 3314 3354 misericordiae;
3359 3287 3515 3342 hauri

1931 3397 2058 3452 mihi
2100 3395 2168 3449 ab
2199 3394 2290 3448 illo
2312 3392 2454 3446 unde
2482 3391 2654 3446 lavem
2685 3395 2906 3458 peccata
2932 3398 3082 3448 mea;
3117 3381 3341 3453 propitia
3386 3378 3516 3433 mihi

1931 3487 2106 3544 deillo
2135 3486 2278 3540 unde
2305 3484 2542 3539 satietur
2582 3481 2704 3537 sitls
2727 3494 2883 3544 mea;
2915 3475 3139 3530 infunde
3166 3472 3298 3526 mihi
3329 3472 3394 3525 de
3426 3469 3516 3524 illo

1931 3579 2072 3634 unde
2102 3578 2359 3648 irrigetur
2379 3574 2605 3630 ariditas
2629 3586 2786 3626 mea:
2816 3584 2922 3624 non
2949 3567 3093 3622 enim
3125 3564 3228 3620 erit
3261 3562 3354 3616 tibi
3383 3561 3516 3614 tlilli-

1931 3669 2034 3725 cile
2054 3667 2316 3738 quidquid
2361 3663 2596 3719 volueris
2629 3659 2875 3716 obtinere
2903 3673 2931 3710 a
2959 3654 3310 3713 dilectissimo
3339 3649 3432 3682 ²¹¹⁵³
3461 3657 3511 3704 et

1933 3757 2255 3814 διιςιγίδ-ἰιηο
2281 3753 2524 3816 domino,
2553 3759 2610 3806 et
2634 3750 2812 3804 amico
2839 3744 2937 3778 ’Μ
2967 3754 3057 3800 tuo
3091 3743 3208 3798 ηδ’.

2005 3847 2140 3914 Quis
2175 3846 2321 3900 enim
2361 3842 2614 3911 explicet,
2663 3855 2697 3894 ο
2747 3839 2908 3894 beata
2928 3849 3127 3905 Sponsa
3184 3833 3302 3892 Dei.
3354 3845 3513 3900 quan-

1935 3939 2165 4006 benigna
2191 3934 2560 3990 familiaritate
2597 3937 2655 3987 et-
2706 3927 2967 3984 familiari
2999 3925 3355 3995 benignitate,
3402 3923 3518 3991 ipse

1935 4027 2396 4090 calumniantibus
2430 4032 2507 4092 te,
2559 4019 2938 4091 respondendo
2970 4030 3068 4086 pro
3093 4023 3166 4083 te,
3193 4029 3252 4069 se
3277 4027 3515 4082 oppone-

1938 4121 2059 4188 bat;
2084 4135 2246 4191 quam
2273 4117 2382 4188 pie,
2409 4113 2644 4186 superbo
2692 4110 2969 4167 Pharisan
2991 4108 3058 4164 de
3107 4117 3158 4162 te
3184 4105 3516 4175 indignante,

1939 4213 2051 4284 ipse
2098 4219 2149 4267 te
2179 4207 2540 4273 defendebat;
2570 4202 2842 4272 quomodo
2871 4201 2984 4271 ipse
3009 4207 3059 4256 te
3079 4196 3374 4253 excusabat
3399 4194 3514 4260 ἠδ,

1937 4317 2124 4360 sorore
2154 4309 2246 4355 tua
2273 4299 2346 4355 de
2389 4308 2442 4354 te
2490 4301 2904 4364 conquerente;
2957 4286 3195 4359 qualiter
3243 4284 3359 4355 ipse
3383 4298 3519 4353 opus

1944 4405 2094 4451 tuum
2123 4392 2404 4463 laudabat,
2453 4386 2589 4442 Juda
2618 4386 2672 4440 in
2702 4392 2755 4438 te
2786 4379 3083 4436 fremente?
3105 4377 3243 4444 Quid
3266 4374 3516 4443 denique,

1943 4483 2072 4556 quid
2108 4462 2308 4547 dicam,
2337 4478 2422 4534 vel
2450 4477 2628 4547 potius
2671 4470 2942 4542 quomodo
2992 4468 3194 4535 dicam,
3247 4481 3370 4521 cum
3401 4462 3520 4532 ejus

1942 4555 2126 4639 amore
2173 4569 2410 4640 ﬂagrans
2460 4579 2582 4620 eum
2636 4563 2704 4616 ad
2765 4566 3170 4614 monumentum
3227 4555 3521 4626 quaerendo

1941 4665 2131 4728 ﬂebas,
2161 4670 2216 4716 et
2244 4657 2420 4713 ﬁendo
2464 4651 2780 4726 qumrebas?
2827 4649 3001 4717 Quam
3056 4645 3344 4702 affabiliter
3402 4641 3524 4702 ω’,

1943 4747 2479 4823 quamamicabiliter
2503 4755 2575 4813 te,
2601 4759 2762 4814 quam
2791 4739 3058 4798 consolari
3090 4745 3330 4805 venerat,
3349 4737 3521 4808 magis

1553 4810 1792 4903 mm:
1827 4810 2226 4900 LEC'l‘lONES.

332 4925 424 4958 ⁸¹³⁷
481 4922 689 4980 Collata
738 4929 817 4976 est
869 4935 987 4976 cum
1039 4935 1163 4975 mss.
1233 4919 1366 4976 Vict.
1408 4914 1533 4975 KK.
1579 4900 1687 4973 '16..
1733 4925 1780 4970 et
1843 4914 1958 4971 BR.
2011 4915 2066 4969 5.
2119 4911 2326 4966 Thurin.
2368 4908 2496 4963 267.
2536 4906 2688 4980 Corlg.
2717 4903 2839 4980 {60.
2874 4900 3152 4980 Bern-Q.
3192 4901 3248 4953 in

1783 4983 2157 5038 Floriucensis.
2212 4981 2290 5034 Ad
2345 4980 2556 5034 beatam
2622 4976 2842 5030 Mariam
2911 4971 3279 5096 Magdalenam
3311 5009 3326 5031 ,

1783 5063 1979 5096 motam
2040 5053 2262 5096 Mur-inm
2319 5049 2682 5096 Mandalenam
2731 5061 2830 5096 ms.
2871 5043 2933 5096 S.
3032 5057 3118 5094 er.
3162 5040 3239 5093 De
3287 5039 3325 5092 S

260 4995 493 5064 legitur,
544 4990 867 5064 Sun-Germ.
936 4988 1372 5064 54‘5.__Ca_rthus.
1421 5007 1454 5042 a
1506 4985 1720 5064 Porta”

263 5043 656 5120 i'eiiiiéiéuéué
698 5043 902 5116 amoris
943 5043 1372 5116 adiCliristum.
1422 5075 1547 5113 mss.
1601 5043 1979 5112 Ad'sanctam
2038 5053 2262 5107 Mariam
2318 5049 2682 5120 Magdalenam
2731 5061 2830 5100 ms.
2871 5043 2933 5098 S.

820 5133 915 5164 ἠδ
973 5130 1213 5185 Dilexisti
1274 5129 1502 5183 multum
1570 5143 1694 5181 mss.
1751 5124 1939 5180 dilexit
1984 5123 2208 5178 multum

265 5136 343 5190 ria
393 5133 703 5204 Magdalene

3290 4914 3394 4970 quo
3440 4897 3520 4949 his

3397 4981 3518 5021 CIIII!

3032 5057 3118 5094 er.
3162 5040 3239 5093 De
3287 5039 3345 5092 S.
3409 5035 3520 5088 Mn-

2316 5107 2435 5159 m’v
2461 5119 2699 5188 Respira
2716 5131 2808 5188 pne
2848 5127 3108 5188 peream)
3174 5117 3234 5188 et
3293 5107 3519 5188 eandem

262 5177 568 5274 iiupi'EB‘iIe
586 5177 938 5274 desveSpcrem
978 5177 1102 5256 mss.
1129 5177 1340 5274 rveVSpiro
1384 5177 1947 5274 ne'despe'r—emletad
1970 5192 2264 5274 earn-(mss.
2318 5188 2548 5271 Val-(ulc.
2571 5177 2805 5274 'et‘ﬁlqr.
2916 5262 2928 5274 .
2943 5177 3428 5274 eantlﬁmlflfslziﬂ

264 5252 482 5344 βλέῖὲξᾷιῆ
502 5252 1661 5344 "3551].?'éoép'on‘s'im’sfVici_.’s}z§i;c:er.
1693 5252 1924 5320 Vat-(uc.
1956 5274 2002 5344 et
2035 5252 2185 5343 Flor.
2221 5261 2276 5314 in
2304 5262 2537 5344 torporis
2564 5330 2574 5340 '
2609 5259 2700 5290 ²¹⁸¹
2726 5252 3130 5344 Amaritndines
3169 5252 3523 5344 triennalia-rii-

582 5310 1028 5397 "l’ulli‘an‘i’i'liarisg
1054 5310 1754 5396 c'oii'vers'atiovcliarissima
1783 5353 1907 5388 mss.
1951 5332 2292 5394 charissima,
2326 5310 2607 5400 familiaris
2645 5323 2990 5400 conversatio
3025 5336 3166 5400 mss.
3191 5316 3356 5400 garb.
3385 5310 3519 5400 Tim.

264 5388 764 5476 Revereittlissima,
787 5388 1740 5467 'familiarisnconversatio—"1;"in
1783 5403 2135 5459 dilectissimo
2169 5388 2290 5476 lus;
2324 5397 2595 5476 §an-Ger.
2638 5412 2668 5450 a
2701 5394 3008 5476 dulcissimo
3080 5388 3172 5476 "tt"
3209 5388 3521 5476 Dgtltinoufl

265 5454 1364 5540 3;}55‘;.;f§;;,ihe;'."rio{ili'ﬁo"avdita;'
1406 5479 1500 5509 ²¹⁸⁵
1525 5477 1640 5530 Τυο
1669 5475 1760 5545 qui
1796 5454 1990 5544 regnat
1999 5454 2130 5526 cum
2166 5454 2616 5545 Deo._Qu_i_s-_niss.
2648 5467 2815 5519 omitt.
2843 5465 2951 5516 Deo
2983 5454 3375 5545 mansuri-Ger.
3407 5465 3516 5545 tuo:

267 5555 361 5623 qui
402 5563 589 5623 regnat
618 5569 712 5623 per
740 5552 916 5623 omnia
951 5550 1506 5623 smcu'a‘s‘a'culorum.
1528 5549 1742 5623 _Amen.
1795 5545 1939 5623 omit.
1963 5559 1996 5623 ﬁ

270 5613 406 5678 vivit
443 5613 497 5678 οἵ
526 5613 712 5693 regnat
734 5638 864 5693 citur
887 5622 996 5676 Deo
1015 5691 1028 5693 _
1069 5621 1161 5693 '2‘
1184 5620 1300 5693 Ipse
1327 5618 1770 5693 exettsﬂiatjnss.
1800 5613 1921 5670 Bec.

275 5685 616 5751 ineffabilitcr
645 5710 770 5749 mss.
808 5685 943 5746 Vict.
972 5691 1052 5748 ιϐ.
1082 5685 1232 5745 Flor.
1265 5688 1436 5756 Quam
1464 5685 1749 5743 alfabilitcr

2047 5543 2269 5611 (erarqm'
2296 5524 2369 5594 in“
2392 5540 2562 5611 Editjs
2583 5545 2885 5611 sequuntur.
2918 5547 3017 5584 ms.
3067 5528 3389 5611 teneruit:
3428 5524 3519 5593 qt.i

2007 5613 2092 5666 ict.
2136 5596 2373 5666 Vrit-lue.
2403 5620 2450 5664 et
2483 5607 2628 5663 Flor.
2648 5596 2772 5676 ipse
2798 5613 2847 5659 te
2868 5600 3162 5659 excusabat
3230 5596 3322 5632 "‘7
3349 5597 3522 5664 Quam
