3906 6058
295 262 432 320 ΝΠ
495 322 500 327 ,

920 371 1144 430 CAPUT
1175 371 1234 427 ll.

595 462 671 518 De
700 461 990 518 obedientia
1009 462 1227 529 prwlato
1257 462 1564 519 exhibenda.

363 555 596 614 Praelato
639 564 831 609 nostro
877 552 1268 622 subiectionem
1317 563 1372 608 et
1415 555 1775 611 obedientiam
1803 570 1870 612 ex

291 649 455 707 corde
497 659 718 702 servare
752 645 1042 709 debemus;
1081 645 1237 700 aliter
1263 645 1407 701 enim
1437 662 1680 702 normam
1708 663 1870 716 quam

289 739 725 814 profitemurnon
750 744 1013 793 tenemus.
1046 735 1322 806 Siquidem
1349 737 1436 791 ille
1452 753 1578 792 vere
1600 737 1874 808 subjectus

289 838 346 886 et
376 826 671 884 monachus
697 825 780 881 vel
813 826 1105 881 canonicus
1149 835 1252 893 est,
1281 828 1373 897 qui
1401 829 1599 898 gaudet
1629 844 1688 884 se
1715 844 1870 884 suum

292 936 399 974 non
452 933 571 972 esse
600 927 825 987 propter
862 916 1055 972 Deum.
1108 916 1391 984 Quienim
1439 934 1545 974 non
1593 935 1660 975 ex
1709 922 1873 977 corde

291 1011 388 1068 sed
416 1010 534 1066 sola
559 1007 912 1080 subiectionis
953 1008 1072 1080 lege
1100 1010 1298 1075 obedit,
1328 1011 1431 1066 nisi
1457 1026 1518 1067 se
1550 1013 1871 1079 correxerit,

293 1100 600 1156 mercedem
637 1098 955 1154 obedientia:
997 1113 1101 1154 non
1132 1099 1347 1155 habebit
1375 1118 1389 1154 :
1421 1101 1619 1156 etenim
1650 1117 1757 1157 non
1790 1112 1876 1158 est

291 1192 492 1250 bonum
533 1191 637 1248 nisi
665 1190 1046 1248 voluntarium.
1077 1191 1304 1263 Oportet
1327 1209 1458 1265 ergo
1503 1203 1560 1250 ut
1589 1210 1656 1251 ex
1689 1211 1875 1253 amore

290 1282 463 1354 legem
497 1281 824 1338 obeJitionis
852 1290 1050 1347 teneat,
1094 1299 1164 1340 ne
1191 1286 1494 1342 mercedem
1523 1301 1633 1342 suae
1661 1303 1874 1358 posses-

290 1373 458 1430 sionis
496 1372 730 1428 amittat.
775 1371 1024 1440 Quandiu
1060 1388 1128 1429 ex
1155 1375 1431 1432 voluntate
1468 1394 1573 1432 non
1614 1381 1872 1448 paruerit,

291 1473 552 1534 quantum
583 1465 650 1521 ad
674 1480 733 1521 se
759 1466 812 1520 in
843 1467 1064 1538 propria
1094 1467 1372 1525 voluntate
1397 1471 1642 1540 persistit
1670 1488 1682 1526 :
1711 1487 1872 1541 quam

291 1557 344 1611 in
379 1567 644 1628 quantum
672 1558 946 1624 habuerit,
970 1575 1102 1617 suus
1131 1569 1234 1628 est,
1275 1577 1382 1618 non
1417 1563 1661 1630 alterius,
1715 1564 1782 1619 Et
1828 1565 1872 1619 si

290 1661 421 1702 suus
449 1656 554 1711 est,
601 1647 784 1704 videat
822 1664 926 1718 qua
975 1659 1263 1721 potestate,
1289 1638 1494 1723 quibus.
1525 1654 1714 1720 armis,
1757 1654 1876 1724 qui-

291 1736 394 1793 bus
441 1735 650 1795 viribus
688 1739 757 1794 ab
791 1738 1230 1812 impugnantibus
1257 1757 1316 1799 se
1344 1743 1638 1800 defendat?
1682 1744 1875 1800 Mirum

291 1836 377 1882 est
398 1829 669 1899 quomodo
699 1829 1044 1888 adversarius
1073 1833 1165 1902 qui
1197 1833 1392 1890 circuit
1418 1850 1669 1904 quaerens
1713 1850 1875 1905 quem

291 1917 536 1985 devoret,
570 1918 722 1975 illum
766 1928 822 1978 et
852 1921 1003 1978 illum
1034 1938 1138 1979 non
1183 1923 1406 1991 invadit,
1455 1925 1759 1982 invadendo
1785 1927 1878 1982 de-

293 2008 474 2080 glutit,
500 2010 844 2082 deglutiendo
880 2012 1185 2080 interimit;
1221 2014 1313 2086 qui
1348 2015 1492 2070 viam
1519 2015 1668 2072 vadit
1710 2032 1815 2087 qua
1846 2032 1876 2072 a

295 2098 596 2156 latronibus
634 2099 930 2169 invenitur,
977 2102 1023 2158 si
1053 2117 1162 2158 non
1189 2104 1501 2175 agnoscitur
1527 2106 1773 2176 exemplo
1801 2105 1879 2160 in-

291 2192 526 2257 vaditur,
555 2191 816 2258 tunditur,
847 2193 1200 2264 exspoliatur.
1235 2194 1406 2251 Porro
1435 2196 1478 2252 si
1508 2197 1875 2267 c0gnoscitur,

291 2281 385 2339 sed
421 2281 706 2337 Dominum
728 2294 783 2338 et
809 2284 1133 2339 advocatum
1166 2301 1270 2341 non
1313 2287 1585 2353 habuerit,
1618 2286 1770 2356 cujus
1795 2301 1878 2341 re-

291 2371 532 2428 verentia
553 2379 609 2426 et
649 2372 841 2428 timore
861 2372 1132 2430 latronum
1164 2390 1355 2431 manus
1378 2376 1591 2442 evadat,
1629 2375 1788 2431 veluti
1815 2375 1879 2430 il-

290 2462 401 2516 lum
429 2471 612 2516 amant
653 2471 706 2518 et
741 2464 1112 2533 appretiantur
1137 2478 1198 2520 se
1222 2465 1424 2522 habent
1459 2465 1602 2521 circa
1641 2481 1785 2521 eum.
1819 2465 1878 2522 Si

300 2567 396 2608 rex
427 2561 521 2608 aut
545 2551 686 2609 filius
723 2555 866 2625 regis
889 2563 990 2617 est,
1013 2564 1110 2612 aut
1130 2565 1434 2627 praepotens
1459 2556 1677 2626 aliquis,
1718 2571 1782 2612 ex
1811 2557 1880 2611 ti-

309 2657 462 2699 more
496 2643 772 2713 toleratur,
803 2657 1112 2704 reverenter
1148 2647 1433 2714 salutatur,
1460 2647 1659 2704 illaasus
1701 2657 1879 2718 empto

293 2732 488 2791 itinere
527 2736 895 2806 proficiscitur
927 2754 940 2791 :
978 2737 1062 2793 sin
1111 2745 1288 2794 autem
1339 2739 1642 2795 denudatur
1671 2749 1724 2796 et
1761 2750 1879 2796 tun-

292 2823 460 2880 ditur.
500 2825 612 2894 Sic,
660 2826 876 2896 fratres,
922 2828 1001 2883 sic
1058 2829 1178 2885 sine
1207 2831 1369 2886 dubio
1406 2829 1464 2886 lit
1506 2832 1557 2886 in
1596 2833 1878 2890 animabus

298 2916 526 2972 nostris.
604 2917 746 2974 Deus
787 2920 1130 2989 omnipotens
1184 2923 1394 2992 paravit
1447 2925 1602 2980 nobis
1656 2941 1879 2996 regnum

1472 259 1560 314 DE
1591 259 1768 316 PACE
1814 257 1904 314 ET
1947 207 2371 315 CONCUBDlg.

2097 133 2162 147 *Δφο

3416 261 3552 318 1018

1897 374 1944 430 Α
1968 370 2085 441 ejus
2112 370 2383 426 voluntate
2413 366 2554 425 nulla
2585 377 2794 428 ratione
2817 367 2929 426 vult
2961 371 3307 436 discordare,
3332 387 3435 427 non
3463 390 3552 430 se-

1973 480 2103 520 cure
2141 463 2421 535 przesnmit
2453 481 2465 517 :
2498 463 2758 534 quidquid
2796 465 2940 518 enim
2989 465 3142 533 pravi
3185 468 3512 535 suggesserit
3535 508 3553 535 ,

1973 555 2040 609 ad
2070 554 2450 610 verecundiam
2487 552 2588 608 sibi
2629 551 2889 618 vertitur;
2924 567 3046 606 cum
3077 553 3164 608 ille
3198 555 3281 608 cui
3315 558 3557 631 suggeri-

1975 655 2082 711 tur,
2124 655 2214 701 aut
2253 645 2648 716 suggestionem
2700 659 2836 714 pene
2884 647 3214 711 contemnit,
3252 656 3344 700 aut
3393 650 3436 702 si
3486 649 3555 704 ad

1972 736 2162 792 horam
2212 735 2502 801 consentit,
2533 749 2629 804 per
2674 735 3068 790 confessionem
3120 745 3175 790 et
3220 737 3432 807 dignam
3469 753 3556 792 sa-

1975 825 2338 882 tisfactionem
2399 840 2520 880 sese
2570 826 2899 880 emendavit.
2936 827 2989 880 In
3045 827 3295 881 omnibus
3327 845 3454 897 ergo
3503 838 3559 883 et

1973 930 2070 985 per
2105 915 2284 970 omnia
2315 914 2427 968 Deo
2475 914 2637 968 debet
2672 914 2921 969 subditus
2971 915 3198 969 obedire
3247 925 3303 969 et
3351 915 3556 985 przelati

1969 1007 2268 1077 iussionem
2297 1005 2444 1061 salva
2489 1004 2753 1061 fidelitate
2790 1004 2882 1059 Dei
2925 1006 3130 1061 subire.
3165 1004 3300 1059 Nam
3348 1007 3390 1061 si
3422 1021 3560 1076 prae-

1974 1097 2116 1154 latus
2167 1099 2442 1153 subditum
2484 1097 2768 1167 periurare
2814 1097 3066 1167 jusserit,
3101 1098 3147 1153 si
3191 1098 3557 1161 latrocinium,

1976 1191 2386 1247 fornicationem
2420 1200 2513 1245 aut
2541 1189 2689 1245 aliud
2745 1188 3074 1258 huiusmodi.
3103 1190 3249 1244 nullo
3282 1191 3440 1244 modo
3469 1191 3561 1244 ob-

1977 1293 2280 1353 temperare
2307 1283 2486 1352 debet,
2515 1282 2644 1352 quia
2676 1283 2816 1338 Deus
2843 1282 2946 1337 hoc
2990 1282 3106 1337 fieri
3147 1283 3416 1351 prohibet.
3453 1283 3562 1337 Deo

1977 1389 2108 1445 ergo
2139 1389 2236 1444 per
2265 1375 2448 1430 omnia
2478 1375 2699 1430 obediat
2732 1392 2746 1428 :
2780 1374 3004 1443 praelato
3033 1389 3134 1428 suo
3165 1374 3259 1427 Dei
3290 1374 3564 1430 voluntate

1977 1476 2192 1524 servata
2225 1481 2322 1537 per
2349 1465 2536 1521 omnia
2567 1467 2938 1534 obtemperet,
2969 1472 3024 1519 et
3069 1473 3332 1534 quantum
3361 1464 3413 1517 in
3449 1465 3564 1533 ipso

1976 1569 2082 1628 est,
2110 1560 2204 1615 Dei
2239 1568 2296 1615 et
2323 1558 2566 1630 magistri
2594 1557 2866 1612 voluntate
2914 1565 3128 1611 servata
3156 1596 3171 1620 ,
3221 1571 3346 1611 cum
3389 1557 3565 1610 omni-

1979 1654 2082 1710 bus
2127 1650 2443 1708 hominibns
2480 1664 2668 1720 pacem
2716 1648 2934 1704 habeat.
2960 1647 3218 1718 Quisquis
3265 1648 3369 1703 hoc
3406 1650 3566 1703 modo

1982 1746 2077 1803 Dei
2107 1754 2163 1802 et
2189 1743 2412 1812 majoris
2454 1743 2536 1798 sui
2567 1741 2840 1798 voluntati
2890 1741 3141 1797 subditus
3179 1739 3382 1806 fuerit,
3437 1749 3567 1796 tunc

1977 1839 2089 1896 Deo
2119 1838 2357 1905 obediet,
2384 1844 2440 1892 et
2473 1851 2596 1891 cum
2643 1835 2866 1905 praelato
2897 1849 2995 1890 suo
3025 1835 3078 1890 in
3129 1834 3240 1890 Deo
3283 1836 3568 1905 paruerit,

1978 1943 2099 1984 sese
2126 1943 2233 1983 non
2266 1942 2424 1982 suum
2456 1926 2550 1982 sed
2577 1924 2673 1980 Dei
2702 1940 2824 1980 esse
2861 1924 3187 1980 tlducialiter
3207 1924 3442 1997 allegare
3472 1940 3568 1996 po-

1981 2017 2127 2074 terit.
2160 2016 2326 2086 Cuius
2348 2017 2528 2072 anima
2557 2031 2680 2071 cum
2711 2015 2764 2070 in
2787 2015 2937 2070 exitu
2985 2015 3068 2071 sui
3098 2017 3344 2087 corporis
3383 2015 3566 2081 fuerit,

1979 2109 2209 2166 validam
2265 2124 2484 2164 manum
2545 2106 2949 2163 occursantium
3000 2109 3304 2163 daemonum
3348 2123 3454 2163 non
3503 2109 3568 2162 ti-

1980 2198 2171 2263 mebit,
2219 2197 2347 2268 quia
2385 2196 2673 2251 Dominum
2701 2195 2978 2252 Christum
3027 2195 3348 2251 advocatum
3378 2205 3570 2267 poten-

1983 2297 2089 2344 tem
2130 2288 2372 2343 habebit.
2398 2287 2538 2344 Ecce
2577 2286 2706 2357 quid
2751 2295 3124 2358 quantumque
3150 2287 3279 2341 boni
3309 2288 3566 2342 obedien-

1979 2382 2055 2436 tia
2089 2379 2346 2451 acquirit.
2379 2379 2516 2434 Cum
2548 2379 2601 2434 in
2649 2379 2864 2433 ratione
2911 2378 3122 2449 positus
3159 2377 3367 2444 fuerit,
3413 2377 3571 2446 cuius

1980 2472 2143 2527 homo
2188 2471 2278 2537 sit,
2311 2470 2453 2525 unde
2487 2469 2706 2534 veniat,
2749 2484 2857 2539 quo
2883 2470 3075 2536 vadat,
3121 2484 3283 2539 quem
3323 2476 3564 2537 quaerat:

1981 2563 2039 2618 Si
2072 2561 2335 2618 voluntati
2365 2561 2461 2618 Dei
2489 2561 2749 2627 obedivit,
2774 2561 2870 2616 Dei
2901 2576 2962 2617 se
2982 2576 3104 2617 esse
3133 2562 3316 2618 dicere
3348 2561 3568 2632 poterit.

1981 2653 2040 2712 Si
2063 2669 2194 2710 vero
2220 2655 2274 2709 in
2305 2669 2402 2709 sua
2432 2652 2710 2708 voluntate
2740 2653 3011 2722 consistit,
3044 2662 3100 2709 et
3130 2653 3201 2708 ob
3240 2654 3342 2709 hoc
3374 2655 3468 2709 Dei
3515 2662 3570 2708 et

1978 2746 2187 2819 przelati
2228 2744 2312 2800 sui
2365 2744 2630 2799 voluntati
2681 2743 2988 2800 contrarius
3033 2744 3334 2809 exstiterit,
3382 2745 3573 2800 menti-

1983 2848 2072 2894 tur
2100 2837 2144 2894 si
2173 2852 2231 2894 se
2274 2836 2367 2890 Dei
2400 2851 2520 2892 esse
2567 2836 2766 2891 dixerit
2816 2835 3057 2906 :quippe
3104 2836 3231 2890 dum
3275 2835 3409 2890 vixit
3448 2850 3571 2905 pro-

1981 2927 2134 2998 priae,
2163 2941 2268 2982 non
2303 2925 2398 2980 Dei
2423 2925 2682 2979 voluntati
2708 2924 2864 2979 vixit.
2887 2923 3057 2991 Quem
3083 2939 3212 2994 ergo
3251 2924 3570 2978 advocatum

295 3025 478 3076 suum,
527 3009 615 3064 cui
660 3009 706 3064 si
753 3009 976 3065 obedire
1017 3010 1380 3080 voluerimus,
1430 3029 1537 3069 non
1579 3017 1718 3070 servi
1782 3016 1877 3072 sed
1909 3050 1953 3111 C
1984 3017 2239 3073 habebit?
2271 3016 2354 3072 Ad
2379 3031 2550 3086 .quem
2584 3013 2716 3070 ibit?
2762 3014 2894 3081 Quis
2933 3015 2983 3068 ei
3029 3014 3232 3069 auxilio
3259 3014 3404 3070 erit?
3433 3012 3572 3079 Quid

295 3101 458 3157 amici
507 3100 625 3173 ejus
671 3108 728 3156 et
756 3100 851 3156 lilii
897 3101 1142 3156 dicemur
1184 3109 1241 3157 ct
1291 3103 1517 3159 erimus.
1558 3104 1882 3163 Obediemus

295 3206 424 3263 ergo
468 3191 517 3247 ei
561 3191 608 3248 si
641 3191 936 3262 quidquam
971 3207 1094 3248 eum
1141 3192 1278 3249 velle
1311 3195 1451 3251 scire
1480 3197 1776 3265 poterimus
1817 3213 1884 3254 ex

295 3287 439 3341 bona
485 3286 773 3361 voluntate,
811 3298 998 3345 nostra
1031 3297 1344 3361 satagemus
1384 3293 1627 3364 exsequi.
1653 3293 1797 3350 Bona
1831 3303 1887 3352 ct

295 3378 557 3434 obediens
587 3380 691 3435 erit
715 3380 962 3437 voluntas
990 3391 1198 3450 nostra,
1246 3383 1290 3439 si
1313 3383 1431 3453 eius
1469 3385 1735 3442 voluntati
1763 3402 1884 3443 eam

296 3468 763 3540 supposucrimus,
787 3479 843 3525 et
867 3470 917 3524 ei
948 3470 1249 3528 voluntarie
1269 3488 1464 3542 parere
1489 3477 1882 3534 curaverimus.

299 3558 355 3613 Si
396 3559 536 3614 bona
575 3560 854 3615 voluntate
902 3560 1113 3615 Domini
1159 3563 1426 3618 voluntati
1470 3567 1883 3634 concordemus,

298 3647 461 3703 amici
510 3649 847 3716 vocabimur,
899 3649 992 3704 ﬁlii
1045 3650 1136 3706 Dei
1173 3651 1492 3709 cfliciemur.
1541 3657 1692 3724 Quod
1737 3667 1887 3728 post-

299 3755 463 3811 quam
489 3739 740 3796 efl’ectum
772 3738 958 3807 fuerit,
997 3756 1188 3799 secure
1210 3759 1318 3814 quo
1344 3745 1455 3800 vult
1485 3747 1561 3803 ire
1583 3757 1637 3803 et
1659 3749 1888 3805 transire

301 3832 520 3903 poterit.
546 3830 686 3886 Nam
727 3848 922 3890 manus
944 3833 1214 3889 latronum
1241 3835 1462 3890 fortium
1494 3847 1549 3892 et
1583 3839 1888 3895 datmonum

302 3941 410 3982 non
450 3925 678 3993 timebit,
710 3941 818 3982 non
854 3927 1028 3982 malos
1058 3942 1318 3984 occursus
1344 3928 1582 3999 pavebit,
1631 3931 1887 3999 quoniam

303 4031 399 4072 rex
428 4017 678 4088 filiusque
710 4017 854 4089 regis
879 4018 1003 4073 erit.
1036 4017 1238 4073 Caveat
1263 4034 1393 4090 ergo
1423 4019 1796 4089 unusquisque
1821 4034 1889 4074 ne

303 4108 596 4179 quidquam
649 4108 796 4164 aliud
836 4109 986 4179 velit,
1029 4109 1134 4164 nisi
1186 4112 1328 4181 quod
1369 4119 1592 4167 auctore
1649 4112 1758 4167 Dco
1803 4111 1889 4167 vel

305 4202 572 4273 Spirituali
614 4213 767 4274 patre
812 4218 911 4259 suo
944 4203 1173 4260 licenter
1225 4205 1363 4261 velle
1390 4207 1638 4276 quiverit.
1687 4207 1888 4262 Verum

307 4295 522 4351 licentia
553 4295 741 4352 fallere
769 4298 1076 4362 consuevit;
1109 4298 1418 4353 obcdientia
1449 4299 1590 4353 enim
1619 4309 1673 4355 et
1701 4299 1888 4356 inobc-

1987 3110 2392 3182 iuterpellabit?
2417 3110 2577 3165 Certe
2605 3109 2790 3179 fugere
2811 3123 2922 3162 non
2954 3107 3188 3176 poterit,
3209 3121 3307 3176 per
3334 3107 3572 3166 medium

1987 3202 2067 3258 ire
2089 3213 2310 3255 necesse
2330 3199 2538 3263 erit,ad
2559 3197 2727 3251 vitam
2757 3196 2842 3251 vel
2868 3196 2937 3251 ad
2968 3204 3198 3250 mortem
3228 3195 3331 3248 iter
3355 3193 3576 3250 habebit

1986 3294 2071 3350 vel
2107 3291 2491 3360 lenebit.Rogo
2516 3304 2620 3360 qua
2639 3297 2927 3358 potestate,
2945 3287 3142 3358 quibus
3171 3286 3377 3342 viribus
3403 3302 3432 3340 a
3461 3302 3577 3340 ma-

1988 3383 2147 3438 nibus
2174 3382 2483 3436 invasorum
2507 3378 2713 3435 exibit?
2740 3377 3086 3433 Cruciabitur
3107 3378 3355 3444 miser,si
3387 3376 3575 3432 volun-

1989 3479 2118 3536 tatis
2145 3487 2203 3536 et
2229 3476 2460 3534 actionis
2482 3491 2592 3532 suae
2620 3476 2787 3530 Deum
2819 3483 2874 3529 et
2903 3471 3160 3542 maiorem
3194 3487 3351 3527 suum
3381 3481 3572 3526 aucto-

1987 3587 2102 3628 rem
2129 3586 2237 3626 non
2265 3567 2536 3624 habuerit.
2566 3563 2818 3621 Proiecto
2852 3564 2932 3620 sic
2963 3562 3215 3634 procellis
3247 3563 3499 3616 vitiorum
3521 3571 3578 3615 et

1989 3661 2295 3718 incursibus
2323 3659 2624 3713 daemonum
2652 3655 2988 3725 quatiuntur,
3036 3652 3347 3722 quicunque
3382 3666 3412 3705 a
3439 3667 3578 3721 prac-

1990 3753 2084 3806 lati
2111 3751 2192 3806 sui
2230 3749 2510 3803 voluntate
2547 3747 2888 3811 alienantur;
2917 3742 3376 3814 quemadmodum
3409 3757 3576 3796 naves

1991 3841 2044 3896 in
2071 3840 2209 3894 vado
2236 3838 2482 3893 fervente
2525 3843 2849 3904 tempestate
2876 3838 3172 3905 agitantur.
3205 3833 3340 3887 Nam
3367 3834 3413 3888 si
3442 3834 3578 3888 vado

1989 3931 2222 4003 scopulis
2242 3929 2400 4000 pleno
2425 3926 2580 3998 palus
2605 3934 2859 3996 ponatur,
2889 3926 2977 3980 cui
3006 3940 3172 3981 naves
3191 3925 3334 3985 loris
3357 3925 3578 3994 alligen-

1993 4035 2112 4092 tur;
2162 4037 2273 4092 quo
2324 4019 2538 4092 longius
2585 4035 2616 4072 a
2671 4017 2793 4088 palo
2841 4017 3067 4082 fuerint,
3098 4033 3200 4088 ego
3243 4016 3462 4087 gravius
3494 4016 3575 4069 in-

1991 4122 2220 4186 gruente
2245 4119 2570 4182 tempestate
2613 4108 2897 4166 ferientur.
2926 4107 3142 4174 Quanto
3171 4122 3302 4163 vero
3330 4107 3579 4178 proprius

1991 4220 2248 4263 connexce
2277 4203 2498 4268 fuerint,
2538 4209 2684 4256 tanto
2723 4200 2906 4256 minus
2935 4200 3259 4270 gravitatem
3288 4207 3575 4268 tempesta.

1994 4299 2062 4353 tis
2099 4297 2357 4352 sentient.
2409 4294 2500 4350 Sic
2533 4295 2722 4364 utique
2753 4293 2847 4364 qui
2875 4308 2904 4348 a
2943 4292 3026 4349 sui
3060 4291 3268 4363 prtelati
3299 4289 3445 4360 iusta
3479 4305 3576 4344 vo—

297 4390 506 4445 ‘dientia
543 4388 819 4445 contraria
869 4397 1014 4445 sunt.
1064 4388 1264 4444 Harum
1316 4391 1487 4446 media
1526 4402 1610 4448 est
1651 4393 1884 4451 licentia.
1920 4387 1964 4442 D
1990 4386 2195 4443 luntate
2225 4385 2510 4450 alienatur,
2536 4383 2724 4454 procul
2750 4382 2916 4439 dubio
2939 4383 2992 4437 in
3030 4381 3262 4463 prppria:
3292 4380 3582 4436 voluntatis

309 4480 411 4548 Qui
463 4495 592 4551 ergo
626 4479 742 4534 vult
791 4479 932 4549 quod
980 4479 1117 4535 velle
1166 4496 1270 4534 non
1320 4481 1499 4545 debet,
1559 4498 1658 4539 nec
1708 4496 1888 4540 tamen

311 4572 486 4641 ipsum
507 4571 644 4626 velle
663 4570 765 4626 nisi
783 4571 1093 4636 praemissus
1116 4570 1258 4627 facto
1282 4571 1392 4626 vult
1413 4573 1740 4644 adimplere;
1764 4576 1892 4631 obe-

311 4662 511 4720 dientia
534 4679 694 4734 quam
736 4663 789 4717 in
821 4663 926 4719 hoc
961 4662 1237 4734 amplexus
1266 4671 1370 4728 est,
1410 4663 1584 4733 ipsum
1610 4666 1895 4721 excusabit

314 4753 514 4809 factum
546 4769 561 4819 ;
602 4757 697 4810 sed
730 4754 867 4810 velle
895 4755 1036 4824 quod
1076 4765 1266 4811 contra
1294 4754 1654 4809 obedientiam
1683 4755 1893 4823 habuit,

314 4843 692 4916 periculosum,
729 4845 832 4900 nisi
879 4845 1214 4916 paenituerit,
1249 4845 1351 4900 crit
1403 4847 1451 4902 ei
1481 4864 1494 4900 ε
1547 4848 1688 4917 quod
1721 4849 1898 4903 minus

315 4936 533 5007 quidam
562 4937 905 4992 attendentes
950 4935 1162 4991 licentia
1206 4952 1347 5006 εωρο
1378 4936 1655 4993 falluntur.
1695 4937 1901 4994 Caven-

316 5039 395 5083 tes
441 5027 626 5098 itaque
671 5043 738 5084 ne
769 5029 889 5098 plus
933 5042 1088 5099 mquo
1117 5028 1348 5084 licentia:
1398 5031 1715 5092 innitentur,
1768 5045 1900 5100 quo-

318 5123 462 5178 niam
504 5120 720 5192 quidem
750 5119 966 5176 licentia
1003 5121 1256 5191 quamvis
1294 5138 1508 5193 pmnam
1545 5123 1764 5188 minuit,
1796 5137 1902 5177 non

315 5229 436 5269 eam
485 5221 664 5267 tamen
697 5227 763 5268 ex
807 5222 918 5268 toto
946 5212 1175 5283 repellit.
1207 5211 1427 5268 Noverit
1454 5215 1580 5285 quia
1609 5214 1739 5269 nulli
1787 5223 1906 5268 tan-

318 5313 434 5360 tum
460 5304 614 5359 timet
641 5305 888 5360 diabolus
924 5304 1378 5376 appropinquare,
1409 5315 1672 5374 quantum
1716 5305 1789 5359 illi
1813 5305 1907 5375 qui

317 5408 355 5451 ι
400 5393 674 5451 voluntate
702 5396 908 5464 prtelati
951 5396 1034 5452 sui
1095 5411 1372 5466 nunquam
1415 5397 1530 5452 vult
1577 5398 1905 5467 discrepare.

320 5485 458 5542 Nam
502 5485 644 5542 sicut
681 5486 769 5542 fur
797 5489 887 5558 qui
915 5488 1126 5542 furatur
1161 5488 1237 5543 illi
1271 5489 1364 5558 qui
1395 5505 1455 5545 se
1501 5505 1532 5544 a
1577 5491 1659 5546 sui
1699 5489 1910 5560 praelati

323 5578 638 5648 cognitione
679 5579 820 5635 celat
863 5581 1232 5636 indubitanter
1261 5597 1422 5652 prava
1454 5598 1596 5652 saepe
1649 5583 1907 5653 suggerit.

329 5670 408 5728 llli
439 5685 572 5728 vero
603 5669 694 5743 qui
736 5685 794 5728 se
825 5671 1048 5743 praelato
1079 5673 1256 5743 qualis
1299 5676 1367 5730 sit
1398 5675 1657 5740 ostendit,
1688 5674 1810 5744 quia
1845 5675 1911 5730 ab

1991 4480 2169 4535 studio
2215 4476 2602 4549 periclitatur;
2657 4489 2762 4531 nec
2807 4475 2904 4530 Dei
2957 4474 3224 4530 voluntati
3285 4473 3583 4536 concorda-

1991 4573 2104 4638 bit,
2156 4569 2394 4641 quandiu
2440 4583 2472 4622 a
2504 4567 2784 4623 voluntate
2811 4567 3015 4622 .vicarii
3059 4566 3156 4623 Dei
3207 4565 3581 4621 discordabit:

1992 4666 2142 4720 vices
2169 4663 2314 4718 enim
2365 4661 2461 4717 Dei
2505 4660 2772 4731 gerendas
2805 4659 3031 4730 suscipit
3058 4659 3366 4729 quicunque
3401 4659 3454 4714 in
3486 4659 3588 4713 Ee-

1997 4755 2162 4812 clcsia
2192 4753 2285 4809 Dei
2319 4750 2531 4807 culmen
2556 4751 2885 4821 prmlationis
2905 4749 3162 4811 assumit;
3207 4758 3263 4805 et
3311 4749 3588 4820 qualicun-

2000 4861 2107 4918 que
2139 4845 2298 4901 modo
2329 4843 2460 4897 illud
2481 4842 2764 4912 suscipiat,
2794 4842 2884 4897 ille
2909 4842 3112 4896 videat.
3152 4839 3322 4906 Quem
3367 4840 3587 4908 quidem

2000 4955 2106 4994 non
2129 4947 2211 4993 cst
2233 4951 2412 4991 meum
2432 4933 2697 5002 iudicare,
2720 4934 2813 4989 sed
2837 4933 2956 5003 eius
2977 4931 3226 5002 imperio,
3252 4931 3296 4985 si
3327 4930 3586 5000 iniustum

2001 5047 2108 5086 non
2132 5028 2311 5091 fuerit,
2326 5027 2720 5092 obtemperare,
2734 5023 2944 5079 dicente
2957 5022 3209 5077 Domino:
3227 5018 3396 5089 Super
3415 5021 3592 5072 cat/te-

2003 5122 2156 5176 dram
2184 5118 2354 5189 Moysi
2376 5117 2619 5170 sederunt
2643 5115 2844 5170 Scriba:
2861 5124 2908 5168 et
2925 5111 3207 5166 Pharism‘.
3224 5109 3592 5177 Quodcunque

2007 5227 2139 5284 ergo
2162 5210 2406 5267 dixerint
2440 5207 2615 5274 vobis,
2647 5206 2845 5272 facite;
2876 5219 2998 5274 quae
3035 5211 3218 5256 autem
3247 5198 3475 5267 faciunt,
3509 5198 3592 5253 fa-

2009 5321 2134 5360 cere
2156 5303 2340 5358 nolite.
2365 5301 2434 5356 Et
2461 5297 2758 5370 Apostolus
2783 5297 2858 5351 ait
2876 5303 2897 5350 ':
2931 5295 3009 5350 Tu
3035 5296 3151 5368 quis
3193 5309 3247 5348 es
3268 5293 3359 5362 qui
3375 5291 3594 5362 iudicas

2011 5401 2241 5454 alienum
2269 5415 2494 5453 servum.
2538 5394 2647 5452 Suo
2675 5394 2886 5448 domino
2929 5400 3031 5446 stat
3072 5402 3164 5445 aut
3199 5390 3364 5454 cadit,
3396 5398 3444 5443 et
3491 5406 3594 5443 non

2016 5503 2090 5546 est
2113 5502 2341 5563 potestas
2367 5493 2467 5547 nisi
2493 5508 2526 5546 a
2567 5489 2697 5554 Deo,
2723 5503 2840 5558 qua:
2865 5495 3041 5540 autem
3074 5501 3107 5539 a
3139 5484 3248 5538 Deo
3274 5492 3417 5550 sunt,
3449 5485 3595 5537 ordi-

2019 5592 2143 5637 nata
2171 5592 2314 5636 sunt.
2357 5582 2462 5648 Qui
2496 5595 2616 5651 ergo
2647 5576 2888 5648 potestati
2910 5575 3123 5641 resistit,
3148 5573 3249 5628 Dei
3275 5572 3597 5628 ordinationi

2021 5673 2230 5734 resistit.
2268 5673 2331 5728 Et
2362 5671 2488 5728 alibi
2523 5688 2534 5725 ;
2572 5667 2812 5735 Fratres,
2845 5664 3002 5721 nolite
3037 5662 3218 5754 plures
3249 5663 3490 5734 magistri
3521 5661 3595 5731 ef.
