3906 6058
341 264 480 320 1019

679 262 739 319 S.
779 262 1082 321 ANSELMI
1119 261 1473 319 CANTUAR.
1510 260 1831 318 ARClllEP.
1869 258 2024 318 OPP.
2057 255 2234 313 ΡΛΙῶ
2270 256 2334 315 ll.
2371 286 2443 299 —
2481 253 2850 311 PARIENET.
2892 253 2981 310 ET
3019 253 3265 312 ASCET.

3466 256 3487 311 Ι
3501 255 3603 314 ΟΞΟ

338 377 452 446 ﬁci,
493 391 552 429 ut
579 391 682 429 non
711 378 762 429 in
779 374 1043 444 judicium
1085 373 1350 428 incidatis.
1396 372 1652 445 Magister
1690 375 1923 430 ellicitur
1950 375 1998 434 Α
2031 371 2204 436 ﬁdelis
2234 372 2412 427 anima
2444 372 2496 426 in
2527 373 2800 427 voluntate
2825 367 2918 424 sua
2949 370 3169 440 proprio
3199 340 3456 440 appetitui
3495 390 3602 429 non

339 466 430 536 qui
459 467 540 521 sui
574 465 803 522 rectoris
835 465 976 518 facta
1009 465 1302 521 indiscrete
1346 466 1713 534 reprehendit.
1761 467 1916 522 Unde

344 560 398 614 in
422 559 683 629 judicium
717 557 807 611 Dei
847 557 1056 622 incidit,
1087 557 1212 628 quia
1245 558 1485 613 indebite
1517 558 1618 613 sibi
1659 559 1917 630 magiste-

347 651 488 703 rium
517 648 828 718 usurpabit;
865 649 1008 717 quod
1038 647 1194 703 valde
1224 657 1306 703 est
1331 649 1648 709 cavendum,
1687 650 1813 718 quia
1843 649 1922 703 ni-

341 741 446 794 mis
479 739 808 793 horrendum
838 749 921 794 est
951 740 1192 795 incidere
1231 739 1281 793 in
1312 754 1505 794 manus
1547 740 1637 794 Dei
1670 739 1916 796 viventis.

344 827 403 883 Si
439 844 568 884 vero
614 829 758 886 facta
805 829 981 886 Patris
1023 831 1442 902 rrprehensioue
1492 834 1649 903 digna
1700 833 1917 902 fuerim,

343 919 541 975 leniter
567 929 622 974 et
652 921 892 977 modeste
920 931 1040 976 cum
1072 922 1373 977 reverentia
1401 922 1748 994 deprecetur.
1775 925 1922 980 Scri-

339 1019 491 1082 ptum
519 1012 715 1082 quippe
747 1021 867 1067 est:
903 1012 1171 1068 Seniorem
1225 1029 1286 1068 ne
1312 1014 1680 1084 increpaveris,
1717 1017 1806 1070 sed
1833 1018 1924 1072 ob-

341 1119 489 1158 secra
516 1117 569 1158 ut
598 1114 820 1176 patrem.

956 1194 1184 1258 CAPUT
1222 1196 1306 1252 Ill.

586 1290 666 1346 De
703 1291 964 1345 munditia
1008 1292 1181 1346 cordis
1213 1291 1322 1346 Deo
1357 1293 1669 1348 ett-hibenda.

412 1381 524 1437 Deo
553 1392 736 1437 autem
773 1382 1095 1437 munditiam
1125 1383 1304 1438 cordis
1334 1385 1657 1439 servandam
1691 1399 1811 1440 esse
1843 1385 1921 1441 di-

344 1474 542 1528 ximus.
567 1474 681 1544 lpse
707 1475 851 1529 enim
878 1474 1026 1530 solus
1048 1482 1319 1530 scrutator
1344 1483 1426 1530 est
1447 1475 1649 1539 cordis,
1673 1476 1764 1545 qui
1792 1492 1922 1532 con-

344 1564 487 1618 ditor
512 1571 596 1618 est
620 1563 817 1618 mentis
849 1573 903 1618 et
940 1564 1207 1632 corporis.
1238 1563 1412 1619 liomo
1442 1579 1539 1619 cor
1578 1565 1812 1620 hominis
1843 1567 1923 1620 vi-

340 1651 470 1707 dere
499 1666 605 1705 non
634 1660 848 1721 potest;
879 1653 1004 1720 quia
1030 1667 1187 1706 nemo
1213 1653 1357 1706 novit
1385 1668 1503 1722 qua:
1531 1664 1656 1708 sunt
1685 1657 1920 1712 hominis

2023 465 2350 531 consentiat,
2388 461 2504 534 ejus
2539 463 2952 534 permissionem
2994 477 3100 517 non
3145 463 3390 532 recipiat,
3437 467 3600 519 verba

2020 556 2161 611 illius
2187 565 2518 624 contemnat,
2563 556 2707 610 nulla
2753 555 2899 610 illius
2931 555 3299 609 blandimenta
3329 557 3596 612 admittat.

2021 647 2076 703 Si
2105 649 2206 704 hoc
2240 647 2448 713 fecerit,
2474 648 2705 703 amicam
2729 662 2984 717 sponsam
3015 647 3130 702 sine
3160 647 3514 718 ambiguitate
3541 666 3600 706 se

2021 738 2112 793 Dei
2142 739 2442 795 constituit.
2475 737 2531 793 Si
2561 754 2690 794 vero
2728 737 2930 793 illicitis
2966 739 3293 809 appetitibus
3319 755 3602 796 consense-

2020 831 2124 896 rit,
2159 846 2262 886 non
2307 845 2526 902 Sponsa,
2561 831 2658 886 sed
2706 830 2951 886 adultera
2994 831 3295 886 vocabitur.
3347 831 3605 887 Voluntas

2020 940 2150 996 ergo
2178 933 2360 981 nostra
2391 925 2462 979 sit
2491 924 2713 988 munda,
2747 933 2805 977 ut
2827 933 3050 978 vocetur
3075 933 3129 978 et
3154 923 3226 978 sit
3262 924 3348 978 Dei
3382 939 3603 994 sponsa,

2020 1016 2218 1071 nullius
2243 1014 2600 1070 immunditia:
2630 1022 3017 1083 corrumpatur
3046 1013 3278 1078 macula,
3309 1031 3376 1069 ne
3403 1014 3605 1070 efﬁcia-

2022 1115 2109 1162 tur
2147 1105 2408 1160 adultera.
2461 1105 2708 1172 Quandiu
2740 1103 3007 1159 voluntati
3037 1104 3133 1159 Dei
3183 1105 3474 1170 consentit,
3519 1114 3608 1158 est

2021 1199 2218 1253 munda
2242 1206 2296 1254 et
2319 1211 2550 1269 sponsa;
2579 1197 2797 1266 quando
2820 1212 2948 1251 vero
2981 1211 3008 1251 a
3041 1196 3320 1251 voluntate
3350 1197 3464 1266 ejus
3492 1196 3606 1251 dis-

2021 1289 2209 1358 sentit,
2259 1288 2656 1359 corrumpitur,
2705 1288 3042 1352 maculatur,
3090 1287 3408 1344 fornicatur.
3457 1286 3609 1343 Solet

2021 1380 2337 1450 contingere
2390 1393 2775 1448 nonnunquam
2813 1387 2872 1433 ut
2920 1378 3116 1448 aliquis
3164 1377 3289 1432 dum
3329 1377 3606 1432 munditiae

2022 1474 2204 1529 cordis
2244 1472 2475 1528 voluerit
2519 1473 2740 1528 studere
2763 1511 2778 1537 ,
2809 1471 3114 1527 immundos
3158 1482 3211 1526 et
3241 1471 3607 1527 exsecrabiles

2021 1563 2291 1633 cogitatus
2320 1576 2462 1632 smpc
2484 1560 2702 1625 habeat,
2735 1574 2871 1630 quos
2901 1561 3026 1630 quia
3057 1560 3280 1614 nimium
3315 1561 3468 1615 audit
3511 1577 3606 1616 se-

2022 1654 2314 1724 metipsum
2355 1667 2421 1708 eo
2457 1654 2600 1721 quod
2648 1651 2756 1707 tale
2799 1651 2928 1720 quid
2958 1651 3057 1706 sibi
3085 1651 3137 1705 in
3167 1660 3400 1706 mentem
3431 1653 3606 1717 venit,

339 1741 444 1796 nisi
473 1742 696 1812 spiritus
740 1743 972 1797 hominis
1003 1745 1095 1813 qui
1127 1745 1178 1798 in
1227 1746 1344 1814 ipso
1387 1721 1492 1801 est.
1525 1746 1668 1803 Deus
1713 1758 1917 1816 autem,
1953 1721 1998 1782 Β
2023 1721 2264 1814 graviter
2296 1741 2664 1812 reprehendit,
2703 1741 2910 1810 judicat
2939 1750 2993 1795 et
3022 1742 3346 1796 condemnat
3379 1761 3390 1795 :
3420 1744 3609 1811 sicque

339 1833 426 1886 cui
455 1833 600 1887 nulla
628 1845 847 1904 peccata
873 1835 1064 1900 latent,
1098 1852 1194 1891 cor
1215 1837 1448 1892 hominis
1477 1846 1532 1892 et
1563 1840 1919 1898 intentionem

2023 1849 2145 1891 sese
2184 1833 2527 1904 corripiendo
2569 1841 2766 1889 tractat
2792 1834 2997 1889 miser:
3030 1831 3138 1902 Ego
3167 1833 3293 1902 quid
3326 1834 3558 1904 cogitavi
3583 1835 3609 1887 ἲ

338 1923 508 1980 libere
555 1924 720 1981 videt.
775 1924 928 1992 Quod
977 1928 1068 1996 qui
1118 1927 1375 1982 mundum
1429 1928 1700 1996 habuerit,
1748 1931 1919 1988 Deum
1988 1923 2325 2000 ‘Quidfeci?
2354 1924 2492 1992 Quid
2530 1923 2866 1995 sensilproh
2889 1925 3067 1980 dolor!
3100 1925 3422 1995 quomodoa
3453 1934 3607 1980 tanta

339 2016 526 2072 videre
552 2018 782 2087 poterit;
817 2018 908 2088 qui
937 2034 1066 2074 vero
1090 2022 1345 2075 mundum
1377 2037 1480 2077 non
1507 2023 1778 2089 habuerit,
1804 2025 1924 2081 sine

340 2107 505 2162 dubio
535 2107 704 2164 Deum
737 2107 923 2164 videre
961 2109 1109 2165 nullo
1141 2111 1301 2166 modo
1329 2112 1550 2181 poterit.
1587 2107 1818 2170 Necesse
1841 2121 1926 2170 est

338 2214 468 2270 ergo
497 2208 554 2254 ut
577 2196 870 2271 puritatem
903 2201 1084 2256 cordis
1116 2202 1316 2258 habeat
1343 2203 1590 2274 quisquis
1620 2205 1787 2260 Deum
1821 2205 1922 2258 ha-

337 2292 627 2347 bitatorem
669 2292 720 2348 in
752 2308 810 2348 se
837 2292 1038 2350 habere
1077 2293 1350 2349 desiderat
1381 2313 1394 2349 :
1428 2311 1588 2366 quem
1621 2295 1798 2350 nullus
1826 2295 1924 2352 ba-

339 2383 472 2439 bere
498 2382 694 2453 quibit,
724 2384 828 2440 nisi
863 2399 960 2440 cor
981 2399 1138 2440 suum
1166 2400 1195 2440 a
1226 2393 1440 2442 terrena
1479 2388 1776 2458 cupiditate
1796 2403 1923 2444 eva-

337 2475 602 2540 cuaverit,
629 2482 686 2530 et
711 2491 897 2532 amore
921 2477 1124 2533 Christi
1150 2477 1328 2533 calere
1350 2478 1632 2534 studuerit.
1663 2479 1720 2534 ln
1754 2496 1924 2551 quan-

337 2571 452 2618 tum
499 2566 644 2620 enim
695 2567 817 2634 quis
870 2568 1127 2621 mundum
1183 2567 1454 2635 dilexerit,
1484 2569 1536 2623 in
1588 2579 1796 2625 tantum
1853 2572 1922 2628 ab

340 2668 528 2709 amore
557 2655 763 2710 caelesti
790 2670 994 2711 vacuus
1023 2656 1147 2711 erit.
1176 2657 1243 2712 Et
1269 2666 1421 2714 tanto
1447 2660 1619 2728 magis
1645 2659 1920 2716 Christum

338 2744 572 2814 quisque
608 2746 830 2811 deserit,
868 2756 1073 2816 quanto
1113 2749 1287 2818 magis
1320 2751 1601 2820 peccando
1638 2765 1668 2804 a
1708 2751 1919 2820 justitia

340 2833 435 2888 Dei
469 2835 693 2891 recedit.
744 2834 883 2901 Quid
929 2837 1072 2892 enim
1121 2839 1370 2908 cuiquam
1404 2841 1623 2910 prodest
1653 2841 1794 2908 quod
1828 2843 1922 2897 ba-

337 2926 599 2998 ptizatur,
637 2927 681 2984 si
715 2943 820 2984 non
839 2927 1206 2997 justiﬁcatur?
1227 2929 1480 2986 Profecto
1508 2931 1596 2987 ille
1623 2932 1714 3002 qui
1738 2933 1873 2987 dixit
1903 2949 1918 2988 :

339 3015 460 3071 Nisi
485 3020 602 3087 quis
628 3029 838 3075 renatus
862 3021 1020 3090 fuerit
1043 3037 1110 3075 ea:
1136 3038 1273 3092 aqua
1293 3032 1340 3076 et
1367 3022 1570 3092 Spiritu
1591 3034 1792 3092 sancto,
1817 3043 1920 3081 non

337 3106 555 3161 intrabit
594 3109 648 3162 in
679 3125 893 3180 regnum
927 3110 1045 3178 Dei,
1077 3111 1192 3182 ipse
1213 3111 1376 3166 etiam
1401 3113 1536 3168 dixit
1563 3129 1577 3167 :
1607 3112 1730 3169 Nisi
1753 3115 1922 3170 abun-

336 3199 538 3254 daverit
553 3201 769 3271 justitia
800 3212 970 3257 vestra
995 3203 1275 3275 plusquam
1309 3203 1618 3260 Scribarum
1646 3217 1694 3261 et
1723 3204 1920 3262 Phari-

338 3306 587 3356 saeorum,
625 3309 729 3348 non
756 3295 1019 3350 intrabitis
1060 3298 1115 3351 in
1163 3314 1378 3368 regnum
1426 3299 1694 3356 caelorum.
1741 3301 1921 3368 Quare

341 3382 507 3453 igitur
529 3385 682 3439 multi
710 3387 949 3443 timendo
981 3389 1107 3443 illud
1138 3391 1393 3446 festinant
1426 3393 1708 3463 baptizari,
1737 3405 1792 3450 et
1818 3401 1919 3454 hoc

338 3485 444 3525 non
469 3472 714 3530 timendo
741 3477 965 3532 minime
987 3475 1314 3550 justiﬁeari’?
1347 3481 1544 3551 Utique
1570 3483 1709 3538 Deus
1730 3487 1919 3542 obser-

335 3561 518 3615 vantia
546 3565 925 3620 mandatorum
963 3583 1182 3622 suorum
1215 3569 1330 3624 vult
1361 3571 1505 3625 illum
1527 3573 1834 3640 iustiﬁcari,
1865 3589 1920 3634 et

340 3663 399 3703 se
427 3651 613 3739 abillo
636 3654 829 3717 amari,
864 3655 916 3709 in
942 3657 1106 3714 corde
1141 3660 1297 3730 cujus
1326 3663 1439 3732 ipse
1476 3663 1700 3720 deberet
1735 3667 1920 3739 hospi-

338 3739 462 3793 tari.
480 3738 612 3794 Nam
637 3741 778 3798 sicut
797 3743 921 3800 thus
944 3747 1011 3801 ad
1035 3746 1284 3804 olendum
1314 3751 1450 3822 ignis
1468 3756 1615 3824 cupit
1640 3738 1913 3826 ardorem,

336 3826 408 3880 ita
437 3829 503 3882 ad
530 3829 914 3900 hospitandum
943 3834 1086 3892 Deus
1120 3836 1270 3908 cupit
1296 3843 1500 3898 amoris
1522 3847 1779 3900 calorem.
1813 3847 1914 3914 Qui

333 3931 464 3988 ergo
493 3918 662 3976 Deum
691 3922 742 3977 in
773 3939 832 3979 se
861 3926 1121 3995 hospitari
1153 3930 1446 3996 desiderat,
1479 3934 1820 4004 disciplinam
1845 3938 1914 3994 ab

335 4005 540 4064 illicitis
573 4010 879 4068 abstinendi
925 4017 1047 4071 sine
1076 4018 1294 4091 ﬁctione
1321 4025 1707 4090 apprehendat.
1743 4025 1912 4097 Spiri-

337 4103 424 4151 tus
449 4099 594 4154 enim
624 4100 718 4156 Dei
743 4103 1042 4174 disciplinae
1064 4107 1282 4180 ell‘ugiet
1307 4110 1513 4178 ﬁctum,
1541 4122 1595 4169 et
1621 4117 1915 4186 corripitur

2022 2016 2386 2083 immunditia,
2421 2032 2450 2071 a
2482 2026 2592 2071 tam
2643 2015 2852 2072 nefario
2884 2017 3121 2088 cogitatu
3170 2024 3359 2086 potero
3402 2032 3608 2086 expur-

2023 2107 2174 2178 gari?
2202 2105 2391 2163 Timeo
2422 2107 2621 2177 celare,
2649 2108 2812 2164 timeo
2854 2108 2988 2163 illud
3013 2109 3275 2163 revelare.
3305 2108 3433 2163 Tale
3475 2110 3608 2178 quid

2021 2212 2130 2252 non
2159 2198 2331 2253 solum
2362 2216 2468 2254 non
2497 2201 2700 2264 dicere,
2724 2199 2815 2254 sed
2847 2216 2946 2254 nec
2973 2201 3138 2254 etiam
3170 2201 3238 2256 ab
3277 2201 3458 2272 aliquo
3490 2202 3606 2256 vel-

2022 2288 2127 2344 lem
2153 2288 2364 2345 audire.
2411 2289 2660 2356 Qualiter
2688 2292 2852 2362 igitur
2882 2293 3042 2345 talem
3086 2291 3399 2362 spurcitiam
3429 2293 3609 2346 nomi-

2022 2382 2197 2437 nabo?
2245 2380 2338 2437 Sic
2367 2384 2508 2453 apud
2552 2399 2610 2439 se
2662 2383 2785 2439 dum
2819 2384 3182 2454 angustiatur,
3224 2385 3349 2439 dum
3405 2393 3610 2440 tractat

2023 2473 2166 2543 quod
2216 2472 2401 2529 videre
2451 2473 2644 2540 nollet,
2690 2474 2861 2542 magis
2913 2474 3190 2546 magisque
3237 2475 3606 2546 impugnatur,

2023 2562 2336 2630 tribulatur,
2377 2579 2479 2621 nec
2507 2564 2789 2620 liberatur.
2819 2565 3015 2622 Verum
3049 2581 3154 2620 non
3192 2565 3275 2622 sic
3308 2581 3366 2621 se
3390 2565 3605 2634 habeat,

2024 2657 2068 2711 si
2091 2656 2309 2712 liberari
2339 2658 2634 2714 desiderat.
2665 2657 2802 2725 Quid
2828 2673 2956 2730 ergo
2985 2657 3178 2713 faciet?
3202 2658 3440 2714 Intende.
3471 2657 3606 2714 Cum

2025 2751 2078 2805 id
2109 2749 2250 2820 quod
2286 2759 2604 2806 exsecratur
2631 2749 2836 2814 videre,
2879 2765 3002 2806 eum
3039 2751 3466 2820 impugnaverit,
3520 2752 3605 2806 ni-

1978 2860 1981 2863 ·
2023 2841 2300 2910 miumque
2326 2840 2691 2910 importunum
2731 2839 2926 2906 fuerit;
2972 2839 3257 2910 despiciat,
3286 2856 3392 2895 non
3427 2849 3606 2896 atten-

1947 3075 1989 3134 C

2025 2933 2158 2998 dat,
2198 2945 2481 2988 assensum
2525 2947 2632 2987 non
2680 2931 2960 3000 praebeat,
3015 2931 3081 2985 ad
3127 2929 3272 2986 aliud
3315 2931 3610 3000 cogitatum

2023 3038 2178 3078 suum
2209 3031 2407 3090 vertat,
2437 3021 2596 3077 alicui
2630 3023 2708 3078 rei
2760 3021 3023 3077 facienda:
3054 3021 3316 3086 intendat,
3344 3037 3448 3076 non
3483 3022 3614 3092 plus

2021 3122 2175 3170 curet
2196 3114 2240 3169 si
2273 3113 2462 3170 nolens
2493 3113 2620 3182 quid
2645 3114 2831 3180 sentit,
2867 3129 3028 3183 quam
3060 3113 3102 3168 si
3141 3113 3331 3183 papilio
3353 3113 3457 3168 sibi
3494 3129 3613 3184 pra:

2018 3207 2190 3261 oculis
2229 3206 2437 3261 volitet.
2466 3204 2656 3260 Viator
2685 3206 2774 3274 qui
2805 3221 2836 3258 a
2880 3221 3016 3261 eane
3065 3203 3367 3266 infestatur,
3403 3204 3450 3258 si
3479 3202 3611 3259 sub-

2018 3298 2239 3362 stiterit,
2284 3307 2339 3352 et
2379 3313 2440 3359 se
2462 3296 2529 3352 ab
2559 3296 2676 3366 ejus
2721 3296 3132 3368 importunitate
3163 3294 3480 3358 defenderit,
3516 3310 3606 3350 ca-

2018 3401 2141 3442 nem
2179 3385 2630 3456 importuniorem
2681 3383 2828 3440 illico
2878 3385 3109 3452 sentiet;
3166 3384 3212 3440 si
3259 3391 3440 3439 autem
3484 3381 3604 3452 ejus

2017 3477 2243 3533 latratus
2271 3476 2556 3548 despiciat,
2590 3479 2788 3534 transit
2828 3485 2884 3534 et
2911 3491 3017 3532 non
3059 3475 3307 3539 attendit,
3339 3489 3461 3529 mox
3489 3489 3605 3529 om-

2017 3569 2102 3624 nis
2153 3569 2492 3640 impugnatio
2533 3570 2622 3625 illa
2672 3571 2868 3626 canina
2924 3568 3194 3639 quiescit,
3249 3567 3391 3622 unde
3425 3565 3606 3620 viator

2017 3657 2187 3712 libere
2214 3659 2430 3714 transit.
2457 3659 2549 3714 Sic
2573 3660 2664 3729 qui
2686 3659 2869 3715 cordis
2890 3658 3209 3713 munditiam
3246 3657 3449 3713 habere
3470 3671 3604 3710 con-

2016 3749 2209 3817 tendit,
2248 3765 2414 3806 vanos
2441 3761 2497 3807 et
2519 3750 2889 3807 infructuosos
2913 3751 3027 3806 sive
3062 3750 3371 3804 immundos
3401 3748 3606 3820 cogita-

2018 3850 2104 3897 tus
2127 3842 2422 3914 despiciat,
2466 3859 2563 3901 cor
2590 3859 2748 3899 suum
2773 3851 3004 3906 avertat,
3034 3856 3249 3898 omnem
3281 3842 3602 3911 impugnan-

2016 3933 2145 3988 tiam
2169 3934 2315 3989 illam
2344 3951 2506 4005 quam
2543 3935 2690 3992 intus
2720 3935 2923 4006 patitur
2949 3949 3048 4004 pro
3092 3933 3261 3989 nihilo
3287 3933 3467 3997 ducat,
3493 3947 3601 3987 non

2013 4025 2236 4081 reiteret
2263 4027 2539 4096 pensando
2563 4027 2704 4097 quod
2743 4027 3002 4096 cogitavit
3028 4045 3043 4081 :
3074 4028 3170 4082 sed
3192 4027 3405 4098 penitus
3427 4027 3605 4096 deSpi-

2014 4120 2122 4174 ciat
2155 4119 2416 4190 quidquid
2446 4119 2572 4175 mali
2603 4120 2783 4176 minus
2805 4129 2962 4176 caute
2991 4119 3322 4191 pensavcrit.
3347 4117 3601 4174 Nondum

335 4201 366 4240 a
413 4192 830 4285 superveniente
871 4194 1176 4265 iniquitate.
1229 4198 1346 4254 Non
1403 4203 1550 4258 enim
1597 4206 1912 4264 cohabitare
2012 4213 2157 4269 enim
2189 4213 2518 4269 damnantur
2562 4214 2654 4285 qui
2683 4222 2812 4270 sunt
2844 4214 2896 4269 in
2943 4213 3049 4268 ﬁde
3079 4211 3289 4268 Domini
3319 4209 3469 4278 Jesu,
3503 4212 3605 4282 qui

334 4289 562 4347 possunt
604 4281 866 4354 iniquitas
904 4294 960 4340 et
1007 4288 1232 4356 spiritus
1261 4290 1376 4356 Dei,
1402 4293 1493 4361 qui
1536 4302 1592 4349 et
1616 4312 1772 4351 amor
1803 4308 1907 4354 est.

2015 4305 2309 4360 secundum
2340 4320 2556 4362 carnem
2593 4321 2700 4360 non
2731 4306 2936 4361 vivunt.
2976 4303 3180 4361 Taliter
3205 4305 3249 4360 si
3279 4304 3603 4370 vixerimus,

332 4368 838 4477 Ρὺίουηαιιθ-εηιιξτ
865 4374 960 4432 Dei
983 4378 1305 4477 _bospi_latus
1344 4382 1528 4477 fuerit,
1572 4395 1628 4440 et
1668 4388 1713 4443 is
1739 4389 1830 4458 qui
1859 4389 1908 4445 ei
1947 4423 1989 4477 ι)
2015 4397 2175 4466 hujus
2229 4399 2305 4453 rei
2354 4398 2588 4454 studium
2617 4399 2662 4452 si
2693 4398 3062 4462 habuerimus,
3097 4397 3231 4452 tales
3266 4411 3366 4452 nos
3411 4368 3604 4451 coram

333 4459 509 4516 locum
540 4465 853 4532 praebuerit,
883 4477 940 4522 et
981 4470 1034 4524 in
1067 4486 1127 4527 se
1155 4471 1330 4527 locum
1366 4475 1636 4546 iniquitati
1679 4481 1909 4549 dederit,

335 4554 522 4642 procul
549 4555 712 4611 dubio
734 4559 1044 4628 corripitur,
1080 4571 1135 4616 et
1160 4565 1478 4633 propellitur
1505 4584 1660 4624 amor
1686 4571 1772 4626 vel
1801 4573 1911 4642 spi-

332 4641 474 4697 ritus
499 4643 591 4698 Dei
618 4661 649 4700 a
681 4651 1094 4718 superveniente
1123 4653 1425 4724 iniquitate,
1459 4673 1559 4714 nec
1607 4641 1909 4718 remanebit

333 4731 380 4788 si
413 4747 518 4789 non
563 4739 934 4796 emendaverit
983 4743 1048 4798 ad
1096 4746 1178 4800 sui
1224 4747 1450 4818 hospitis
1492 4751 1801 4809 utilitatem.
1842 4755 1909 4810 Et

334 4825 552 4894 quidem
578 4845 684 4885 non
709 4843 1099 4891 convertuntur
1126 4854 1281 4894 amor
1301 4840 1393 4896 Dei
1422 4853 1476 4897 et
1505 4843 1780 4911 iniquitas.
1807 4847 1908 4914 Qui

331 4935 464 4993 ergo
489 4923 698 4980 Domini
721 4927 1084 4987 habitaculum
1107 4933 1249 4991 efﬁci
1277 4936 1525 5003 voluerit,
1553 4939 1731 4994 cordis
1758 4955 1909 4995 mun-

337 5013 526 5068 ditiam
555 5024 759 5084 teneat,
793 5023 1030 5078 carnalia
1061 5025 1326 5080 desideria
1355 5027 1539 5096 procul
1570 5029 1811 5097 repellat,
1843 5045 1909 5086 ac

335 5100 475 5157 sicut
496 5105 692 5162 mulier
719 5120 864 5164 casta
896 5126 1091 5180 sponsa
1122 5112 1293 5169 ﬁdelis
1324 5131 1446 5169 cum
1469 5117 1712 5173 adultero
1743 5119 1908 5174 collo-

332 5192 421 5261 qui
455 5193 700 5266 despicit,
745 5201 860 5271 ejus
882 5213 1088 5260 sccreta
1129 5204 1290 5260 verba
1313 5210 1630 5276 contemnit,
1656 5211 1788 5265 nihil
1814 5226 1908 5268 eo-

333 5297 451 5338 rum
495 5300 614 5357 quae
648 5291 919 5350 desiderat
957 5295 1095 5350 clam
1144 5295 1227 5352 vel
1275 5307 1462 5368 aperte
1493 5311 1792 5357 consentit
1827 5302 1909 5358 sic

2021 4489 2130 4545 Deo
2157 4489 2202 4542 si
2226 4488 2649 4554 exhibuerimus,
2667 4489 2782 4558 ejus
2807 4487 3196 4556 habitaculum,
3213 4486 3329 4556 ejus
3359 4487 3608 4557 hospites

2016 4579 2153 4636 ellici
2181 4581 2497 4650 poterimus.
2539 4579 2708 4647 Quem
2743 4581 2917 4635 donec
2946 4579 3174 4635 vivimus
3218 4580 3260 4633 si
3292 4578 3517 4649 diligere
3544 4587 3608 4632 et

2017 4674 2288 4729 honorare
2317 4682 2714 4744 satageremus;
2759 4673 2874 4742 ipse
2911 4673 3067 4729 nobis
3110 4673 3348 4743 quandiu
3396 4672 3646 4727 vixeri-‘

2015 4778 2154 4825 mus,
2183 4761 2354 4816 vicem
2391 4761 2694 4818 dilectionis
2741 4770 2796 4815 et
2845 4761 3271 4818 honoriﬁcentia:
3316 4775 3428 4815 suze
3479 4760 3612 4816 sine

2015 4851 2179 4905 dubio
2206 4851 2481 4918 rependet.
2531 4851 2731 4906 Eadem
2763 4851 2961 4920 quippe
2999 4864 3251 4906 mensura
3289 4864 3392 4920 qua
3423 4851 3608 4906 mensi

2013 4942 2298 5009 fuerimus,
2328 4943 2644 4998 remetielur
2679 4942 2835 4999 nobis
2857 4958 2954 5012 per
2971 4957 3090 4996 eum
3115 4941 3206 5011 qui
3240 4956 3297 4997 se
3322 4940 3470 4996 dedit
3499 4957 3612 5010 pro

2015 5036 2205 5100 nobis,
2245 5044 2302 5089 et
2347 5050 2376 5088 a
2417 5035 2676 5106 voragine
2714 5035 2905 5090 mortis
2953 5033 3224 5100 liberavit,
3263 5033 3356 5105 qui
3401 5049 3504 5089 nos
3543 5033 3606 5089 in

2011 5135 2210 5182 interna
2233 5127 2406 5196 patria
2437 5127 2842 5184 immortalitate
2878 5125 3185 5194 coronabit;
3219 5126 3306 5182 cui
3339 5126 3514 5182 honor
3543 5136 3609 5182 et

2012 5219 2178 5292 gloria
2215 5219 2268 5275 in
2306 5218 2523 5276 saecula.
2550 5218 2744 5276 Amen.
