3906 6058
1572 252 1991 314 TBACTATUS
2029 255 2422 316 ASCETICUS'.

3492 263 3635 320 [022

381 411 3639 445 Μ

1209 530 1590 594 MONITUM
1633 533 1713 593 IN
1757 531 2228 596 OPUSCULUM
2272 536 2801 611 SUBSEQUENS.

1327 697 1501 768 (Apud
1527 699 1833 766 Acusntun,
1865 695 2134 770 Spicileg.,
2165 708 2294 754 tom.
2323 701 2504 774 l,pag.
2530 703 2678 769 ΜΞ.)

444 934 606 1017 Beato
635 927 1308 1017 Anselmo‘Canttuariensi
1349 940 1760 1017 archiertiscopo
1789 942 2106 1017 Tractatum
2137 944 2433 1017 asceticum
2476 946 2695 1017 attribui
2729 947 2910 1016 potius
2940 947 3248 1015 conjectura
3275 964 3436 1017 quam
3482 958 3636 1004 certa

373 1005 797 1087 ﬁde;.nim‘i.rum
839 1005 902 1087 in_
933 1007 1311 1087 codicem_m_s.
1345 1005 1576 1087 _cm_nobii
1613 1005 1941 1087 SfEhrulfi,
1979 1014 2132 1087 varia
2181 1014 2443 1087 ejusdem
2473 1014 2530 1069 S.
2569 1005 2816 1071 Doctdris
2859 1005 3115 1087 opuscula
3160 1005 3634 1086 complectentem,

365 1090 490 1156 eum
523 1075 854 1140 incidissem,
889 1077 1122 1132 insertus
1144 1078 1227 1156 his
1260 1079 1388 1156 ipsis
1413 1079 1701 1156 Tractatus
1728 1081 1815 1156 ille
1839 1083 2108 1156 asceticus
2131 1075 2391 1156 occurrit.
2403 1084 2568 1156 Quod
2591 1102 2718 1141 vero
2745 1075 3060 1156 opusfzulutn
3089 1075 3228 1143 istud
3252 1075 3486 1143 A'nselmi
3513 1075 3638 1144 esse

301 1175 312 1208 ξ,
365 1145 561 1228 dubius
586 1161 705 1228 ego
735 1161 1026 1228 ‘asserant,
1075 1150 1218 1228 cogit
1270 1149 1570 1204 Eadmerus
1613 1150 1813 1228 in_ejus
1848 1154 1966 1208 Vita
1991 1195 2008 1228 ,_
2051 1155 2196 1228 cogit
2233 1155 2365 1228 item
2402 1145 2692 1228 B'ecceusis
2741 1145 3123 1228 chronologus,
3153 1160 3242 1228 qui
3285 1167 3535 1228 accurate
3572 1175 3638 1213 ac

304 1227 317 1263 ῖ
366 1215 674 1296 minutatim
724 1215 961 1270 Anseltni
1010 1215 1212 1296 scripta
1256 1215 1946 1296 recensentes_,_Tractatt_ts
1994 1215 2156 1296 hujus
2199 1225 2418 1279 ascetici
2461 1226 2758 1281 meminere
2801 1215 3239 1296 haudqtiaquat'u.
3283 1227 3483 1282 Deinde
3525 1230 3637 1282 An—

363 1285 516 1367 seltni
547 1285 752 1367 stylum
793 1285 1146 1367 nonuspirat',
1180 1303 1278 1344 nec
1319 1291 1572 1367 genium.‘
1594 1291 1678 1346 Sit
1711 1307 1850 1367 vero
1877 1285 2145 1367 Anselmi,
2177 1309 2370 1362 necne,
2404 1310 2593 1363 parum
2625 1296 2812 1367 refert,
2850 1285 3284 1367 quandoquidem
3333 1298 3638 1356 eruditione

360 1367 424 1410 ac
451 1356 650 1433 pietate
677 1356 751 1410 sit
772 1357 1046 1433 conditus,
1090 1368 1254 1433 atque
1296 1356 1362 1415 ad
1405 1362 1655 1433 ascetiege
1680 1363 1809 1433 vitm
1839 1356 2239 1418 institutionem
2278 1356 2614 1433 aptissimus.
2645 1366 2755 1422 Nec
2796 1356 2974 1422 tamen
3013 1356 3462 1422 dissimulandum
3513 1384 3632 1424 esse

360 1435 492 1494 puto
511 1423 884 1508 ,"Traetatum
915 1423 1333 1508 illunttuaxima
1364 1439 1520 1500 parte
1541 1447 1572 1486 e
1599 1431 1990 1508 collationibus
2017 1434 2241 1490 Patrum
2283 1423 2422 1503 apud
2448 1436 2764 1508 cassianum
2796 1437 2977 1508 fuisse
3000 1438 3068 1491 ab
3098 1439 3328 1508 ipsemet
3354 1437 3631 1508 Ansehno,

361 1508 457 1574 seu
493 1495 600 1549 alio
638 1496 876 1574 quolibet
921 1498 1188 1574 s_criptore
1216 1495 1544 1574 mutuatum,
1593 1502 1971 1569 collectnmve,
2001 1495 2330 1574 quanquam"
2353 1520 2460 1559 non
2496 1505 2709 1560 inficior
2737 1508 2788 1560 in
2819 1507 3074 1562 Anselmo
3118 1495 3207 1562 ine
3258 1507 3511 1561 nonnulla
3558 1495 3634 1562 le;

359 1563 506 1646 gisse
541 1563 667 1636 qua:
697 1565 750 1621 in
794 1566 897 1624 hoc
923 1563 1179 1625 Tractatu
1221 1563 1595 1641 reperiuntur,
1636 1574 1906 1644 praecipue
1949 1563 2071 1646 cap.
2101 1575 2137 1629 2
2165 1563 2430 1631 molarum
2472 1575 2882 1632 similitudinem
2921 1577 3096 1634 eidem
3139 1577 3288 1632 Patri
3325 1577 3634 1633 familiaris-

1070 2007 1075 2012 .
1208 1883 1878 2000 SANCTI
1955 1882 2775 2000 ANSELMI

1019 2093 1982 2247 TRACTATUS
2065 2113 2980 2247 ASCETICUS.

868 2330 1097 2389 CAPUT
1142 2329 1435 2387 PRIMUM.

627 2418 701 2476 De
740 2423 984 2476 monachi
1028 2421 1377 2476 destinatione
1411 2420 1494 2476 vel
1526 2420 1650 2490 ﬁne.

421 2510 622 2567 Omnes
673 2521 818 2565 artes
846 2524 910 2564 ac
943 2509 1242 2580 disciplinae
1285 2527 1476 2580 seOpon
1515 2507 1840 2579 quemdam,
1881 2505 1935 2562 id

349 2610 436 2658 est
479 2602 916 2668 destinationem,
950 2609 1007 2656 et
1051 2601 1212 2666 telas,
1244 2601 1296 2656 id
1324 2610 1407 2656 est
1440 2599 1598 2655 finem
1631 2598 1934 2669 proprium,

349 2691 572 2747 habent.
622 2690 703 2745 Ad
751 2705 912 2760 quem
964 2691 1264 2760 respiciens
1322 2689 1750 2758 uniuscujusque
1799 2687 1936 2742 artis

347 2780 646 2837 industrius
698 2783 989 2852 appetitor,
1044 2791 1269 2838 cunctos
1316 2781 1534 2837 labores
1588 2789 1644 2834 et
1691 2777 1934 2849 pericula

349 2881 512 2942 atque
555 2873 837 2943 dispendia
867 2873 1245 2942 aequanimiter
1272 2873 1611 2943 libenterque
1641 2879 1931 2927 sustentat.

347 2961 482 3019 Nam
530 2973 586 3020 et
628 2964 863 3036 agricola
914 2980 1059 3021 nunc
1095 2965 1328 3020 torridos
1375 2965 1504 3020 solis
1556 2963 1756 3032 radios,
1790 2975 1934 3017 nunc

346 3057 572 3129 pruinas
616 3066 669 3114 et
719 3056 944 3130 glaciem
994 3073 1101 3113 non
1142 3057 1446 3119 declinans,
1483 3055 1774 3111 indomitas
1816 3054 1932 3126 agri

345 3149 530 3220 glebas
561 3148 828 3220 frequenti
851 3149 1054 3221 subigit
1081 3164 1321 3216 vomere,
1343 3147 1470 3202 dum
1500 3163 1698 3216 scopon
1726 3154 1927 3215 servat,

344 3247 402 3292 ut
428 3253 548 3294 eam
571 3238 783 3294 cunctis
809 3238 1054 3294 sentibus
1083 3247 1440 3310 expurgatam
1463 3239 1768 3292 exercendo
1785 3253 1932 3294 com-

345 3329 580 3394 minuat;
614 3332 796 3396 liuem,
827 3330 877 3385 id
907 3339 989 3384 est
1009 3331 1415 3401 perceptionem
1441 3330 1786 3400 copiosarum
1817 3330 1931 3386 fru-

343 3436 467 3490 gum
487 3421 609 3478 inde
624 3421 954 3492 adepturum
976 3437 1036 3477 se
1057 3413 1178 3478 esse
1202 3423 1499 3479 confidens.
1517 3423 1737 3480 Referta
1762 3423 1929 3478 etiam

344 3513 540 3569 horrea
579 3512 821 3585 frugibus
869 3514 1102 3569 libenter
1142 3516 1413 3580 exhaurit,
1455 3517 1729 3586 sulcisque
1775 3531 1929 3572 co.n-

343 3604 582 3670 meudat,
615 3615 933 3674 praesentem
981 3603 1394 3662 diminutionem
1439 3605 1744 3660 futurarum
1787 3621 1928 3661 mes-

1957 2326 2234 2389 Alineam
2262 2369 2277 2393 ,
2315 2329 2618 2385 rectissime
2664 2329 2986 2400 dirigantur.
3017 2330 3149 2398 Qum
3198 2331 3244 2386 si
3292 2347 3406 2402 prae
3453 2335 3628 2392 oculis

2033 2420 2240 2475 nostris
2265 2419 2468 2490 jugiter
2491 2429 2692 2477 statuta
2721 2437 2826 2476 non
2853 2421 3035 2487 fuerit,
3066 2436 3172 2476 non
3204 2423 3375 2477 solum
3400 2435 3626 2480 cunctos

2034 2509 2251 2565 labores
2295 2520 2511 2567 nostros
2538 2512 2717 2568 varios
2757 2512 2964 2581 pariter
2998 2521 3161 2582 atque
3193 2511 3470 2567 instabiles
3499 2515 3625 2568 red-

2035 2600 2187 2668 dens,
2223 2602 2495 2658 incassum
2522 2618 2616 2658 eos
2641 2618 2706 2660 ac
2734 2604 2851 2659 sine
2881 2603 3060 2659 fructu
3092 2606 3381 2676 compellet
3400 2604 3623 2674 effundi,

2033 2691 2128 2747 sed
2160 2691 2323 2746 etiam
2352 2693 2711 2762 cogitationes
2747 2707 2936 2749 omnes
2967 2693 3210 2751 diversas
3253 2696 3466 2765 sibique
3489 2709 3624 2750 con-

2035 2781 2235 2838 trarias
2277 2783 2587 2837 suscitabit.
2623 2781 2858 2839 Necesse
2897 2792 2982 2839 est
3029 2787 3171 2840 enim
3209 2797 3470 2854 mentem,
3513 2801 3624 2858 quo

2035 2878 2284 2926 recurrat
2310 2871 2466 2926 cuive
2486 2871 2855 2942 principaliter
2879 2873 3141 2929 inhaareat
3167 2889 3273 2929 non
3304 2875 3616 2938 habentem.

2031 2977 2132 3033 per
2175 2964 2414 3035 singulas
2459 2964 2624 3020 horas
2666 2973 2830 3035 atque
2856 2975 3130 3022 momenta
3175 2983 3274 3037 pro
3305 2968 3617 3023 ineursuum

2029 3053 2294 3110 varietate
2312 3055 2530 3119 mutari,
2565 3065 2729 3126 atque
2752 3071 2818 3111 ex
2844 3057 2930 3111 his
2956 3072 3077 3128 quae
3098 3060 3440 3113 extrinsecus
3471 3058 3618 3112 acci-

2029 3144 2183 3212 dunt,
2210 3145 2263 3200 in
2295 3145 2442 3200 illum
2484 3154 2684 3202 statum
2711 3148 2968 3203 continuo
3000 3148 3372 3204 transformari
3397 3150 3486 3217 qui
3515 3149 3617 3203 sibi

2029 3237 2238 3308 primus
2264 3238 2581 3292 occurrerit.
2607 3236 2746 3294 Hine
2776 3253 3008 3308 namque
3030 3247 3112 3294 est
3132 3241 3275 3310 quod
3308 3239 3615 3306 nonnullos,

2029 3328 2213 3383 mundi
2245 3328 2405 3398 hujus
2437 3331 2701 3385 maximas
2732 3330 3018 3386 facultates
3043 3341 3474 3396 contemnentes,
3495 3342 3619 3402 post

2031 3417 2148 3474 haec
2173 3419 2420 3474 videmus
2449 3434 2547 3490 pro
2589 3421 2817 3492 graphio
2841 3422 2925 3476 vel
2965 3438 3064 3477 acu
3112 3423 3462 3488 commoveri,
3499 3424 3616 3493 pri-

2029 3513 2231 3567 stinum
2263 3513 2472 3570 scilicet
2508 3514 2758 3570 affectum
2784 3515 2838 3569 in
2875 3517 3037 3572 rebus
3077 3515 3318 3571 minimis
3337 3525 3616 3572 retentan-

2031 3611 2133 3659 tes.
2163 3603 2263 3671 Qui
2291 3603 2335 3659 si
2364 3607 2823 3676 contemptionem
2864 3608 3049 3663 mundi
3072 3609 3235 3664 corde
3266 3609 3426 3664 lixam
3461 3619 3616 3664 tene~

343 3694 484 3750 sium
506 3693 964 3763 contemplatione
993 3711 1099 3750 non
1125 3696 1390 3750 sentiens.
1423 3695 1800 3767 Negotiatores
1819 3712 1926 3752 non
1960 3689 2004 3746 B
2031 3701 2172 3757 rent,
2201 3709 2475 3763 nunquam
2499 3697 2688 3771 utique
2723 3713 2822 3766 pro
2854 3698 3034 3766 parvis
3061 3700 3224 3755 rebus
3264 3700 3616 3755 admitterent

344 3786 581 3841 incertos
615 3785 786 3856 pelagi
820 3801 1008 3852 casus,
1052 3801 1156 3840 non
1199 3786 1307 3840 ulla
1338 3787 1650 3842 discrimina
1696 3787 1927 3858 perhor-

341 3885 590 3945 rescunt;
642 3876 846 3932 milites
886 3877 1383 3949 peregrinationum
1432 3879 1619 3934 exsilia
1655 3894 1720 3934 ac
1755 3879 1924 3935 bello-

340 3985 461 4028 rum
491 3969 743 4042 :pericula
795 3985 902 4024 non
932 3971 1194 4036 sentiunt,
1221 3971 1346 4025 dum
1378 3970 1451 4026 illi
1482 3971 1547 4025 ad
1578 3971 1738 4026 ﬁnem
1780 3986 1926 4042 quae-

339 4071 480 4126 stus,
505 4072 560 4116 et
585 4062 673 4116 isti
705 4062 774 4118 ad
821 4063 1162 4133 pr0positum
1191 4062 1293 4118 sibi
1338 4063 1595 4119 honorem
1615 4106 1630 4130 ,
1667 4078 1762 4134 spe
1791 4079 1927 4134 prte-

339 4153 450 4220 pcti
481 4163 860 4222 provocamur.
904 4155 979 4208 Ita
1009 4169 1140 4225 ergo
1170 4163 1226 4209 et
1275 4155 1444 4210 nostri
1491 4156 1756 4225 propositi
1804 4156 1927 4211 ﬁnis

338 4241 577 4311 quidem,
627 4243 923 4297 secundum
955 4243 1292 4314 Apostolum,
1325 4245 1428 4298 vita
1472 4255 1668 4299 azterna
1708 4255 1816 4313 est,
1850 4246 1923 4300 ita

336 4333 527 4387 eodem
586 4333 968 4402 pronuntiante
1022 4351 1036 4388 :
1092 4333 1356 4388 Habentes
1427 4335 1636 4406 quidem
1691 4334 1924 4404 fructum

338 4431 560 4479 vestrum
583 4423 636 4477 in
660 4425 1145 4493 sanctiﬁcationem,
1170 4425 1325 4494 ﬁnem
1346 4441 1465 4480 vero
1487 4426 1645 4479 vitam
1675 4435 1924 4481 wternam

299 4511 314 4526 ’
339 4513 519 4584 (Rom.
545 4529 616 4578 vt,
644 4513 757 4585 22).
787 4513 992 4585 Scopos
1014 4531 1143 4571 vero
1179 4526 1263 4571 est
1298 4516 1513 4586 puritas.
1531 4517 1728 4583 cordis,
1761 4532 1922 4586 quam

337 4603 807 4670 sanctiﬁcationem
843 4620 948 4659 non
980 4603 1250 4661 immerito
1275 4605 1629 4674 nuncupavit,
1659 4606 1778 4660 sine
1817 4622 1923 4677 qua

337 4698 628 4765 praedictus
665 4697 786 4754 finis
814 4714 920 4753 non
953 4697 1152 4769 poterit
1188 4699 1540 4768 apprehendi.
1565 4699 1643 4754 Ac
1684 4699 1728 4753 si
1758 4699 1924 4755 dixis-

338 4797 422 4843 set
456 4789 578 4845 aliis
609 4791 839 4846 verbis;
874 4789 1146 4845 Habentes
1187 4790 1404 4859 quidem
1447 4804 1649 4860 scopon
1684 4801 1922 4848 vestrum

339 4877 392 4932 in
444 4880 681 4949 puritate
732 4881 933 4947 cordis,
965 4880 1124 4935 finem
1155 4895 1306 4947 vero,
1346 4881 1399 4936 id
1452 4889 1536 4937 est
1567 4870 1732 4948 telos,
1755 4884 1922 4938 vitam

334 4981 616 5028 aeternam.
667 4973 936 5043 Quidquid
983 4987 1114 5045 ergo
1149 4988 1248 5030 nos
1293 4973 1358 5028 ad
1397 4973 1540 5030 hunc
1578 4988 1776 5045 scopon
1801 5015 1816 5040 ,
1869 4975 1922 5030 id

333 5073 419 5120 est
453 5065 744 5136 puritatem
784 5065 996 5132 cordis,
1048 5073 1227 5138 potest
1261 5064 1497 5136 dirigere
1520 5108 1535 5134 ,
1578 5075 1688 5121 tota
1725 5067 1922 5123 virtute

332 5157 651 5211 sectandum
673 5165 778 5212 est.
811 5155 917 5212 Pro
946 5157 1050 5212 hac
1071 5159 1214 5213 enim
1244 5158 1494 5214 universa
1523 5158 1732 5229 agimus
1761 5168 1922 5230 atque

334 5245 664 5314 toleramus;
725 5263 824 5319 pro
870 5248 974 5305 hac
1023 5261 1300 5320 parentes,
1331 5250 1504 5320 patria
1532 5291 1546 5316 ,
1599 5250 1918 5322 dignitates,

332 5333 557 5404 divitias,
597 5349 653 5394 et
687 5340 936 5411 voluptas
985 5342 1236 5398 universa
1281 5343 1676 5410 contemnitur,
1721 5353 1781 5401 ut
1818 5347 1922 5400 sei-

330 5429 460 5485 licet
489 5429 700 5500 puritas
736 5434 921 5489 cordis
948 5444 1205 5504 perpetua
1239 5445 1556 5493 retentetur.
1607 5435 1720 5492 liae
1759 5437 1922 5508 igitur

330 5521 488 5576 nobis
511 5522 870 5581 destinatione
896 5527 1190 5597 proposita,
1221 5543 1435 5599 semper
1472 5538 1624 5584 actus
1664 5528 1834 5584 nostri
1867 5536 1922 5583 et

332 5614 691 5686 cogitationes
738 5615 805 5672 ad
836 5632 954 5673 eam
997 5619 1368 5688 obtinendam,
1414 5619 1557 5676 velut
1604 5621 1670 5675 ad
1719 5629 1926 5678 certam

2029 3781 2194 3852 quod,
2229 3797 2298 3836 nc
2344 3797 2442 3852 pro
2492 3786 2706 3856 magnis
2756 3786 3100 3843 incurrerent
3149 3787 3364 3858 opibus,
3395 3789 3614 3844 easdem

2027 3873 2244 3942 penitus
2268 3870 2505 3938 abjicere
2546 3875 2871 3930 maluerunt.

2099 3963 2199 4020 Hic
2227 3981 2358 4037 ergo
2398 3965 2558 4022 nobis
2583 3967 2900 4038 principalis
2926 3968 3085 4024 debet
3111 3983 3231 4025 esse
3262 3981 3521 4036 conatus,
3555 3982 3616 4027 ut

2028 4055 2228 4113 divinis
2257 4058 2418 4114 rebus
2445 4072 2510 4113 ac
2549 4057 2660 4113 Deo
2687 4072 2841 4114 mens
2888 4074 3106 4130 semper
3134 4059 3414 4127 inhzereat,
3444 4060 3618 4115 forni-

2030 4148 2298 4204 cationem
2319 4148 2573 4221 judicans
2602 4148 2686 4204 vel
2714 4159 3150 4206 momentaneum
3185 4166 3214 4206 a
3258 4149 3459 4206 Christi
3483 4167 3615 4206 cou-

2029 4238 2376 4310 templatione
2427 4240 2749 4296 discessum.
2801 4240 2997 4296 Totum
3049 4256 3283 4311 namque
3323 4242 3375 4297 in
3416 4244 3614 4298 anima:

2028 4328 2274 4383 consistit
2301 4344 2550 4396 recessu;
2585 4330 2727 4385 unde
2769 4331 2994 4401 expulso
3023 4331 3261 4398 diabolo,
3303 4347 3366 4388 ac
3411 4348 3614 4403 nequa-

2027 4435 2190 4490 quam
2241 4422 2295 4476 in
2331 4438 2394 4476 ea
2438 4421 2551 4491 jam
2587 4423 2939 4494 regnantibus
2985 4424 3162 4491 vitiis,
3213 4433 3615 4494 consequenter

2027 4525 2251 4580 regnum
2294 4511 2388 4566 Dei
2421 4511 2677 4567 fundatur
2699 4514 2750 4567 in
2783 4513 2958 4579 nobis,
2983 4513 3199 4568 dicente
3228 4514 3559 4584 evangelista
3590 4531 3606 4568 :

2027 4601 2263 4673 Regnum
2292 4602 2388 4657 Dei
2412 4604 2556 4658 intra
2597 4619 2684 4658 vos
2711 4614 2787 4659 est
2814 4603 2966 4676 (Luc.
3006 4619 3152 4670 xvtt,
3177 4603 3292 4676 22).
3323 4605 3467 4660 Intra
3512 4619 3614 4660 nos

2029 4710 2155 4751 vero
2179 4694 2310 4750 nihil
2340 4695 2484 4751 aliud
2520 4705 2699 4766 potest
2723 4710 2844 4752 esse
2871 4711 3034 4768 quam
3067 4698 3290 4754 scientia
3323 4706 3418 4752 aut
3457 4697 3614 4769 igno-

2027 4786 2168 4841 ratio
2196 4786 2463 4852 veritatis,
2495 4795 2550 4842 et
2585 4787 2670 4843 vel
2710 4787 2961 4843 vitiorum
3013 4789 3256 4845 amicitia
3297 4788 3383 4844 vel
3431 4789 3612 4843 virtu.

2029 4889 2165 4944 tum,
2195 4894 2293 4948 per
2326 4895 2486 4950 quam
2507 4889 2602 4934 aut
2628 4880 2844 4937 diabolo
2871 4889 2965 4937 aut
2999 4881 3216 4938 Christo
3242 4895 3614 4950 praeparamus

2028 4985 2251 5042 regnum
2305 4971 2360 5026 in
2417 4973 2597 5028 corde.
2656 4973 2824 5043 Cujus
2873 4973 3037 5029 etiam
3089 4974 3239 5046 regni
3289 4973 3609 5044 qualitatem

1949 5039 1995 5101 Ο
2027 5039 2286 5118 describit
2323 5062 2638 5134 Apostolus,
2665 5039 2748 5118 ita—
2784 5065 2972 5118 dicens
3009 5081 3022 5117 :
3063 5039 3186 5118 Non
3223 5039 3323 5117 est—
3348 5063 3485 5116 enim
3528 5077 3613 5115 re-

2023 5168 2182 5222 gnum
2213 5152 2307 5207 Dei
2334 5169 2450 5208 esca
2481 5164 2528 5208 et
2555 5165 2744 5224 potus;
2774 5155 2866 5208 sed
2886 5154 3122 5224 justitia,
3154 5163 3203 5208 et
3230 5169 3355 5223 pax,
3388 5163 3436 5206 et
3473 5169 3609 5221 gau-

2026 5245 2172 5298 dium
2205 5245 2261 5299 in
2308 5245 2512 5314 Spiritu
2551 5255 2734 5300 sancto
2783 5245 2967 5311 (Rom.
3012 5260 3128 5310 xw,
3162 5245 3268 5314 l7).
3305 5243 3382 5298 De
3427 5243 3611 5314 aliqua

2029 5350 2262 5405 namque
2295 5336 2495 5391 dicitur
2533 5354 2546 5392 :
2591 5336 2826 5392 Mundus
2868 5338 2966 5392 iste
2999 5336 3245 5407 gaudebit
3276 5334 3456 5407 (Joan.
3489 5349 3605 5403 va,

2024 5427 2146 5500 20);
2175 5436 2230 5484 et
2259 5445 2272 5484 :
2304 5427 2397 5482 γαν
2431 5428 2572 5484 vobis
2600 5429 2690 5500 qui
2720 5429 2900 5485 ridetis
2921 5469 2936 5494 ,
2964 5429 3087 5499 quia
3111 5427 3382 5497 plorabitis
3403 5427 3605 5498 (ibim).

2027 5521 2213 5592 Itaque
2242 5521 2286 5578 si
2313 5537 2537 5594 regnum
2563 5523 2654 5577 Dei
2680 5521 2820 5576 intra
2845 5535 2950 5576 nos
2970 5530 3073 5587 est,
3091 5531 3146 5576 et
3175 5535 3346 5591 ipsum
3378 5534 3604 5590 regnum

2030 5615 2122 5670 Dei
2151 5613 2464 5686 justitia,et
2513 5629 2638 5685 pax,
2677 5624 2733 5670 et
2780 5613 3035 5684 gaudium
3071 5623 3182 5677 est,
3230 5627 3357 5684 ergo
3405 5611 3494 5682 qui
3547 5610 3603 5666 in
