3906 6058
340 213 362 266 1
373 211 481 266 023

655 213 715 268 8.
755 213 1055 272 ANSELMI
1088 218 1434 276 CANTHAR.
1475 220 1794 278 ARCHI‘EP.
1835 221 1985 279 OPP.
2017 221 2198 281 PARS
2225 222 2287 280 ll.
2321 253 2392 266 —
2427 222 2800 283 PARIBNET.
2843 227 2932 284 ET
2968 227 3213 288 ASCET.

3456 234 3613 291 1024

339 323 458 377 istis
483 334 875 390 commoratur,
907 327 1030 382 sine
1052 328 1215 384 dubio
1241 330 1295 384 ln
1320 345 1486 400 regno
1520 332 1611 388 Dei
1647 341 1752 388 est.
1788 333 1854 389 Et
1883 348 1914 389 e
1942 334 1989 391 A
2014 335 2322 404 spirituales
2351 336 2408 392 in
2446 338 2533 394 bis
2582 353 2703 408 qua:
2749 341 2992 397 meditati
3031 358 3219 400 sumus
3250 356 3485 404 mentem
3524 351 3610 404 fa-

334 421 524 467 contra
547 414 638 483 qui
667 415 721 468 in
754 415 1032 484 injustitia,
1055 417 1324 474 discordia
1347 430 1401 476 et
1432 422 1647 478 tristitia
1684 433 1912 479 mortem

333 513 592 570 operante
627 513 934 574 versantur,
969 508 1022 562 in
1053 524 1218 580 regno
1247 511 1470 579 diaboli,
1506 525 1561 568 et
1599 515 1652 569 in
1701 516 1919 571 inferno

333 608 395 648 ac
421 604 591 650 morte
620 605 747 651 sunt
767 599 1077 667 constituti;
1119 603 1173 657 in
1202 619 1310 674 quo
1331 606 1423 676 qui
1455 605 1639 663 fuerit.
1672 622 1770 662 nec
1797 607 1916 662 lau-

333 686 465 741 dare
492 686 659 741 Deum
700 697 880 758 potest
927 696 1224 751 secundum
1269 695 1556 766 Propheta:
1585 698 1910 753 sententiam

331 777 560 832 dicentis
587 794 602 832 :
638 778 762 834 Non
801 783 995 836 mortui
1023 783 1314 841 laudabunt
1341 796 1408 855 te,
1440 788 1661 843 Domine
1687 830 1702 856 ,
1749 806 1912 860 neque

329 884 504 923 omnes
531 872 622 940 qui
651 872 970 930 descendunt
1012 879 1066 932 in
1097 878 1358 948 infernum
1386 879 1556 952 (Psat.
1589 899 1753 952 cxul,
1798 886 1908 955 17),

328 973 397 1013 ne
424 960 586 1016 dubio
618 965 846 1032 peccati.
881 963 985 1020 Sed
1017 985 1132 1035 nos,
1164 969 1360 1039 inquit,
1403 973 1495 1042 qui
1524 974 1772 1040 vivimus,
1801 991 1908 1030 non

325 1052 474 1109 vitiis
513 1056 740 1126 scilicet,
794 1075 894 1115 nec
941 1063 1142 1118 mundo
1172 1065 1332 1131 huic,
1357 1067 1450 1120 sed
1489 1068 1628 1130 Deo,
1653 1068 1911 1123 benedici-

324 1161 441 1200 mus
472 1147 752 1204 Dominum
782 1169 848 1207 ea:
870 1154 968 1208 hoc
997 1172 1135 1211 nunc
1160 1167 1208 1212 et
1233 1175 1395 1230 usque
1417 1162 1469 1216 in
1492 1162 1770 1218 swculum.
1786 1163 1909 1218 Non

323 1237 469 1292 enim
495 1250 574 1294 est
602 1242 656 1294 in
695 1254 861 1298 morte
893 1247 986 1316 qui
1017 1265 1216 1304 memor
1242 1253 1308 1306 sit
1340 1251 1453 1308 Dei.
1483 1254 1549 1309 In
1576 1254 1783 1324 inferno
1811 1273 1911 1310 au-

323 1339 426 1383 tem
475 1331 594 1402 quis
643 1335 977 1404 conﬁtebitur
1019 1339 1284 1398 Domino?
1336 1345 1524 1413 (ibid.,
1576 1345 1675 1414 66)
1713 1346 1768 1401 id
1824 1356 1906 1402 est

324 1435 503 1476 nemo.
545 1422 732 1482 Nullus
759 1429 935 1495 enim,
970 1433 1186 1488 tametsi
1220 1435 1414 1490 millies
1439 1438 1790 1506 semetipsum
1821 1440 1905 1495 vel

321 1509 688 1570 Christianum
719 1533 841 1574 esse
889 1523 1210 1590 proﬁteatur
1237 1527 1320 1582 vel
1369 1529 1691 1584 monachum
1715 1571 1729 1596 ,
1780 1546 1906 1586 cum

321 1613 532 1674 peccat,
580 1610 871 1666 confitetur
922 1615 1062 1679 Deo;
1115 1631 1217 1672 nec
1266 1633 1481 1673 servum
1525 1635 1586 1675 se
1634 1623 1904 1678 veraciter

321 1694 465 1750 illius
502 1699 807 1766 proﬁtetur,
851 1702 1004 1771 cujus
1053 1717 1319 1777 prascepta
1350 1712 1654 1766 contumaci
1686 1714 1902 1768 temeri-

321 1791 432 1838 tate
486 1789 808 1842 contemnit.
853 1790 1101 1863 Regnum
1139 1810 1270 1851 sane
1319 1797 1578 1853 caelorum
1621 1801 1903 1870 triplieiter

318 1875 689 1944 accipiendum
735 1889 819 1935 est
850 1900 864 1936 :
891 1893 988 1938 aut
1011 1887 1156 1954 quod
1188 1889 1463 1956 regnaturi
1504 1891 1617 1946 sint
1667 1892 1814 1958 εαξη,
1849 1893 1900 1947 id

316 1976 402 2020 est
428 1970 625 2039 sancti,
651 1972 703 2028 in
751 1974 875 2031 aliis
921 1975 1168 2044 subditis,
1205 1981 1502 2036 secundum
1551 1983 1726 2038 illud:
1773 1983 1900 2037 Esto

317 2068 374 2112 tu
397 2076 554 2130 super
577 2066 806 2135 quinque
843 2067 1109 2135 civitates,
1147 2081 1196 2126 et
1227 2083 1284 2125 tu
1325 2090 1482 2142 super
1529 2075 1703 2130 decem
1745 2074 1896 2143 (Luc.

317 2163 406 2204 xix
425 2189 438 2212 ,
469 2151 558 2219 i9)
579 2169 593 2218 ;
618 2152 853 2225 illudque
885 2158 1027 2226 quod
1055 2161 1254 2216 dicitur
1279 2163 1347 2217 ad
1373 2164 1662 2234 discipulos
1689 2182 1702 2218 :
1741 2163 1902 2220 Sede-

315 2240 435 2294 bitis
468 2259 614 2312 super
663 2246 811 2302 sedes
848 2248 1145 2317 duodecim,
1163 2253 1466 2322 judicantes
1497 2255 1772 2310 duodecim
1800 2257 1898 2310 tri-

313 2331 409 2384 bus
446 2329 621 2387 Israel
643 2334 858 2406 (Matth.
891 2355 1009 2403 xix,
1038 2340 1169 2412 28);
1207 2350 1303 2397 aut
1345 2346 1488 2413 quod
1531 2345 1630 2414 ipsi
1663 2344 1782 2400 caeli
1817 2345 1900 2398 in-

311 2422 520 2493 cipiant
558 2439 590 2480 a
619 2424 837 2483 Christo
872 2432 1110 2501 regnari,
1143 2449 1266 2489 cum
1317 2435 1525 2491 Scilicet
1573 2438 1822 2493 omnibus
1848 2438 1896 2494 ei

313 2512 590 2583 subjectis,
619 2519 846 2586 coeperit
866 2533 988 2577 esse
1015 2525 1196 2578 omnia
1229 2525 1281 2580 in
1313 2527 1565 2582 omnibus
1596 2529 1736 2584 Deus
1768 2547 1781 2583 :
1813 2531 1895 2586 vel

310 2613 458 2658 certe
484 2607 626 2674 quod
657 2609 830 2664 sancti
863 2609 915 2663 in
957 2611 1111 2666 caelis
1156 2613 1265 2667 sint
1290 2629 1410 2668 cum
1445 2616 1672 2671 Domino
1699 2632 1893 2688 regna-

313 2694 440 2747 turi.
484 2695 844 2762 Quamobrem
891 2701 944 2756 in
993 2703 1098 2757 hoc
1148 2718 1375 2775 corpore
1413 2707 1739 2763 constitutus
1781 2708 1892 2777 jam

312 2785 524 2840 noverit
567 2790 938 2860 unusquisque
988 2792 1062 2847 illi
1106 2809 1166 2850 se
1213 2796 1419 2867 regioni
1454 2797 1536 2853 vel
1590 2800 1894 2856 ministerio

310 2878 699 2949 deputandum,
744 2883 897 2952 cujus
928 2887 980 2943 in
1030 2889 1131 2944 hac
1163 2892 1272 2946 vita
1321 2894 1640 2963 participem
1691 2908 1891 2953 semet-

2016 427 2160 480 ciant
2211 427 2510 485 immorari.
2567 429 2662 510 Sin
2694 446 2824 488 vero
2872 433 3076 489 desidia
3121 451 3219 491 seu
3269 439 3606 510 negligentia

2013 518 2273 586 superati,
2299 519 2445 575 vitiis
2471 529 2527 574 et
2558 521 2748 578 otiosis
2796 523 3322 584 confabulationibus
3354 545 3605 601 occupe-

2013 624 2155 674 mur,
2188 625 2282 666 seu
2319 612 2466 668 curis
2495 614 2784 670 mundanis
2815 624 2870 672 et
2898 617 3184 688 superfluis
3212 621 3605 679 sollicitudini-
3671 612 3700 645 “‘

2011 700 2112 756 bus
2132 701 2493 772 implicemur,
2530 717 2926 777 consequenter
2956 710 3154 767 exinde
3179 713 3324 768 velut
3344 715 3604 784 quaedam

2011 792 2599 867 zizaniorum'species
2645 809 2904 870 generata
2949 803 3321 873 operationem
3379 801 3606 878 quoque

2011 892 2197 940 nostro
2225 887 2376 941 cordi
2404 887 2626 943 noxiam
2655 889 3026 958 ministrabit,
3049 903 3102 947 et
3145 895 3442 950 secundum
3470 913 3605 952 seu.

2012 975 2231 1030 tentiam
2260 977 2469 1036 Domini
2494 977 2815 1048 Salvatoris,
2847 981 2937 1036 ubi
2960 983 3124 1051 fuerit
3143 986 3422 1042 thesaurus
3462 1003 3605 1060 Ope-

2010 1079 2128 1118 rum
2157 1075 2211 1119 et
2241 1065 2558 1122 intentionis
2608 1074 2849 1136 nostrae;
2901 1071 2978 1125 ibi
3021 1081 3068 1126 et
3111 1090 3202 1127 cor
3229 1085 3467 1130 nostrum
3498 1093 3602 1134 ne-

2009 1154 2249 1211 cessario
2275 1156 2617 1226 permanebit
2646 1158 2862 1230 (Matth.
2893 1175 2968 1226 vr,
2997 1161 3112 1234 21).

2079 1247 2210 1302 lllud
2239 1263 2370 1304 sane
2397 1265 2510 1320 prze
2541 1251 2795 1306 omnibus
2824 1266 2984 1307 nosse
3013 1253 3272 1311 debemus
3315 1257 3421 1312 tria
3445 1259 3599 1330 cogi-

2009 1338 2271 1393 tationum
2303 1349 2611 1395 nostrarum
2635 1355 2754 1396 esse
2781 1341 3068 1412 principia,
3096 1344 3151 1399 id
3179 1353 3347 1402 estex
3375 1348 3596 1416 Deo,ex

2008 1425 2242 1494 diabolo,
2262 1437 2318 1482 et
2339 1443 2405 1484 ex
2428 1427 2606 1484 nobis.
2645 1429 2724 1484 Ex
2758 1429 2870 1485 Deo
2898 1431 3114 1501 quidem
3141 1443 3289 1502 sunt,
3313 1450 3436 1491 cum
3469 1437 3596 1508 Spi-

2007 1521 2144 1576 ritus
2165 1522 2339 1577 sancti
2372 1521 2661 1579 illustratio
2692 1538 2789 1578 nos
2821 1524 3046 1580 visitare
3075 1526 3350 1598 dignatur,
3375 1529 3597 1601 erigens

2005 1628 2105 1668 nos
2131 1614 2197 1668 ad
2224 1614 2594 1671 sublimiorem
2622 1617 2946 1687 profectum,
2972 1627 3028 1674 et
3057 1619 3109 1674 in
3145 1621 3341 1690 quibus
3369 1621 3462 1676 vel.
3487 1622 3594 1676 mi-

1930 1679 1976 1738 Β
2005 1719 2106 1759 nus
2129 1705 2517 1774 acquisivimus
2541 1679 2638 1762 vel.
2658 1679 2939 1767 desidiose.
2969 1679 3189 1782 agentes
3214 1714 3456 1783 superati
3491 1728 3589 1767 su-

2002 1808 2123 1850 mus
2152 1795 2508 1851 saluberrima
2546 1801 2966 1868 compunction’e
3013 1802 3277 1872 castigat;
3326 1811 3410 1858 vel
3449 1817 3587 1858 tcum

2001 1897 2210 1946 reserat
2254 1890 2410 1945 nobis
2455 1891 2700 1947 coelestia
2748 1903 3114 1960 sacramenta,
3151 1905 3206 1950 et
3250 1895 3589 1966 propositum

2003 1992 2245 2038 nostrum
2271 1980 2338 2035 ad
2367 1980 2620 2038 meliores
2647 1992 2801 2040 actus
2821 1984 3260 2056 voluntatemque
3283 1989 3586 2050 convertit;

1999 2082 2061 2128 ut
2086 2073 2189 2141 ibi,
2221 2088 2344 2129 cum
2375 2089 2468 2128 rex
2503 2075 2802 2140 Assuerus,
2843 2077 3140 2147 castigatus
3171 2092 3200 2132 a
3229 2077 3494 2142 Domino,
3521 2079 3586 2133 li-

2000 2165 2127 2220 bros
2157 2167 2378 2222 annales
2401 2167 2694 2237 instigatur
2714 2169 3012 2238 inquirere,
3037 2169 3234 2239 quibus
3260 2169 3584 2224 Mardoclnei

1999 2253 2260 2309 beneﬁcia
2322 2257 2681 2323 recordatur,
2733 2258 2931 2312 summi
2968 2272 3093 2314 eum
3138 2258 3308 2329 gradu
3362 2259 3584 2314 honoris

1999 2345 2224 2410 cxaltat,
2258 2362 2321 2402 ac
2363 2349 2610 2418 protinus
2655 2348 3085 2404 crudelissimam
3133 2365 3297 2418 super
3325 2365 3458 2404 nece
3487 2349 3586 2404 Ju-

1998 2437 2126 2491 daete
2167 2438 2342 2508 gentis
2389 2439 2716 2493 sententiam
2763 2448 3006 2494 revocat.
3061 2439 3137 2494 Ex
3191 2440 3405 2496 diabolo
3453 2456 3582 2496 vero

1998 2528 2381 2596 cogitationum
2415 2528 2657 2584 nascitur
2709 2530 2904 2594 series,
2937 2545 3058 2584 cum
3108 2531 3430 2586 subvertere
3480 2546 3582 2588 nos

1999 2626 2106 2672 tam
2157 2619 2408 2674 vitiorum
2466 2620 2834 2676 oblectatione
2905 2636 3068 2690 quam
3123 2623 3288 2677 etiam
3352 2622 3582 2679 occultis

1995 2718 2223 2764 conatur
2267 2709 2508 2775 insidiis,
2554 2711 2904 2766 subtilissima
2939 2712 3236 2768 calliditate
3287 2714 3428 2768 mala
3479 2730 3582 2784 pro

1995 2800 2150 2855 bonis
2188 2800 2557 2857 fraudulenter
2582 2809 2886 2868 ostentans,
2915 2812 2969 2858 et
2996 2803 3395 2872 lransﬁgurans
3437 2821 3497 2861 se
3525 2805 3584 2860 in

1998 2892 2246 2964 angelum
2275 2892 2430 2946 lucis.
2458 2892 2554 2947 Vel
2587 2908 2710 2946 cum
2741 2895 3073 2964 evangelista
3128 2894 3298 2949 refert
3331 2913 3344 2950 :
3381 2895 3448 2949 Et
3479 2913 3583 2950 cae-

311 2967 484 3037 ipsum
538 2971 912 3047 cultoremque
967 2979 1284 3048 prmbuerit,
1330 2983 1583 3053 illiusque
1630 3003 1689 3043 se
1727 2991 1889 3045 etiam
1918 3015 1960 3072 ρ
1998 3001 2068 3038 na
2108 2984 2273 3052 facta,
2305 3001 2423 3038 cum
2460 2984 2702 3039 diabolus
2726 2986 2844 3055 jam
2873 2989 3095 3041 misisset
3127 2989 3181 3041 in
3217 2989 3374 3042 corde
3399 2987 3577 3042 Simo-

311 3059 364 3112 in
417 3058 507 3114 illo
557 3064 780 3129 perenni
848 3068 1046 3124 saeculo
1102 3083 1407 3128 consortem
1471 3075 1711 3134 futurum
1767 3097 1888 3138 esse

307 3164 413 3206 non
452 3152 732 3224 ambigat,
778 3157 864 3212 cui
912 3174 1057 3216 nunc
1106 3162 1416 3222 ministrum
1463 3184 1524 3224 se
1573 3172 1888 3244 sociumque

307 3242 557 3298 maluerit
598 3247 895 3319 exhibere,
959 3255 1252 3311 secundum
1299 3260 1622 3316 sententiam
1675 3242 1886 3320 Domini

305 3331 534 3386 dicentis
565 3351 578 3385 :
605 3333 664 3388 Si
707 3338 826 3405 quis
869 3340 997 3394 mihi
1036 3344 1337 3412 ministrat,
1387 3365 1468 3403 me
1521 3362 1796 3421 sequatur;
1837 3365 1887 3410 et

303 3421 395 3475 ubi
432 3439 548 3478 sum
582 3442 694 3496 ego,
735 3429 844 3484 illic
875 3442 923 3485 et
957 3434 1195 3490 minister
1231 3453 1377 3494 meus
1412 3441 1509 3495 erit
1541 3442 1731 3512 (Joan.
1764 3461 1842 3501 xu
1867 3485 1883 3513 ,

301 3511 423 3584 es).
491 3553 494 3556 .

947 3613 1173 3672 CAPUT
1205 3618 1269 3673 ll.

871 3702 946 3759 De
983 3709 1318 3778 cogitatione.

375 3783 606 3842 Mentem
657 3789 877 3859 quidem
928 3811 1034 3852 non
1083 3799 1417 3872 interpellari
1465 3807 1884 3878 cogitationibus

301 3872 634 3944 impossibile
662 3888 765 3946 est,
811 3886 1089 3956 suscipere
1127 3905 1257 3945 vero
1288 3906 1380 3948 eas
1431 3872 1560 3951 sive.
1589 3915 1844 3969 respuere
1865 3944 1880 3965 ,

299 3966 445 4020 omni
477 3969 717 4025 studenti
771 3987 868 4042 per
893 3978 1123 4045 gratiam
1169 3981 1264 4037 Dei
1308 3985 1565 4053 possibile
1590 3966 1692 4044 est;
1727 3991 1880 4056 Quod

300 4059 621 4115 exercitium
659 4065 844 4120 cordis
871 4083 977 4122 non
1007 4069 1300 4143 incongrue
1343 4075 1605 4133 molarum
1630 4081 1882 4136 similitu-

300 4147 412 4202 dini
461 4165 844 4222 comparatur,
890 4173 1026 4227 quas
1075 4173 1284 4219 meatus
1331 4181 1593 4234 aquarum
1641 4187 1881 4244 praeceps

299 4241 517 4313 impetu]
547 4256 757 4302 rotante
810 4250 1252 4319 provolvit.Qnte
1305 4254 1611 4313 nullatenus
1662 4241 1878 4330 quidem

1991 3085 2070 3140 nis
2100 3077 2408 3134 Iscariothis
2439 3087 2492 3130 ut
2522 3077 2750 3132 traderet
2799 3077 3082 3133 Dominum
3119 3079 3296 3151 (Joan.
3332 3095 3448 3142 xm,
3475 3079 3575 3149 2);

1987 3185 2043 3231 et
2069 3175 2262 3228 iterum
2313 3186 2326 3222 :
2372 3168 2496 3223 Post
2522 3168 2829 3235 buccellam,
2882 3170 3073 3241 inquit,
3111 3182 3229 3225 tunc
3258 3171 3491 3225 introivit
3522 3173 3592 3227 in~

1953 3266 2142 3341 'illunt
2183 3263 2414 3320 Satanas
2450 3260 2645 3333 (ibid.).
2695 3261 2888 3317 Petrus
2918 3277 3132 3334 quoque
3171 3263 3236 3318 ad
3286 3263 3575 3317 Ananiam.

1989 3357 2183 3422 Quare,
2216 3355 2312 3420 ait,
2343 3352 2572 3408 Satanas
2600 3356 2817 3408 tentavit
2841 3371 2933 3408 cor
2957 3365 3106 3409 tuum
3131 3357 3342 3409 mentiri
3371 3366 3421 3410 te
3448 3355 3573 3424 Spi-

1988 3447 2114 3500 ritui
2139 3445 2360 3499 sancto?
2395 3445 2534 3513 (Act.
2578 3459 2633 3510 v,
2682 3444 2762 3517 5.)
2790 3446 2857 3501 Et
2888 3445 3142 3501 Salomon
3174 3465 3186 3500 :
3227 3445 3287 3501 Si
3341 3447 3573 3517 Spiritus

1985 3545 2288 3605 potestatem
2313 3534 2507 3588 habens
2530 3537 2820 3590 ascenderit
2861 3553 3015 3605 super
3041 3547 3108 3600 te,
3137 3536 3311 3592 locum
3339 3549 3483 3592 tuum
3509 3554 3573 3591 ne

1985 3629 2221 3682 dimittas
2263 3625 2463 3696 (Eccle.
2511 3642 2567 3691 κ,
2606 3626 2683 3694 4).
2732 3628 2810 3682 Ex
2873 3630 3030 3684 nobis
3081 3639 3262 3685 autem
3301 3631 3569 3697 oriuntur,

1985 3736 2106 3775 cum
2147 3733 2336 3774 eorum
2364 3733 2482 3787 qua:
2512 3719 2750 3787 gerimus
2779 3719 2862 3774 vel
2890 3721 3178 3790 gessimus,
3222 3723 3306 3778 vel
3358 3725 3568 3777 audivi-

1984 3826 2126 3876 mus,
2157 3809 2478 3865 naturaliter
2505 3809 2881 3877 recordamur;
2914 3811 2980 3866 de
3007 3811 3205 3881 quibus
3241 3813 3430 3869 beatus
3467 3813 3571 3866 Da-

1986 3903 2111 3957 vid:
2147 3901 2404 3971 Cogitavi,
2449 3899 2646 3968 inquit,
2679 3902 2791 3956 dies
2820 3903 3086 3974 antiquos,
3135 3913 3183 3958 et
3219 3921 3387 3958 annos
3415 3916 3568 3959 teter—

1985 4008 2078 4047 nos
2109 3992 2161 4046 in
2185 4001 2356 4044 mente
2384 3993 2565 4046 habui.
2597 3993 2668 4046 Et
2701 3992 2984 4046 meditatus
3041 4009 3157 4046 sum
3216 4005 3364 4047 nocte
3415 3996 3570 4047 corde

1981 4099 2121 4148 meo,
2171 4094 2219 4138 et
2265 4084 2596 4138 exercitabar
2638 4093 2686 4137 et
2740 4083 3052 4138 ventilabam
3107 4087 3349 4155 spiritum
3397 4103 3567 4140 meum

1984 4172 2156 4244 (Psat.
2186 4191 2372 4241 mm,
2409 4175 2462 4245 6)
2490 4192 2504 4240 ;
2538 4183 2588 4230 et
2623 4175 2817 4230 iterum
2848 4193 2863 4229 :
2897 4175 3149 4230 Dominus
3175 4177 3270 4230 scit
3297 4178 3572 4247 cogitatio-

1983 4282 2069 4320 nes
2091 4267 2384 4333 hominum,
2409 4269 2658 4338 quoniam
2682 4285 2830 4322 vana:
2879 4277 3000 4322 sunt
3033 4266 3208 4336 (l’sat.
3241 4281 3398 4332 xxtn,
3456 4269 3564 4334 Η).

297 4347 512 4392 cessare
538 4347 768 4408 possunt
792 4339 860 4394 ab
900 4357 1067 4412 opere
1095 4359 1218 4410 suo,
1263 4360 1528 4414 aquarum
1559 4349 1878 4421 impulsibus
1909 4351 1955 4411 D
1983 4356 2047 4410 Et
2074 4374 2087 4410 :
2117 4355 2472 4428 Cogitationes
2510 4360 2785 4429 jnstorum
2821 4359 3034 4430 judicia
3087 4357 3272 4430 (Prov.
3324 4375 3422 4424 xu,
3453 4360 3565 4429 i5).

295 4425 659 4485 circumactae.
705 4431 762 4486 In
800 4431 917 4501 ejus
957 4450 1087 4492 vero
1114 4438 1208 4508 qui
1239 4449 1436 4508 praeest
1466 4441 1628 4498 situm
1664 4453 1747 4500 est
1785 4463 1880 4516 po-

297 4521 494 4569 testate
545 4528 853 4576 utrumnam
902 4525 1138 4580 triticum
1173 4527 1327 4582 malit
1368 4545 1436 4584 an
1467 4531 1750 4600 hordeum,
1800 4536 1880 4592 lo-

297 4599 494 4659 liumve
537 4610 850 4665 comminui.
905 4612 1034 4668 lllud
1083 4617 1284 4686 quippe
1321 4631 1405 4674 est
1443 4599 1876 4679 commolendum

296 4696 437 4764 quod
469 4696 734 4769 ingestum
767 4702 834 4756 ab
882 4703 971 4756 illo
1002 4703 1167 4762 fuerit
1197 4709 1284 4764 cui
1330 4713 1509 4780 operis
1559 4714 1702 4771 illius
1744 4731 1874 4772 cura

293 4790 584 4844 commissa
633 4799 734 4846 est.
764 4791 840 4848 Ita
873 4794 1039 4865 igitur
1069 4799 1232 4854 etiam
1265 4817 1418 4859 mens
1441 4819 1537 4874 per
1569 4808 1690 4862 vila:
1734 4823 1875 4878 prae-

293 4881 462 4936 sentis
506 4883 754 4940 incursus
801 4888 1038 4959 undique
1084 4890 1462 4963 ingruentibus
1517 4900 1872 4955 tentationum

295 4974 621 5031 torrentibus
648 4976 996 5046 circumacta,
1027 4997 1195 5038 vacua
1233 4987 1449 5055 quidem
1483 4991 1871 5060 cogitationum

290 5064 511 5120 testibus
538 5080 658 5121 esse
685 5082 790 5122 non
820 5071 1046 5138 poterit;
1083 5074 1272 5142 quales
1303 5091 1430 5132 vero
1460 5077 1543 5133 vel
1575 5079 1870 5135 admittere

290 5153 373 5208 vel
418 5170 611 5224 parare
664 5157 765 5213 sibi
826 5158 1043 5225 debeat,
1091 5164 1256 5218 studii
1301 5167 1382 5219 sui
1432 5169 1734 5236 providebit
1785 5171 1869 5225 in-

287 5243 514 5300 dustria.
548 5245 606 5303 Si
653 5249 797 5304 enim
826 5250 893 5304 ad
939 5261 1250 5309 sanctarum
1295 5255 1702 5327 Scripturarnm
1752 5276 1868 5317 me-

288 5333 602 5393 ditationem
644 5339 846 5411 iugiter
875 5357 1253 5410 recurramus,
1307 5363 1372 5404 ac
1406 5353 1725 5406 memoriam
1771 5368 1870 5407 no-

287 5435 458 5481 stram
484 5430 550 5484 ad
581 5433 1014 5489 recordationem
1054 5437 1417 5507 spiritualium
1458 5455 1664 5506 rerum,
1688 5450 1743 5497 et
1775 5443 1870 5497 de-

285 5516 545 5573 siderium
575 5522 944 5592 perfectionis,
975 5543 1235 5597 spemque
1269 5530 1463 5587 futura:
1514 5533 1865 5590 beatitudinis

288 5601 577 5672 erigamus,
614 5624 836 5668 necesse
867 5625 950 5670 est
999 5627 1060 5674 ut
1097 5629 1230 5678 orla:
1278 5624 1634 5695 cogitationes
1671 5626 1862 5684 exinde

1981 4445 2130 4503 Hanc
2155 4464 2282 4517 ergo
2311 4450 2632 4519 tripertitam
2692 4450 2957 4506 rationem
2988 4459 3205 4520 oportet
3235 4465 3333 4506 nos
3363 4449 3567 4522 jugiter

1977 4539 2292 4605 observare;
2346 4549 2402 4595 et
2463 4540 2747 4596 universas
2800 4541 3158 4612 cogitationes
3220 4555 3342 4611 qua:
3389 4555 3566 4597 cmer-

1978 4639 2108 4699 gunt
2136 4631 2186 4684 in
2211 4632 2374 4687 corde
2426 4641 2612 4688 nostro
2665 4632 2847 4701 sagaci
2897 4632 3225 4689 discretione
3271 4633 3564 4700 discutere,

1977 4719 2213 4788 origines
2233 4735 2419 4775 earum
2447 4721 2532 4776 vel
2578 4737 2773 4777 causas
2807 4731 3167 4791 auctoresque
3203 4723 3456 4792 primitus
3483 4725 3565 4777 in-

1979 4809 2341 4878 dagantesJut
2367 4813 2558 4882 quales
2603 4829 2702 4869 nos
2731 4815 2811 4869 eis
2858 4814 3099 4884 praebere
3145 4815 3457 4880 debeamus,
3493 4832 3563 4872 ex

1977 4901 2187 4956 illorum
2231 4904 2426 4959 merito
2451 4906 2543 4975 qui
2571 4919 2665 4961 eas
2697 4915 3017 4978 suggerunt,
3053 4906 3402 4962 considerare
3439 4924 3564 4978 pos-

1975 4994 2163 5062 simus,
2193 5010 2259 5050 ne
2297 5011 2401 5064 qua
2427 4997 2566 5052 forte
2593 4997 2970 5054 intellectualis
3001 4997 3200 5053 ibidem
3253 4999 3447 5064 bestia,
3476 5001 3564 5055 vel

1975 5085 2080 5152 leo,
2111 5087 2192 5141 vel
2222 5087 2387 5143 draco
2420 5091 2810 5159 pertransiens,
2845 5090 3152 5160 perniciosa
3207 5092 3435 5162 vestigia
3483 5092 3562 5145 la-

1977 5187 2150 5234 tenter
2176 5179 2530 5248 impresserit,
2562 5183 2759 5251 quibus
2794 5198 3047 5240 accessus
3068 5185 3232 5237 etiam
3263 5183 3477 5237 caeteris
3502 5183 3555 5237 in

1973 5269 2150 5324 abdita
2203 5273 2441 5340 pectoris
2470 5275 2638 5328 nostri
2695 5290 2792 5345 per
2848 5279 3234 5346 cogitationum
3285 5275 3561 5346 negligen-

1974 5359 2101 5412 tiam
2134 5361 2456 5429 prmlieatur.
2494 5362 2560 5416 Et
2605 5363 2677 5416 ita
2709 5379 2804 5432 per
2870 5367 3111 5436 singulas
3168 5369 3334 5423 horas
3389 5376 3560 5435 atque

1972 5458 2241 5503 momenta
2275 5459 2469 5504 terram
2493 5452 2673 5508 cordis
2698 5454 2864 5508 nostri
2888 5457 3200 5526 evangelico
3219 5467 3421 5520 aratro,
3451 5456 3555 5509 hoc

1971 5539 2190 5609 cstjugi
2247 5541 2540 5598 Dominica:
2594 5545 2774 5599 crucis
2831 5548 3208 5604 recordatione
3255 5548 3550 5611 sulcantes,

1971 5629 2052 5684 vel
2085 5632 2364 5688 noxiarum
2388 5650 2452 5690 ex
2479 5636 2632 5691 nobis
2671 5636 2906 5694 ferarum
2937 5640 3156 5706 cubilia,
3187 5640 3269 5695 vel
3318 5639 3551 5693 virulen-
