3906 6058
345 265 485 322 1025

1547 252 1965 314 TRACTATUS
2001 251 2408 314 ASCETICUS.

3468 258 3609 316 1096

342 393 522 437 torum
551 379 886 448 serpentium
909 372 1276 430 exterminare
1323 370 1544 427 latibula
1600 371 1919 442 poterimus.
1951 380 1999 438 Α
2027 371 2257 440 quisque
2287 369 2451 426 fuerit
2479 369 2871 436 communitus,
2901 371 2968 428 ab
2995 373 3231 429 hostium
3256 385 3470 445 semper
3489 377 3610 434 telis

341 471 512 541 llujus
535 483 666 539 ergo
693 465 948 537 perfectae
973 464 1176 520 mentis
1210 465 1378 534 figura
1424 478 1523 534 per
1575 463 1723 518 illum
1757 476 1924 518 evan-

341 562 570 632 gelicum
592 557 963 613 centurionem
993 555 1359 626 pulcherrime
1399 555 1731 625 designatur.
1759 553 1924 624 Cujus

340 654 516 706 virtus
550 655 717 718 atque
769 647 1098 711 constantia,
1151 660 1258 715 qua
1311 659 1418 699 non
1469 645 1800 714 quibuslibet
1844 644 1925 698 in-

340 741 657 814 gruentibus
694 737 1112 807 cogitationibus
1139 737 1532 802 abducebatur,
1572 737 1666 792 sed
1696 753 1796 808 pro
1823 751 1924 791 suo

336 831 540 902 judicio
571 829 653 883 vel
675 828 996 884 admittebat
1020 829 1212 894 bonas,
1239 828 1325 884 vel
1359 829 1665 884 contrarias
1718 829 1924 898 absque

345 922 452 975 ulla
476 919 792 976 ditlicultate
822 917 1078 986 pellebat,
1129 919 1234 973 hac
1285 919 1492 988 tropica
1533 918 1926 990 significatione

341 1013 614 1082 descripta
647 1022 732 1066 est
761 1029 776 1066 :
807 1011 950 1065 Nam
983 1020 1028 1064 et
1067 1027 1160 1080 ego
1198 1011 1354 1065 homo
1385 1028 1502 1065 sum
1547 1011 1642 1064 sub
1676 1021 1927 1080 potestate

340 1102 535 1155 habens
559 1101 655 1155 sub
677 1117 760 1154 me
788 1098 996 1161 milites,
1015 1108 1062 1153 et
1088 1100 1205 1154 dico
1223 1099 1346 1154 huic
1367 1116 1386 1154 :
1421 1099 1582 1166 Vade,
1606 1109 1653 1154 et
1681 1101 1821 1154 vadit
1842 1110 1924 1164 ;et

340 1191 449 1244 alio
474 1189 659 1257 :Veni,
689 1201 736 1244 et
760 1193 894 1245 venit
913 1207 932 1253 ;
951 1200 999 1244 et
1026 1207 1173 1245 servo
1209 1207 1322 1244 meo
1349 1206 1369 1244 :
1393 1189 1506 1244 Fac
1537 1195 1655 1255 hoc,
1700 1200 1748 1244 et
1797 1191 1926 1260 facit

343 1282 561 1352 (Matth.
589 1298 707 1347 vui,
731 1281 793 1348 9;
841 1281 972 1336 Luc.
1001 1297 1100 1347 vn,
1135 1281 1212 1352 8).
1259 1280 1315 1336 Si
1353 1283 1518 1353 igitur
1565 1297 1665 1336 nos
1713 1297 1927 1350 quoque

343 1373 574 1428 viriliter
598 1373 859 1429 adversus
887 1374 1323 1443 perturbationes
1348 1383 1403 1427 et
1426 1373 1555 1428 vitia
1583 1374 1922 1439 dimicantes,

341 1466 679 1536 potuerimus
728 1481 792 1521 ea
823 1465 1013 1521 ditioni
1043 1475 1242 1520 nostra:
1287 1464 1712 1536 discretionique
1761 1465 1929 1535 subji-

345 1573 495 1623 cere,
535 1557 622 1613 vel
675 1557 984 1614 instabilem
1037 1557 1424 1628 cogitationum
1480 1565 1786 1612 nostrarum
1837 1572 1932 1613 co-

344 1648 557 1703 hortem
587 1647 817 1703 rationis
870 1647 1098 1718 imperio
1143 1645 1455 1717 subjugare,
1511 1648 1578 1702 ad
1633 1647 1930 1718 spiritualis

2025 475 2092 516 ac
2115 460 2463 530 populatione
2491 459 2768 526 defensus,
2791 475 2896 514 non
2921 471 2980 515 ut
3002 463 3251 532 captivus
3271 478 3335 519 ac
3359 465 3611 523 subditus

2026 553 2094 608 ad
2134 551 2384 608 hostilem
2435 551 2828 622 cogitationum
2892 561 3117 620 terram,
3184 556 3610 624 depmdantium

2025 644 2353 700 constrictus
2379 643 2612 699 vinculis
2641 644 2960 710 abducetur,
2993 660 3094 702 nec
3142 647 3325 702 audiet
3353 664 3452 718 per
3483 666 3614 721 pro-

2025 737 2300 807 phetam:
2355 734 2533 800 Quare
2592 737 2913 791 inveteratus
2975 753 3030 792 es
3091 741 3145 790 in
3208 748 3348 792 terra
3399 739 3616 794 aliena?

2027 829 2260 899 (Baruch
2293 844 2396 895 τιιι,
2424 829 2537 899 ll.)
2566 827 2672 884 Sed
2703 837 2957 900 tanquam
3009 829 3373 899 triumphator
3417 832 3470 884 in
3525 832 3611 884 illa

2027 933 2132 989 qua
2157 919 2392 974 voluerit
2413 919 2805 990 cogitationum
2837 919 3056 988 regione
3078 919 3364 974 consistet.
3399 919 3492 976 Vis
3520 936 3614 973 au-

2029 1019 2138 1065 tem
2167 1010 2340 1079 ipsum
2365 1011 2530 1064 robur
2558 1025 2622 1064 ac
2661 1009 3030 1063 fortitudinem
3063 1009 3402 1064 centurionis
3427 1011 3611 1079 hujus,

2027 1103 2224 1172 quibus
2261 1103 2376 1158 hzec
2398 1117 2549 1156 arma
2575 1117 2695 1172 qua:
2716 1101 3066 1171 praediximus
3093 1117 3200 1156 non
3246 1101 3487 1156 carnalia
3516 1103 3614 1156 sed

2029 1193 2266 1260 potentia
2299 1192 2411 1246 Deo
2431 1199 2625 1261 gestet,
2656 1192 2989 1262 agnoscere?
3016 1192 3156 1246 Audi
3205 1192 3380 1263 ipsum
3411 1191 3613 1264 Regem

2029 1283 2175 1338 viros
2203 1281 2373 1337 fortes
2402 1283 2468 1337 ad
2499 1283 2834 1352 spiritualem
2867 1283 3115 1337 militiam
3167 1294 3615 1354 congregantem,

2027 1387 2136 1442 quo
2158 1385 2252 1426 eos
2281 1371 2518 1426 delectos
2539 1371 2716 1441 signet
2738 1385 2802 1426 ac
2832 1372 3060 1441 probet:
3114 1371 3390 1441 Inﬁrmus,
3417 1373 3617 1443 inquit,

2028 1465 2215 1518 dicat:
2241 1463 2379 1529 Quia
2403 1463 2592 1533 fortior
2611 1480 2726 1518 sum
2745 1480 2837 1534 ego
2870 1463 3031 1534 (Joel.
3060 1481 3143 1530 ιιι,
3172 1465 3294 1536 10);
3321 1477 3377 1522 et
3403 1467 3493 1536 qui
3526 1482 3619 1534 pa-

2031 1553 2170 1608 tiens
2192 1561 2299 1620 est,
2350 1553 2422 1608 sit
2450 1561 2746 1622 pugnator.
2783 1552 2992 1614 Videtis
3035 1546 3166 1626 ergo
3210 1554 3352 1608 bella
3405 1553 3617 1608 Domini

2030 1644 2260 1716 pneliari
2289 1660 2394 1700 non
2425 1660 2585 1714 posse
2619 1644 2722 1700 nisi
2776 1647 3046 1714 patientes
3101 1645 3458 1716 intirmosque
3484 1663 3498 1711 ;
3526 1646 3616 1700 illa

343 1739 506 1809 hujus
549 1739 885 1794 centurionis
932 1738 1177 1794 ordinem
1223 1739 1607 1810 provehemur,
1655 1755 1816 1809 quem
1871 1740 1924 1795 in
1959 1734 2003 1793 Β
2031 1735 2220 1805 procul
2277 1735 2440 1790 dubio
2488 1735 2808 1790 infirmitate
2848 1751 2952 1805 qua
2995 1735 3251 1790 fundatus
3306 1735 3396 1790 ille
3439 1746 3619 1790 noster

346 1829 532 1885 Exodo
577 1844 792 1900 quoque
835 1845 932 1901 per
975 1829 1194 1901 Moysen
1244 1829 1472 1900 legimus
1526 1831 1864 1903 designatum
1908 1849 1922 1886 :

345 1921 612 1974 Constitue
643 1921 736 1974 tibi
763 1921 1103 1986 chiliarchas,
1132 1931 1180 1976 et
1201 1924 1549 1988 centuriones,
1587 1935 1640 1978 et
1672 1925 1926 1995 quinqua-

342 2011 605 2080 genarias,
649 2020 697 2064 et
724 2011 948 2066 decanos
983 2012 1180 2085 (Exod.
1234 2029 1390 2078 xvut,
1419 2013 1534 2084 2|).
1591 2014 1658 2068 Et
1715 2015 1785 2068 ita
1833 2029 1931 2070 nos

345 2119 560 2172 quoque
600 2102 762 2174 hujus
785 2105 1064 2174 dignitatis
1088 2105 1240 2176 apice
1269 2106 1568 2173 sublimati,
1610 2106 1931 2162 habebimus

348 2193 492 2250 hanc
519 2196 819 2266 imperandi
873 2205 1216 2264 potestatem,
1251 2205 1312 2251 ut
1355 2195 1514 2251 malis
1550 2197 1766 2266 quidem
1807 2213 1934 2268 sug-

343 2287 684 2356 gestiouibus
716 2287 1093 2358 praecipiamus
1118 2288 1334 2354 :Abite,
1363 2295 1419 2342 et
1470 2287 1722 2354 abibunt;
1776 2289 1932 2345 bonis

352 2391 481 2431 vero
511 2393 528 2432 :
559 2377 766 2444 Venite,
807 2386 863 2432 et
887 2379 1125 2433 venient.
1158 2377 1327 2433 Servo
1351 2392 1568 2448 quoque
1625 2386 1836 2440 nostro,
1881 2377 1933 2432 id

348 2477 434 2522 est
455 2471 695 2537 corpori,
719 2485 782 2524 ea
809 2484 931 2540 quae
959 2469 1230 2526 castitatis
1257 2469 1341 2524 vel
1383 2469 1731 2531 continentia:
1783 2477 1932 2536 sunt,

349 2557 605 2614 similiter
633 2560 995 2632 injungemus,
1019 2569 1074 2615 et
1099 2560 1218 2616 sine
1244 2559 1350 2614 ulla
1391 2557 1821 2615 contradictione
1843 2559 1936 2614 de-

347 2649 569 2715 serviet,
603 2667 708 2706 non
739 2651 852 2721 jam
882 2652 1156 2708 suscitans
1186 2651 1343 2706 nobis
1377 2650 1638 2708 adversos
1682 2651 1938 2721 concupi-

347 2741 570 2796 scentia:
598 2741 866 2809 stimulos,
904 2742 998 2798 sed
1025 2757 1242 2798 omnem
1292 2743 1560 2800 exhibens
1593 2742 1812 2814 spiritui
1861 2741 1937 2797 fa-

349 2829 632 2884 mulatum.

420 2919 592 2989 Hujus
629 2921 960 2978 centurionis
987 2923 1165 2993 qualia
1201 2939 1352 2980 arma
1381 2925 1512 2990 sint,
1567 2926 1654 2982 vel
1704 2925 1773 2980 ad
1818 2939 1940 2995 quae

339 3013 658 3083 praeliorum
683 3013 944 3068 exercitia
981 3025 1374 3085 praeparentur,
1432 3016 1558 3072 audi
1617 3016 1936 3086 Apostoluln

350 3103 734 3173 praedicantem
773 3121 792 3156 ε
823 3103 1008 3171 Arma,
1061 3106 1266 3176 inquit,
1305 3109 1550 3176 potentia:
1599 3118 1790 3164 nostra:
1833 3123 1938 3161 non

342 3203 473 3247 sunt
500 3194 760 3259 carnalia,
784 3196 877 3248 sed
904 3198 1138 3266 potentia
1156 3197 1269 3252 Deo
1302 3197 1353 3262 (1
1363 3198 1391 3252 I
1441 3198 1564 3254 Cor.
1605 3215 1662 3267 x,
1693 3201 1774 3271 4).
1805 3199 1940 3268 Qui-

354 3283 457 3340 bus
485 3300 585 3340 nos
623 3300 838 3355 quoque
873 3286 920 3341 si
952 3287 1200 3345 volumus
1243 3289 1382 3345 bella
1416 3290 1628 3347 Domini
1681 3295 1936 3365 praeliari,

345 3383 413 3430 et
443 3375 587 3431 inter
638 3379 985 3435 centuriones
1029 3383 1370 3453 evangelicos
1413 3383 1667 3450 militare,
1706 3388 1937 3446 accincti

347 3465 553 3537 jugiter
590 3467 850 3526 debemus
898 3469 1192 3528 incedere:
1241 3473 1466 3542 Sumite,
1504 3477 1704 3547 inquit,
1733 3489 1939 3536 scutum

351 3558 500 3626 fidei,
524 3560 577 3613 in
602 3577 704 3626 quo
724 3563 932 3630 possitis
968 3564 1145 3618 omnia
1171 3565 1276 3618 tela
1307 3567 1611 3636 nequissimi
1650 3571 1816 3640 ignita
1849 3590 1942 3628 ea:-

343 3647 616 3716 stinguere
651 3647 870 3719 (Ep/tes.
922 3666 1002 3715 vr,
1051 3652 1162 3723 16).
1196 3653 1336 3723 Ergo
1360 3655 1496 3711 ﬁdes
1523 3667 1609 3713 est
1640 3675 1759 3728 quae
1793 3665 1942 3720 exci-

352 3735 512 3804 piens
539 3736 921 3794 ardentissima
943 3739 1230 3796 libidinum
1260 3744 1389 3810 tela,
1421 3757 1568 3802 metu
1599 3749 1764 3805 futuri
1789 3754 1940 3822 judi-

349 3827 424 3882 cii
453 3835 510 3882 et
535 3827 774 3885 caelestis
813 3831 964 3903 regni
992 3831 1310 3888 credulitate
1355 3835 1667 3893 mortiﬁcat.
1700 3839 1769 3893 Et
1809 3842 1938 3896 tori-

344 3935 491 3985 eam,
546 3919 741 3990 inquit,
791 3923 1063 3977 charitatis
1095 3922 1276 3996 (ibid.,
1305 3925 1416 3996 14).
1454 3926 1572 3996 Ipsa
1619 3944 1812 4002 nempe
1857 3941 1942 3990 est

355 4023 476 4078 quae
502 4009 685 4064 vitalia
714 4013 953 4080 pectoris
991 4015 1161 4070 nosu°i
1197 4015 1548 4073 circumdans
1602 4028 1764 4091 atque
1793 4037 1941 4079 com-

358 4101 636 4169 muniens,
668 4104 736 4158 ad
777 4105 1093 4161 interiorem
1145 4107 1419 4165 hominem
1474 4121 1718 4168 nostrum
1758 4115 1938 4185 jacula

354 4193 556 4250 diaboli
582 4205 870 4264 penetrare
893 4212 999 4252 non
1019 4199 1307 4267 permittit.
1330 4200 1522 4257 Omnia
1556 4204 1700 4258 enim
1729 4207 1938 4274 suffert,

354 4287 536 4342 omnia
568 4288 787 4358 patitur,
824 4289 1006 4343 omnia
1035 4290 1288 4346 sustinet.
1322 4292 1390 4346 Et
1414 4294 1620 4364 galeam
1652 4311 1802 4367 spem
1848 4315 1939 4354 sa—

351 4379 482 4433 lutis
506 4379 805 4450 (ibid.,”).
828 4379 994 4474 galea
1019 4383 1216 4454 capitis
1229 4393 1313 4439 est
1334 4387 1633 4444 munimen.
1653 4389 1788 4456 Quia
1809 4406 1939 4462 ergo
1970 4419 2016 4474 ι)

357 4481 521 4543 caput
548 4481 791 4528 nostrum
815 4471 1066 4531 Christus
1101 4485 1202 4540 est,
1239 4475 1496 4534 debemus
1536 4479 1678 4536 istud
1727 4497 1938 4554 semper

357 4578 453 4634 spe
481 4563 745 4620 bonorum
769 4565 1074 4622 futurorum
1108 4567 1256 4624 velut
1279 4569 1854 4646 inexpugnabiligalea
1886 4577 1939 4632 in

359 4655 568 4710 cunctis
590 4657 977 4713 tentationibus
999 4673 1063 4712 ac
1085 4661 1559 4728 persecutionibus
1578 4668 1937 4735 communire,

359 4755 414 4800 et
437 4744 808 4815 principaliter
849 4746 1006 4803 fidem
1039 4748 1156 4819 ejus
1205 4750 1426 4805 illaesum
1457 4762 1622 4824 atque
1674 4755 1940 4828 integram

353 4841 652 4896 custodire.
683 4841 819 4897 Aliis
833 4842 976 4897 enim
997 4843 1254 4899 membris
1272 4853 1586 4902 truncatum
1609 4851 1938 4919 quempiam,

360 4931 484 4986 licet
511 4931 762 4997 debilem,
790 4933 1046 5004 possibile
1094 4941 1272 4989 tamen
1300 4944 1381 4992 est
1428 4949 1704 5009 utcunque
1755 4956 1943 5012 supcr-

357 5037 507 5088 csse;
543 5023 660 5078 sine
708 5025 883 5094 capite
913 5040 1042 5080 vero
1070 5027 1269 5080 nemini
1320 5028 1405 5084 vel
1459 5031 1638 5086 brevis
1662 5032 1785 5088 vita!
1820 5051 1944 5096 spa-

361 5111 492 5165 tium
517 5122 869 5183 praerogatur.
905 5111 972 5167 Et
992 5114 1227 5184 gladium
1259 5115 1512 5186 Spiritus,
1537 5122 1676 5191 quod
1711 5133 1787 5177 est
1833 5141 1943 5178 ver-

359 5202 480 5285 bum
512 5202 611 5256 Dei
643 5204 840 5274 (ibid.).
879 5202 1262 5262 l’enetrabilius
1293 5224 1524 5279 namque
1549 5222 1634 5266 est
1664 5215 1804 5268 omni
1827 5215 1944 5285 gla-

353 5284 445 5352 dio
485 5299 720 5368 ancipiti,
757 5308 804 5354 et
843 5301 1137 5369 pertingens
1175 5317 1338 5369 usque
1383 5302 1455 5355 ad
1485 5304 1790 5359 divisionem
1821 5284 1941 5361 ani-

358 5403 460 5441 ma:
486 5403 549 5441 ac
574 5389 809 5458 spiritus,
835 5406 1139 5462 compagum
1165 5407 1368 5462 quoque
1403 5410 1465 5447 ac
1492 5395 1870 5462 medullarum,
1893 5407 1942 5452 et

355 5477 613 5530 discretor
633 5479 1004 5547 cogitationum
1057 5491 1104 5535 et
1133 5481 1478 5536 intentionum
1524 5485 1698 5538 cordis
1753 5485 1939 5556 (Hebr.

358 5580 435 5628 iv,
469 5565 590 5636 l2);
628 5565 870 5623 dividens
904 5569 1111 5625 scilicet
1131 5579 1185 5625 et
1219 5571 1545 5628 abscindens
1601 5574 1862 5644 quidquid
1889 5577 1942 5633 in

356 5655 516 5712 nobis
560 5658 1182 5732 carnaleterrenumque
1214 5663 1496 5734 repererit.
1530 5662 1736 5730 Quibus
1766 5666 1943 5724 amis

2029 1829 2372 1900 evangelicus
2402 1828 2650 1884 centurio
2673 1843 2796 1883 cum
2854 1829 3049 1884 fiducia
3081 1829 3440 1899 loquebatur:
3485 1827 3617 1882 Cum

2021 1918 2167 1972 enim
2194 1918 2452 1987 inﬁrmor,
2481 1932 2602 1972 tunc
2628 1917 2816 1987 fortior
2835 1934 2952 1971 sum
2983 1917 3066 1988 (11
3094 1917 3219 1973 Cor.
3261 1934 3360 1983 xu,
3388 1918 3496 1988 10).
3550 1919 3620 1973 Et

2031 2010 2228 2066 iterum
2269 2025 2285 2065 :
2344 2009 2522 2064 Virtus
2568 2012 2621 2064 in
2677 2009 2984 2078 infirmitate
3029 2011 3299 2080 perﬁcitur
3328 2012 3503 2081 (ibid.,
3539 2011 3617 2083 9).

2027 2101 2110 2155 De
2129 2115 2234 2170 qua
2263 2100 2584 2156 infirmitate
2627 2115 2769 2155 unus
2795 2101 3180 2170 pr0phetarum
3207 2116 3221 2155 :
3251 2099 3318 2154 Et
3365 2105 3486 2167 erit,
3539 2103 3622 2157 in-

2032 2193 2173 2263 quit,
2195 2193 2286 2262 qui
2309 2193 2762 2262 infirmaturtnter
2781 2209 2892 2256 eos,
2921 2204 3056 2248 sicut
3085 2195 3272 2248 domus
3295 2195 3485 2250 David.
3518 2197 3624 2252 Pa-

2037 2284 2176 2338 tiens
2201 2283 2364 2338 etiam
2403 2283 2518 2339 haec
2571 2283 2711 2338 bella
2767 2283 3123 2354 prteliabitur,
3162 2300 3358 2354 nempe
3411 2287 3498 2341 illa
3528 2304 3620 2359 pa-

2038 2374 2223 2429 tientia
2251 2373 2322 2430 de’
2346 2389 2448 2444 qua
2473 2374 2670 2430 dicitur
2696 2388 2711 2428 :
2743 2371 3010 2429 Patientia
3039 2375 3181 2430 vobis
3205 2378 3500 2432 necessaria
3523 2389 3617 2444 est,

2035 2475 2092 2519 ut
2123 2464 2442 2520 voluntatem
2509 2464 2600 2518 Dei
2643 2464 2894 2533 facientes
2931 2466 3199 2536 recipiatis
3247 2469 3623 2524 remuneratio-

2036 2574 2152 2614 nem
2192 2556 2380 2628 (Hebr.
2411 2573 2467 2624 ιι,
2495 2556 2606 2629 56).

2106 2649 2186 2704 De
2215 2648 2448 2720 maligna
2475 2648 2804 2720 cogitatione
2851 2647 2982 2704 illud
3031 2664 3193 2706 nosse
3216 2650 3475 2707 debemus
3495 2650 3622 2720 quia

2032 2739 2184 2796 illico
2203 2748 2264 2794 ut
2287 2755 2386 2810 per
2409 2739 2806 2795 confessionem
2837 2739 3110 2810 patefacta
3151 2740 3335 2804 fuerit,
3386 2757 3628 2797 marces-

2035 2834 2143 2901 cit;
2169 2842 2227 2889 et
2251 2841 2540 2904 antequam
2599 2832 2945 2890 discretionis
2987 2833 3251 2901 judicium
3290 2833 3622 2906 proferatur,

2039 2941 2264 2997 serpens
2302 2926 2616 2982 teterrimus
2643 2926 2792 2981 velut
2823 2927 3113 2982 tenebroso
3160 2940 3225 2982 ac
3268 2927 3625 2982 subterraneo
3687 2921 3690 2926 ’

2035 3036 2204 3092 specu
2235 3022 2437 3077 virtute
2457 3020 2816 3077 confessionis
2847 3028 3158 3090 protractus
3207 3020 3273 3074 ad
3326 3019 3527 3086 lucem,
3571 3029 3626 3075 et

2043 3111 2321 3166 traductus
2350 3108 2750 3181 quodammodo
2779 3123 2842 3163 ac
2892 3107 3302 3172 dehonestatus,
3358 3108 3622 3163 abscedit.

2042 3200 2250 3255 Tamdiu
2275 3213 2508 3269 namque
2532 3199 2905 3270 suggestipnes
2929 3197 3047 3266 ejus
3074 3197 3250 3252 noxia:
3278 3195 3627 3252 dominantur

2038 3289 2095 3344 in
2118 3288 2274 3344 nobis
2293 3289 2530 3360 quandiu
2560 3289 2804 3342 celantur
2831 3288 2884 3341 in
2914 3288 3096 3342 corde.
3125 3286 3295 3354 Quem
3326 3303 3544 3342 sensum
3567 3287 3623 3342 in

2041 3379 2366 3436 Ecclesiaste
2420 3394 2636 3452 quoque
2687 3378 2915 3450 legimus
2947 3379 3271 3448 figuratum:
3308 3376 3368 3434 Si
3401 3395 3629 3433 momor-

2039 3472 2197 3538 derit,
2225 3473 2417 3543 inquit,
2455 3488 2665 3542 serpens
2705 3471 2885 3526 nonin
2909 3470 3082 3535 sibilo,
3109 3487 3212 3525 non
3255 3481 3328 3525 est
3354 3470 3628 3524 abundan.

2041 3566 2116 3619 tia
2138 3565 2479 3626 incantateri,
2514 3564 2662 3621 taciti
2692 3563 2961 3634 serpentis
2990 3578 3226 3618 morsum
3257 3563 3624 3632 perniciosum

2040 3673 2164 3713 esse
2191 3658 2504 3727 designans.
2534 3657 2588 3711 ld
2620 3665 2722 3722 est,
2776 3656 2822 3710 si
2853 3671 2951 3726 per
2993 3655 3392 3711 confessionem
3429 3670 3626 3726 sugge-

2043 3749 2148 3802 stio
2200 3761 2293 3801 seu
2345 3747 2603 3815 cogitatio
2657 3746 2922 3800 diabolica
2978 3746 3301 3800 ineantatori
3349 3745 3626 3814 cuiquam,

2042 3837 2313 3910 spirituali
2340 3837 2551 3891 scilicet
2577 3837 2696 3890 viro
2717 3836 2808 3904 qui
2837 3835 3177 3890 carminibus
3207 3835 3623 3905 'Scripturarum

2039 3928 2245 3985 mederi
2269 3927 2516 3997 protinus
2555 3925 2786 3989 vulneri,
2818 3933 2872 3979 et
2909 3926 3198 3980 extrahere
3216 3925 3284 3980 de
3305 3925 3468 3980 corde
3494 3940 3627 3980 con-

2037 4019 2217 4076 suevit
2241 4019 2401 4074 noxia
2424 4032 2633 4073 venena
2660 4016 2952 4086 serpentis,
2993 4016 3265 4087 patefacta
3287 4032 3403 4071 non
3437 4016 3626 4082 fuerit,

2043 4123 2360 4166 succurrere
2384 4105 2707 4178 periclitanti
2742 4107 3052 4178 periturove
3082 4122 3189 4162 non
3233 4107 3452 4177 poterit.
3489 4105 3624 4160 Nam

2042 4205 2304 4258 bonarum
2337 4215 2518 4255 rerum
2570 4215 2678 4254 non
2712 4208 2919 4254 tantum
2967 4210 3272 4270 suggestor,
3318 4199 3412 4254 sed
3462 4199 3626 4253 etiam

2043 4293 2222 4348 fautor
2243 4301 2404 4365 atque
2435 4292 2698 4362 impulsor
2733 4300 2818 4347 est
2850 4291 3013 4358 Deus,
3046 4292 3118 4346 ita
3151 4299 3208 4346 ut
3236 4306 3624 4362 nonnunquam

2044 4399 2144 4439 nos
2168 4384 2330 4438 etiam
2359 4385 2554 4439 invitos
2575 4392 2630 4438 et
2657 4383 2968 4452 ignorantes
2986 4383 3226 4438 attrahat
3268 4383 3335 4438 ad
3373 4383 3626 4438 salutem.

2043 4473 2266 4530 Constat
2294 4489 2424 4542 ergo
2450 4473 2721 4529 neminem
2748 4487 2905 4543 posse
2937 4488 2967 4526 a
3013 4473 3228 4528 diabolo
3276 4473 3472 4543 decipi,
3524 4473 3627 4527 nisi

2042 4581 2164 4622 eum
2192 4567 2284 4638 qui
2312 4566 2555 4636 praebere
2585 4565 2636 4620 ei
2671 4563 2927 4618 maluerit
2972 4577 3084 4619 sua:
3113 4563 3408 4620 voluntatis
3439 4579 3626 4620 assen-

2043 4677 2182 4716 smn.

2657 4751 2886 4810 CAPUT
2913 4753 2994 4808 111.

2292 4846 2368 4900 De
2389 4847 2808 4915 concupiscentia
2843 4848 3016 4900 carnis
3049 4864 3110 4900 ac
3141 4849 3376 4917 spiritus.

2116 4941 2315 5011 Spiritu
2344 4940 2627 5004 ambulate,
2657 4950 2705 4995 et
2741 4941 3001 4996 desideria
3029 4945 3205 4996 carnis
3243 4959 3346 4996 non
3385 4933 3626 5013 per/irie-

2045 5035 2129 5086 tis.
2166 5033 2304 5085 Caro
2359 5033 2497 5086 enim
2550 5033 2866 5102 concupiscit
2907 5033 3154 5087 adversus
3210 5033 3472 5104 spiritum,
3516 5034 3625 5103 spi-

2046 5126 2176 5178 ritus
2203 5135 2376 5180 autem
2417 5120 2665 5179 adversus
2715 5142 2949 5180 carnem.
2993 5125 3122 5180 "(ac
3179 5137 3353 5180 autem
3405 5126 3625 5181 invicem

2045 5219 2390 5272 adversantur
2407 5217 2526 5281 sibi,
2560 5228 2612 5271 ut
2636 5234 2738 5272 non
2763 5234 3082 5289 quwcunque
3124 5217 3298 5283 vultis,
3331 5218 3421 5272 illa
3461 5219 3631 5287 facia-

2045 5307 2110 5361 tis
2141 5304 2282 5377 (Cal.
2310 5322 2362 5372 v,
2391 5307 2501 5378 l6).
2530 5306 2665 5361 Tres
2689 5321 2775 5362 res
2799 5307 2898 5361 hoc
2925 5307 3042 5362 loco
3073 5309 3140 5361 ab
3168 5307 3425 5378 Apostoio
3458 5309 3630 5362 nomi-

2045 5398 2164 5451 nari
2195 5397 2446 5451 videntur
2476 5416 2490 5452 :
2521 5398 2964 5468 concupiscentia
2994 5397 3177 5453 carnis
3204 5399 3465 5454 adversus
3515 5399 3630 5468 spi-

2046 5488 2236 5553 ritum,
2263 5498 2319 5543 et
2348 5490 2573 5560 spiritus
2598 5490 2856 5544 adversus
2892 5504 3132 5543 carnem.
3162 5489 3403 5557 Quorum
3436 5490 3630 5543 adver-

2047 5593 2138 5637 Sus
2171 5595 2230 5635 se
2264 5581 2494 5636 invicem
2523 5595 2700 5651 pugna
2754 5580 2895 5635 hanc
2923 5581 3135 5636 videtur
3181 5583 3381 5637 habere
3407 5597 3629 5636 causam

2046 5680 2208 5742 atque
2237 5673 2521 5738 rationem,
2551 5682 2607 5727 ut
2643 5687 2706 5726 ea
2731 5687 2852 5743 quae
2882 5673 3146 5744 volumus,
3203 5675 3396 5747 inquit,
3452 5672 3634 5729 facere
