3906 6058
333 226 470 283 1027

664 221 724 278 S.
769 221 1069 280 ANSELM-l
1106 221 1452 279 CANTUAR.
1493 216 1811 275 ARCHIEP.
1853 215 1921 273 0i

2038 214 2219 270 PARS
2248 213 2313 269 ll.
2346 244 2413 255 —
2454 212 2825 271 ΡΑΒᾹΞΝΕΤ.
2850 210 2942 267 ΕΤ
2979 207 3227 267 ASCET.

3458 212 3609 266 1828

337 349 693 407 nequeamus.
722 334 923 401 Quarta
948 334 1110 402 igitur
1156 342 1405 402 superest
1444 345 1631 393 causa,
1675 338 1737 383 ut
1786 326 1917 382 illud
1946 333 1991 393 Α
2021 323 2311 395 terpellans
2341 320 2678 379 imbecillitas
2713 334 2915 384 carnis,
2949 318 3016 374 ab
3060 319 3149 374 illa
3180 310 3604 389 reprchensihili

330 433 540 489 scilicet
568 432 709 501 quod
732 432 999 491 nolumus,
1030 426 1316 482 faciamus.
1349 424 1501 478 Nunc
1522 439 1652 491 ergo
1680 425 1747 477 de
1794 423 1908 476 sin-

331 526 470 595 gulis
489 524 783 580 videamus.
808 521 1036 576 Carnem
1068 520 1171 573 hoc
1212 519 1332 572 loco
1358 530 1463 571 non
1510 515 1811 579 hominem,
1856 514 1909 567 id

332 627 416 672 est
444 616 680 671 hominis
698 612 1083 677 substantiam,
1113 611 1207 666 sed
1231 609 1349 679 ejus
1378 608 1644 664 desideria
1675 607 1909 676 pessima

331 706 589 761 debemus
609 703 876 773 accipere,
902 702 1043 756 sicut
1062 715 1131 755 ne
1154 700 1404 771 spiritum
1436 699 1652 768 quidem
1676 698 1909 768 aliquam

332 811 445 851 rem
504 792 939 857 substantialem,
982 792 1084 847 sed
1135 790 1331 845 anima:
1370 789 1635 844 desideria
1668 790 1806 844 bona
1854 797 1913 841 et

329 885 625 956 spiritualia
657 883 946 955 designari.
974 883 1249 950 Quaecum
1291 890 1542 949 utraque,
1574 880 1627 935 id
1653 888 1737 934 est
1762 878 1911 934 desi-

329 976 478 1030 deria
508 975 686 1029 carnis
708 982 762 1029 et
780 973 1021 1043 spiritus,
1045 974 1097 1026 in
1121 987 1227 1026 uno
1263 972 1560 1040 eodemque
1599 969 1713 1024 sint
1738 970 1913 1024 homi-

331 1081 419 1130 ne,
457 1065 770 1120 intestinum
814 1063 1058 1133 quotidie
1100 1062 1241 1116 intra
1282 1076 1382 1116 nos
1433 1061 1639 1131 geritur
1688 1059 1908 1123 bellum,

329 1160 455 1212 dum
477 1156 915 1225 concupiscentia
946 1154 1144 1216 carnis,
1175 1168 1295 1222 qua:
1320 1153 1722 1222 praecipitanter
1738 1150 1914 1207 fertur

329 1250 396 1304 ad
426 1250 575 1313 vitia,
609 1248 693 1302 his
713 1263 833 1317 quae
876 1247 942 1300 ad
981 1253 1300 1315 praesentem
1358 1246 1598 1315 requiem
1642 1246 1915 1314 pertinent

256 1338 257 1341 “
329 1340 536 1396 deliciis
557 1339 777 1409 gaudet,
807 1338 1033 1393 lusoriis
1063 1337 1394 1403 delectatur;
1429 1336 1629 1405 quibus
1668 1346 1914 1391 econtra

329 1429 767 1499 concupiscentia
806 1428 1028 1499 spiritus
1060 1429 1346 1484 adversata
1377 1429 1453 1482 ita
1483 1428 1756 1482 desiderat
1803 1436 1913 1482 tota

329 1521 701 1591 spiritualibus
723 1513 916 1574 st'udiis
949 1520 1233 1585 inhaerere,
1266 1532 1328 1575 ut
1353 1520 1520 1574 etiam
1575 1519 1914 1575 necessarios

2013 417 2294 471 nimietate
2314 416 2538 485 spiritus
2573 422 2786 469 revocat
2836 427 2901 466 ac
2936 411 3195 465 retardat.
3226 410 3294 466 Et
3329 412 3403 464 ita
3449 411 3508 464 lit
3534 420 3602 466 as

2015 514 2244 575 utraque
2270 504 2729 575 concupiscentia,
2755 501 2848 557 tali
2874 501 3256 556 cohuctatione
3276 500 3483 555 alterna
3513 500 3599 555 si-

2010 596 2181 652 bimet
2208 604 2561 665 repugnante,
2595 596 2787 649 anima:
2821 592 3088 658 voluntas,
3134 606 3256 661 qua:
3279 607 3379 647 nec
3426 600 3601 646 t0tam

2013 703 2073 743 se
2109 688 2412 743 carnalibus
2452 687 2738 741 desideriis
2788 686 3008 749 dedere,
3042 699 3143 739 nec
3175 686 3436 739 virtutum
3483 684 3603 739 vult

2010 778 2286 835 laboribus
2319 778 2600 839 desudare,
2627 777 2860 847 quodam
2885 775 3034 846 justo
3059 777 3431 831 moderamine
3456 786 3603 831 tem—

2012 880 2254 939 peretur,
2279 869 2403 923 dum
2433 868 2549 922 haec
2574 868 2715 922 inter
2740 875 2967 936 utraque
2991 868 3267 922 contentio
3296 867 3443 922 illam
3474 883 3601 937 per-

2012 964 2358 1018 niciosiorem
2394 961 2687 1016 excludens
2725 961 2917 1015 anima:
2945 960 3297 1025 voluntatem,
3328 971 3387 1015 ut
3407 977 3603 1031 quam-

2012 1055 2137 1109 dam
2162 1054 2429 1123 arquitatis
2453 1054 2646 1107 libram
2687 1053 2741 1107 in
2782 1062 2984 1107 statera
3013 1052 3184 1106 nostri
3212 1054 3455 1115 corporis
3484 1053 3603 1107 eol-

2012 1147 2177 1212 locat,
2219 1161 2339 1216 quae
2367 1144 2597 1215 spiritus
2627 1144 2916 1212 carnisque
2942 1143 3173 1198 confinia
3198 1142 3348 1212 justo
3395 1146 3603 1199 discer—

2016 1239 2097 1293 nit
2124 1239 2394 1302 examine,
2424 1250 2527 1290 nec
2554 1252 2582 1288 a
2629 1233 2838 1290 dextris
2887 1244 3123 1288 mentem
3155 1236 3376 1303 spiritus
3402 1236 3601 1290 ardore

2014 1340 2361 1391 succensum,
2405 1341 2504 1380 nec
2541 1340 2572 1378 a
2627 1324 2761 1379 laeva
2815 1339 3035 1379 carnem
3085 1325 3341 1379 vitiorum
3397 1325 3602 1382 aculeis

2014 1419 2428 1490 praeponderare
2450 1417 2793 1487 permittens.
2822 1416 3066 1485 Dumque
3094 1417 3213 1471 hmo
3250 1432 3429 1488 pugna
3464 1433 3601 1488 quo-

2017 1510 2236 1565 tidianis
2258 1510 2447 1565 diebus
2474 1508 2681 1563 utiliter
2704 1508 3011 1577 exagitator
3062 1508 3116 1561 in
3145 1508 3326 1571 nobis,
3358 1510 3423 1561 ad
3471 1509 3600 1564 illud

330 1614 513 1667 carnis
535 1627 662 1667 usus
690 1622 844 1681 optet
875 1611 1179 1666 excludere.
1211 1612 1304 1665 llla
1337 1611 1523 1665 satiari
1571 1626 1781 1678 sonmo,
1828 1626 1916 1665 re-
2017 1608 2271 1670 (Ιυίιτιυῐῐι
2311 1600 2453 1669 (ιυοά
2481 1599 2731 1653 ηοίυωιιδ
2770 1598 3063 1652 suumn“
3111 1598 3294 1652 νθηίτθ
3317 1597 3600 1669 compelli-

328 1704 463 1775 pleri
495 1703 619 1757 cibo
636 1702 1015 1772 universisque
1030 1702 1337 1757 exuberare
1360 1703 1531 1771 copiis
1550 1703 1912 1773 concupiscit;

2024 1707 2164 1756 mur,
2190 1700 2249 1745 ut
2276 1692 2569 1761 puritatem
2595 1691 2779 1746 cordis
2802 1704 2914 1743 non
2960 1688 3073 1744 otio
3126 1704 3227 1744 nec
3282 1691 3596 1757 securitate,

330 1788 421 1848 hic
452 1794 649 1864 vigiliis
675 1802 732 1847 et
751 1793 976 1863 jejuniis
1006 1794 1307 1863 saginatur,
1358 1808 1423 1847 ac
1454 1801 1773 1862 paupertate
1802 1792 1916 1863 glo-
2015 1784 2112 1838 sed
2131 1782 2242 1853 jugi
2282 1783 2480 1837 sudore
2506 1790 2562 1837 et
2592 1780 2921 1837 contritione
2960 1780 3184 1850 spiritus
3225 1782 3598 1850 acquiramus,

330 1881 523 1935 riatur.
556 1882 813 1938 Lavacris
840 1881 929 1936 illa
975 1882 1259 1946 nitescere,
1314 1892 1367 1937 et
1419 1882 1749 1950 quotidianis
1779 1883 1913 1937 adu-

330 1972 555 2027 lantium
580 1974 769 2029 cuneis
797 1973 1002 2044 appetit
1030 1974 1355 2042 constipari;
1406 1973 1495 2027 hic
1515 1972 1767 2041 squalore
1797 1988 1915 2027 sor-

329 2066 477 2120 dium
505 2066 825 2134 congaudet,
851 2074 1281 2134 cunctorumqne
1310 2064 1619 2119 mortalium
1672 2078 1913 2135 praesen-

333 2156 462 2210 tiam
494 2156 876 2226 perhorrescit.
905 2156 1213 2210 Honoribus
1244 2154 1334 2209 illa
1370 2164 1426 2210 et
1466 2155 1718 2210 laudibus
1744 2155 1916 2210 homi-

331 2259 458 2297 num
488 2242 834 2309 confovetur;
861 2244 950 2299 hic
975 2243 1230 2313 irrogatis
1253 2243 1358 2298 sibi
1380 2242 1593 2313 injuriis
1618 2257 1690 2298 ac
1727 2257 1916 2313 perse-

330 2334 639 2389 cutionibus
664 2334 943 2405 gloriatur.

402 2425 549 2479 Inter
575 2426 670 2480 has
700 2426 865 2495 igitur
914 2433 1177 2495 utrasque
1221 2425 1689 2495 concupiscentias
1720 2425 1917 2481 anima:

332 2515 581 2569 voluntas
609 2516 663 2569 in
694 2515 997 2570 meditullio
1026 2518 1260 2585 quodam
1300 2516 1745 2586 vituperabiliore
1792 2534 1915 2574 con-

332 2606 551 2669 sistens,
577 2620 678 2660 nec
706 2606 959 2661 vitiorum
984 2606 1208 2676 ﬂagitiis
1248 2605 1572 2674 oblectatur,
1624 2622 1724 2665 nec
1753 2609 1918 2664 virtu-

338 2706 448 2748 tum
479 2695 752 2749 doloribus
770 2696 1097 2763 acquiescit;
1125 2699 1205 2751 sic
1232 2710 1480 2766 quaerens
1506 2712 1536 2751 a
1562 2698 1916 2767 passionibus

336 2785 628 2854 temperari
670 2786 1003 2851 carnalibus,
1050 2797 1108 2840 ut
1142 2803 1486 2858 nequaquam
1528 2790 1654 2845 velit
1703 2791 1918 2847 dolores

336 2877 679 2932 necessarios
712 2877 1000 2939 sustinere,
1031 2880 1151 2933 sine
1171 2879 1369 2949 quibus
1396 2880 1661 2937 desideria
1691 2883 1918 2953 spiritus

334 2976 608 3039 nequeunt
634 2969 922 3038 possideri,
947 2971 1167 3043 Absque
1198 2974 1557 3044 castigatione
1599 2976 1784 3031 carnis
1823 2990 1918 3031 ca-

2015 1875 2428 1942 castitatemque
2449 1874 2630 1927 carnis
2664 1870 2926 1927 districtis
2947 1870 3187 1941 jejuniis,
3218 1870 3383 1937 fame,
3411 1871 3498 1924 siti
3532 1887 3599 1926 ac

2015 1964 2289 2035 vigilantia
2324 1973 2676 2019 retenternus.
2721 1962 2975 2017 Essemus
3004 1960 3187 2031 itaque
3234 1961 3450 2030 penitus
3480 1962 3599 2016 sine

2018 2057 2260 2111 remedio
2282 2056 2466 2126 tepidi,
2498 2062 2684 2124 utpote
2709 2067 2817 2107 non
2850 2053 3114 2107 habentes
3155 2052 3389 2106 indicem
3429 2053 3599 2123 negli-

2011 2150 2210 2220 gentia:
2232 2158 2432 2204 nostra:
2454 2146 2539 2202 vel
2567 2147 2623 2200 in
2645 2159 2872 2215 corpore
2893 2152 3104 2209 nostro,
3132 2143 3218 2198 vel
3238 2144 3292 2198 in
3318 2147 3601 2200 conscien-

2018 2242 2108 2297 tiis
2136 2242 2370 2311 propriis
2394 2238 2823 2303 indesinentem;
2852 2251 2954 2292 nec
3000 2236 3342 2292 studeremus
3379 2237 3446 2291 ad
3473 2250 3597 2305 per-

2014 2330 2268 2385 lectionis
2304 2345 2541 2402 unquam
2580 2329 2868 2399 pervenire
2904 2328 3197 2394 fervorem,
3230 2331 3327 2384 sed
3380 2343 3448 2383 ne
3482 2328 3599 2383 fru—

2018 2425 2257 2495 galitatis
2276 2424 2498 2494 quidem
2512 2423 2905 2479 districtionem
2923 2430 3257 2486 teneremus,
3288 2419 3393 2475 nisi
3409 2420 3598 2475 saltem

2019 2533 2118 2573 nos
2143 2516 2377 2571 titillatio
2408 2516 2590 2573 carnis
2616 2513 2901 2586 ﬂuxusque
2947 2519 3261 2571 increscens
3292 2513 3602 2569 humiliaret

2018 2616 2183 2678 atque
2228 2607 2543 2662 retunderet
2581 2615 2638 2661 et
2679 2606 2943 2661 adversus
2992 2605 3357 2676 spiritualium
3390 2617 3605 2673 quoque

2018 2696 2275 2753 vitiorum
2344 2697 2714 2769 purgationem
2775 2696 3040 2753 sollicitos
3085 2696 3343 2751 redderet
3411 2703 3467 2749 et
3520 2694 3606 2748 in-

2022 2798 2216 2845 tentos.
2257 2790 2357 2857 Qui
2405 2798 2598 2854 status,
2633 2790 2685 2844 id
2726 2799 2810 2846 est
2841 2790 3068 2860 tepidus,
3099 2803 3129 2842 a
3174 2787 3385 2843 carnali
3423 2786 3603 2857 quali-

2018 2890 2132 2937 tate
2168 2881 2504 2937 descendeus
2532 2880 2763 2937 efﬁcitur
2786 2880 3058 2945 animalis,
3108 2879 3199 2949 qui
3230 2893 3314 2934 est
3363 2876 3605 2932 deterior

2021 2974 2239 3044 gradus.
2264 2973 2382 3045 Ipse
2396 2980 2479 3029 est
2496 2972 2641 3028 enim
2663 2972 2835 3042 quide
2857 2969 3052 3040 frigido
3078 2971 3147 3024 ad
3166 2969 3394 3040 tepidum
3423 2977 3607 3022 trans-

334 3036 921 3129 stimoniamcorporis,
945 3061 1062 3117 sine
1074 3036 1389 3131 vigiliarum
1416 3063 1600 3119 labore
1622 3066 1804 3121 cordis
1824 3067 1920 3121 de-
1945 3036 1988 3095 C
2018 3036 2160 3131 iens,
2188 3036 2555 3120 detestabilior
2576 3036 2709 3120 voce
2739 3036 2957 3117 Domini
2982 3036 3243 3131 signatur.

335 3145 586 3202 sideralis
612 3148 895 3217 acquirere
923 3149 1235 3219 puritatem,
1256 3150 1468 3223 absque
1499 3153 1657 3210 ullius
1685 3170 1918 3227 exaspe-

338 3235 554 3291 ratione
574 3236 800 3292 convicii
823 3238 1094 3307 patientiae
1121 3240 1354 3310 gratiam
1398 3244 1698 3312 possidere,
1744 3246 1920 3302 humi-

336 3325 545 3382 htatem
570 3326 771 3384 Christi
793 3328 912 3384 sine
944 3331 1166 3386 honoris
1190 3333 1445 3389 mundani
1473 3335 1921 3405 exercerejactu—

340 3436 426 3488 ra,
456 3421 731 3491 religionis
769 3422 1171 3493 simplicitatem
1199 3439 1323 3479 cum
1344 3426 1592 3481 smculari
1623 3428 1918 3485 ambitione

339 3510 559 3571 sectari,
587 3510 805 3565 Christo
834 3526 954 3565 cum
987 3511 1265 3566 hominum
1295 3512 1455 3569 laude
1504 3530 1570 3571 ac
1592 3515 1781 3573 favore
1811 3535 1925 3574 ser-

340 3601 480 3665 vire,
514 3600 904 3655 districtionem
944 3603 1185 3658 veritatis
1210 3604 1327 3659 sine
1364 3603 1665 3677 cuiuspiam
1717 3608 1805 3664 vel
1839 3619 1924 3664 te-

339 3692 435 3747 nui
459 3690 757 3748 oﬂ‘ensione
788 3692 1067 3763 proferre;
1105 3703 1384 3765 postremo
1416 3697 1497 3753 sic
1525 3697 1636 3753 vult
1656 3700 1925 3772 consequi

339 3784 521 3839 futura
543 3786 702 3850 bona,
735 3794 794 3839 ut
816 3787 1109 3855 pnesentia
1135 3803 1243 3843 non
1272 3790 1509 3845 amittat.
1549 3790 1679 3858 Quae
1729 3791 1923 3849 volun-

348 3886 430 3931 tas
479 3892 754 3945 nunquam
800 3892 898 3932 nos
946 3877 1016 3931 ad
1045 3879 1437 3948 perfectionem
1489 3897 1671 3938 veram
1717 3884 1929 3940 faceret

342 3968 648 4037 pervenire,
682 3967 777 4022 sed
803 3968 856 4022 in
897 3976 1083 4037 tepore
1112 3972 1347 4039 quodam
1384 3975 1663 4030 teterrimo
1686 3975 1925 4031 colloca-

343 4065 450 4121 ret,
482 4056 724 4126 lalesque
745 4055 953 4112 faceret
990 4060 1178 4127 quales
1198 4071 1326 4114 sunt
1357 4061 1433 4115 illi
1470 4063 1561 4132 qui
1608 4064 1661 4118 in
1716 4065 1927 4136 Apoca-

347 4148 481 4219 lypsi
508 4149 876 4218 increpatione
914 4150 1124 4204 Domini
1166 4153 1546 4223 castigantur:
1590 4154 1717 4212 Seio
1769 4173 1927 4227 opera

345 4252 459 4308 tua,
482 4243 606 4312 quia
632 4257 795 4312 neque
837 4242 1063 4311 frigidus
1106 4259 1180 4308 es,
1231 4260 1392 4314 neque
1437 4246 1681 4314 calidus;
1725 4251 1927 4305 utinam

348 4333 573 4402 frigidus
626 4348 782 4395 esses,
842 4342 932 4385 aut
984 4332 1188 4386 calidus
1216 4332 1238 4386 .'
1278 4334 1368 4387 sed
1432 4337 1555 4405 quia
1607 4339 1810 4407 tepidus
1850 4356 1924 4405 es,

348 4420 596 4491 incipiam
625 4434 672 4477 te
701 4440 932 4478 emovere
959 4440 1024 4477 ea:
1046 4440 1133 4479 ore
1154 4441 1266 4479 meo
1298 4428 1485 4496 (Apoc.
1522 4443 1603 4493 ιιι,
1647 4430 1793 4500 15,);
1823 4432 1924 4485 nisi

350 4508 494 4564 hunc
526 4513 914 4582 tepidissimum
964 4525 1167 4570 statum
1231 4519 1554 4574 altrinsecus
1585 4521 1701 4577 haec
1748 4522 1928 4577 insur-

350 4601 528 4669 gentia
549 4602 684 4654 bella
719 4603 1107 4673 dirumperent.
1146 4605 1280 4660 Nam
1304 4622 1427 4661 cum
1454 4607 1778 4666 famulantes
1805 4613 1932 4667 huic

350 4689 616 4744 voluntati
647 4702 846 4745 nostrae
875 4695 941 4747 ad
994 4694 1132 4749 hanc
1170 4697 1545 4753 remissionem
1600 4701 1931 4757 voluerimus

350 4782 710 4851 nosmetipsos
766 4783 1027 4853 paulatim
1084 4786 1349 4850 relaxare.
1419 4791 1705 4857 confestim
1755 4795 1931 4849 aculei

346 4875 533 4939 carnis
566 4875 872 4946 insurgunt,
914 4878 1132 4950 suisque
1165 4895 1264 4935 nos
1308 4883 1451 4938 vitiis
1481 4892 1537 4939 et
1587 4886 1933 4955 passionibus

349 4970 682 5037 sauciantes,
718 4984 1056 5040 nequaquam
1095 4973 1151 5026 in
1194 4972 1280 5026 illa
1316 4990 1422 5045 qua
1454 4976 1795 5033 delectamur
1835 4994 1935 5049 pu-

353 5062 529 5117 ritatis
576 5061 837 5131 qualitate
859 5074 1005 5118 stare
1069 5069 1407 5135 permittunt,
1466 5076 1628 5139 atque
1675 5071 1741 5125 ad
1787 5071 1931 5127 illam

353 5168 517 5223 quam
594 5155 876 5209 horremus
929 5154 1179 5226 frigidam
1239 5158 1574 5228 voluptatum
1614 5161 1934 5231 plenamque

355 5244 598 5300 sentibus
627 5247 947 5314 pertrahunt
974 5247 1129 5300 viam.

428 5337 635 5391 Rursus
667 5338 712 5391 si
751 5338 972 5407 spiritus
1004 5338 1215 5396 fervore
1251 5343 1496 5398 succensi
1534 5359 1699 5415 opera
1750 5348 1935 5403 carnis

358 5430 599 5484 volentes
624 5430 969 5502 exstinguere
1000 5432 1116 5487 sine
1165 5432 1273 5489 ullo
1324 5446 1572 5505 respectu
1626 5438 1936 5509 fragilitatis

361 5520 629 5583 humanae,
669 5530 807 5576 totos
835 5524 1190 5593 nosmetipsos
1221 5530 1613 5585 tentaverimus
1655 5533 1723 5587 ad
1745 5534 1937 5587 immo-

360 5604 548 5661 derata
573 5608 829 5667 virtutum
860 5612 1236 5685 studiaeordis
1265 5617 1499 5674 elatione
1524 5619 1773 5676 conferre
1807 5640 1819 5675 :
1854 5622 1937 5677 in-

2094 3154 2227 3211 Tres
2242 3171 2475 3226 namque
2496 3165 2622 3211 sunt
2640 3155 2940 3210 animarum
2954 3162 3127 3209 status
3146 3169 3157 3205 :
3175 3152 3382 3221 primus
3406 3163 3607 3204 carna-

2017 3248 2120 3316 lis;
2158 3248 2449 3313 secundus,
2479 3246 2760 3313 animalis;
2793 3246 3005 3313 tertius,
3034 3244 3350 3316 spiritualis.
3373 3242 3522 3309 Quos
3549 3242 3601 3296 in

2023 3340 2279 3409 Apostolo
2317 3341 2389 3393 ita
2436 3338 2663 3410 legimus
2694 3338 2987 3408 designari.
3013 3335 3147 3390 Nam
3172 3336 3239 3390 de
3282 3333 3487 3390 carnali
3529 3334 3601 3388 ita

2024 3431 2224 3487 dicitur
2250 3447 2270 3484 .:
2301 3430 2409 3484 Lac
2437 3431 2581 3485 uobis
2616 3437 2795 3499 potum
2825 3429 2969 3494 dedi,
3003 3444 3109 3482 non
3140 3443 3338 3482 escam.
3368 3424 3605 3480 Necdum

2022 3523 2164 3576 enim
2183 3521 2460 3591 poteratis,
2488 3521 2577 3576 sed
2604 3537 2696 3575 nec
2726 3520 2899 3574 adhuc
2927 3519 3139 3591 quidem
3153 3519 3392 3588 potestis.
3424 3516 3607 3570 Adhuc

2020 3612 2161 3666 enim
2190 3611 2430 3666 carnales
2460 3611 2583 3665 estis
2612 3609 2664 3682 (I
2712 3607 2834 3664 Cor.
2866 3624 2951 3676 ιιι,
2985 3608 3041 3678 2)
3069 3623 3086 3674 ;
3123 3617 3179 3662 et
3219 3607 3457 3662 iterum:
3508 3603 3609 3659 Ubi

2022 3704 2162 3758 enim
2186 3714 2259 3758 est
2292 3704 2429 3757 inter
2456 3718 2542 3757 uos
2570 3700 2715 3756 zelus
2745 3712 2793 3755 et
2821 3700 3105 3762 contentio,
3152 3713 3323 3752 nonne
3367 3696 3606 3751 carnales

2018 3796 2186 3850 estis?
2209 3795 2383 3865 (ibid.)
2403 3796 2475 3850 De
2502 3793 2722 3848 animali
2744 3806 2958 3862 quoque
2990 3788 3173 3845 taliter
3206 3803 3605 3844 commemora-

2030 3896 2154 3942 tur:
2184 3886 2444 3943 Aniutalis
2473 3896 2648 3940 autem
2676 3886 2828 3939 homo
2860 3900 2961 3937 non
2981 3882 3200 3953 percipit
3231 3898 3293 3935 ea
3341 3896 3458 3950 qua:
3484 3888 3604 3933 sunt

2030 3978 2261 4048 Spiritus
2284 3978 2380 4033 Dei
2406 3994 2426 4033 :
2456 3977 2680 4033 stultitia
2710 3977 2851 4031 enim
2902 3984 2978 4029 est
3016 3974 3096 4027 illi
3150 3972 3202 4041 (l
3244 3971 3369 4027 Cor.
3402 3987 3467 4037 ιι,
3500 3972 3607 4039 Η).

2032 4070 2107 4124 De
2138 4071 2405 4140 spirituali
2435 4086 2565 4126 vero
2596 4089 2609 4125 :
2644 4071 2954 4141 Spiritualis
2997 4084 3169 4127 autem
3202 4074 3466 4126 examinat
3498 4087 3608 4123 orn-

2031 4162 2141 4224 nia,
2167 4161 2276 4229 ipse
2308 4170 2481 4215 autem
2512 4180 2544 4215 a
2571 4163 2775 4216 nemine
2816 4164 3139 4233 dijudicatur
3165 4162 3371 4233 (ibid.);
3408 4169 3467 4216 et
3513 4162 3613 4215 ite-

2032 4268 2147 4304 rum
2178 4269 2192 4305 :
2230 4248 2329 4307 Vos
2351 4253 2442 4322 qui
2467 4253 2767 4324 spirituales
2790 4256 2936 4319 estis,
2974 4254 3218 4307 instruite
3239 4270 3325 4307 eos
3356 4251 3446 4322 qui
3470 4250 3613 4319 ejus-

2030 4345 2173 4399 modi
2200 4355 2343 4411 sunt,
2373 4348 2433 4400 in
2483 4347 2670 4415 spiritu
2706 4347 2935 4401 lenitatis
2989 4345 3132 4415 (Gul.
3185 4360 3259 4411 vt,
3294 4345 3371 4414 2).
3426 4346 3615 4414 Itaque

2032 4435 2393 4491 festinandum
2417 4447 2501 4491 est
2528 4437 2681 4491 nobis
2709 4447 2786 4500 ut,
2815 4450 2937 4492 cum
2979 4438 3350 4491 renuntiantes
3381 4436 3611 4489 desieri-

2035 4543 2153 4582 mus
2176 4542 2295 4583 esse
2327 4528 2593 4593 carnales,
2630 4528 2681 4581 id
2703 4535 2788 4582 est
2835 4544 2864 4581 a
2914 4527 3253 4582 saecularium
3289 4526 3617 4597 smper-imus

2033 4622 2447 4675 conversatione
2472 4620 2701 4691 seiungi,
2751 4620 2902 4675 etab
2958 4621 3046 4675 illa
3088 4618 3374 4675 manifesta
3429 4620 3617 4674 carnis

2035 4711 2328 4780 pollutione
2372 4725 2610 4775 cessare,
2641 4710 2976 4779 spiritualem
3008 4719 3207 4765 statum
3247 4710 3493 4779 protinus
3521 4725 3621 4776 ap-

2037 4802 2371 4871 prehendere
2391 4801 2647 4867 nitamur,
2677 4816 3019 4871 nequaquam
3043 4801 3420 4857 existimantes
3449 4814 3615 4870 quam

2037 4908 2202 4961 supra
2242 4892 2478 4947 diximus
2504 4893 2793 4947 exterioris
2832 4892 3066 4947 hominis
3108 4890 3520 4947 conversionem
3549 4890 3621 4945 ad

2037 4985 2428 5054 perfectionem
2468 4986 2622 5039 nobis
2650 4983 2918 5048 sufﬁcere,
2945 4985 2989 5039 si
3020 4999 3147 5055 erga
3175 4983 3619 5038 emundationem

2038 5084 2353 5130 exterarum
2395 5076 2700 5145 passionum
2739 5075 2997 5131 lentiores
3034 5077 3342 5129 reddantur.
3402 5072 3482 5126 Ne
3510 5072 3622 5127 for-

2040 5175 2092 5219 te
2130 5168 2339 5221 iuventi
2369 5167 2420 5220 in
2450 5166 2541 5220 illo
2597 5167 2777 5238 tepido
2809 5177 2951 5223 statu
2985 5168 3077 5236 qui
3121 5166 3432 5220 teterrimus
3472 5162 3623 5233 judi-

2032 5269 2216 5322 catur,
2268 5260 2596 5315 evomendos
2646 5275 2748 5315 nos
2794 5275 2861 5314 ex
2914 5276 3010 5315 ore
3064 5258 3277 5315 Domini
3319 5260 3619 5313 secundum

2037 5348 2153 5417 ejus
2190 5351 2511 5406 sententiam
2562 5353 2896 5417 noverimus,
2948 5354 3019 5407 ita
3091 5352 3358 5407 dicentis:
3400 5347 3621 5402 Utinam

2039 5440 2244 5495 calidus
2304 5458 2439 5496 esses
2490 5452 2582 5496 aut
2630 5442 2853 5513 frigidus
2882 5484 2896 5508 ,
2940 5443 3029 5497 sed
3092 5446 3217 5513 quia
3266 5442 3469 5512 tepidus
3516 5456 3570 5493 es
3602 5480 3617 5504 ,

2040 5533 2285 5599 incipiam
2308 5543 2356 5588 te
2388 5549 2621 5588 emovere
2645 5551 2708 5589 ea:
2726 5552 2814 5589 ore
2853 5552 2968 5589 meo
2997 5536 3183 5606 (Apoc.
3242 5551 3327 5598 Ill,
3365 5535 3474 5605 15).
3507 5533 3620 5588 Nec

2042 5627 2313 5681 immerito
2339 5642 2430 5682 eos
2462 5628 2739 5694 Dominus,
2763 5643 2898 5696 quos
2915 5628 3026 5698 jam
3055 5628 3109 5681 in
3141 5627 3435 5684 visceribus
3464 5640 3621 5683 reco-
