3906 6058
291 255 430 312 ιυῖθ

1527 243 1855 303 TRAC'I'AT
1866 243 1948 301 US
1986 239 2390 303 ASCETICUS.

3404 249 3561 310 .1030

291 358 446 420 perat
472 345 775 410 cbaritatis,
803 343 961 397 noxie
995 341 1286 414 tepefactus
1315 355 1435 396 cum
1467 347 1699 410 quadam
1732 355 1861 394 con-
1891 356 1939 414 Α
1967 337 2100 392 viris
2132 351 2230 407 pro
2278 350 2493 392 summo
2531 335 2776 392 laborum
2829 336 3099 409 stipendio
3153 341 3559 410 repromittitur

288 439 530 494 vulsionc
548 438 784 507 pectoris
807 435 889 491 sui
917 437 1242 489 emovendos
1259 449 1376 488 esse
1399 432 1727 504 pronuntiat,
1753 431 1867 500 qui,

287 545 412 584 eum
441 529 732 584 salutarem
762 526 1160 596 quodammodo
1185 526 1359 580 cidem
1408 524 1704 595 potuissent
1733 539 1870 594 pra:-

290 620 416 677 bcre
454 621 839 683 substantiam,
871 617 1024 672 avelli
1057 619 1124 672 ab
1156 617 1299 671 illius
1339 617 1638 672 visceribus
1666 616 1869 671 malue-

294 721 447 765 runt:
485 718 636 764 tanto
662 708 960 763 deteriores
985 706 1162 762 effecti
1214 705 1320 761 illis
1346 705 1436 776 qui
1465 721 1740 776 nunquam
1781 707 1864 761 ori

288 801 570 856 Dominico
594 798 727 853 illati
760 806 888 852 sunt
910 795 1066 860 cibis,
1121 804 1323 865 quanto
1352 795 1404 849 id
1450 795 1618 864 quod,
1667 809 1864 848 nausea

285 891 659 961 compellentc,
684 888 1017 961 projicimus,
1045 887 1669 942 odibiliusdetestamur.
1700 886 1864 953 Quid-

284 981 415 1052 quid
441 983 585 1036 enim
614 981 863 1050 frigidum
888 989 989 1044 est,
1021 979 1183 1032 etiam
1214 994 1308 1032 ore
1336 989 1523 1032 nostro
1553 987 1862 1048 susceptum

283 1075 513 1128 vertitur
537 1075 588 1128 in
602 1074 925 1136 calorcm,et
947 1070 1221 1124 salutifera
1247 1059 1513 1125 suavitate
1529 1070 1858 1139 percipitur;

283 1165 426 1234 quod
450 1173 628 1218 autem
654 1163 783 1216 vitio
813 1159 978 1215 semel
1008 1159 1296 1228 perniciosi
1337 1159 1537 1228 teporis
1583 1159 1859 1228 objectum

284 1263 389 1314 est.
429 1269 534 1306 non
564 1250 739 1304 dicam
770 1248 925 1302 labiis
954 1249 1264 1312 admovere,
1297 1247 1393 1302 sed
1441 1247 1606 1302 etiam
1641 1247 1860 1302 eminus

283 1340 480 1394 intueri
511 1339 626 1394 sine
652 1337 856 1406 ingenti
905 1337 1132 1392 horrore
1174 1352 1277 1390 non
1307 1352 1612 1406 possumus.
1644 1336 1858 1392 Rectis-

281 1431 416 1485 sime
443 1445 570 1500 ergo
595 1429 974 1500 pronuntiatur
991 1443 1108 1484 esse
1133 1429 1390 1493 deterior,
1416 1427 1541 1496 quia
1567 1427 1860 1496 faciliusatl

280 1519 570 1573 salutarem
607 1518 1017 1573 conversionem
1072 1531 1135 1572 ac
1182 1516 1533 1588 perfectionis
1584 1517 1859 1588 fastigium

280 1608 514 1662 carnalis
543 1609 683 1676 quis,
715 1607 768 1661 id
820 1615 904 1662 est
930 1606 1205 1661 saecularis
1235 1605 1318 1660 vel
1367 1606 1586 1677 gentilis
1626 1608 1855 1674 accedit,

1973 446 2069 501 per
2089 429 2408 500 prophetam
2426 470 2442 494 ,
2487 430 2816 484 concedatur
2835 446 2865 483 a
2901 431 3127 486 Domino
3154 449 3167 485 :
3199 434 3417 500 Arcum,
3439 435 3559 507 gla-

1971 522 2139 586 dium,
2175 531 2224 574 et
2252 521 2442 575 bellum
2471 530 2739 575 conteram
2771 520 2834 574 de
2862 531 3004 576 terra
3043 533 3236 588 vestra,
3259 536 3306 579 et
3330 527 3558 584 dormire

1969 629 2058 667 vos
2092 612 2289 680 faciant
2335 611 2655 681 fiducialiter
2680 610 2839 684 (Osee
2871 627 2931 678 ιι,
2962 611 3072 675 18).
3123 613 3192 668 Et
3218 615 3291 670 ita
3334 617 3555 674 demunt

1967 704 2033 756 ad
2073 702 2222 756 illum
2279 703 2563 771 perveniet
2616 712 2816 758 statum
2866 710 2925 757 ut
2976 703 3099 759 talis
3151 704 3455 762 inveniatur
3505 709 3561 765 in

1968 800 2126 848 nocte
2150 792 2326 862 qualis
2353 792 2406 846 in
2429 793 2546 858 die;
2577 793 2700 848 talis
2725 795 2776 847 in
2806 793 2964 859 lecto,
2989 795 3167 865 qualis
3190 796 3242 850 in
3269 798 3557 865 oratione;

1969 883 2088 938 talis
2152 883 2325 949 solus,
2369 883 2544 951 qualis
2595 884 2766 938 turbis
2818 885 3100 939 hominum
3143 886 3560 957 circumseptus.

1941 969 2250 1028 'Postremo
2287 981 2347 1027 ut
2373 987 2648 1043 nunquam
2675 973 2730 1027 in
2765 989 2830 1028 eo
2857 973 2963 1029 tale
2988 973 3193 1043 aliquid
3228 975 3560 1033 inevitabilis

1968 1065 2056 1120 ille
2080 1064 2272 1120 oculus
2322 1065 2712 1135 deprehendat,
2745 1067 2889 1136 quod
2911 1066 2984 1121 ab
3026 1067 3279 1122 humanis
3329 1071 3562 1138 aspecti-

1963 1155 2063 1209 bus
2091 1155 2218 1210 velit
2264 1171 2384 1210 esse
2439 1155 2696 1211 celatum.
2730 1155 2844 1212 Hoc
2873 1166 3052 1213 autem
3086 1158 3179 1212 fiet
3205 1161 3422 1228 quando
3441 1161 3558 1230 jam

1963 1246 2213 1300 desinens
2233 1262 2294 1301 ca
2305 1262 2362 1300 ro
2381 1247 2645 1302 adversus
2693 1248 2943 1316 spiritum
2990 1249 3395 1318 concupiscere,
3417 1253 3562 1308 desi-

1962 1335 2130 1390 deriis
2155 1337 2274 1406 ejus
2299 1337 2599 1407 virtutique
2639 1338 2998 1403 consenserit,
3049 1340 3424 1411 coeperintque
3452 1343 3556 1398 sibi

1962 1425 2192 1479 invicem
2248 1441 2383 1496 pace
2439 1426 2751 1483 firmissima
2814 1427 3097 1495 ftederari,
3153 1441 3209 1486 et
3257 1433 3556 1487 secundum

1960 1514 2375 1588 Psalmographi
2439 1519 2810 1573 sententiam:
2859 1518 3221 1575 Habitat'erint
3262 1521 3454 1590 fratres
3495 1524 3557 1576 in

1962 1622 2123 1659 unum
2147 1606 2316 1676 (Psal.
2350 1623 2557 1675 cxxxu,
2587 1607 2668 1678 2),
2692 1607 2840 1662 illam
2864 1611 3246 1679 repromissam
3269 1625 3300 1664 a
3328 1611 3558 1666 Domino

280 1714 444 1768 quam
467 1699 512 1752 is
532 1701 622 1768 qui
661 1699 932 1769 professus
959 1697 1307 1762 monachum,
1347 1713 1446 1752 nec
1491 1705 1671 1751 tamen
1713 1698 1856 1752 viam
1892 1709 1937 1769 Β
1965 1695 2356 1752 beatitudinem
2400 1699 2760 1768 possidentes,
2819 1700 2885 1754 de
2925 1715 3032 1770 qua
3083 1702 3201 1758 ait:
3247 1701 3311 1757 Si
3355 1704 3462 1757 duo
3491 1718 3558 1758 ea;

278 1790 626 1859 perfectionis
661 1789 926 1858 arripiens
945 1788 1240 1842 secundum
1275 1788 1513 1858 regulam
1537 1789 1860 1860 disciplina},

278 1885 350 1938 ab
376 1883 465 1937 illo
493 1882 657 1938 semel
684 1883 981 1952 spiritualis
1008 1882 1239 1936 fervoris
1272 1882 1393 1952 igne
1449 1881 1718 1938 discessit.
1769 1882 1862 1938 llle

280 1988 515 2041 namque
578 1972 952 2041 corporalibus
997 1971 1188 2027 saltem
1230 1972 1374 2026 vitiis
1415 1971 1761 2038 humiliatus,
1807 1982 1862 2027 et

279 2062 599 2118 horrescens
627 2062 772 2116 illum
792 2061 844 2115 in
871 2077 977 2131 quo
1003 2071 1086 2117 est
1109 2061 1443 2116 infidelitatis
1467 2062 1860 2132 gelidissimum

279 2161 502 2216 statum,
526 2152 749 2220 spiritus
777 2152 972 2206 ardore
999 2164 1296 2206 succensus
1348 2149 1416 2203 ad
1464 2151 1858 2222 perfectionem

279 2241 492 2296 facilius
518 2241 847 2297 convolabit.
881 2239 981 2296 llic
1002 2249 1180 2295 autem
1210 2241 1339 2295 dicit
1395 2240 1446 2294 in
1494 2242 1658 2297 corde
1710 2257 1810 2298 suo
1841 2261 1856 2296 :

281 2336 418 2400 Quia
451 2336 592 2388 dives
615 2353 731 2389 sunt
760 2345 806 2390 et
832 2334 1028 2391 nullius
1057 2352 1177 2406 egeo
1202 2338 1386 2406 (Apoc.
1420 2352 1510 2402 xv,
1545 2337 1651 2408 16).
1675 2337 1772 2393 Cui
1797 2339 1860 2393 il-

280 2424 371 2477 lud
399 2439 612 2494 quoque
640 2427 783 2495 quod
817 2426 1170 2496 subsequitur
1205 2436 1604 2496 consequenter
1654 2428 1859 2498 aptabi-

281 2523 369 2568 tur
397 2531 412 2568 :
443 2514 520 2568 Tu
553 2527 725 2570 autent
749 2533 802 2570 es
837 2519 1013 2584 miser,
1041 2527 1090 2572 et
1123 2513 1454 2584 miserabilis,
1483 2529 1531 2572 et
1561 2535 1782 2589 pauper,
1806 2530 1854 2575 et

278 2622 468 2672 ca'cus,
502 2618 549 2661 et
572 2609 744 2661 nudus
767 2608 950 2680 (Apoc.
979 2624 1060 2674 tu,
1088 2609 1194 2680 l7).
1223 2609 1278 2662 In
1334 2624 1400 2664 eo
1455 2609 1630 2665 factus
1691 2611 1857 2665 etiam

278 2697 524 2752 sscculari
563 2700 818 2766 deterior,
851 2703 994 2770 quod
1019 2715 1117 2756 nec
1149 2701 1409 2756 miserum
1440 2716 1500 2757 se
1527 2716 1629 2756 nec
1655 2716 1856 2757 caecum

279 2800 374 2845 aut
398 2793 620 2859 nudum,
653 2804 748 2848 aut
772 2795 1155 2850 emumlatione
1177 2796 1421 2871 dignum,
1444 2796 1528 2852 vel
1555 2811 1717 2868 egere
1743 2812 1859 2852 mo-

281 2880 649 2950 nitisalicujus
677 2895 769 2938 aut
791 2885 1129 2942 institutione
1149 2889 1460 2958 cognoscit;
1513 2905 1620 2945 non
1658 2889 1860 2945 intelli-

279 2988 413 3042 gens
443 2972 558 3044 ipso
585 2975 837 3030 monachi
866 2983 1082 3032 nomine
1132 2979 1457 3049 przegravari
1515 2995 1580 3034 ac
1628 2981 1858 3050 deprimi

274 3066 532 3133 opinione
567 3067 882 3134 multorum,
913 3069 1064 3138 quia,
1088 3069 1214 3123 dum
1244 3070 1484 3124 creditur
1518 3070 1587 3125 ab
1606 3072 1860 3128 omnibus

281 3165 520 3220 sanctus,
553 3168 609 3212 et
636 3156 782 3212 velut
816 3157 907 3212 Dei
946 3157 1178 3212 famulus
1229 3159 1443 3225 colitur,
1503 3175 1728 3215 necesse
1777 3170 1862 3217 est

283 3254 340 3296 nt
371 3243 422 3298 in
451 3243 632 3302 futuro
660 3229 1050 3303 vehementiori
1073 3247 1282 3316 judicio
1325 3263 1612 3320 pinnasque
1661 3251 1862 3306 subda-

282 3348 386 3391 tur.

872 3428 1110 3486 CAPUT
1140 3429 1226 3486 IV.

880 3522 958 3576 De
991 3524 1251 3578 castitate.

339 3609 456 3663 ‘Sex
484 3619 610 3664 sunt
649 3611 982 3668 castimoniae
1009 3615 1225 3682 gradus.
1269 3613 1484 3673 Primus
1523 3619 1722 3689 gradus
1749 3627 1855 3685 est,

271 3715 348 3754 ne
377 3700 602 3769 vigilans
623 3702 1020 3773 impugnatione
1050 3706 1255 3762 carnali
1287 3711 1582 3764 monachus
1603 3711 1856 3766 elidatur.

278 3790 578 3858 Secundus,
608 3809 675 3848 ne
723 3810 876 3850 mens
907 3795 1047 3852 illius
1077 3799 1396 3868 voluptariis
1441 3800 1860 3869 cogitationibus

277 3880 612 3937 innnoretur.
651 3883 886 3950 Tertius,
915 3901 980 3940 ne
1006 3886 1239 3942 femineo
1259 3887 1344 3941 vel
1381 3889 1613 3942 tenuiter
1640 3890 1706 3943 ad
1730 3905 1859 3944 con-

273 3975 663 4045 cupisccntiam
711 3985 988 4032 moveatur
1031 3989 1272 4049 aspectu.
1311 3980 1566 4048 Quartus,
1609 3997 1677 4037 ne
1717 3982 1853 4052 vigi-

275 4063 394 4121 lans
418 4066 500 4120 vel
537 4067 833 4138 simplicem
857 4071 1036 4126 carnis
1087 4071 1323 4134 perferat
1353 4083 1579 4129 motum.
1625 4074 1857 4142 Quintus

276 4171 346 4210 ne
368 4173 487 4212 cum
514 4161 826 4214 memoriam
854 4163 1214 4232 generationis
1268 4165 1516 4220 humana:
1548 4166 1629 4221 vel
1655 4177 1856 4222 tracta-

221 4235 226 4242 ’
277 4255 362 4301 tus
389 4247 528 4303 ratio
551 4248 634 4304 vel
661 4251 958 4306 necessitas
1003 4251 1250 4308 lectionis
1281 4255 1586 4324 ingesserit,
1613 4257 1842 4312 subtilis-

1964 1784 2107 1838 vobis
2149 1787 2500 1840 consenserint
2550 1803 2707 1858 super
2753 1797 2969 1854 terram,
3005 1789 3069 1843 de
3106 1792 3249 1844 omni
3277 1807 3332 1845 re
3371 1809 3560 1862 quam-

1963 1891 2165 1947 cunque
2209 1879 2470 1946 petierint,
2508 1879 2597 1946 fiet
2643 1879 2746 1933 illis
2785 1897 2817 1934 a
2850 1878 3011 1935 Patre
3055 1898 3168 1936 meo
3215 1884 3304 1950 qui
3333 1885 3387 1937 in
3413 1885 3557 1939 ctelis

1963 1977 2038 2021 est
2081 1967 2300 2038 (Matth.
2350 1985 2508 2035 xvtn,
2536 1969 2648 2040 i9).
2680 1970 2938 2041 Quisquis
2989 1987 3120 2043 ergo
3174 1973 3558 2032 intellectualis

1957 2061 2106 2116 illius
2131 2061 2322 2126 Jacob,
2347 2063 2398 2117 id
2429 2072 2512 2117 est
2542 2063 2980 2133 supplantatoris,
3012 2067 3414 2122 transcenderit
3437 2085 3558 2140 gra-

1964 2151 2110 2215 dum,
2139 2154 2206 2208 ab
2230 2152 2321 2208 illa
2365 2153 2715 2208 continentiae
2767 2155 3150 2211 colluctatione
3196 2171 3261 2212 ac
3301 2159 3558 2229 supplan—

1965 2243 2171 2300 tatione
2221 2245 2474 2300 vitiorum
2536 2246 2912 2316 obstupefacto
2978 2247 3204 2304 femoris
3246 2265 3437 2318 nervo,
3485 2252 3554 2307 ad

1957 2332 2176 2390 lsraelis
2244 2335 2498 2390 meritum
2536 2347 2794 2406 perpetua
2841 2336 3022 2391 cordis
3078 2337 3378 2393 directione
3425 2353 3560 2394 con-

1962 2425 2206 2480 scendet.
2231 2423 2401 2492 Quem
2426 2425 2672 2481 ordinem
2704 2427 2868 2480 etiam
2914 2426 3106 2482 beatus
3132 2427 3302 2482 David
3328 2429 3404 2484 ita
3433 2428 3558 2500 Spi-

1965 2517 2100 2571 ritus
2147 2517 2318 2572 sancti
2365 2518 2753 2574 vaticinatione
2801 2519 3073 2584 distinxit,
3137 2519 3200 2574 ~iu
3239 2520 3434 2589 primis
3475 2519 3558 2577 in-

1960 2610 2191 2678 quiens:
2248 2608 2422 2665 Notus
2478 2611 2534 2664 in
2581 2610 2776 2665 Juda‘a
2817 2610 2961 2665 Deus
2995 2595 3172 2682 (l’sal.
3202 2628 3366 2678 Lxxv,
3401 2615 3478 2683 1),
3503 2614 3557 2670 id

1953 2702 2130 2758 estin
2154 2703 2360 2769 anima,
2390 2719 2511 2774 quae
2551 2704 2731 2759 adhuc
2795 2703 2896 2759 sub
2937 2713 3283 2774 peccatorum
3339 2705 3556 2762 confes-

1960 2794 2114 2849 sione
2147 2793 2414 2848 retinetur
2440 2792 2660 2853 :Judzna
2684 2794 2827 2848 enim
2856 2794 3113 2864 confessio
3139 2795 3554 2866 interpretatur.

1961 2881 2030 2937 In
2061 2882 2232 2938 Israel
2255 2893 2459 2948 autem,
2484 2884 2535 2939 id
2566 2884 2725 2939 estin
2758 2898 2828 2940 eo
2850 2885 2942 2953 qui
2970 2885 3146 2939 videns
3184 2885 3376 2950 Deum,
3406 2887 3550 2954 sive,

1963 2981 2022 3028 ut
2046 2975 2264 3044 quidam
2312 2975 2726 3044 interpretatur,
2773 2973 3092 3030 rectissimus
3144 2976 3241 3032 Dei
3289 2987 3392 3042 est,
3443 2994 3554 3035 non

1888 3049 1932 3111 (ἶ
1963 3066 2137 3121 solum
2165 3075 2347 3133 notus,
2381 3066 2476 3122 sed
2496 3074 2556 3123 et
2585 3083 2833 3137 magnum
2864 3076 2949 3121 est
2969 3084 3154 3122 nomen
3183 3068 3318 3137 ejus.
3348 3070 3554 3128 Deinde

1961 3158 2029 3212 ad
2056 3157 2368 3212 sublimiora
2407 3173 2506 3214 nos
2533 3166 2858 3222 provocans,
2887 3167 2942 3213 et
2965 3159 3148 3214 volens
3172 3161 3339 3216 etiam
3368 3163 3550 3220 locum

1964 3248 2138 3318 ipsum
2202 3264 2311 3319 quo
2374 3249 2634 3304 Dominus
2695 3249 3016 3317 delectatur,
3079 3251 3428 3306 ostendere:
3480 3252 3553 3308 Et

1959 3339 2132 3408 factus
2158 3349 2255 3406 est,
2288 3341 2487 3410 inquit,
2536 3340 2591 3395 in
2619 3357 2746 3411 pace
2789 3339 2935 3394 locus
2982 3341 3099 3411 ejus
3143 3341 3342 3414 (ibid.).
3369 3343 3426 3400 ld
3448 3354 3552 3412 est,

1961 3447 2070 3487 non
2115 3433 2167 3487 in
2207 3432 2456 3488 conﬂictu
2501 3432 2819 3487 certaminis
2858 3441 2914 3486 et
2962 3434 3352 3490 colluctatione
3396 3437 3554 3494 vitio-

1961 3538 2102 3591 rum,
2141 3523 2236 3579 scd
2269 3525 2321 3577 in
2350 3523 2686 3580 castimonia:
2725 3538 2874 3593 pace,
2917 3534 2974 3580 et
3024 3527 3202 3581 cordis
3234 3528 3545 3599 tranquilli-

1961 3623 2070 3671 tate
2088 3625 2370 3686 perpetua.
2403 3615 2557 3672 llunc
2599 3617 2760 3687 igitur
2787 3617 2937 3686 pacis
2967 3616 3146 3674 locum
3190 3620 3550 3677 exstinctione

1960 3705 2260 3761 carnalium
2300 3707 2609 3775 passionum
2638 3707 2685 3762 si
2723 3707 2844 3775 quis
2896 3710 3154 3764 meruerit
3183 3710 3450 3778 obtinere,
3481 3727 3552 3767 ex

1959 3793 2064 3849 hoc
2091 3809 2305 3863 quoque
2325 3795 2616 3864 proficiens
2647 3833 2663 3859 ,
2703 3796 2871 3865 gradu
2897 3811 2964 3850 ac
3001 3796 3133 3851 Sion
3155 3799 3470 3866 spiritualis,
3497 3801 3550 3857 id

1954 3892 2041 3938 est
2093 3883 2304 3954 specula
2341 3883 2440 3938 Dei
2489 3892 2886 3953 consequenter
2937 3884 3183 3950 effertus,
3237 3888 3343 3942 erit
3384 3889 3549 3944 etiam

1957 3974 2212 4028 habitatio
2243 3973 2379 4042 ejus.
2431 3972 2548 4030 Non
2593 3973 2738 4030 enim
2785 3975 2837 4028 in
2875 3972 3133 4030 conflictu
3177 3978 3546 4045 continentiae,

1955 4065 2051 4122 sed
2099 4065 2214 4136 jugi
2260 4066 2520 4121 virtutum
2574 4065 2790 4136 Specula
2848 4067 3109 4125 Dominus
3158 4080 3548 4134 commoratur,

1957 4158 2048 4212 ubi
2071 4158 2183 4228 jam
2209 4173 2317 4213 non
2353 4159 2614 4225 retundit,
2646 4175 2752 4214 non
2788 4161 3121 4231 comprimit,
3181 4162 3277 4217 sed
3321 4162 3374 4218 in
3422 4176 3546 4232 per-

1958 4259 2177 4320 petuum
2201 4250 2466 4323 confregit
2491 4252 2759 4322 potentias
2784 4267 3010 4308 arcuum
3039 4269 3054 4318 ;
3082 4269 3148 4308 ex
3173 4253 3370 4323 quibus
3396 4253 3547 4310 vide~

273 4339 444 4394 sitnus
473 4350 733 4406 mentem,
764 4341 1076 4413 voluptaria:
1111 4344 1342 4400 actionis
1391 4349 1734 4419 praestringat
1765 4363 1852 4418 ass
1876 4381 1930 4442 Β
1959 4339 2084 4396 licet
2125 4341 2414 4397 adversum
2443 4357 2543 4397 "09
2585 4341 2866 4442 libidinum
2907 4343 3179 4413 quondam
3203 4342 3385 4411 5³01³1³
3413 4345 3548 4442 diri-

272 4446 502 4500 sensus;
549 4434 643 4488 sed
696 4433 840 4488 velut
883 4450 1017 4506 opus
1071 4437 1339 4508 quoddam
1392 4439 1620 4509 simplex
1657 4456 1721 4494 ac
1754 4441 1854 4496 mi-

271 4525 556 4581 nisterium
605 4527 840 4584 humano
875 4529 1056 4601 generi
1107 4529 1416 4585 necessario
1459 4531 1850 4600 contributum,

273 4617 560 4685 tranquillo
611 4633 677 4673 ac
725 4634 861 4690 puro
927 4621 1106 4676 cordis
1179 4619 1574 4690 contempletur
1632 4622 1850 4692 intuitu,

271 4705 510 4774 nihilque
563 4707 788 4776 amplius
845 4709 910 4764 de
959 4709 1076 4780 ejus
1141 4709 1514 4764 recordatione
1581 4711 1853 4781 concipiat

271 4813 432 4864 quam
463 4807 506 4853 st
535 4802 905 4871 Operatinnem
956 4802 1182 4858 laterum
1205 4805 1289 4859 vel
1311 4805 1597 4874 cujuslibet
1621 4805 1848 4861 alterius

269 4887 494 4946 officinae
518 4902 698 4947 mente
723 4902 1035 4963 pertractat.
1065 4895 1261 4951 Sextus
1290 4892 1625 4953 castimoniae
1647 4899 1848 4968 gradus

269 4991 372 5048 est,
406 4999 474 5038 ne
506 4983 835 5040 illecebrosis
883 4987 1350 5056 phantasmatibus
1407 4988 1728 5043 feminarum
1767 4990 1848 5042 vel

269 5072 541 5127 dormiens
572 5072 842 5128 illudalur.
876 5073 1028 5130 Licet
1053 5076 1196 5130 enim
1245 5078 1384 5131 hanc
1425 5077 1845 5134 ludificationem

268 5175 489 5236 peccato
514 5182 633 5222 esse
674 5169 962 5222 obnoxiam
996 5185 1100 5223 non
1130 5171 1436 5235 credamus,
1459 5172 1847 5240 concupiscen-

269 5259 354 5312 tia:
395 5245 580 5312 iameu
610 5259 786 5314 adhuc
816 5261 1122 5320 medullitus
1146 5261 1407 5317 latitantis
1437 5263 1692 5318 indicium
1727 5273 1843 5328 est;

265 5349 438 5402 donec
475 5349 730 5418 paulatim
781 5354 1076 5407 secundum
1125 5368 1432 5408 mensuram
1481 5354 1750 5408 castitatis
1778 5355 1845 5407 ad

263 5456 428 5510 quam
475 5443 846 5513 unusquisque
901 5446 1200 5509 contendit,
1252 5445 1304 5498 in
1349 5445 1532 5500 odium
1581 5444 1723 5499 illius
1768 5443 1844 5498 rei

265 5548 428 5603 quam
481 5533 838 5604 voluptariam
898 5549 1056 5594 antea
1105 5539 1392 5597 sentiebat.
1457 5553 1611 5592 mens
1679 5522 1843 5592 etiam

267 5641 456 5685 somno
505 5629 677 5700 scpita
725 5639 985 5698 vertatur,
1036 5631 1270 5702 illudque
1325 5632 1372 5686 ei
1418 5631 1560 5701 quod
1615 5631 1842 5688 fortibus

1957 4433 2223 4504 gebantur
2262 4434 2448 4503 ignita.
2483 4431 2693 4488 Vldetis
2725 4448 2856 4502 ergo
2895 4434 3019 4502 quia
3072 4437 3213 4489 sicut
3243 4449 3349 4488 non
3379 4444 3460 4490 est
3491 4435 3545 4490 in

1954 4523 2336 4579 colluctatione
2406 4523 2772 4586 continentiae,
2821 4524 2917 4578 sed
2981 4523 3033 4578 in
3086 4523 3357 4582 castitatis
3411 4541 3547 4596 pace

1954 4617 2107 4672 locus
2136 4617 2382 4682 Domini;
2414 4616 2486 4670 ita
2509 4617 2670 4670 etiam
2721 4615 2982 4670 habitatio
3009 4613 3127 4684 ejus
3158 4615 3208 4670 in
3233 4616 3447 4688 specula
3473 4618 3544 4674 sit

1952 4717 2007 4763 et
2064 4707 2522 4778 contemplatione
2563 4706 2846 4760 virtutum.
2901 4704 3057 4762 Unde
3111 4719 3220 4762 non
3267 4707 3553 4768 immerito.

1952 4808 2120 4869 portae
2174 4798 2304 4854 Sion
2367 4796 2577 4852 cunctis
2619 4797 2981 4854 tabernaculis
3028 4796 3198 4854 Jacob
3241 4797 3543 4869 prteferun.

1954 4901 2060 4946 tur.
2089 4890 2274 4960 Diligit
2303 4891 2450 4946 enim
2495 4889 2751 4944 Dominus
2784 4899 2962 4960 portas
3015 4889 3148 4944 Sion
3174 4906 3332 4960 super
3359 4892 3536 4948 omnia

1952 4982 2287 5038 tabernacula
2314 4983 2477 5037 Jacob
2509 4979 2681 5052 (Paul.
2710 4997 2935 5044 Lxxxvt,
2971 4981 3048 5051 l).

2022 5075 2093 5130 Ut
2127 5075 2291 5145 igitur
2342 5089 2464 5130 cum
2496 5073 2614 5144 lege
2663 5073 2828 5128 animi
2880 5073 2964 5127 lex
3011 5085 3227 5142 quoque
3273 5082 3537 5142 congruat

1949 5167 2265 5239 corporalis,
2289 5167 2450 5221 etiam
2482 5166 2535 5220 in
2560 5165 2726 5234 ipsius
2755 5178 2910 5234 aqua:
2938 5171 3089 5233 potu,
3113 5163 3188 5216 ita
3232 5171 3314 5218 est
3339 5164 3536 5219 nimie.

1951 5271 2032 5316 tas
2059 5259 2397 5331 castiganda,
2428 5267 2486 5312 ut
2530 5256 2770 5312 lmmoris
2806 5255 3105 5326 quotidiani
3150 5254 3243 5309 illa
3281 5255 3538 5313 collectio

1948 5355 2151 5425 pigrius
2200 5351 2452 5408 arefactis
2495 5350 2722 5405 influens
2772 5347 3054 5414 membris,
3103 5347 3250 5402 illum
3288 5349 3534 5418 corporis

1948 5454 2153 5500 molunt
2180 5459 2285 5500 non
2317 5443 2492 5498 solum
2522 5441 2883 5503 rarissimum,
2926 5453 3112 5493 verum
3141 5441 3304 5494 etiam
3327 5440 3542 5493 lentum»

1946 5539 2159 5602 reddat,
2199 5551 2263 5590 ac
2323 5536 2580 5605 tepidum,
2626 5529 3004 5600 frigidumquc,
3048 5539 3108 5585 ut
3154 5531 3228 5586 ita
3273 5531 3536 5596 dixerim,

1947 5629 2150 5699 ignem,
2177 5635 2231 5683 et
2253 5626 2453 5696 absque
2483 5623 2644 5679 ullius
2677 5621 2976 5678 adustionis
3015 5621 3210 5682 ardore
3253 5631 3530 5680 rorantem
