3906 6058
349 214 482 272 1051

677 208 738 268 S.
779 205 1082 266 ANSELMI
1120 203 1477 264 CANT-UAR.
1515 199 1834 258 ARClllEP.
1871 197 1933 257 Ol

2061 199 2244 257 PARS
2276 199 2340 257 Il.
2380 231 2451 244 —
2486 199 2856 257 ΡΑΒᾹΞΝΕΤ.
2881 199 2971 256 ΕΤ
3005 199 3250 258 ASCET.

3467 201 3621 259 ωδε

339 328 570 384 suscitet
596 323 893 388 flammam,
931 321 1105 376 instar
1141 317 1477 374 admirabilis
1518 316 1660 372 illius
1686 315 1933 372 Mosaica
1959 324 2008 384 Α
2040 322 2166 382 test,
2192 331 2314 388 qua
2341 325 2611 386 corruptae
2638 317 3009 372 tantummodo
3036 315 3328 373 voluntatis
3347 325 3428 374 est
3455 318 3622 390 agri-

339 416 588 480 visionis,
613 423 676 470 ut
699 413 880 468 carnis
899 419 1100 467 nostra
1125 407 1294 464 rubus
1310 406 1532 463 innoxio
1555 407 1676 477 igne
1695 405 1924 462 circum-

342 508 501 562 datus
541 519 647 560 non
683 511 912 567 uratur;
938 499 1021 554 vel
1059 499 1200 555 sicut
1231 498 1442 553 illorum
1466 496 1628 551 trium
1647 495 1928 566 juvenum,

341 595 626 664 quibusita
653 599 874 646 rorante
897 588 1101 659 Spiritu
1122 587 1359 644 fornacis
1378 585 1686 642 Chaldaica
1715 584 1930 639 flamma

341 685 591 738 discussa
620 690 724 748 est,
757 689 814 742 ut
842 694 909 735 ne
937 679 1160 750 capillos
1205 693 1392 734 eorum
1422 675 1775 731 autfimbrias
1799 675 1933 729 odor

343 776 482 846 ignis
527 774 774 838 afflaret;
815 781 873 826 ut
910 771 1037 827 illud
1084 771 1483 849 quodammodo
1536 769 1678 837 quod
1731 768 1933 823 sanctis

344 863 744 933 repromittitur
783 877 880 932 per
933 861 1285 931 Prophetam,
1345 859 1670 929 incipiamus
1711 857 1825 928 jam
1877 858 1931 912 in

344 958 445 1012 hoc
477 970 704 1024 corpore
735 954 1018 1024 possidere
1043 967 1058 1006 :
1084 952 1217 1006 Cum
1247 952 1599 1007 ambulaveris
1623 967 1716 1021 per
1734 951 1930 1020 ignem,

343 1063 448 1100 non
489 1044 830 1112 combureris,
862 1053 910 1097 et
949 1044 1167 1112 ﬂamma
1213 1058 1316 1096 non
1353 1041 1554 1095 ardebit
1595 1042 1651 1094 in
1677 1049 1726 1094 te
1756 1038 1930 1111 (Psal.

344 1154 500 1200 xLuI,
528 1137 609 1206 2).
652 1135 727 1190 Dc
766 1137 866 1190 hac
898 1134 1236 1189 castimonia
1283 1132 1525 1202 puritate
1580 1133 1711 1202 quid
1742 1133 1933 1186 beatus

343 1226 632 1293 Apostolus
680 1225 933 1291 senserit,
987 1223 1298 1295 diligentius
1354 1223 1710 1292 inquiramus.
1748 1220 1935 1274 Morti-

344 1320 519 1386 ficate,
552 1317 747 1386 inquit,
787 1317 1018 1371 membra
1048 1327 1219 1371 vestra
1241 1331 1360 1387 qua:
1381 1324 1503 1370 sunt
1533 1330 1690 1384 super
1716 1323 1931 1366 terram.

345 1410 460 1464 Non
510 1410 697 1479 utique
751 1410 991 1464 membra
1042 1408 1288 1478 corporis
1345 1406 1537 1472 nostri,
1597 1405 1691 1459 sed
1737 1416 1933 1472 corpus

347 1502 575 1572 peccati,
626 1501 772 1572 quod
819 1508 1032 1557 constat
1059 1515 1125 1554 ex
1167 1497 1446 1564 membris,
1480 1495 1801 1566 quantocius
1841 1495 1934 1549 dc-

345 1595 483 1649 strui
543 1595 659 1649 zelo
694 1593 948 1664 perfecta
1000 1592 1271 1647 desiderat
1326 1589 1654 1644 sanctitatis.
1708 1588 1785 1642 De
1822 1601 1930 1655 quo

2035 407 2183 472 tudo,
2238 406 2307 460 de
2360 421 2466 477 qua
2510 405 2768 461 Dominus
2798 407 2849 460 in
2899 405 3228 475 Evangelia:
3275 405 3380 472 Qui
3425 405 3620 462 viderit

2029 497 2301 552 mulierem
2325 497 2395 549 ad
2421 496 2886 564 concupiscendum
2911 513 3050 563 eam,
3072 497 3194 567 jam
3217 498 3502 553 maritatas
3533 509 3619 555 est

2030 605 2146 643 eam
2173 588 2227 641 in
2261 587 2416 641 corde
2441 603 2535 641 suo
2563 585 2779 659 (Matth.
2809 602 2864 655 v,
2894 587 3008 667 εξ).
3037 585 3204 642 Multo
3245 587 3392 644 enim
3439 589 3620 660 majus

2031 688 2116 734 est
2149 678 2312 732 etiam
2343 685 2470 731 tunc
2492 676 2689 732 mentis
2710 675 2928 732 lubricae
2952 677 3279 732 desiderium
3307 678 3615 746 continere,

2033 783 2156 824 cum
2187 769 2236 822 ei
2263 767 2564 823 illecebrosi
2613 778 2864 838 aspectus
2886 767 3111 824 offertur
3140 769 3377 824 occasio.
3409 769 3619 837 Quibus

2035 858 2474 914 manifestissime
2525 860 2914 930 comprobatur
2941 861 3009 915 ad
3040 859 3429 931 perfectionem
3465 863 3619 934 puri-

2033 953 2164 1008 tatis
2185 952 2566 1007 castimoniam
2601 952 2950 1008 continentia:
2977 953 3281 1023 corporalis
3308 953 3479 1009 solam
3510 970 3619 1010 non

2031 1060 2192 1116 posse
2235 1042 2502 1110 sufﬁcere,
2531 1043 2634 1100 nisi
2675 1045 2724 1100 ei
2759 1045 2922 1101 etiam
2969 1045 3167 1101 mentis
3208 1046 3438 1102 addatur
3481 1047 3620 1104 inte-

2034 1138 2222 1209 gritas.
2263 1136 2393 1191 Post
2431 1151 2551 1206 qua
2577 1137 2758 1192 omnia
2789 1133 3143 1194 novissimum
3173 1138 3325 1195 illius
3374 1141 3622 1211 corporis

2034 1229 2358 1293 membrum,
2387 1237 2435 1282 et
2459 1228 2758 1295 avaritiam,
2788 1228 2980 1298 inquit,
3010 1229 3199 1300 procul
3243 1231 3409 1285 dubio
3438 1241 3622 1287 osten-

2036 1318 2168 1373 dens
2196 1333 2303 1373 non
2341 1318 2512 1373 solum
2547 1319 2616 1373 ab
2645 1320 2888 1388 appetitu
2933 1335 3115 1375 rerum
3163 1320 3461 1377 alienarum
3503 1326 3621 1378 ani-

2035 1419 2180 1458 mum
2204 1407 2611 1472 continendum,
2643 1421 2832 1463 verum
2878 1409 3043 1463 etiam
3077 1413 3294 1480 propria
3333 1413 3619 1480 magnani-

2035 1495 2218 1560 miter,
2243 1497 2658 1552 contemnenda.
2683 1496 2800 1552 Hoc
2825 1498 2969 1553 enim
2998 1500 3126 1554 etin
3153 1499 3381 1556 Actibus
3402 1511 3619 1571 aposto-

2034 1584 2210 1641 lorum
2253 1586 2447 1644 fecisse
2475 1587 2673 1658 legitur
2707 1590 3044 1646 credentium
3083 1592 3388 1660 multitudo,
3418 1593 3486 1648 de
3513 1609 3619 1664 qua

345 1699 576 1754 corpore
610 1685 736 1738 alibi
767 1701 784 1738 :
822 1682 888 1736 Ut
909 1683 1234 1746 destruatur,
1291 1680 1489 1749 inquit,
1519 1696 1708 1749 corpus
1733 1678 1933 1748 peccati
1965 1677 2010 1736 Β
2037 1674 2236 1730 dicitur
2267 1690 2284 1728 :
2344 1671 2704 1733 Multitudinis
2751 1689 2929 1734 autem
3000 1683 3323 1736 credentium
3376 1693 3491 1738 erat
3533 1700 3621 1736 cor

348 1775 522 1845 (Rom.
560 1791 634 1840 vt,
664 1775 741 1844 6).
783 1774 852 1828 Et
872 1789 994 1844 qua
1035 1774 1106 1828 sit
1130 1773 1245 1841 ejus
1274 1771 1573 1826 destructio
1600 1785 1936 1841 consequen-

349 1875 432 1920 ter
477 1866 700 1936 exponit
731 1884 746 1920 :
784 1865 846 1919 Et
872 1864 1009 1934 jam,
1055 1865 1251 1934 inquit,
1280 1879 1385 1918 non
1421 1865 1706 1918 serviamus
1729 1873 1937 1933 peccato

347 1957 546 2029 (ibid.).
573 1957 619 2012 A
647 1973 756 2028 quo
782 1957 946 2012 etiam
996 1955 1216 2010 liberari
1257 1970 1380 2010 cum
1429 1953 1630 2023 ejulntu
1675 1954 1936 2025 postulat,

345 2050 574 2104 dicens:
606 2048 804 2117 Infelix
845 2064 936 2118 ego
975 2047 1154 2112 homo,
1182 2048 1298 2117 quis
1346 2063 1428 2100 me
1457 2045 1694 2099 liberabit
1739 2045 1802 2099 de
1822 2061 1939 2098 cor—

346 2158 470 2210 pore
497 2142 680 2195 mortis
713 2140 872 2210 hujus
903 2140 926 2193 ?
966 2139 1142 2210 (Rom.
1177 2155 1276 2204 vn,
1305 2138 1421 2210 24.)
1459 2139 1573 2193 Hoc
1609 2138 1792 2207 itaque
1815 2151 1940 2206 pec-

346 2230 454 2284 cati
482 2245 683 2300 corpus
732 2229 921 2285 multis
964 2228 1216 2284 vitiorum
1262 2228 1522 2283 membris
1563 2227 1824 2294 probatur
1844 2241 1939 2282 ex-

348 2328 638 2386 structum,
674 2327 731 2373 et
785 2318 853 2373 ad
879 2317 996 2388 ejus
1028 2319 1263 2373 attinere
1314 2319 1641 2389 portionem,
1677 2317 1939 2388 quidquid

347 2410 434 2466 vel
454 2409 622 2475 facto,
649 2409 736 2464 vel
765 2409 930 2476 dicto,
965 2408 1051 2464 vel
1093 2409 1426 2479 cogitatione
1465 2417 1716 2479 peccatur
1743 2426 1756 2462 :
1785 2407 1940 2476 cujus

345 2504 593 2556 membra
621 2516 785 2572 super
813 2512 1015 2556 terram
1046 2501 1350 2557 rectissime
1373 2517 1493 2556 esse
1521 2502 1792 2556 dicuntur.
1817 2499 1936 2556 Non

348 2587 494 2645 enim
525 2600 758 2661 possunt
780 2590 815 2644 ii
849 2591 940 2660 qui
973 2604 1162 2644 eorum
1196 2598 1423 2644 utuntur
1447 2589 1754 2645 ministerio
1787 2590 1934 2644 veri-

347 2679 469 2734 dice
515 2680 796 2750 profiteri:
847 2679 1046 2734 Nostra
1087 2689 1262 2733 autem
1314 2680 1636 2735 conversatio
1682 2681 1738 2735 in
1795 2678 1936 2734 caelis

348 2780 423 2822 est
448 2769 715 2839 (Philipp.
745 2785 829 2835 tu,
882 2769 996 2840 ιο).
1031 2768 1200 2838 Hujus
1256 2768 1423 2839 igitur
1465 2770 1715 2840 corporis
1750 2770 1805 2824 in
1833 2769 1938 2835 hqc

355 2861 476 2915 loco
505 2861 793 2931 Apostolus
818 2861 1061 2916 membra-
1080 2861 1431 2917 dcscribens:
1474 2859 1814 2930 Mortiﬁcate,
1846 2861 1936 2916 in-

349 2951 490 3021 quit,
518 2957 748 3007 membra
777 2962 946 3008 vestra
969 2970 1086 3024 qua:
1116 2963 1236 3007 sunt
1258 2970 1417 3023 super
1439 2963 1673 3009 terram:
1696 2953 1934 3024 fornica-

349 3044 565 3111 tionem,
633 3044 1044 3111 immunditiam,
1109 3043 1400 3112 libidinem,
1461 3044 1935 3116 concupiscentiam

348 3135 544 3188 malam
563 3145 610 3189 et
640 3137 942 3202 avaritiam,
983 3155 1102 3209 qua:
1135 3149 1210 3194 est
1258 3137 1664 3193 simulacrorum
1719 3138 1935 3192 servitus

351 3226 577 3300 (Coloss.
634 3245 721 3293 ιιι,
759 3229 836 3302 5).
888 3229 1073 3285 Primo
1128 3231 1313 3301 itaque
1353 3232 1472 3286 loco
1529 3230 1934 3300 fornicationem

349 3319 581 3373 credidit
612 3319 968 3387 inferendam,
997 3335 1117 3390 qua
1159 3320 1363 3375 carnali
1412 3321 1787 3376 commistione
1815 3335 1937 3389 per-

351 3409 552 3463 ficitur.
622 3410 930 3464 Secundum
972 3411 1136 3465 etiam
1186 3410 1490 3466 membrum
1547 3409 1937 3463 immunditiam

352 3498 706 3566 nuncupavit,
772 3513 893 3567 qua
961 3515 1347 3569 nonnunquam
1421 3499 1624 3568 absque
1694 3497 1937 3551 mulieris

352 3597 499 3644 tactu
528 3589 610 3642 vel
627 3589 1022 3643 dormientibus
1051 3591 1133 3644 vel
1163 3591 1514 3662 vigilantibus
1546 3599 1644 3659 per
1669 3589 1933 3643 incuriam

353 3678 821 3748 iucircumspecta
877 3678 1075 3734 mentis
1101 3679 1337 3748 obrepit.
1368 3680 1436 3732 Et
1462 3679 1586 3734 ideo
1618 3687 1836 3733 notatur
1872 3693 1936 3733 ac

350 3768 669 3840 prohibetur
719 3769 772 3823 in
821 3768 958 3840 lege,
1014 3786 1134 3838 quae
1177 3771 1484 3826 immundos
1538 3784 1781 3842 quosque
1829 3784 1934 3824 non

350 3863 525 3917 solum
571 3877 853 3918 sacrarum
905 3865 1150 3918 carnium
1209 3865 1625 3934 participatione
1681 3865 1932 3936 privavit,

353 3968 539 4007 verum
591 3954 756 4008 etiam
789 3968 856 4010 ne
883 3963 1136 4010 contactu
1176 3971 1274 4010 suo
1313 3967 1504 4010 sancta
1556 3956 1881 4026 polluerent,
1906 3971 1934 4010 a

353 4054 658 4100 castrorum
706 4044 866 4114 jussit
923 4048 1341 4116 congregatione
1405 4048 1640 4115 secerni,
1706 4048 1933 4104 dicens:

353 4137 545 4189 Anima
601 4153 922 4207 quacunque
968 4137 1246 4190 comederit
1288 4139 1352 4192 de
1388 4138 1635 4192 carnibus
1685 4138 1936 4207 sacriﬁcii

353 4229 604 4282 salutaris
654 4229 793 4298 quod
831 4237 904 4282 est
943 4228 1179 4296 Domini,
1220 4231 1274 4282 in
1328 4247 1432 4299 qua
1461 4240 1534 4285 est
1579 4229 1934 4296 imntunditia,

349 4319 534 4382 peribit
556 4334 733 4372 coram
758 4317 984 4371 Domino
1014 4317 1158 4388 (Leu.
1179 4335 1279 4386 vn,
1303 4319 1415 4391 21).
1449 4319 1516 4372 Ει
1537 4320 1790 4390 quidquid
1818 4321 1930 4374 teti-

351 4412 481 4479 gerit
526 4410 852 4475 immundus,
901 4411 1231 4465 immundum
1284 4413 1381 4466 erit
1429 4411 1574 4483 (Lev.
1607 4427 1743 4478 xm,
1773 4411 1933 4480 5).ln

354 4503 771 4558 Deuteronomio
797 4517 1011 4574 quoque
1043 4521 1056 4557 :
1087 4502 1146 4558 Si
1173 4505 1331 4574 fuerit
1370 4505 1505 4558 inter
1531 4521 1618 4560 vos
1647 4506 1804 4560 homo
1846 4505 1934 4575 qui

352 4603 605 4646 nocturno
633 4593 864 4663 pollutus
883 4605 956 4648 est
984 4597 1206 4661 somnio,
1234 4595 1529 4665 egredietur
1549 4608 1697 4650 extra
1719 4607 1932 4662 castra;

351 4693 398 4737 et
455 4700 558 4736 non
607 4695 887 4739 revertetur
940 4687 1247 4758 priusquam
1304 4690 1372 4742 ad
1417 4705 1677 4755 vesperam
1736 4688 1936 4743 lavetur

351 4789 530 4844 aqua;
571 4784 617 4827 et
669 4785 782 4844 post
821 4776 948 4830 solis
1005 4794 1252 4832 occasum
1299 4780 1620 4850 regredietur
1663 4781 1718 4835 in
1759 4792 1933 4835 castra

353 4867 528 4935 (Deut.
563 4883 720 4933 χχιιι,
750 4867 858 4940 10).
896 4868 1097 4926 Deinde
1129 4872 1346 4926 tertium
1378 4873 1586 4941 peccati
1631 4874 1932 4927 membrum

350 4958 615 5012 libidinem
675 4962 876 5030 posuit,
930 4978 1050 5031 qua
1100 4964 1152 5017 iu
1207 4965 1507 5020 recessibus
1557 4966 1754 5019 animae
1803 4981 1932 5020 coa-

351 5049 582 5115 lescens,
612 5053 860 5107 accidere
886 5055 1117 5124 cuipiam
1141 5056 1305 5110 etiam
1358 5056 1476 5110 sine
1522 5057 1773 5126 passione
1808 5072 1928 5112 cor-

348 5141 497 5210 poris
555 5152 751 5210 potest.
804 5143 1105 5199 Libidinem
1163 5147 1305 5200 enim
1357 5148 1425 5200 ab
1469 5160 1532 5201 eo
1568 5149 1715 5216 quod
1763 5147 1932 5204 libeat

350 5231 548 5286 dictam
569 5248 711 5300 esse,
742 5251 848 5290 non
873 5237 1092 5291 dubium
1118 5243 1220 5289 est.
1247 5235 1373 5290 Post
1405 5239 1520 5293 haec
1543 5240 1608 5294 de
1637 5238 1932 5307 majoribus

348 5327 586 5390 peccatis
635 5328 702 5382 ad
771 5331 976 5385 minora
1034 5333 1398 5399 descendens,
1448 5341 1699 5402 quartum
1753 5331 1934 5386 intulit

349 5420 673 5485 membrum,
703 5427 1172 5493 concupiscentiam
1217 5427 1436 5491 malam,
1470 5442 1591 5497 qua
1626 5443 1730 5481 non
1757 5427 1928 5490 solum

351 5508 418 5559 ad
449 5512 758 5575 praedictam
791 5516 1134 5586 impudicitia
1164 5519 1492 5588 passionem,
1548 5535 1734 5576 verum
1762 5521 1928 5577 etiam

351 5598 417 5650 ad
441 5612 629 5656 omnes
658 5606 845 5662 noxias
886 5609 1209 5679 cupiditates
1257 5611 1581 5680 generaliter
1615 5613 1802 5668 referri
1827 5631 1925 5686 po-

2039 1769 2204 1818 ununi
2225 1774 2272 1819 et
2304 1767 2482 1820 anima
2509 1784 2633 1832 una,
2671 1777 2803 1833 etc.,
2824 1784 2997 1840 usque
3040 1771 3408 1825 dividebantur
3447 1783 3620 1827 autem

2038 1856 2258 1927 singulis
2298 1867 2454 1927 prout
2503 1859 2689 1930 cuique
2743 1848 2874 1930 opus
2904 1871 3014 1915 erat
3046 1861 3186 1932 (Act.
3213 1877 3288 1925 ιν,
3314 1861 3431 1932 32).
3460 1863 3528 1916 Et
3555 1877 3623 1918 ne

2039 1947 2106 2000 ad
2132 1962 2332 2015 paucos
2367 1948 2643 2016 pertinere
2699 1949 2979 2006 videretur
3028 1951 3130 2006 ista
3178 1949 3464 2021 perfectio,
3495 1966 3625 2005 ara-

2041 2039 2222 2093 ritiam
2251 2039 2670 2095 simulacrorum
2726 2043 3045 2097 servitutem
3074 2057 3195 2098 esse
3244 2051 3471 2099 testatus
3510 2053 3620 2098 est.

2040 2127 2150 2182 Nec
2207 2129 2502 2184 immerito.
2565 2129 2822 2200 Quisquis
2878 2130 3022 2184 enim
3087 2146 3191 2185 non
3259 2131 3626 2186 communicat

2041 2221 2455 2276 necessitatibus
2527 2235 2842 2290 egenorum,
2893 2231 2949 2278 et
2996 2223 3240 2292 pecunia
3288 2239 3400 2278 sua
3457 2238 3621 2292 quam

2041 2315 2243 2371 infideli
2275 2318 2568 2372 tenacitate
2594 2327 2903 2383 conservat,
2932 2316 3132 2372 Christi
3180 2327 3444 2387 praecepta
3470 2327 3621 2387 post-

2041 2409 2214 2478 ponit,
2258 2407 2585 2464 idololatria
2620 2409 2826 2464 crimen
2873 2408 3120 2475 incurrit,
3174 2419 3413 2464 amarem
3473 2408 3622 2462 scili-

2039 2491 2132 2553 cet.
2178 2499 2422 2554 materia
2472 2498 2764 2554 mundialis
2819 2498 3015 2554 divina
3080 2498 3377 2570 pra-ferens
3442 2499 3624 2554 chari-

2039 2588 2158 2643 tati.

2110 2679 2169 2735 In
2204 2687 2414 2735 tantum
2471 2687 2654 2736 autem
2728 2680 2925 2737 beatus
2965 2680 3257 2751 Apostolus
3315 2680 3624 2736 fornicatio-

2039 2784 2162 2826 nem
2189 2769 2302 2825 sive
2345 2770 2748 2824 immunditiam
2776 2770 2842 2825 de
2869 2771 3071 2825 nostris
3117 2771 3382 2826 membris
3425 2774 3622 2826 exstir-

2038 2861 2158 2932 pari
2197 2875 2358 2932 posse
2409 2860 2653 2927 confidit,
2702 2871 2900 2916 utnon
2946 2861 3118 2916 solum
3168 2861 3480 2916 mortificari
3535 2878 3624 2926 ea,

2039 2950 2134 3007 sed
2159 2968 2227 3008 ne
2255 2952 2526 3007 nominari
2563 2952 2779 3023 quidem
2823 2953 2876 3007 in
2916 2953 3074 3008 nobis
3120 2953 3319 3008 debere
3376 2969 3628 3023 pronun-

1962 3013 2008 3076 Ο
2041 3042 2181 3097 lict:
2235 3013 2889 3112 Fornicatioiinquitms,
2942 3051 2994 3096 et
3037 3043 3208 3096 omnis
3259 3013 3627 3108 inmunditia,

2036 3141 2130 3187 aut
2157 3134 2381 3189 avaritia
2425 3150 2518 3189 nec
2559 3135 2857 3189 nominetur
2879 3135 2932 3188 in
2964 3135 3128 3200 vobis,
3171 3135 3300 3188 sicut
3323 3135 3466 3188 decet
3503 3151 3621 3188 sau-

2037 3207 2170 3289 ctos,
2197 3232 2289 3277 aut
2312 3222 2604 3294 turpitudo,
2643 3234 2734 3277 aut
2770 3223 3175 3294 stultiloquium,
3213 3235 3302 3276 aut
3325 3223 3625 3277 scurrilitas

2035 3330 2153 3385 quae
2177 3316 2248 3370 ad
2277 3331 2384 3369 rem
2409 3331 2512 3369 non
2535 3316 2754 3385 pertinet
2778 3314 2996 3387 (Eplies.
3023 3331 3078 3378 ν,
3105 3316 3159 3381 3,
3191 3317 3272 3386 4).
3305 3317 3438 3383 Qua
3457 3317 3621 3369 etiam

2037 3404 2153 3473 pari
2195 3403 2354 3458 modo
2411 3404 2720 3473 perniciosa
2761 3419 2906 3472 esse,
2942 3415 2999 3460 et
3041 3406 3234 3477 aquali
3264 3422 3362 3461 nos
3395 3421 3427 3459 a
3457 3421 3622 3476 regno

2036 3497 2131 3552 Dei
2154 3495 2466 3552 exclusione
2493 3497 2761 3568 depellere
2810 3499 3022 3567 edocet,
3075 3500 3264 3555 dicens
3294 3516 3308 3556 :
3339 3499 3482 3552 Illud
3509 3515 3608 3552 au-

2037 3599 2138 3642 tem
2183 3589 2366 3642 scitote
2411 3588 2551 3658 quod
2589 3591 2758 3667 omnis
2798 3589 3108 3659 fornicator,
3153 3601 3245 3644 aut
3292 3592 3617 3656 immundus,

2037 3687 2128 3732 aut
2159 3695 2370 3743 avarus,
2418 3680 2557 3750 quod
2609 3690 2684 3734 est
2734 3681 2994 3736 idolorum
3042 3684 3287 3748 servitus,
3331 3701 3434 3737 non
3475 3684 3620 3736 habet

2036 3770 2394 3825 [nereditatem
2449 3773 2503 3826 in
2548 3789 2704 3842 regno
2760 3772 2955 3828 Christi
2989 3783 3036 3828 et
3084 3774 3182 3828 Dei
3231 3775 3404 3846 (ibid.,
3434 3775 3512 3844 5).
3559 3776 3624 3829 Et

2049 3864 2244 3918 iterum
2293 3883 2306 3918 :
2359 3863 2539 3921 Nolite
2585 3884 2763 3921 errare
2808 3880 2829 3918 .‘
2867 3885 3027 3938 neque
3082 3869 3383 3939 foruicarii,
3461 3887 3622 3940 neque

2035 3955 2191 4010 idolis
2215 3959 2512 4022 servientes,
2554 3974 2716 4028 neque
2744 3958 2992 4025 adulteri,
3026 3977 3190 4031 neque
3225 3961 3428 4027 molles,
3462 3978 3624 4028 neque

2037 4048 2393 4102 masculorum
2421 4050 2800 4115 concubitores,
2844 4067 3006 4122 neque
3050 4053 3216 4120 fures,
3254 4069 3420 4122 neque
3450 4054 3620 4119 arari,

2040 4157 2204 4211 neque
2230 4141 2446 4206 ebriosi,
2480 4158 2646 4212 neque
2675 4142 2945 4209 maledici,
2970 4160 3132 4214 neque
3166 4161 3380 4214 rapaces
3405 4161 3624 4215 regnum

2039 4230 2135 4284 Dei
2178 4233 2516 4301 possidebunt
2554 4233 2605 4303 (Ι
2663 4232 2788 4288 Cor.
2842 4250 2917 4301 v1,
2947 4235 3023 4305 9).
3053 4235 3244 4291 Certos
3282 4247 3460 4291 autem
3500 4254 3626 4292 csse

1960 4352 2012 4411 Β
2040 4335 2136 4375 nos
2163 4324 2415 4378 convenit
2444 4324 2612 4393 quod,
2643 4322 2768 4378 licet
2789 4339 3004 4380 omnem
3056 4326 3400 4380 continentia
3438 4326 3628 4381 distri-

2037 4418 2292 4481 Ctionem,
2323 4414 2525 4470 famem
2573 4415 2782 4472 scilicet
2806 4431 2872 4471 ac
2922 4416 3108 4482 situm,
3142 4416 3354 4486 vigilias
3404 4431 3628 4485 quoque

2036 4521 2091 4567 et
2146 4510 2327 4580 operis
2369 4508 2677 4579 jugitatem,
2723 4520 2888 4578 atque
2945 4509 3282 4564 iucessabilis
3331 4509 3627 4562 subeanus

2036 4602 2275 4656 studium
2346 4601 2613 4666 lectionis,
2676 4610 2988 4670 perpetuam
3055 4610 3231 4654 tamen
3283 4601 3627 4655 castimonia

2035 4694 2323 4765 puritatem
2349 4694 2540 4748 borum
2570 4693 2814 4748 labormn
2835 4694 3030 4748 merito
3049 4693 3362 4763 contingere
3383 4707 3625 4759 nequea-

2036 4803 2180 4851 mus,
2229 4787 2334 4841 nisi
2364 4787 2419 4840 in
2461 4787 2545 4840 bis
2589 4785 2794 4856 jugiter
2866 4785 3214 4851 desudantes,
3273 4784 3626 4854 experientia

2036 4879 2348 4949 magisterio
2400 4880 2694 4933 doceamur
2747 4879 3206 4950 incorruptionem
3263 4876 3381 4944 ejus
3421 4876 3625 4930 divina

2035 4971 2223 5039 gratia
2274 4969 2523 5041 largitate
2572 4971 2812 5025 concedi.
2877 4970 3166 5025 Sciendum
3226 4983 3443 5038 quoque
3492 4967 3623 5036 quia

2035 5071 2292 5129 quantum
2321 5062 2445 5130 quis
2469 5062 2520 5115 in
2547 5061 2765 5116 lenitate
2803 5078 2864 5116 ac
2892 5063 3149 5132 patientia
3177 5062 3378 5126 cordis,
3407 5069 3621 5113 tantum

2036 5153 2088 5206 in
2143 5154 2389 5223 corporis
2452 5155 2686 5223 puritate
2749 5154 3015 5224 proﬁciet.
3083 5147 3236 5210 Unde
3290 5153 3619 5216 Dominus:

2033 5244 2185 5299 Beati
2207 5245 2376 5310 mites,
2398 5247 2646 5314 quoniam
2677 5247 2775 5313 ipsi
2809 5247 3142 5316 possidebunt
3166 5256 3360 5301 terram
3395 5243 3617 5315 (Matth.

2034 5351 2086 5402 ν,
2112 5334 2191 5406 4).
2220 5334 2332 5389 Non
2365 5350 2495 5404 ergo
2518 5336 2676 5389 aliter
2697 5346 2932 5391 nostram
2965 5336 3360 5408 possidebimus
3385 5344 3620 5399 terram,

2035 5430 2086 5484 id
2115 5440 2219 5498 est,
2252 5446 2357 5486 non
2381 5431 2516 5486 alias
2539 5432 2730 5487 ditioni
2758 5440 2956 5488 nostra
3010 5429 3228 5485 rebellis
3282 5425 3443 5495 hujus
3491 5438 3620 5480 cor-

2031 5523 2185 5591 poris
2213 5530 2358 5576 terra
2398 5523 2680 5589 subdetur,
2725 5524 2829 5578 nisi
2875 5538 3028 5579 mens
3061 5531 3245 5578 nostra
3298 5521 3448 5590 prius
3488 5517 3618 5570 fuc-

2034 5615 2398 5692 ritpatjentia
2429 5617 2652 5674 leuitate
2677 5613 2921 5674 fundata.
2955 5618 3219 5674 Mansueti
3253 5617 3398 5673 enim
3442 5611 3618 5683 possi-
