3906 6058
238 285 370 342 I055

1435 283 1849 341 TRACTATUS
1886 282 2287 339 ASCETICUS.

3352 282 3488 340 I035

234 402 419 454 debunt
445 409 635 454 terram
656 398 828 468 (Psal.
850 413 1035 461 xxxvr,
1070 399 1171 470 ll).
1195 398 1262 453 Et
1289 415 1392 454 non
1418 400 1592 453 solum
1618 400 1793 469 possi-
1824 410 1870 461 Α
1902 385 2360 454 (Ιοηθοόοηῑίιιυθ
2413 395 2761 452 meditatione
2815 396 3022 452 imbuat
3053 406 3287 453 mentem
3319 408 3485 464 tuam,

200 488 427 571 \debunt
449 502 589 552 eam,
620 488 713 542 sed
738 487 905 542 etiam
945 487 1341 542 delectabantur
1388 490 1442 542 in
1471 488 1806 543 multitudine

229 578 388 643 pacis,
422 593 527 647 qua
550 592 708 632 nemo
743 577 796 631 in
824 577 980 648 cujus
1008 591 1175 633 carne
1218 578 1394 634 adhuc
1440 578 1575 634 bella
1606 594 1806 635 concu-

230 669 501 737 piscentia
527 670 881 738 suscitantur,
912 670 1179 725 stabiliter
1208 670 1534 741 perfruetur.
1576 670 1807 725 Necesse

229 767 307 812 est
333 757 476 813 enim
508 756 750 814 infestari
784 774 906 814 eum
936 760 1221 815 dirissimis
1244 760 1547 815 daemonum
1579 759 1797 829 praeliis,

228 866 281 910 et
308 856 490 929 ignitis
510 857 740 912 luxuriae
754 857 950 927 jaculis
982 858 1286 911 sauciatum
1308 872 1336 911 a
1360 869 1517 912 terra'
1540 872 1650 911 sua:
1678 870 1806 926 pos-

229 950 465 1004 sessione
498 949 730 1014 devolvi,
762 950 934 1005 donec
967 950 1228 1005 Dominus
1254 949 1463 1019 auferat
1484 949 1617 1003 bella
1647 964 1807 1019 usque

228 1039 293 1090 ad
340 1038 473 1106 ﬁnes
531 1048 685 1094 teme
723 1039 869 1109 ejus,
921 1056 1099 1093 arcum
1145 1049 1397 1105 conterat,
1432 1050 1477 1093 et
1509 1038 1804 1108 confringat

225 1144 397 1193 arma,
444 1139 493 1183 et
541 1140 689 1183 scuta
765 1128 1034 1182 comburat
1079 1130 1186 1200 igni
1213 1127 1385 1195 (Psal.
1439 1146 1560 1194 va,
1590 1130 1666 1198 9),
1714 1129 1805 1184 illo

227 1219 429 1275 scilicet
450 1235 609 1289 quem
639 1220 901 1275 Dominus
934 1221 1081 1279 venit
1114 1221 1330 1275 mittere
1358 1236 1519 1290 super
1572 1229 1795 1275 terram.

224 1306 288 1364 Et
310 1311 380 1365 ita
402 1325 525 1365 cum
545 1325 670 1365 eum
695 1310 955 1366 Dominus
988 1320 1277 1365 conterens
1300 1310 1438 1366 bella
1465 1312 1533 1366 ab
1562 1310 1801 1365 omnium

222 1400 613 1454 incentivorum
663 1400 886 1455 aestibus
934 1398 1269 1467 liberaverit,
1308 1401 1375 1455 ad
1417 1400 1565 1455 illum
1599 1401 1804 1470 purita-

222 1488 289 1542 tis
314 1487 597 1557 perveniet
658 1495 858 1542 statum
887 1496 966 1555 ut,
1010 1488 1252 1557 deposita
1304 1488 1638 1555 confusione,
1698 1504 1802 1558 qua

221 1576 591 1646 semetipsum,
640 1575 694 1631 id
716 1585 801 1631 est
822 1591 1043 1632 carnem
1092 1591 1267 1643 suam,
1300 1577 1425 1631 dum
1460 1578 1803 1649 impugnare-

222 1677 330 1733 tur,
382 1668 660 1736 horrebat,
717 1668 941 1739 incipiet
987 1683 1050 1723 ea
1096 1667 1244 1723 velut
1290 1668 1584 1738 purissimo
1624 1670 1803 1724 taber-

1911 498 1966 545 et
1987 489 2141 559 quasi
2175 489 2227 541 in
2253 485 2655 543 similitudinem
2682 487 2763 542 sui
2789 486 3003 553 formet,
3031 503 3211 543 arcam
3235 490 3490 560 quodam.

1911 582 2072 635 modo
2090 594 2157 634 ex
2196 594 2259 633 ea
2296 577 2500 633 faciens
2544 579 2874 646 testamenti,
2924 579 3216 635 habentem
3278 581 3490 637 scilicet

1915 671 1963 724 in
1994 684 2050 723 se
2080 669 2216 723 duas
2266 668 2475 722 tabulas
2534 667 2794 738 lapideas,
2828 669 2879 723 id
2910 678 2991 723 est
3015 670 3243 739 duplicis
3280 671 3488 726 Instru-

1911 761 2077 815 menti
2101 767 2413 829 perpetuam
2433 759 2767 815 firmitatem.
2787 759 2990 816 Urnam
3005 775 3220 829 quoque
3242 774 3486 826 auream,

1909 851 2011 907 hoc
2036 860 2120 908 est
2145 853 2459 909 memoriam
2491 868 2682 923 puram
2728 860 2891 923 atque
2932 851 3221 916 sinceram,
3258 867 3377 922 quae
3402 867 3487 907 re-

1907 946 2183 1000 conditum
2212 945 2263 1000 in
2294 960 2352 1000 se
2392 960 2587 999 manna
2626 953 2883 1014 perpetua
2925 943 3217 998 tenacitate
3266 958 3488 999 conser—

1906 1044 2017 1101 vet,
2043 1036 2403 1106 spiritualium
2435 1035 2641 1090 scilicet
2694 1050 2970 1098 sensumn,
3001 1045 3059 1088 et
3091 1034 3315 1103 angelici
3346 1032 3486 1087 illius

1908 1127 2060 1194 panis
2097 1141 2387 1197 perennem
2417 1126 2804 1194 cmlcstcmque
2850 1122 3351 1179 dulcedinem.‘Nec
3378 1135 3483 1176 non

1906 1220 2065 1273 etiam
2093 1217 2298 1289 virgam
2344 1218 2546 1284 Aaron,
2577 1218 2628 1272 id
2658 1225 2744 1272 est
2767 1216 2961 1271 summi
3013 1216 3231 1285 verique
3261 1214 3488 1268 Pontifi-

1907 1306 1983 1362 cis
2015 1308 2185 1362 nostri
2228 1306 2351 1361 Jesu
2374 1306 2571 1361 Christi
2600 1306 2837 1371 salutare
2874 1304 3129 1359 vexillum
3164 1303 3486 1358 immortalis

1905 1400 2179 1453 memoriae
2218 1412 2434 1468 semper
2461 1397 2734 1453 viriditate
2767 1396 3137 1452 frondescen...
3188 1395 3311 1449 llzrc
3333 1411 3489 1449 nam.

1904 1506 2008 1559 que
2056 1500 2140 1545 est
2189 1490 2337 1560 virga
2392 1504 2509 1558 qua:
2554 1499 2738 1560 postea
2785 1504 2946 1560 quam
3006 1486 3248 1543 delesse
3304 1488 3486 1543 radice

1903 1582 2114 1635 succisa
2163 1588 2265 1644 est,
2326 1579 2564 1633 vivacius
2620 1579 2943 1634 mortificata
3011 1578 3311 1633 revirescit.
3360 1577 3487 1632 ﬂare

1904 1681 2085 1727 autem
2114 1672 2293 1725 omnia
2340 1671 2546 1726 duobus
2579 1671 2883 1736 cherubim,
2924 1670 2977 1727 id
3018 1681 3101 1727 est
3130 1672 3400 1726 historica:
3431 1678 3488 1725 et

220 1757 416 1812 naculo
445 1758 701 1813 delectari
734 1772 750 1824 ;
786 1773 891 1814 non
917 1757 1062 1812 enim
1093 1757 1355 1813 accedent
1382 1757 1449 1811 ad
1479 1772 1605 1835 eum
1635 1757 1798 1823 mala,
1833 1770 1876 1824 Β
1902 1764 2197 1834 spiritualis
2248 1763 2489 1818 scientiae
2519 1763 2848 1832 plenitudine
2878 1768 3243 1835 protegentur.
3278 1764 3486 1819 Cheru-

217 1857 273 1902 et
299 1846 566 1917 flagellum
598 1862 706 1902 non
755 1846 1212 1918 appropinquabit
1255 1829 1603 1903 tabernacuio
1655 1846 1792 1917 ejus.

217 1937 369 1992 Hanc
394 1938 558 2008 igitur
582 1953 772 2007 pacem
801 1939 975 1994 donec
1010 1939 1224 1992 firmam
1273 1946 1438 2008 atque
1474 1945 1795 2007 perpetuam

215 2029 463 2085 obtinere
486 2043 814 2096 mereamur,
849 2028 1031 2085 multis
1060 2043 1286 2086 necesse
1333 2039 1419 2084 est
1466 2044 1566 2083 nos
1615 2029 1796 2098 impu-

217 2121 568 2190 gnationibus
647 2123 924 2188 attentari,
1005 2121 1423 2192 frequenterque
1493 2120 1650 2175 nobis
1714 2130 1797 2175 est

215 2213 512 2269 versiculus
540 2214 641 2269 iste
669 2229 792 2269 cum
813 2214 1013 2283 gemitu
1035 2214 1399 2285 lacrymisque
1423 2211 1751 2281 repetendus
1776 2230 1790 2265 :

215 2303 380 2359 Miser
404 2305 578 2373 [actus
624 2322 738 2359 sum
781 2322 1164 2376 usquequaque,
1201 2314 1311 2359 tota
1347 2304 1430 2358 die
1454 2303 1795 2358 contristatus

214 2396 561 2467 ingrediebar,
592 2397 842 2467 quoniam
871 2396 1033 2450 lumbi
1083 2397 1184 2451 mei
1207 2394 1405 2465 impleti
1426 2404 1548 2449 sunt
1589 2393 1794 2448 illusio.

212 2486 387 2553 nibus,
410 2499 457 2543 et
481 2506 583 2543 non
598 2499 671 2543 est
691 2490 892 2543 sanitas
916 2489 969 2542 in
985 2505 1139 2543 carne
1156 2505 1270 2542 mea
1293 2486 1466 2559 (Psal.
1488 2501 1697 2551 xxxv",
1714 2484 1792 2557 8).

214 2577 329 2633 Hoc
373 2588 554 2633 autem
611 2579 818 2642 tandiu,
870 2579 1046 2647 quoad
1082 2593 1252 2647 usque
1298 2593 1396 2649 per
1442 2577 1537 2632 Dei
1559 2576 1793 2646 gratiam

211 2669 565 2722 confirmatus
597 2669 648 2723 in
686 2668 774 2722 illa
800 2685 965 2738 quam
1002 2670 1211 2739 appetit
1263 2670 1521 2738 puritate,
1555 2667 1793 2724 elﬁcaci-

216 2769 299 2813 ter
325 2759 508 2814 dicere
557 2769 871 2815 mereatur:
900 2760 1225 2828 Exspectans
1269 2762 1563 2830 exspectavi
1612 2760 1794 2815 Domi-

212 2863 356 2912 num,
389 2859 436 2902 et
463 2850 683 2903 intendit
712 2851 841 2903 mihi
862 2850 1036 2921 (Psal.
1066 2866 1256 2917 χχιιι,
1298 2852 1374 2922 1).

847 2941 1072 2995 CAPUT
1100 2941 1163 2996 V.

701 3031 777 3087 De
798 3032 1060 3103 spirituali
1080 3034 1318 3088 scientia.

280 3120 615 3190 Impossibile
636 3133 719 3177 est
746 3123 983 3177 animam
1021 3140 1139 3192 qure
1185 3126 1476 3182 mundanis
1501 3126 1586 3182 vel
1619 3129 1791 3182 tenui-
1819 3117 1864 3180 C

211 3221 293 3266 ter
317 3214 734 3269 distentionihus
778 3224 1095 3284 occupatur,
1125 3217 1207 3271 vel
1237 3232 1357 3286 qua:
1383 3219 1661 3289 proposito
1706 3236 1792 3276 ac-

208 3303 487 3371 quirendae
546 3304 720 3358 laudis
758 3306 1006 3360 lnnuanae
1035 3309 1214 3362 studio
1257 3308 1510 3366 lectionis
1562 3311 1789 3377 insistit,

213 3394 413 3445 donum
455 3408 594 3461 vera:
642 3395 879 3449 scientiae
922 3399 1244 3466 promereri,
1290 3399 1373 3453 vel
1396 3402 1789 3470 generatriccm

208 3484 569 3551 spiritualium
620 3495 871 3539 sensuum
921 3496 1011 3539 aut
1053 3497 1298 3543 tenacem
1342 3505 1619 3546 sacrarum
1673 3494 1789 3548 fieri

211 3574 525 3628 lectionum.
572 3576 731 3629 Aliud
796 3591 1030 3646 namque
1074 3587 1157 3632 est
1206 3578 1520 3635 facilitatem
1578 3582 1689 3636 oris
1738 3594 1792 3639 et

204 3665 439 3719 nitorem
479 3666 681 3720 habere
714 3666 1003 3732 sermonis,
1030 3676 1085 3721 et
1112 3667 1255 3722 aliud
1288 3682 1453 3725 venas
1483 3686 1547 3726 ac
1593 3672 1792 3727 medulc

206 3754 289 3810 las
336 3754 639 3809 etelestium
691 3756 895 3811 intrare
966 3759 1258 3823 dictorum,
1310 3774 1375 3814 ac
1414 3760 1679 3829 profunda
1736 3775 1792 3815 et

204 3846 523 3901 abscondita
560 3857 900 3901 sacramenta
942 3849 1236 3919 purissimo
1276 3851 1459 3905 cordis
1479 3851 1637 3905 oculo
1667 3866 1792 3904 con-

208 3936 479 4006 templari.
534 3936 688 4003 Quod
736 3937 1043 3993 nullatenus
1093 3940 1331 3994 humana
1375 3939 1642 4005 doctrina,
1692 3956 1792 3995 nec

204 4029 441 4085 eruditio
482 4029 784 4095 saecularis,
812 4031 905 4085 sed
931 4032 1047 4087 Sola
1077 4033 1287 4101 puritas
1311 4033 1507 4086 mentis
1547 4049 1643 4102 per
1665 4032 1790 4087 illu-

205 4122 563 4176 minationem
610 4124 781 4178 sancli
828 4122 1064 4191 Spiritus
1131 4124 1417 4179 obtinebit.
1484 4124 1655 4190 Beati,
1718 4127 1791 4180 ait

211 4213 494 4279 Dominus,
516 4214 710 4267 mundo
742 4215 916 4278 corde,
942 4218 1187 4283 quoniam
1214 4217 1313 4286 ipsi
1346 4216 1511 4270 Deum
1548 4218 1790 4272 videbunt

207 4303 429 4373 (Matth.
457 4321 513 4369 v,
545 4305 621 4373 8).
655 4305 1035 4360 Festinandum
1074 4306 1239 4376 igitur
1282 4307 1376 4360 tibi
1402 4316 1505 4372 est,
1544 4307 1791 4375 quisquis

1896 1856 2009 1910 bim
2048 1856 2190 1911 enim
2259 1856 2646 1924 interpretatur
2710 1856 2944 1910 scientia:
3013 1857 3316 1921 multitudo,
3366 1872 3485 1925 quae

1896 1947 2331 2018 propitiatorium
2392 1947 2510 2013 Dei,
2580 1948 2631 2003 id
2683 1956 2765 2002 est
2820 1946 3185 2019 placiditatem
3248 1948 3484 2017 pectoris

1899 2041 1971 2094 tui
1990 2041 2193 2110 jugiter
2211 2048 2521 2110 protegent,
2545 2048 2601 2094 et
2626 2054 2655 2093 a
2679 2040 2888 2095 cunctis
2914 2039 3273 2108 spiritualium
3296 2041 3486 2111 nequi-

1900 2133 2097 2185 tiarum
2157 2133 2466 2187 incursibus
2506 2131 2930 2187 obumbrabunt.
2974 2132 3042 2188 Et
3092 2133 3168 2188 ita
3219 2147 3369 2189 mens
3394 2144 3483 2187 tua

1897 2236 2003 2275 non
2028 2221 2201 2276 solum
2231 2223 2283 2276 in
2308 2236 2491 2277 arcam
2523 2222 2690 2277 divini
2723 2223 3079 2289 Testamenti,
3109 2238 3294 2279 verum
3318 2225 3482 2280 etiam

1899 2313 1953 2365 in
1988 2326 2212 2383 regnum
2253 2312 2589 2368 sacerdotale
2625 2324 2905 2382 provecta,
2928 2328 3027 2383 per
3052 2313 3481 2371 indissolubilem

1896 2405 2153 2471 puritatis
2181 2404 2434 2461 affectum
2464 2406 2863 2476 quodammodo
2905 2408 3160 2476 absorpta
3186 2408 3482 2477 spirituali-

1895 2499 1997 2552 bus
2019 2496 2337 2566 disciplinis,
2373 2496 2503 2552 illud
2532 2498 2778 2568 implebit
2825 2500 3137 2569 pontificale
3168 2500 3479 2557 mandatum

1897 2586 2040 2656 quod
2063 2602 2094 2640 a
2123 2585 2432 2656 legislatore
2454 2587 2529 2641 ita
2566 2589 2916 2658 praecipitur:
2952 2587 3022 2641 Et
3044 2591 3109 2643 tle
3132 2592 3329 2644 sanctis
3376 2607 3482 2645 non

1896 2676 2209 2748 egredietur,
2237 2692 2300 2730 ne
2343 2676 2545 2747 polluat
2599 2680 2961 2732 sanctuarium
3005 2678 3102 2733 Dei
3150 2678 3334 2749 (Levit.
3364 2694 3481 2747 ut,

1888 2768 2010 2839 .12),
2049 2768 2102 2824 id
2126 2777 2208 2823 est
2246 2783 2340 2823 cor
2366 2784 2547 2836 suum,
2572 2769 2627 2824 in
2649 2768 2975 2841 quojugiter
3022 2770 3395 2826 habilaturum
3421 2786 3483 2828 se

1896 2860 2159 2916 Dominus
2195 2860 2543 2935 repromittit,
2600 2862 2785 2916 dicens
2824 2878 2836 2914 :
2873 2861 3188 2916 lnhabitabo
3216 2862 3270 2916 in
3304 2864 3400 2929 eis,
3430 2872 3480 2918 et

1896 2956 2032 3009 inter
2078 2953 2197 3007 illos
2250 2954 2528 3009 ambulabo
2575 2953 2663 3026 (Il
2696 2952 2818 3009 Cor.
2865 2970 2937 3021 Vl,
2971 2954 3079 3025 I6).
3142 2954 3481 3025 [inpossibile

1896 3047 2095 3115 quippe
2116 3055 2200 3102 est
2219 3046 2548 3101 immundam
2571 3047 2805 3102 animam
2834 3048 3115 3103 scientiam
3139 3048 3478 3118 spiritualem

1894 3139 2143 3209 adipisci.
2167 3138 2334 3194 Nemo
2352 3141 2495 3194 enim
2521 3140 2572 3194 in
2596 3154 2689 3194 vas
2720 3139 2943 3195 fetidum
2972 3148 3135 3209 atque
3162 3151 3478 3212 corruptum

1894 3239 2225 3301 unguentum
2264 3230 2478 3300 aliquod
2509 3230 2709 3296 nobile,
2755 3240 2849 3285 aut
2890 3232 2997 3285 mel
3051 3234 3337 3302 optimum,
3387 3241 3481 3286 aut

1892 3322 2112 3390 pretiosi
2139 3322 2432 3391 quidquam
2480 3324 2709 3395 liquoris
2763 3321 3015 3379 infundit.
3066 3323 3304 3379 Facilius
3336 3324 3479 3379 enim

1892 3412 2144 3483 quamvis
2169 3414 2606 3469 odoratissimam
2658 3416 2935 3485 myrrham
2984 3415 3153 3472 semel
3178 3416 3481 3485 .horrendis

1893 3506 2101 3561 imbuta
2124 3505 2389 3560 fetoribus
2424 3516 2560 3561 testa
2588 3506 2944 3572 contaminat,
2974 3522 3135 3576 quam
3181 3504 3385 3576 aliquid
3410 3521 3473 3563 ex

1892 3612 1954 3651 ea
1982 3598 2265 3653 suavitatis
2304 3598 2475 3668 gratia
2545 3597 2659 3665 ipsa
2682 3596 2973 3665 concipiat,
3020 3597 3146 3668 quia
3189 3593 3359 3651 multo
3393 3592 3491 3650 ci-'

1896 3690 2003 3743 tius
2027 3690 2225 3742 munda
2263 3698 2705 3757 corrumpuntur,
2735 3704 2895 3756 quam
2933 3696 3187 3757 corrupta
3211 3685 3478 3741 mundan-

1896 3786 2004 3829 tur.
2058 3777 2136 3829 Ita
2179 3778 2349 3845 igitur
2394 3788 2449 3831 et
2497 3793 2590 3832 vas
2627 3778 2865 3846 pectoris
2924 3777 3119 3841 nostri,
3162 3778 3264 3830 nisi
3332 3777 3481 3845 prius

1893 3868 2057 3922 fuerit
2090 3869 2157 3921 ab
2186 3869 2333 3922 muni
2368 3869 2666 3923 ftedissima
2694 3870 2946 3923 vitiorum
2980 3870 3303 3938 contagione
3348 3885 3481 3937 pur--

1894 3970 2098 4031 gntum,
2131 3976 2236 4016 non
2269 3962 2563 4016 merebitur
2611 3963 2885 4032 suscipere
2922 3961 3050 4017 illud
3091 3962 3482 4017 benedictionis

1897 4067 2229 4126 unguentum
2277 4058 2341 4109 de
2387 4070 2494 4125 quo
2538 4055 2738 4110 dicitur
2782 4069 2878 4121 per
2907 4054 3278 4125 Prophetam:
3326 4054 3479 4107 Sicut

1894 4158 2216 4218 unguentum
2239 4149 2292 4201 in
2314 4149 2480 4217 capite
2495 4148 2633 4219 quod
2656 4148 2919 4202 descendit
2940 4149 2993 4200 in
3018 4144 3482 4208 barbam,barbam

1894 4239 2105 4305 Aaron;
2135 4239 2274 4309 quod
2302 4240 2568 4294 descendit
2599 4242 2653 4294 in
2678 4256 2825 4294 oram
2851 4239 3140 4294 vestimenti
3164 4239 3277 4307 ejus
3306 4235 3478 4307 (Psal.

1896 4346 2101 4394 cxxxu,
2136 4331 2191 4402 2)
2227 4347 2242 4395 ;
2274 4346 2374 4386 nec
2404 4330 2549 4385 illam
2572 4331 2856 4385 scientiam
2896 4329 3251 4398 spiritualem,
3287 4337 3342 4382 et
3368 4326 3481 4380 elo-

207 4397 503 4510 ad‘ver‘ﬂ“
544 4396 961 4510 .Scrip‘“:f"“;m
1012 4397 1786 4510 Vi:"seiemi‘fmnperve'ﬁre'
1824 4457 1870 4510 Β
1898 4421 2026 4490 quia
2065 4396 2493 4491 Scripturarum,
2523 4436 2643 4491 qua:
2694 4396 2940 4476 dulciora
2994 4429 3121 4475 sunt
3167 4434 3329 4488 super
3374 4415 3481 4470 mel

202 4499 267 4545 ut
288 4490 649 4545 humilitatem
675 4486 853 4543 cordis
900 4488 1232 4541 immobilem
1293 4488 1543 4557 primitus
1591 4503 1786 4543 conse-

203 4582 411 4650 quaris,
440 4595 559 4650 quze
587 4589 638 4635 te
662 4594 765 4634 non
790 4580 856 4633 ad
895 4578 1037 4632 illam
1070 4594 1188 4647 qua:
1232 4576 1402 4645 inflat,
1442 4579 1539 4633 sed
1575 4580 1640 4633 ad
1662 4594 1783 4633 eam

202 4685 329 4741 qua:
353 4670 639 4733 illuminat,
676 4669 957 4724 scientiam
992 4668 1274 4723 charitatis
1325 4668 1788 4722 consummatione

203 4762 488 4831 perducat.
512 4761 714 4815 Deinde
745 4760 847 4814 hoc
873 4759 968 4812 tibi
1003 4768 1087 4813 est
1117 4758 1426 4813 omnimodo
1474 4758 1791 4813 enitendum

200 4858 286 4915 ut,
316 4849 538 4919 expulsa
566 4850 715 4904 omni
743 4848 1102 4904 sollicitudine
1118 4850 1520 4921 etcogitatione
1543 4858 1784 4914 terrena,

201 4941 480 4999 assiduum
508 4951 559 4997 te
590 4957 651 4998 ac
672 4942 850 5013 potius
872 4940 1054 5014 jngem
1086 4956 1252 4997 sacrae
1276 4942 1515 5012 praebeas
1537 4940 1779 5008 lectioni,

487 5730 754 5793 Pnnoc.
794 5726 1054 5792 CLVIII.

1897 4521 1953 4566 et
1983 4515 2184 4581 favum,
2211 4514 2486 4584 impolluta
2540 4512 2796 4567 servabit.
2849 4512 2978 4578 Quae
3012 4512 3156 4567 enim
3185 4507 3480 4580 participa~

1893 4604 2215 4672 tiojustitiae
2241 4621 2364 4660 cum
2418 4605 2751 4675 iniquitate?
2776 4606 3028 4674 Autquac
3083 4603 3317 4658 societas
3370 4599 3478 4655 luci

1894 4711 2014 4750 cmn
2074 4696 2309 4751 tenebris
2348 4697 2370 4749 ?
2409 4712 2528 4767 qua:
2571 4706 2752 4753 autem
2801 4696 3089 4753 conventio
3138 4693 3355 4749 Christo
3409 4688 3480 4749 ad

1891 4787 2056 4841 Belial
2081 4789 2104 4841 ’ἒ
2125 4788 2182 4842 In
2215 4790 2375 4845 corde
2413 4791 2556 4847 bono
2590 4791 2887 4863 requiescit
2923 4788 3207 4859 sapientia.

2977 5720 3057 5793 33:
