3906 6058
257 315 394 371 1057

255 433 300 486 A
331 442 539 482 summo
567 426 726 480 Patre
748 424 1010 493 genitum,

255 523 360 577 Per
389 523 504 576 lucc
529 531 616 575 tua
651 511 746 572 nos
782 518 996 580 merita,

255 613 298 666 A
323 611 472 680 lapsu
505 609 694 663 mortis
727 607 914 661 libera.

325 701 508 758 Gloria
551 699 645 755 tibi
682 699 927 763 Domine,
955 709 1062 752 etc.

607 791 688 843 Ad
721 797 943 842 sextam.

323 883 460 938 Nate
489 895 699 938 summe
721 895 815 934 rex
849 887 1000 934 utero

255 972 440 1026 Maria:
470 970 536 1026 de
563 969 838 1040 Virgiueo,

255 1064 500 1119 Emuuda
541 1077 640 1117 nos
668 1077 696 1114 a
737 1059 901 1120 vitiis,

257 1158 324 1211 Et
355 1171 490 1208 orna
529 1153 730 1208 sanctis
759 1149 986 1204 meritis.

325 1247 416 1299 Dei
441 1252 630 1306 mater,
669 1257 700 1296 ο
733 1241 972 1302 domina,

257 1339 513 1396 Sublimis
547 1345 690 1392 tanta
733 1333 936 1406 gratia;

255 1427 391 1491 Tua,
433 1424 540 1488 fac,
571 1422 845 1478 exultatio.

256 1516 339 1571 Sit
373 1525 559 1570 nostra
599 1511 876 1566 relevatio.

325 1601 508 1658 Gloria
537 1599 652 1660 tibi,
684 1607 791 1652 etc.

573 1695 576 1698 ’
613 1687 692 1740 Ad
733 1701 941 1739 nonam.

327 1779 426 1833 Fili
457 1776 637 1831 Maria:
675 1775 918 1844 virginis,

257 1873 334 1926 Da
366 1869 522 1924 nobis
555 1867 672 1936 ejus
699 1866 906 1921 meritis

256 1965 300 2018 A
331 1963 566 2034 peccatis
595 1973 904 2028 resurgere,

258 2054 325 2108 Et
345 2055 410 2106 ad
437 2053 600 2106 vitam
627 2051 952 2120 pertingere.

327 2143 492 2212 Cujus
513 2158 571 2196 es
612 2142 780 2196 lactus
813 2139 972 2203 illius,

260 2237 420 2300 Deus,
447 2251 546 2305 pro
589 2231 1016 2304 peccatoribus“

261 2326 372 2382 Hoc
402 2327 492 2396 qui
533 2323 637 2378 ﬁde
671 2319 1044 2392 pronuntiant,

259 2417 370 2470 Fac
395 2426 452 2470 ut
481 2415 706 2470 salutent
739 2411 996 2466 sentiant.

332 2507 514 2562 Gloria
541 2506 662 2570 tibi,
693 2514 804 2558 etc.

607 2597 688 2650 Ad
725 2611 982 2664 vesperas.

327 2691 420 2746 Sol
450 2701 600 2746 casto
635 2703 864 2742 nascens
891 2695 1066 2750 utero,

257 2789 685 2854 V’esperascente
725 2778 939 2842 smculo,

257 2879 468 2934 lllustra
497 2890 594 2930 nos
629 2882 904 2945 perpetue,

261 2973 374 3030 Nec
396 2973 633 3028 declines
663 2971 716 3024 in
755 2981 997 3038 vespere.

337 3064 546 3120 [Eterni
573 3062 705 3118 solis
728 3059 981 3131 genitrix,

257 3155 388 3210 Tuis
416 3155 520 3209 hoc
560 3153 766 3208 sanctis
794 3148 1002 3204 meritis

261 3246 372 3313 Age
403 3259 508 3314 quo
531 3257 724 3313 perpcs
757 3247 974 3294 maneat

263 3331 451 3395 Nobis,
494 3347 590 3385 nec
635 3343 869 3398 unquam
908 3323 1138 3381 decidat.

334 3421 514 3478 Gloria
549 3419 663 3483 tibi,
695 3429 800 3474 etc.

503 3533 584 3585 Ad
620 3531 1032 3596 completorium.

1445 439 1774 480 PSALTERIUH
1827 439 2044 480 DOMINE
2093 437 2312 478 NOSTRE

1745 516 1898 587 (mus
1932 517 2002 587 ι).

1432 607 1542 661 Ave
1565 618 1741 664 mater
1771 610 2043 674 advocati,

1363 701 1463 768 Qui
1497 705 1687 758 beatus
1725 705 1974 768 consilio,

1363 793 1497 850 Aula
1537 798 1740 851 ventris
1781 798 2078 866 incorrupti

1363 886 1633 944 Processit
1672 899 1730 944 ut
1759 906 1826 944 ex
1859 891 2118 946 thalamo.

1432 980 1626 1035 Beatus
1657 985 1734 1035 vir
1765 983 1854 1052 qui
1889 999 1992 1036 non
2027 985 2180 1050 abiit,
2219 996 2324 1040 etc.

1432 1069 1544 1124 Ave
1576 1081 1772 1136 mater,
1799 1070 1954 1140 cujus
1983 1083 2174 1141 partus

1361 1155 1656 1212 Postulavit
1687 1159 1854 1214 Deum
1875 1160 2116 1230 Patrem,

1367 1247 1431 1302 Et
1451 1250 1678 1319 accepit,
1708 1267 1844 1320 quas
1879 1255 2130 1320 redemit,

1363 1337 1565 1394 Gentes
1593 1340 1646 1393 in
1683 1341 2078 1398 haereditatem.

1689 1428 1933 1496 Postuta,
1965 1441 2072 1486 etc.

1435 1517 1546 1570 Ave
1575 1527 1766 1584 mater,
1791 1518 1944 1586 cujus
1969 1531 2152 1589 partus

1365 1602 1725 1660 Obdormiens
1753 1607 2032 1676 patiendo,

1369 1694 1424 1748 In
1455 1697 1706 1766 sepulcro
1741 1711 2048 1769 soporatus,

1365 1787 1588 1843 Mortem
1619 1791 1748 1846 vicit
1775 1796 2130 1864 resurgendo.

1433 1879 1612 1934 Gloria
1653 1882 1768 1947 tibi,
1794 1893 1900 1938 etc.

1608 1970 1720 2041 Ego
1751 1973 2000 2039 dormivi,
2032 1983 2139 2030 etc.

1429 2061 1540 2114 Ave
1567 2071 1764 2125 mater,
1797 2061 1950 2131 cujus
1973 2073 2162 2132 partus

1357 2149 1520 2206 Nobis
1543 2153 1691 2206 dedit
1731 2153 1781 2206 in
1808 2155 2090 2224 sanguine,

1364 2241 1428 2296 Ut
1463 2243 1704 2312 signetur
1739 2244 2040 2314 baptizatus

1361 2332 1666 2389 Divinitatis
1689 2335 1911 2390 lumine.

1427 2425 1612 2480 Gloria
1645 2427 1761 2492 tibi,
1801 2436 1908 2482 etc.

1611 2512 1888 2585 Signatum
1909 2527 2005 2582 est,
2030 2527 2135 2572 etc.

1431 2607 1542 2660 Ave
1565 2615 1762 2673 mater,
1789 2608 1940 2678 cujus
1961 2625 2058 2664 nos
2083 2609 2224 2666 ﬁlius

1363 2700 1529 2755 Scuto
1571 2701 1726 2756 bona:
1755 2703 2048 2760 voluntatis

1363 2792 1543 2848 luduit
1565 2794 1848 2862 propitius,

1363 2885 1474 2938 Lux
1501 2887 1780 2942 immensa:
1809 2887 2126 2957 majestatis.

1631 2977 1795 3032 Scuto
1825 2979 1993 3045 bonaz,
2025 2989 2128 3035 etc.

1435 3067 1548 3120 Ave
1577 3067 1802 3122 thronus
1841 3069 2084 3136 Deitatis,

1367 3159 1420 3214 In
1453 3177 1558 3231 quo
1589 3162 1727 3216 Deus
1756 3164 2052 3234 majestatis

1373 3255 1632 3324 Dignatur
1663 3256 1826 3310 homo
1855 3257 1991 3310 ﬁeri.

1441 3435 1592 3492 Unde
1619 3447 1834 3493 nostras
1860 3440 2070 3495 animus

1368 3527 1576 3598 Eripuit
1603 3531 1653 3583 in
1677 3533 1886 3599 gratia;

1366 3619 1433 3672 Et
1460 3637 1596 3690 quas
1619 3623 1798 3678 elfecit
1819 3625 2040 3690 liberas,

1367 3708 1556 3765 Salvas
1579 3711 1704 3766 fecit
1736 3715 1786 3767 in
1807 3716 1995 3784 gloria.

1650 3811 1974 3880 Convertere,
2003 3827 2110 3870 etc.

1371 3899 1480 3953 Ave
1509 3909 1698 3966 mater,
1725 3899 1877 3969 cujus
1911 3913 2096 3974 partus

1371 3987 1480 4042 Stta
1515 3988 1644 4044 facit
1667 3991 1880 4060 justilia

1376 4077 1441 4134 Ut
1473 4081 1524 4133 in
1553 4083 1704 4137 nobis
1733 4083 1912 4140 Patris
1948 4085 2064 4154 ejus

1373 4175 1488 4230 Sint
1508 4177 1654 4248 justa
1687 4179 1978 4260 adjutori’a.

331 3639 405 3693 De
427 3649 576 3693 casta
599 3637 756 3690 nobis
776 3635 958 3689 oriens

261 3731 433 3784 Matre
478 3730 594 3784 dies
627 3729 960 3790 indesinens.

259 3822 380 3892 Jngi
411 3836 511 3875 nos
541 3820 660 3874 t'ove
691 3819 912 3882 lumine,

261 3915 552 3984 Culpzeque
581 3921 796 3968 noctem
829 3926 1068 3967 remove.

332 4001 504 4057 Mater
531 4001 636 4056 diei
665 4000 928 4070 perpetis,

261 4095 474 4150 Obsiste
502 4095 700 4150 nostris
729 4095 989 4158 tenebris,

263 4187 340 4241 Ne
367 4187 539 4242 lucem
571 4186 727 4240 nobis
762 4187 1042 4256 dissipent,

265 4276 330 4329 Et
355 4291 452 4330 nos
487 4275 696 4330 delictis
717 4271 1013 4345 implicent.

1435 4305 1650 4362 Iustum
1701 4309 2024 4377 adjutorium
2088 4327 2252 4364 meum
2299 4329 2332 4365 α

335 4365 518 4422 Gloria
547 4365 662 4432 tibi,
695 4373 802 4420 etc.

1769 4381 2012 4434 Domino.

1441 4487 1554 4543 Ave
1575 4499 1756 4544 nostra
1788 4491 2117 4554 advocatrix,

1369 4579 1545 4648 Atque
1570 4581 1692 4635 vita:
1717 4582 2018 4650 reparatrix
2050 4601 2063 4635 :

333 4677 492 4730 Salve
520 4675 724 4746 Regina
773 4685 950 4730 mater
996 4679 1305 4734 misericor-
1371 4672 1534 4743 Cujus
1555 4665 1740 4742 partus
1767 4689 1928 4742 super
1957 4677 2098 4744 ipsos

265 4768 384 4834 dite,
410 4767 542 4834 vita,
571 4767 821 4832 dulcedo,
867 4776 920 4821 et
971 4783 1092 4838 spes
1123 4779 1300 4824 nostra
1373 4762 1628 4816 Dominus
1655 4773 1736 4816 est
1769 4765 1890 4818 coeti
1935 4767 2175 4820 thronos.

265 4857 432 4912 salve.
459 4857 540 4911 Ad
569 4866 619 4912 te
647 4857 945 4912 clamamus
967 4859 1181 4913 exsules
1211 4861 1300 4914 ﬁlii
1510 4855 1772 4919 Quoniam
1809 4855 2006 4909 elevata
2041 4867 2134 4922 est,
2162 4866 2264 4910 etc.

264 4946 429 5002 Evze:
465 4947 530 5000 ad
565 4955 616 5001 te
646 4948 980 5014 suspiramus
1006 4957 1299 5017 gementes,
1436 4942 1550 4997 Avo
1580 4943 1731 5010 Sion,
1765 4945 1818 4998 in
1846 4960 1950 5014 qua
1987 4945 2127 5000 Deus

264 5047 318 5092 et
347 5035 608 5092 ﬂentesin
641 5039 740 5092 hac
761 5037 1119 5109 lacrymarum
1145 5039 1298 5093 valle.
1368 5033 1640 5090 Habitavit
1667 5035 1826 5090 homo
1865 5035 2036 5090 factus
2075 5055 2086 5090 :

265 5127 359 5183 Eia
417 5143 548 5199 ergo
600 5129 858 5182 advocata
913 5137 1136 5194 nostra,
1183 5127 1301 5185 illos
1371 5124 1427 5178 ln
1447 5141 1552 5194 quo
1588 5137 1808 5196 sperant
1838 5127 2052 5181 enixius

267 5234 386 5280 tuos
431 5224 810 5280 misericordes
851 5226 1036 5278 oculos
1088 5225 1152 5278 ad
1204 5239 1302 5281 nos
1373 5215 1474 5282 QUi
1516 5227 1781 5271 noverunt
1813 5232 2004 5272 nomen
2033 5217 2169 5288 ejus.

265 5317 516 5363 converte
541 5349 557 5375 ,
600 5319 655 5364 et
709 5308 892 5363 Jcsum
957 5309 1299 5366 benedictum
1573 5311 1637 5364 Et
1667 5319 1868 5380 sperent
1898 5312 1951 5364 in
1993 5321 2060 5376 te,
2101 5320 2208 5365 etc.

267 5401 500 5456 fructum
533 5403 736 5455 ventris
763 5401 838 5455 tui
867 5401 1022 5454 nobis
1048 5411 1166 5470 post
1199 5403 1303 5458 hoc
1448 5406 1558 5458 Ave
1577 5404 1741 5474 Virgo
1768 5402 2079 5472 singularis,

266 5490 512 5546 exsilium
548 5493 769 5546 ostende
809 5511 822 5545 :
862 5491 906 5548 0
943 5492 1180 5548 clemens
1217 5496 1230 5548 !
1273 5510 1305 5549 ο
1377 5497 1602 5551 Placens
1632 5496 1750 5549 aula
1790 5495 2091 5565 virginalis,

267 5585 354 5654 pia
390 5585 402 5637 ι
432 5599 464 5637 o
495 5582 669 5639 dulcis
691 5583 920 5652 gloriosa
955 5583 1180 5639 Domina
1209 5601 1304 5640 no-
1377 5586 1542 5656 Cujus
1569 5585 1622 5638 in
1665 5585 1860 5656 templo
1889 5587 2148 5640 Dominus

269 5689 399 5740 atra,
437 5689 536 5746 pro
559 5675 712 5730 nobis
737 5675 1028 5730 intercede.
1377 5679 1444 5732 Et
1467 5679 1519 5731 in
1549 5677 1688 5732 ctelo
1715 5677 1868 5732 sedes
1899 5677 2034 5748 ejus.

264 4499 530 4554 Salutatio
569 4501 962 4570 deprecatoria,
996 4513 1116 4556 ante
1146 4501 1304 4557 Psal-

331 4574 518 4624 terium
547 4569 708 4624 beata:
737 4569 968 4640 Virginis
989 4573 1230 4626 dicenda.

1181 308 1396 365 HYMNI
1433 309 1519 363 ET
1560 307 2007 364 PSALTERIUM
2045 309 2133 364 DE
2173 308 2232 364 S.
2267 308 2500 363 MARIA.

3361 309 3496 366 1038

2608 418 2770 492 304
2785 419 3036 474 Dominus
3061 424 3114 476 in
3144 425 3354 493 templo,
3387 436 3491 480 etc.

2540 514 2672 578 Ave,
2701 514 2852 583 cujus
2884 514 2936 566 in
2977 514 3086 569 tilio

2467 603 2703 658 Salutem
2733 603 2896 658 Pater
2926 607 3126 675 posuit,

2463 696 2520 750 In
2549 713 2656 767 quo
2676 698 2814 752 sicut
2843 699 2896 752 in
2927 699 3084 752 unico

2465 790 2650 846 Fidem
2696 800 2936 845 nostram
2967 793 3268 848 constituit.

2633 884 2836 938 Ponant
2858 886 2910 940 in
2937 887 3182 952 salutari,
3210 897 3319 942 etc.

2533 983 2668 1048 Ave,
2693 985 2758 1038 de
2785 985 2938 1055 cujus
2969 987 3078 1040 tilia

2465 1071 2591 1126 Salu
2601 1075 2704 1128 tari
2735 1075 2828 1130 Dei
2853 1076 3052 1142 Patris,

2467 1163 2814 1219 Exsultamus
2845 1167 2900 1220 in
2931 1167 3180 1234 Domino,

2467 1256 2566 1322 Qui
2600 1258 2738 1312 bona
2767 1259 2952 1314 tribuit
2981 1261 3156 1318 nobis.

2577 1347 2872 1406 Exsultavit
2907 1369 2998 1406 cor
3035 1369 3228 1421 meum,
3251 1365 3356 1412 etc.
3435 1397 3438 1402 .

2467 1439 2578 1492 Ave
2600 1449 2782 1494 nostra
2821 1442 3157 1508 atlvocatrix,

2465 1527 2816 1595 Captivorum
2845 1531 3148 1596 liberatrix,

2471 1615 2546 1670 De
2568 1633 2670 1684 qua
2695 1617 2822 1672 Sion
2862 1621 3180 1676 Emmanuel

2472 1707 2722 1762 Salutare
2755 1711 2813 1762 lit
2850 1710 3039 1766 lsrael.

2759 1795 2890 1861 Quis
2921 1798 3085 1862 dabit,
3113 1808 3202 1854 etc

2540 1885 2670 1951 Ave,
2701 1887 2852 1954 cujus
2879 1904 3034 1944 mons
3071 1890 3228 1948 ﬁlius.

2469 1977 2560 2031 Dei
2594 1979 2766 2034 Patris
2803 1991 2886 2037 est
2919 1985 3130 2052 unicus,

2461 2069 2520 2120 in
2554 2086 2660 2139 quo
2687 2074 2856 2126 sancti
2899 2076 3262 2144 requiescunt,

2467 2159 2566 2226 Qui
2595 2164 2875 2218 veritatem
2903 2166 3152 2235 diligunt.

2569 2249 2808 2317 Domine,
2835 2253 2950 2320 quis
2987 2254 3266 2321 habitabit,
3293 2265 3398 2311 etc.

2537 2339 2648 2390 Ave
2681 2340 2860 2409 regina
2891 2342 3178 2412 virginum,
3314 2348 3317 2350 ’

2469 2429 2639 2486 Mater
2667 2433 2827 2503 Virgo
2863 2445 2982 2502 post
3015 2435 3198 2500 lilium,

2465 2521 2630 2590 Cujus
2657 2533 2848 2592 partus
2874 2527 3157 2594 haereditas

2467 2611 2523 2664 lu
2551 2613 2685 2666 laetis
2713 2623 2794 2668 est
2829 2617 3110 2683 plveclara.

2657 2709 2834 2766 Funes
2862 2713 3176 2776 ceciderunt,
3205 2723 3306 2770 etc.

2541 2803 2652 2856 Ave
2681 2813 2876 2866 mater,
2906 2820 3064 2873 quem
3104 2807 3368 2874 przedicat

2468 2891 2526 2945 tu
2561 2902 2612 2947 te
2639 2903 2822 2948 nostra
2855 2895 3180 2959 mortalitas,

2471 2983 2604 3050 Quia
2638 2995 2760 3042 tuus
2791 2986 3046 3040 miriﬁcat

2471 3073 2666 3128 Partus
2695 3075 3115 3130 misericordias.

2596 3162 2845 3231 Miriﬁcat
2869 3164 3274 3228 misericordias,
3295 3173 3400 3218 etc.

2541 3254 2674 3318 Ave,
2708 3268 2871 3321 quam
2899 3254 3114 3308 laudant
3143 3255 3380 3322 spiritus,

2471 3342 2568 3398 Cui
2595 3345 2768 3398 virtus
2795 3346 2974 3400 omnis
3005 3344 3266 3412 concinit,

2473 3441 2550 3495 De
2577 3439 2731 3510 cujus
2751 3441 2892 3495 caelo
2911 3441 3172 3496 Dominus

2473 3531 2626 3589 Nube
2651 3535 2832 3588 carnis
2859 3533 3118 3589 intonuit.

2737 3621 2806 3676 Et
2841 3624 3066 3680 intonuit
3081 3663 3098 3691 ,
3123 3633 3232 3680 etc.

2541 3711 2675 3781 Ave,
2704 3713 2858 3782 cujus
2887 3715 3127 3785 virgineo

2475 3801 2616 3857 Dens
2641 3805 2907 3870 processit
2935 3806 3189 3872 thalamo,

2475 3893 2646 3946 Dotali
2677 3894 2830 3948 nobis
2855 3895 3030 3964 gratia

2476 3981 2546 4036 Se
2571 3983 2818 4052 praebens
2845 3985 2898 4038 in
2927 3986 3223 4053 Sponsalia.

2803 4073 2871 4127 In
2909 4075 3038 4137 sole,
3073 4083 3180 4130 etc.

2545 4165 2658 4218 Ave
2683 4163 2832 4227 Sion,
2865 4165 2931 4217 de
2954 4179 3058 4233 qua
3087 4167 3228 4220 Deus

2476 4257 2584 4313 Nos
2605 4267 2784 4312 tuetur
2813 4261 3150 4322 incarnatus,

2475 4353 2680 4408 Memor
2709 4353 2880 4407 nostri
2907 4351 3177 4408 tibaminis

2475 4445 2530 4499 In
2551 4463 2682 4516 pace
2711 4450 2790 4502 sui
2831 4448 3093 4515 corporis.

2771 4535 2974 4590 Memor
3002 4535 3086 4598 sit,
3121 4543 3228 4588 etc.

2543 4629 2656 4682 Ave
2684 4635 2878 4691 mater,
2905 4625 3056 4694 cujus
3083 4636 3296 4696 partum

2473 4719 2722 4775 Caelestis
2743 4719 2907 4773 Pater
2937 4717 3154 4772 unicum

2471 4811 2528 4865 ln
2555 4812 2806 4868 saeculum
2831 4811 2922 4864 dat
2945 4809 3196 4880 gentibus

2473 4901 2528 4956 In
2555 4901 3042 4962 benedictionibus,

2686 5006 2948 5072 Quoniam
2987 5005 3153 5068 dabit,
3187 5012 3294 5057 etc.

2549 5117 2661 5171 Ave
2697 5125 2890 5180 matur,
2919 5115 3070 5184 cujus
3098 5125 3312 5184 partum

2479 5209 2676 5264 Panem
2705 5209 2828 5262 vitae
2862 5208 3017 5262 nobis
3044 5207 3267 5274 tactum,

2479 5299 2710 5372 Pingues
2742 5307 2897 5354 terra:
2933 5315 2998 5353 ex
3029 5314 3135 5367 quo
3159 5299 3341 5353 vivant

2479 5388 2546 5447 Et
2571 5391 2900 5447 manducant
2934 5401 2987 5448 et
3013 5395 3262 5448 adorant.

2691 5481 3164 5548 Man‘ducaverunt,
3197 5492 3304 5538 etc.

2555 5582 2666 5635 Ave
2695 5589 2879 5635 nostra
2912 5577 3249 5639 advocatrix.

2486 5673 2649 5744 Cujus
2675 5681 2859 5743 partus
2888 5687 3068 5726 mensa
3091 5669 3268 5726 Patris
