  <div class='ocr_page' id='page_1' title='image "/cluster/home/n/w/nwhite01/storage/ocr_20150623/158/hvd.32044054760160/525.png"; bbox 0 0 3906 6058; ppageno 0'>
   <div class='ocr_carea' id='block_1_1' title="bbox 492 152 513 183">
    <p class='ocr_par' dir='ltr' id='par_1_1' title="bbox 492 152 513 183">
     <span class='ocr_line' id='line_1_1' title="bbox 492 152 513 183; baseline 0 0"><span class='ocrx_word' id='word_1_1' title='bbox 492 152 513 183; x_wconf 65' lang='grc' dir='ltr'>δ</span> 
     </span>
    </p>
   </div>
   <div class='ocr_carea' id='block_1_2' title="bbox 384 220 519 279">
    <p class='ocr_par' dir='ltr' id='par_1_2' title="bbox 384 220 519 279">
     <span class='ocr_line' id='line_1_2' title="bbox 384 220 519 279; baseline 0.007 -1"><span class='ocrx_word' id='word_1_2' title='bbox 384 220 519 279; x_wconf 73' lang='grc'><strong>1059</strong></span> 
     </span>
    </p>
   </div>
   <div class='ocr_carea' id='block_1_3' title="bbox 380 340 1022 411">
    <p class='ocr_par' dir='ltr' id='par_1_3' title="bbox 380 340 1022 411">
     <span class='ocr_line' id='line_1_3' title="bbox 380 340 1022 411; baseline 0.012 -18"><span class='ocrx_word' id='word_1_3' title='bbox 380 340 475 395; x_wconf 81' lang='lat' dir='ltr'><strong>Est</strong></span> <span class='ocrx_word' id='word_1_4' title='bbox 518 342 671 401; x_wconf 86' lang='lat' dir='ltr'><strong>nobis</strong></span> <span class='ocrx_word' id='word_1_5' title='bbox 702 346 1022 411; x_wconf 86' lang='lat' dir='ltr'><strong>consolatio,</strong></span> 
     </span>
    </p>
   </div>
   <div class='ocr_carea' id='block_1_4' title="bbox 380 432 1039 506">
    <p class='ocr_par' dir='ltr' id='par_1_4' title="bbox 380 432 1039 506">
     <span class='ocr_line' id='line_1_4' title="bbox 380 432 1039 506; baseline 0.011 -21"><span class='ocrx_word' id='word_1_6' title='bbox 380 432 455 487; x_wconf 85' lang='lat' dir='ltr'><strong>Ne</strong></span> <span class='ocrx_word' id='word_1_7' title='bbox 481 433 698 506; x_wconf 90' lang='lat' dir='ltr'><strong>frangat</strong></span> <span class='ocrx_word' id='word_1_8' title='bbox 738 438 1039 494; x_wconf 90' lang='lat' dir='ltr'><strong>tribulatio.</strong></span> 
     </span>
    </p>
   </div>
   <div class='ocr_carea' id='block_1_5' title="bbox 519 527 1268 598">
    <p class='ocr_par' dir='ltr' id='par_1_5' title="bbox 519 527 1268 598">
     <span class='ocr_line' id='line_1_5' title="bbox 519 527 1268 598; baseline 0.011 -19"><span class='ocrx_word' id='word_1_9' title='bbox 519 527 727 582; x_wconf 81' lang='lat' dir='ltr'><strong>Parasti</strong></span> <span class='ocrx_word' id='word_1_10' title='bbox 767 530 820 583; x_wconf 84' lang='lat' dir='ltr'><strong>in</strong></span> <span class='ocrx_word' id='word_1_11' title='bbox 845 541 1137 598; x_wconf 85' lang='lat' dir='ltr'><strong>conspectu,</strong></span> <span class='ocrx_word' id='word_1_12' title='bbox 1165 542 1268 589; x_wconf 94' lang='lat' dir='ltr'><strong>etc.</strong></span> 
     </span>
    </p>
   </div>
   <div class='ocr_carea' id='block_1_6' title="bbox 445 620 1015 692">
    <p class='ocr_par' dir='ltr' id='par_1_6' title="bbox 445 620 1015 692">
     <span class='ocr_line' id='line_1_6' title="bbox 445 620 1015 692; baseline 0.009 -19"><span class='ocrx_word' id='word_1_13' title='bbox 445 620 554 675; x_wconf 88' lang='lat' dir='ltr'><strong>Ave</strong></span> <span class='ocrx_word' id='word_1_14' title='bbox 577 621 784 692; x_wconf 81' lang='lat' dir='ltr'><strong>Regina</strong></span> <span class='ocrx_word' id='word_1_15' title='bbox 806 625 1015 692; x_wconf 69' lang='lat' dir='ltr'><strong>gratiae,</strong></span> 
     </span>
    </p>
   </div>
   <div class='ocr_carea' id='block_1_7' title="bbox 371 708 1106 781">
    <p class='ocr_par' dir='ltr' id='par_1_7' title="bbox 371 708 1106 781">
     <span class='ocr_line' id='line_1_7' title="bbox 371 708 1106 781; baseline 0.007 -18"><span class='ocrx_word' id='word_1_16' title='bbox 371 708 535 778; x_wconf 85' lang='lat' dir='ltr'><strong>Cujus</strong></span> <span class='ocrx_word' id='word_1_17' title='bbox 559 717 747 779; x_wconf 89' lang='lat' dir='ltr'><strong>partus</strong></span> <span class='ocrx_word' id='word_1_18' title='bbox 773 711 888 766; x_wconf 82' lang='lat' dir='ltr'><strong>Rex</strong></span> <span class='ocrx_word' id='word_1_19' title='bbox 920 713 1106 781; x_wconf 66' lang='lat' dir='ltr'><strong>gloriae</strong></span> 
     </span>
    </p>
   </div>
   <div class='ocr_carea' id='block_1_8' title="bbox 372 784 1196 873">
    <p class='ocr_par' dir='ltr' id='par_1_8' title="bbox 372 784 1196 873">
     <span class='ocr_line' id='line_1_8' title="bbox 372 784 1196 873; baseline 0.011 -20"><span class='ocrx_word' id='word_1_20' title='bbox 372 784 483 853; x_wconf 74' lang='lat' dir='ltr'><strong>Rex</strong></span> <span class='ocrx_word' id='word_1_21' title='bbox 511 809 594 855; x_wconf 91' lang='lat' dir='ltr'><strong>est</strong></span> <span class='ocrx_word' id='word_1_22' title='bbox 618 802 875 857; x_wconf 88' lang='lat' dir='ltr'><strong>virtutum</strong></span> <span class='ocrx_word' id='word_1_23' title='bbox 910 802 1196 873; x_wconf 89' lang='lat' dir='ltr'><strong>Dominus,</strong></span> 
     </span>
    </p>
   </div>
   <div class='ocr_carea' id='block_1_9' title="bbox 368 888 1216 957">
    <p class='ocr_par' dir='ltr' id='par_1_9' title="bbox 368 888 1216 957">
     <span class='ocr_line' id='line_1_9' title="bbox 368 888 1216 957; baseline 0.015 -15"><span class='ocrx_word' id='word_1_24' title='bbox 368 888 482 943; x_wconf 84' lang='lat' dir='ltr'><strong>Lux</strong></span> <span class='ocrx_word' id='word_1_25' title='bbox 524 892 591 946; x_wconf 89' lang='lat' dir='ltr'><strong>de</strong></span> <span class='ocrx_word' id='word_1_26' title='bbox 625 891 745 949; x_wconf 89' lang='lat' dir='ltr'><strong>luce</strong></span> <span class='ocrx_word' id='word_1_27' title='bbox 783 895 1031 953; x_wconf 87' lang='lat' dir='ltr'><strong>Christus</strong></span> <span class='ocrx_word' id='word_1_28' title='bbox 1053 900 1216 957; x_wconf 87' lang='lat' dir='ltr'><strong>Deus.</strong></span> 
     </span>
    </p>
   </div>
   <div class='ocr_carea' id='block_1_10' title="bbox 617 980 1149 1052">
    <p class='ocr_par' dir='ltr' id='par_1_10' title="bbox 617 980 1149 1052">
     <span class='ocr_line' id='line_1_10' title="bbox 617 980 1149 1052; baseline 0.015 -18"><span class='ocrx_word' id='word_1_29' title='bbox 617 980 747 1046; x_wconf 82' lang='lat' dir='ltr'><strong>Quis</strong></span> <span class='ocrx_word' id='word_1_30' title='bbox 781 995 855 1038; x_wconf 86' lang='lat' dir='ltr'><strong>est</strong></span> <span class='ocrx_word' id='word_1_31' title='bbox 890 987 1007 1052; x_wconf 86' lang='lat' dir='ltr'><strong>iste,</strong></span> <span class='ocrx_word' id='word_1_32' title='bbox 1042 994 1149 1043; x_wconf 88' lang='lat' dir='ltr'><strong>etc.</strong></span> 
     </span>
    </p>
   </div>
   <div class='ocr_carea' id='block_1_11' title="bbox 436 1070 1106 1146">
    <p class='ocr_par' dir='ltr' id='par_1_11' title="bbox 436 1070 1106 1146">
     <span class='ocr_line' id='line_1_11' title="bbox 436 1070 1106 1146; baseline 0.016 -23"><span class='ocrx_word' id='word_1_33' title='bbox 436 1071 570 1137; x_wconf 87' lang='lat' dir='ltr'><strong>Ave,</strong></span> <span class='ocrx_word' id='word_1_34' title='bbox 599 1072 753 1142; x_wconf 87' lang='lat' dir='ltr'><strong>cujus</strong></span> <span class='ocrx_word' id='word_1_35' title='bbox 779 1077 1021 1146; x_wconf 82' lang='lat' dir='ltr'><strong>virgineo</strong></span> <span class='ocrx_word' id='word_1_36' title='bbox 1098 1070 1106 1079; x_wconf 81' lang='grc'><em>’</em></span> 
     </span>
    </p>
   </div>
   <div class='ocr_carea' id='block_1_12' title="bbox 366 1158 1015 1231">
    <p class='ocr_par' dir='ltr' id='par_1_12' title="bbox 366 1158 1015 1231">
     <span class='ocr_line' id='line_1_12' title="bbox 366 1158 1015 1231; baseline 0.014 -18"><span class='ocrx_word' id='word_1_37' title='bbox 366 1158 639 1217; x_wconf 86' lang='lat' dir='ltr'><strong>Processit</strong></span> <span class='ocrx_word' id='word_1_38' title='bbox 660 1179 726 1218; x_wconf 88' lang='lat' dir='ltr'><strong>ex</strong></span> <span class='ocrx_word' id='word_1_39' title='bbox 752 1169 1015 1231; x_wconf 87' lang='lat' dir='ltr'><strong>sacrario,</strong></span> 
     </span>
    </p>
   </div>
   <div class='ocr_carea' id='block_1_13' title="bbox 370 1247 1109 1325">
    <p class='ocr_par' dir='ltr' id='par_1_13' title="bbox 370 1247 1109 1325">
     <span class='ocr_line' id='line_1_13' title="bbox 370 1247 1109 1325; baseline 0.014 -21"><span class='ocrx_word' id='word_1_40' title='bbox 370 1250 482 1305; x_wconf 87' lang='lat' dir='ltr'><strong>Una</strong></span> <span class='ocrx_word' id='word_1_41' title='bbox 510 1253 658 1309; x_wconf 87' lang='lat' dir='ltr'><strong>salus</strong></span> <span class='ocrx_word' id='word_1_42' title='bbox 686 1257 837 1311; x_wconf 90' lang='lat' dir='ltr'><strong>omni</strong></span> <span class='ocrx_word' id='word_1_43' title='bbox 879 1247 1109 1325; x_wconf 74' lang='lat' dir='ltr'><strong>mundo,</strong></span> 
     </span>
    </p>
   </div>
   <div class='ocr_carea' id='block_1_14' title="bbox 364 1342 1161 1414">
    <p class='ocr_par' dir='ltr' id='par_1_14' title="bbox 364 1342 1161 1414">
     <span class='ocr_line' id='line_1_14' title="bbox 364 1342 1161 1414; baseline 0.015 -19"><span class='ocrx_word' id='word_1_44' title='bbox 364 1342 544 1400; x_wconf 91' lang='lat' dir='ltr'><strong>Dulcis</strong></span> <span class='ocrx_word' id='word_1_45' title='bbox 573 1345 736 1414; x_wconf 86' lang='lat' dir='ltr'><strong>Deus,</strong></span> <span class='ocrx_word' id='word_1_46' title='bbox 772 1358 954 1405; x_wconf 88' lang='lat' dir='ltr'><strong>rectus</strong></span> <span class='ocrx_word' id='word_1_47' title='bbox 978 1351 1161 1407; x_wconf 84' lang='lat' dir='ltr'><strong>homo.</strong></span> 
     </span>
    </p>
   </div>
   <div class='ocr_carea' id='block_1_15' title="bbox 575 1437 1188 1510">
    <p class='ocr_par' dir='ltr' id='par_1_15' title="bbox 575 1437 1188 1510">
     <span class='ocr_line' id='line_1_15' title="bbox 575 1437 1188 1510; baseline 0.013 -20"><span class='ocrx_word' id='word_1_48' title='bbox 575 1437 757 1494; x_wconf 85' lang='lat' dir='ltr'><strong>Dulcis</strong></span> <span class='ocrx_word' id='word_1_49' title='bbox 785 1451 832 1496; x_wconf 89' lang='lat' dir='ltr'><strong>et</strong></span> <span class='ocrx_word' id='word_1_50' title='bbox 864 1453 1053 1510; x_wconf 84' lang='lat' dir='ltr'><strong>rectus,</strong></span> <span class='ocrx_word' id='word_1_51' title='bbox 1081 1454 1188 1500; x_wconf 88' lang='lat' dir='ltr'><strong>etc.</strong></span> 
     </span>
    </p>
   </div>
   <div class='ocr_carea' id='block_1_16' title="bbox 433 1524 1130 1599">
    <p class='ocr_par' dir='ltr' id='par_1_16' title="bbox 433 1524 1130 1599">
     <span class='ocr_line' id='line_1_16' title="bbox 433 1524 1130 1599; baseline 0.013 -20"><span class='ocrx_word' id='word_1_52' title='bbox 433 1524 544 1581; x_wconf 92' lang='lat' dir='ltr'><strong>Ave</strong></span> <span class='ocrx_word' id='word_1_53' title='bbox 568 1538 753 1583; x_wconf 89' lang='lat' dir='ltr'><strong>nostra</strong></span> <span class='ocrx_word' id='word_1_54' title='bbox 789 1531 1130 1599; x_wconf 82' lang='lat' dir='ltr'><strong>advocatrix,</strong></span> 
     </span>
    </p>
   </div>
   <div class='ocr_carea' id='block_1_17' title="bbox 362 1614 1080 1691">
    <p class='ocr_par' dir='ltr' id='par_1_17' title="bbox 362 1614 1080 1691">
     <span class='ocr_line' id='line_1_17' title="bbox 362 1614 1080 1691; baseline 0.014 -24"><span class='ocrx_word' id='word_1_55' title='bbox 362 1614 427 1669; x_wconf 85' lang='lat' dir='ltr'><strong>Et</strong></span> <span class='ocrx_word' id='word_1_56' title='bbox 456 1615 730 1686; x_wconf 84' lang='lat' dir='ltr'><strong>lapsorum</strong></span> <span class='ocrx_word' id='word_1_57' title='bbox 754 1624 1080 1691; x_wconf 87' lang='lat' dir='ltr'><strong>reparatrix,</strong></span> 
     </span>
    </p>
   </div>
   <div class='ocr_carea' id='block_1_18' title="bbox 359 1704 1151 1777">
    <p class='ocr_par' dir='ltr' id='par_1_18' title="bbox 359 1704 1151 1777">
     <span class='ocr_line' id='line_1_18' title="bbox 359 1704 1151 1777; baseline 0.019 -19"><span class='ocrx_word' id='word_1_58' title='bbox 359 1704 437 1760; x_wconf 90' lang='lat' dir='ltr'><strong>De</strong></span> <span class='ocrx_word' id='word_1_59' title='bbox 468 1721 571 1777; x_wconf 90' lang='lat' dir='ltr'><strong>qua</strong></span> <span class='ocrx_word' id='word_1_60' title='bbox 596 1709 737 1765; x_wconf 87' lang='lat' dir='ltr'><strong>Deus</strong></span> <span class='ocrx_word' id='word_1_61' title='bbox 764 1711 938 1768; x_wconf 87' lang='lat' dir='ltr'><strong>factus</strong></span> <span class='ocrx_word' id='word_1_62' title='bbox 971 1714 1151 1774; x_wconf 90' lang='lat' dir='ltr'><strong>homo.</strong></span> 
     </span>
    </p>
   </div>
   <div class='ocr_carea' id='block_1_19' title="bbox 358 1800 1051 1867">
    <p class='ocr_par' dir='ltr' id='par_1_19' title="bbox 358 1800 1051 1867">
     <span class='ocr_line' id='line_1_19' title="bbox 358 1800 1051 1867; baseline 0.013 -10"><span class='ocrx_word' id='word_1_63' title='bbox 358 1800 516 1859; x_wconf 81' lang='lat' dir='ltr'><strong>Solus</strong></span> <span class='ocrx_word' id='word_1_64' title='bbox 541 1805 693 1859; x_wconf 89' lang='lat' dir='ltr'><strong>stetit</strong></span> <span class='ocrx_word' id='word_1_65' title='bbox 730 1806 784 1861; x_wconf 91' lang='lat' dir='ltr'><strong>in</strong></span> <span class='ocrx_word' id='word_1_66' title='bbox 828 1809 1051 1867; x_wconf 79' lang='lat' dir='ltr'><strong>directo.</strong></span> 
     </span>
    </p>
   </div>
   <div class='ocr_carea' id='block_1_20' title="bbox 637 1889 1112 1962">
    <p class='ocr_par' dir='ltr' id='par_1_20' title="bbox 637 1889 1112 1962">
     <span class='ocr_line' id='line_1_20' title="bbox 637 1889 1112 1962; baseline 0.021 -18"><span class='ocrx_word' id='word_1_67' title='bbox 637 1889 782 1948; x_wconf 82' lang='lat' dir='ltr'><strong>Puer</strong></span> <span class='ocrx_word' id='word_1_68' title='bbox 802 1910 968 1962; x_wconf 82' lang='lat' dir='ltr'><strong>meus,</strong></span> <span class='ocrx_word' id='word_1_69' title='bbox 1005 1908 1112 1956; x_wconf 88' lang='lat' dir='ltr'><strong>etc.</strong></span> 
     </span>
    </p>
   </div>
   <div class='ocr_carea' id='block_1_21' title="bbox 423 1979 1193 2059">
    <p class='ocr_par' dir='ltr' id='par_1_21' title="bbox 423 1979 1193 2059">
     <span class='ocr_line' id='line_1_21' title="bbox 423 1979 1193 2059; baseline 0.019 -26"><span class='ocrx_word' id='word_1_70' title='bbox 423 1979 537 2035; x_wconf 87' lang='lat' dir='ltr'><strong>Ave</strong></span> <span class='ocrx_word' id='word_1_71' title='bbox 578 1989 753 2038; x_wconf 86' lang='lat' dir='ltr'><strong>mater</strong></span> <span class='ocrx_word' id='word_1_72' title='bbox 781 1984 933 2053; x_wconf 87' lang='lat' dir='ltr'><strong>cujus</strong></span> <span class='ocrx_word' id='word_1_73' title='bbox 964 2004 1193 2059; x_wconf 88' lang='lat' dir='ltr'><strong>sponsus</strong></span> 
     </span>
    </p>
   </div>
   <div class='ocr_carea' id='block_1_22' title="bbox 354 2069 929 2146">
    <p class='ocr_par' dir='ltr' id='par_1_22' title="bbox 354 2069 929 2146">
     <span class='ocr_line' id='line_1_22' title="bbox 354 2069 929 2146; baseline 0.016 -22"><span class='ocrx_word' id='word_1_74' title='bbox 354 2069 421 2124; x_wconf 89' lang='lat' dir='ltr'><strong>Et</strong></span> <span class='ocrx_word' id='word_1_75' title='bbox 441 2081 658 2128; x_wconf 80' lang='lat' dir='ltr'><strong>creator</strong></span> <span class='ocrx_word' id='word_1_76' title='bbox 687 2083 742 2129; x_wconf 90' lang='lat' dir='ltr'><strong>et</strong></span> <span class='ocrx_word' id='word_1_77' title='bbox 768 2074 929 2146; x_wconf 84' lang='lat' dir='ltr'><strong>filius,</strong></span> 
     </span>
    </p>
   </div>
   <div class='ocr_carea' id='block_1_23' title="bbox 357 2160 883 2235">
    <p class='ocr_par' dir='ltr' id='par_1_23' title="bbox 357 2160 883 2235">
     <span class='ocr_line' id='line_1_23' title="bbox 357 2160 883 2235; baseline 0.011 -20"><span class='ocrx_word' id='word_1_78' title='bbox 357 2160 495 2217; x_wconf 84' lang='lat' dir='ltr'><strong>Deus</strong></span> <span class='ocrx_word' id='word_1_79' title='bbox 539 2161 883 2235; x_wconf 89' lang='lat' dir='ltr'><strong>illuminatio,</strong></span> 
     </span>
    </p>
   </div>
   <div class='ocr_carea' id='block_1_24' title="bbox 354 2251 1014 2327">
    <p class='ocr_par' dir='ltr' id='par_1_24' title="bbox 354 2251 1014 2327">
     <span class='ocr_line' id='line_1_24' title="bbox 354 2251 1014 2327; baseline 0.014 -22"><span class='ocrx_word' id='word_1_80' title='bbox 354 2251 513 2310; x_wconf 89' lang='lat' dir='ltr'><strong>Salus</strong></span> <span class='ocrx_word' id='word_1_81' title='bbox 537 2265 620 2311; x_wconf 88' lang='lat' dir='ltr'><strong>est</strong></span> <span class='ocrx_word' id='word_1_82' title='bbox 646 2269 700 2315; x_wconf 90' lang='lat' dir='ltr'><strong>et</strong></span> <span class='ocrx_word' id='word_1_83' title='bbox 732 2262 1014 2327; x_wconf 89' lang='lat' dir='ltr'><strong>protectio.</strong></span> 
     </span>
    </p>
   </div>
   <div class='ocr_carea' id='block_1_25' title="bbox 790 2349 961 2405">
    <p class='ocr_par' dir='ltr' id='par_1_25' title="bbox 790 2349 961 2405">
     <span class='ocr_line' id='line_1_25' title="bbox 790 2349 961 2405; baseline 0.018 -3"><span class='ocrx_word' id='word_1_84' title='bbox 790 2349 961 2405; x_wconf 77' lang='lat' dir='ltr'><strong>Idem.</strong></span> 
     </span>
    </p>
   </div>
   <div class='ocr_carea' id='block_1_26' title="bbox 419 2431 1137 2507">
    <p class='ocr_par' dir='ltr' id='par_1_26' title="bbox 419 2431 1137 2507">
     <span class='ocr_line' id='line_1_26' title="bbox 419 2431 1137 2507; baseline 0.017 -23"><span class='ocrx_word' id='word_1_85' title='bbox 419 2431 532 2485; x_wconf 86' lang='lat' dir='ltr'><strong>Ave</strong></span> <span class='ocrx_word' id='word_1_86' title='bbox 559 2443 735 2490; x_wconf 86' lang='lat' dir='ltr'><strong>mater</strong></span> <span class='ocrx_word' id='word_1_87' title='bbox 754 2437 1137 2507; x_wconf 86' lang='lat' dir='ltr'><strong>redemptoris,</strong></span> 
     </span>
    </p>
   </div>
   <div class='ocr_carea' id='block_1_27' title="bbox 347 2513 948 2590">
    <p class='ocr_par' dir='ltr' id='par_1_27' title="bbox 347 2513 948 2590">
     <span class='ocr_line' id='line_1_27' title="bbox 347 2513 948 2590; baseline 0.013 -21"><span class='ocrx_word' id='word_1_88' title='bbox 347 2513 490 2571; x_wconf 89' lang='lat' dir='ltr'><strong>Caro</strong></span> <span class='ocrx_word' id='word_1_89' title='bbox 512 2518 666 2588; x_wconf 86' lang='lat' dir='ltr'><strong>cujus</strong></span> <span class='ocrx_word' id='word_1_90' title='bbox 692 2521 948 2590; x_wconf 77' lang='lat' dir='ltr'><strong>efﬂoruit,</strong></span> 
     </span>
    </p>
   </div>
   <div class='ocr_carea' id='block_1_28' title="bbox 345 2611 1341 2687">
    <p class='ocr_par' dir='ltr' id='par_1_28' title="bbox 345 2611 1341 2687">
     <span class='ocr_line' id='line_1_28' title="bbox 345 2611 1341 2687; baseline 0.014 -22"><span class='ocrx_word' id='word_1_91' title='bbox 345 2611 572 2678; x_wconf 88' lang='lat' dir='ltr'><strong>Quando</strong></span> <span class='ocrx_word' id='word_1_92' title='bbox 610 2631 803 2685; x_wconf 89' lang='lat' dir='ltr'><strong>passus</strong></span> <span class='ocrx_word' id='word_1_93' title='bbox 832 2627 1045 2687; x_wconf 77' lang='lat' dir='ltr'><strong>gustum</strong></span> <span class='ocrx_word' id='word_1_94' title='bbox 1094 2623 1286 2679; x_wconf 90' lang='lat' dir='ltr'><strong>mortis</strong></span> <span class='ocrx_word' id='word_1_95' title='bbox 1338 2618 1341 2627; x_wconf 57' lang='grc'><strong><em>“</em></strong></span> 
     </span>
    </p>
   </div>
   <div class='ocr_carea' id='block_1_29' title="bbox 346 2704 1053 2776">
    <p class='ocr_par' dir='ltr' id='par_1_29' title="bbox 346 2704 1053 2776">
     <span class='ocr_line' id='line_1_29' title="bbox 346 2704 1053 2776; baseline 0.011 -18"><span class='ocrx_word' id='word_1_96' title='bbox 346 2704 422 2759; x_wconf 92' lang='lat' dir='ltr'><strong>De</strong></span> <span class='ocrx_word' id='word_1_97' title='bbox 457 2706 709 2776; x_wconf 88' lang='lat' dir='ltr'><strong>sepulcro</strong></span> <span class='ocrx_word' id='word_1_98' title='bbox 733 2710 1053 2767; x_wconf 82' lang='lat' dir='ltr'><strong>resurrexit.</strong></span> 
     </span>
    </p>
   </div>
   <div class='ocr_carea' id='block_1_30' title="bbox 612 2792 1107 2867">
    <p class='ocr_par' dir='ltr' id='par_1_30' title="bbox 612 2792 1107 2867">
     <span class='ocr_line' id='line_1_30' title="bbox 612 2792 1107 2867; baseline 0.012 -21"><span class='ocrx_word' id='word_1_99' title='bbox 612 2792 681 2849; x_wconf 86' lang='lat' dir='ltr'><strong>Et</strong></span> <span class='ocrx_word' id='word_1_100' title='bbox 710 2799 966 2867; x_wconf 81' lang='lat' dir='ltr'><strong>reﬂoruit,</strong></span> <span class='ocrx_word' id='word_1_101' title='bbox 1001 2811 1107 2856; x_wconf 87' lang='lat' dir='ltr'><strong>etc.</strong></span> 
     </span>
    </p>
   </div>
   <div class='ocr_carea' id='block_1_31' title="bbox 410 2882 1030 2945">
    <p class='ocr_par' dir='ltr' id='par_1_31' title="bbox 410 2882 1030 2945">
     <span class='ocr_line' id='line_1_31' title="bbox 410 2882 1030 2945; baseline 0.015 -11"><span class='ocrx_word' id='word_1_102' title='bbox 410 2882 524 2936; x_wconf 86' lang='lat' dir='ltr'><strong>Ave</strong></span> <span class='ocrx_word' id='word_1_103' title='bbox 560 2892 735 2939; x_wconf 85' lang='lat' dir='ltr'><strong>mater</strong></span> <span class='ocrx_word' id='word_1_104' title='bbox 765 2887 1030 2945; x_wconf 82' lang='lat' dir='ltr'><strong>castitatis</strong></span> 
     </span>
    </p>
   </div>
   <div class='ocr_carea' id='block_1_32' title="bbox 341 2970 1050 3046">
    <p class='ocr_par' dir='ltr' id='par_1_32' title="bbox 341 2970 1050 3046">
     <span class='ocr_line' id='line_1_32' title="bbox 341 2970 1050 3046; baseline 0.014 -21"><span class='ocrx_word' id='word_1_105' title='bbox 341 2970 418 3027; x_wconf 85' lang='lat' dir='ltr'><strong>De</strong></span> <span class='ocrx_word' id='word_1_106' title='bbox 453 2987 557 3043; x_wconf 90' lang='lat' dir='ltr'><strong>qua</strong></span> <span class='ocrx_word' id='word_1_107' title='bbox 581 2973 724 3030; x_wconf 90' lang='lat' dir='ltr'><strong>Deus</strong></span> <span class='ocrx_word' id='word_1_108' title='bbox 751 2976 1050 3046; x_wconf 88' lang='lat' dir='ltr'><strong>majestatis</strong></span> 
     </span>
    </p>
   </div>
   <div class='ocr_carea' id='block_1_33' title="bbox 339 3062 1109 3141">
    <p class='ocr_par' dir='ltr' id='par_1_33' title="bbox 339 3062 1109 3141">
     <span class='ocr_line' id='line_1_33' title="bbox 339 3062 1109 3141; baseline 0.012 -22"><span class='ocrx_word' id='word_1_109' title='bbox 339 3062 740 3136; x_wconf 89' lang='lat' dir='ltr'><strong>Scripturarum</strong></span> <span class='ocrx_word' id='word_1_110' title='bbox 772 3086 931 3126; x_wconf 89' lang='lat' dir='ltr'><strong>voces</strong></span> <span class='ocrx_word' id='word_1_111' title='bbox 955 3072 1109 3141; x_wconf 87' lang='lat' dir='ltr'><strong>pluit,</strong></span> 
     </span>
    </p>
   </div>
   <div class='ocr_carea' id='block_1_34' title="bbox 337 3155 936 3215">
    <p class='ocr_par' dir='ltr' id='par_1_34' title="bbox 337 3155 936 3215">
     <span class='ocr_line' id='line_1_34' title="bbox 337 3155 936 3215; baseline 0.01 -6"><span class='ocrx_word' id='word_1_112' title='bbox 337 3155 405 3209; x_wconf 85' lang='lat' dir='ltr'><strong>Et</strong></span> <span class='ocrx_word' id='word_1_113' title='bbox 429 3156 657 3212; x_wconf 83' lang='lat' dir='ltr'><strong>virtutes</strong></span> <span class='ocrx_word' id='word_1_114' title='bbox 682 3158 936 3215; x_wconf 87' lang='lat' dir='ltr'><strong>intonuit.</strong></span> 
     </span>
    </p>
   </div>
   <div class='ocr_carea' id='block_1_35' title="bbox 477 3241 1245 3322">
    <p class='ocr_par' dir='ltr' id='par_1_35' title="bbox 477 3241 1245 3322">
     <span class='ocr_line' id='line_1_35' title="bbox 477 3241 1245 3322; baseline 0.017 -24"><span class='ocrx_word' id='word_1_115' title='bbox 477 3241 589 3300; x_wconf 72' lang='lat' dir='ltr'><strong>Vox</strong></span> <span class='ocrx_word' id='word_1_116' title='bbox 613 3245 707 3301; x_wconf 72' lang='lat' dir='ltr'><strong>Dei</strong></span> <span class='ocrx_word' id='word_1_117' title='bbox 740 3264 898 3318; x_wconf 80' lang='lat' dir='ltr'><strong>super</strong></span> <span class='ocrx_word' id='word_1_118' title='bbox 931 3267 1120 3322; x_wconf 79' lang='lat' dir='ltr'><strong>aquas,</strong></span> <span class='ocrx_word' id='word_1_119' title='bbox 1142 3262 1245 3311; x_wconf 87' lang='lat' dir='ltr'><strong>etc.</strong></span> 
     </span>
    </p>
   </div>
   <div class='ocr_carea' id='block_1_36' title="bbox 403 3334 1152 3411">
    <p class='ocr_par' dir='ltr' id='par_1_36' title="bbox 403 3334 1152 3411">
     <span class='ocr_line' id='line_1_36' title="bbox 403 3334 1152 3411; baseline 0.012 -22"><span class='ocrx_word' id='word_1_120' title='bbox 403 3334 515 3391; x_wconf 85' lang='lat' dir='ltr'><strong>Ave</strong></span> <span class='ocrx_word' id='word_1_121' title='bbox 544 3346 747 3404; x_wconf 87' lang='lat' dir='ltr'><strong>mater,</strong></span> <span class='ocrx_word' id='word_1_122' title='bbox 788 3340 942 3411; x_wconf 85' lang='lat' dir='ltr'><strong>cujus</strong></span> <span class='ocrx_word' id='word_1_123' title='bbox 965 3352 1152 3411; x_wconf 83' lang='lat' dir='ltr'><strong>partus</strong></span> 
     </span>
    </p>
   </div>
   <div class='ocr_carea' id='block_1_37' title="bbox 335 3423 1066 3495">
    <p class='ocr_par' dir='ltr' id='par_1_37' title="bbox 335 3423 1066 3495">
     <span class='ocr_line' id='line_1_37' title="bbox 335 3423 1066 3495; baseline 0.014 -18"><span class='ocrx_word' id='word_1_124' title='bbox 335 3423 685 3495; x_wconf 85' lang='lat' dir='ltr'><strong>Resurgendo</strong></span> <span class='ocrx_word' id='word_1_125' title='bbox 706 3429 863 3484; x_wconf 86' lang='lat' dir='ltr'><strong>nobis</strong></span> <span class='ocrx_word' id='word_1_126' title='bbox 891 3428 1066 3487; x_wconf 84' lang='lat' dir='ltr'><strong>faetus</strong></span> 
     </span>
    </p>
   </div>
   <div class='ocr_carea' id='block_1_38' title="bbox 333 3517 836 3587">
    <p class='ocr_par' dir='ltr' id='par_1_38' title="bbox 333 3517 836 3587">
     <span class='ocr_line' id='line_1_38' title="bbox 333 3517 836 3587; baseline 0.01 -14"><span class='ocrx_word' id='word_1_127' title='bbox 333 3517 595 3573; x_wconf 77' lang='lat' dir='ltr'><strong>Matutina</strong></span> <span class='ocrx_word' id='word_1_128' title='bbox 626 3518 836 3587; x_wconf 76' lang='lat' dir='ltr'><strong>laetitia,</strong></span> 
     </span>
    </p>
   </div>
   <div class='ocr_carea' id='block_1_39' title="bbox 331 3606 1076 3684">
    <p class='ocr_par' dir='ltr' id='par_1_39' title="bbox 331 3606 1076 3684">
     <span class='ocr_line' id='line_1_39' title="bbox 331 3606 1076 3684; baseline 0.012 -23"><span class='ocrx_word' id='word_1_129' title='bbox 331 3606 521 3663; x_wconf 86' lang='lat' dir='ltr'><strong>Nostra</strong></span> <span class='ocrx_word' id='word_1_130' title='bbox 550 3623 671 3679; x_wconf 89' lang='lat' dir='ltr'><strong>spes</strong></span> <span class='ocrx_word' id='word_1_131' title='bbox 695 3618 795 3679; x_wconf 88' lang='lat' dir='ltr'><strong>est,</strong></span> <span class='ocrx_word' id='word_1_132' title='bbox 817 3619 871 3667; x_wconf 92' lang='lat' dir='ltr'><strong>et</strong></span> <span class='ocrx_word' id='word_1_133' title='bbox 886 3612 1076 3684; x_wconf 88' lang='lat' dir='ltr'><strong>gloria.</strong></span> 
     </span>
    </p>
   </div>
   <div class='ocr_carea' id='block_1_40' title="bbox 584 3700 1119 3775">
    <p class='ocr_par' dir='ltr' id='par_1_40' title="bbox 584 3700 1119 3775">
     <span class='ocr_line' id='line_1_40' title="bbox 584 3700 1119 3775; baseline 0.021 -23"><span class='ocrx_word' id='word_1_134' title='bbox 584 3700 666 3754; x_wconf 85' lang='lat' dir='ltr'><strong>Ad</strong></span> <span class='ocrx_word' id='word_1_135' title='bbox 701 3718 986 3775; x_wconf 78' lang='lat' dir='ltr'><strong>vesperum,</strong></span> <span class='ocrx_word' id='word_1_136' title='bbox 1012 3715 1119 3762; x_wconf 89' lang='lat' dir='ltr'><strong>etc.</strong></span> 
     </span>
    </p>
   </div>
   <div class='ocr_carea' id='block_1_41' title="bbox 397 3787 1038 3861">
    <p class='ocr_par' dir='ltr' id='par_1_41' title="bbox 397 3787 1038 3861">
     <span class='ocr_line' id='line_1_41' title="bbox 397 3787 1038 3861; baseline 0.011 -20"><span class='ocrx_word' id='word_1_137' title='bbox 397 3787 506 3841; x_wconf 75' lang='lat' dir='ltr'><strong>Ave</strong></span> <span class='ocrx_word' id='word_1_138' title='bbox 529 3789 769 3846; x_wconf 70' lang='lat' dir='ltr'><strong>cmlestis</strong></span> <span class='ocrx_word' id='word_1_139' title='bbox 800 3793 1038 3861; x_wconf 86' lang='lat' dir='ltr'><strong>domina,</strong></span> 
     </span>
    </p>
   </div>
   <div class='ocr_carea' id='block_1_42' title="bbox 327 3877 943 3951">
    <p class='ocr_par' dir='ltr' id='par_1_42' title="bbox 327 3877 943 3951">
     <span class='ocr_line' id='line_1_42' title="bbox 327 3877 943 3951; baseline 0.008 -17"><span class='ocrx_word' id='word_1_140' title='bbox 327 3877 492 3949; x_wconf 88' lang='lat' dir='ltr'><strong>Cujus</strong></span> <span class='ocrx_word' id='word_1_141' title='bbox 520 3890 709 3949; x_wconf 90' lang='lat' dir='ltr'><strong>partus</strong></span> <span class='ocrx_word' id='word_1_142' title='bbox 727 3880 943 3951; x_wconf 89' lang='lat' dir='ltr'><strong>justitia</strong></span> 
     </span>
    </p>
   </div>
   <div class='ocr_carea' id='block_1_43' title="bbox 324 3974 934 4046">
    <p class='ocr_par' dir='ltr' id='par_1_43' title="bbox 324 3974 934 4046">
     <span class='ocr_line' id='line_1_43' title="bbox 324 3974 934 4046; baseline 0.011 -18"><span class='ocrx_word' id='word_1_143' title='bbox 324 3974 421 4029; x_wconf 89' lang='lat' dir='ltr'><strong>Est</strong></span> <span class='ocrx_word' id='word_1_144' title='bbox 456 3985 637 4032; x_wconf 90' lang='lat' dir='ltr'><strong>nostra</strong></span> <span class='ocrx_word' id='word_1_145' title='bbox 666 3976 934 4046; x_wconf 86' lang='lat' dir='ltr'><strong>liberatio,</strong></span> 
     </span>
    </p>
   </div>
   <div class='ocr_carea' id='block_1_44' title="bbox 324 4060 984 4135">
    <p class='ocr_par' dir='ltr' id='par_1_44' title="bbox 324 4060 984 4135">
     <span class='ocr_line' id='line_1_44' title="bbox 324 4060 984 4135; baseline 0.009 -20"><span class='ocrx_word' id='word_1_146' title='bbox 324 4060 391 4115; x_wconf 87' lang='lat' dir='ltr'><strong>Et</strong></span> <span class='ocrx_word' id='word_1_147' title='bbox 419 4063 470 4116; x_wconf 91' lang='lat' dir='ltr'><strong>in</strong></span> <span class='ocrx_word' id='word_1_148' title='bbox 504 4063 670 4118; x_wconf 92' lang='lat' dir='ltr'><strong>Deum</strong></span> <span class='ocrx_word' id='word_1_149' title='bbox 696 4068 984 4135; x_wconf 90' lang='lat' dir='ltr'><strong>protectio.</strong></span> 
     </span>
    </p>
   </div>
   <div class='ocr_carea' id='block_1_45' title="bbox 407 4150 1202 4218">
    <p class='ocr_par' dir='ltr' id='par_1_45' title="bbox 407 4150 1202 4218">
     <span class='ocr_line' id='line_1_45' title="bbox 407 4150 1202 4218; baseline 0.011 -16"><span class='ocrx_word' id='word_1_150' title='bbox 407 4173 423 4188; x_wconf 82' lang='lat'><strong>-</strong></span> <span class='ocrx_word' id='word_1_151' title='bbox 485 4150 615 4204; x_wconf 81' lang='lat' dir='ltr'><strong>Esto</strong></span> <span class='ocrx_word' id='word_1_152' title='bbox 646 4152 773 4207; x_wconf 81' lang='lat' dir='ltr'><strong>mihi</strong></span> <span class='ocrx_word' id='word_1_153' title='bbox 794 4154 850 4206; x_wconf 81' lang='lat' dir='ltr'><strong>in</strong></span> <span class='ocrx_word' id='word_1_154' title='bbox 880 4153 1070 4218; x_wconf 88' lang='lat' dir='ltr'><strong>Deum,</strong></span> <span class='ocrx_word' id='word_1_155' title='bbox 1094 4168 1202 4211; x_wconf 89' lang='lat' dir='ltr'><strong>etc.</strong></span> 
     </span>
    </p>
   </div>
   <div class='ocr_carea' id='block_1_46' title="bbox 391 4239 1048 4314">
    <p class='ocr_par' dir='ltr' id='par_1_46' title="bbox 391 4239 1048 4314">
     <span class='ocr_line' id='line_1_46' title="bbox 391 4239 1048 4314; baseline 0.011 -21"><span class='ocrx_word' id='word_1_156' title='bbox 391 4239 503 4295; x_wconf 91' lang='lat' dir='ltr'><strong>Ave</strong></span> <span class='ocrx_word' id='word_1_157' title='bbox 538 4248 715 4295; x_wconf 83' lang='lat' dir='ltr'><strong>mater</strong></span> <span class='ocrx_word' id='word_1_158' title='bbox 736 4242 1048 4314; x_wconf 88' lang='lat' dir='ltr'><strong>singularis,</strong></span> 
     </span>
    </p>
   </div>
   <div class='ocr_carea' id='block_1_47' title="bbox 321 4330 1099 4403">
    <p class='ocr_par' dir='ltr' id='par_1_47' title="bbox 321 4330 1099 4403">
     <span class='ocr_line' id='line_1_47' title="bbox 321 4330 1099 4403; baseline 0.006 -19"><span class='ocrx_word' id='word_1_159' title='bbox 321 4330 483 4401; x_wconf 87' lang='lat' dir='ltr'><strong>Cujus</strong></span> <span class='ocrx_word' id='word_1_160' title='bbox 509 4333 622 4388; x_wconf 71' lang='lat' dir='ltr'><strong>haec</strong></span> <span class='ocrx_word' id='word_1_161' title='bbox 660 4342 743 4388; x_wconf 89' lang='lat' dir='ltr'><strong>est</strong></span> <span class='ocrx_word' id='word_1_162' title='bbox 775 4333 1099 4403; x_wconf 80' lang='lat' dir='ltr'><strong>fecunditas,</strong></span> 
     </span>
    </p>
   </div>
   <div class='ocr_carea' id='block_1_48' title="bbox 320 4426 1093 4495">
    <p class='ocr_par' dir='ltr' id='par_1_48' title="bbox 320 4426 1093 4495">
     <span class='ocr_line' id='line_1_48' title="bbox 320 4426 1093 4495; baseline 0.012 -16"><span class='ocrx_word' id='word_1_163' title='bbox 320 4426 437 4492; x_wconf 87' lang='lat' dir='ltr'><strong>Qua</strong></span> <span class='ocrx_word' id='word_1_164' title='bbox 466 4427 638 4483; x_wconf 86' lang='lat' dir='ltr'><strong>beatis</strong></span> <span class='ocrx_word' id='word_1_165' title='bbox 677 4429 831 4495; x_wconf 89' lang='lat' dir='ltr'><strong>viris,</strong></span> <span class='ocrx_word' id='word_1_166' title='bbox 1064 4432 1069 4437; x_wconf 82' lang='grc'><em>’</em></span> <span class='ocrx_word' id='word_1_167' title='bbox 1090 4429 1093 4432; x_wconf 42' lang='grc'><em>⁴</em></span> 
     </span>
    </p>
   </div>
   <div class='ocr_carea' id='block_1_49' title="bbox 317 4515 1123 4591">
    <p class='ocr_par' dir='ltr' id='par_1_49' title="bbox 317 4515 1123 4591">
     <span class='ocr_line' id='line_1_49' title="bbox 317 4515 1123 4591; baseline 0.009 -19"><span class='ocrx_word' id='word_1_168' title='bbox 317 4515 505 4572; x_wconf 81' lang='lat' dir='ltr'><strong>Omnis</strong></span> <span class='ocrx_word' id='word_1_169' title='bbox 543 4520 838 4574; x_wconf 84' lang='lat' dir='ltr'><strong>remittitur</strong></span> <span class='ocrx_word' id='word_1_170' title='bbox 866 4521 1123 4591; x_wconf 83' lang='lat' dir='ltr'><strong>iniquitas</strong></span> 
     </span>
    </p>
   </div>
   <div class='ocr_carea' id='block_1_50' title="bbox 679 4623 984 4697">
    <p class='ocr_par' dir='ltr' id='par_1_50' title="bbox 679 4623 984 4697">
     <span class='ocr_line' id='line_1_50' title="bbox 679 4623 984 4697; baseline 0.013 -20"><span class='ocrx_word' id='word_1_171' title='bbox 679 4623 837 4684; x_wconf 69' lang='lat' dir='ltr'><strong>Idem</strong></span> <span class='ocrx_word' id='word_1_172' title='bbox 857 4628 984 4697; x_wconf 83' lang='lat' dir='ltr'><strong>ipse.</strong></span> 
     </span>
    </p>
   </div>
   <div class='ocr_carea' id='block_1_51' title="bbox 381 4707 996 4783">
    <p class='ocr_par' dir='ltr' id='par_1_51' title="bbox 381 4707 996 4783">
     <span class='ocr_line' id='line_1_51' title="bbox 381 4707 996 4783; baseline 0.01 -20"><span class='ocrx_word' id='word_1_173' title='bbox 381 4709 496 4765; x_wconf 87' lang='lat' dir='ltr'><strong>Ave</strong></span> <span class='ocrx_word' id='word_1_174' title='bbox 515 4707 667 4765; x_wconf 83' lang='lat' dir='ltr'><strong>stella</strong></span> <span class='ocrx_word' id='word_1_175' title='bbox 694 4712 996 4783; x_wconf 81' lang='lat' dir='ltr'><strong>virginalis,</strong></span> 
     </span>
    </p>
   </div>
   <div class='ocr_carea' id='block_1_52' title="bbox 311 4801 998 4876">
    <p class='ocr_par' dir='ltr' id='par_1_52' title="bbox 311 4801 998 4876">
     <span class='ocr_line' id='line_1_52' title="bbox 311 4801 998 4876; baseline 0.009 -19"><span class='ocrx_word' id='word_1_176' title='bbox 311 4801 474 4873; x_wconf 87' lang='lat' dir='ltr'><strong>Cujus</strong></span> <span class='ocrx_word' id='word_1_177' title='bbox 499 4809 686 4871; x_wconf 85' lang='lat' dir='ltr'><strong>partus</strong></span> <span class='ocrx_word' id='word_1_178' title='bbox 707 4803 998 4876; x_wconf 84' lang='lat' dir='ltr'><strong>singularis</strong></span> 
     </span>
    </p>
   </div>
   <div class='ocr_carea' id='block_1_53' title="bbox 308 4893 991 4965">
    <p class='ocr_par' dir='ltr' id='par_1_53' title="bbox 308 4893 991 4965">
     <span class='ocr_line' id='line_1_53' title="bbox 308 4893 991 4965; baseline 0.006 -15"><span class='ocrx_word' id='word_1_179' title='bbox 308 4893 386 4951; x_wconf 90' lang='lat' dir='ltr'><strong>De</strong></span> <span class='ocrx_word' id='word_1_180' title='bbox 408 4894 631 4965; x_wconf 82' lang='lat' dir='ltr'><strong>eythara</strong></span> <span class='ocrx_word' id='word_1_181' title='bbox 662 4909 763 4950; x_wconf 91' lang='lat' dir='ltr'><strong>nos</strong></span> <span class='ocrx_word' id='word_1_182' title='bbox 782 4895 991 4964; x_wconf 85' lang='lat' dir='ltr'><strong>docuit,</strong></span> 
     </span>
    </p>
   </div>
   <div class='ocr_carea' id='block_1_54' title="bbox 306 4982 1001 5053">
    <p class='ocr_par' dir='ltr' id='par_1_54' title="bbox 306 4982 1001 5053">
     <span class='ocr_line' id='line_1_54' title="bbox 306 4982 1001 5053; baseline 0.003 -16"><span class='ocrx_word' id='word_1_183' title='bbox 306 4982 362 5038; x_wconf 84' lang='lat' dir='ltr'><strong>In</strong></span> <span class='ocrx_word' id='word_1_184' title='bbox 384 4998 545 5039; x_wconf 88' lang='lat' dir='ltr'><strong>cruce</strong></span> <span class='ocrx_word' id='word_1_185' title='bbox 569 4983 786 5052; x_wconf 89' lang='lat' dir='ltr'><strong>quando</strong></span> <span class='ocrx_word' id='word_1_186' title='bbox 814 4985 970 5041; x_wconf 91' lang='lat' dir='ltr'><strong>obiit.</strong></span> <span class='ocrx_word' id='word_1_187' title='bbox 992 5045 1001 5053; x_wconf 56' lang='grc'><em>,</em></span> 
     </span>
    </p>
   </div>
   <div class='ocr_carea' id='block_1_55' title="bbox 374 5074 1097 5147">
    <p class='ocr_par' dir='ltr' id='par_1_55' title="bbox 374 5074 1097 5147">
     <span class='ocr_line' id='line_1_55' title="bbox 374 5074 1097 5147; baseline 0.011 -18"><span class='ocrx_word' id='word_1_188' title='bbox 374 5074 479 5145; x_wconf 84' lang='lat' dir='ltr'><strong>Ipsi</strong></span> <span class='ocrx_word' id='word_1_189' title='bbox 507 5085 634 5132; x_wconf 89' lang='lat' dir='ltr'><strong>tunc</strong></span> <span class='ocrx_word' id='word_1_190' title='bbox 653 5077 792 5135; x_wconf 86' lang='lat' dir='ltr'><strong>bene</strong></span> <span class='ocrx_word' id='word_1_191' title='bbox 815 5077 1097 5147; x_wconf 87' lang='lat' dir='ltr'><strong>psallimus</strong></span> 
     </span>
    </p>
   </div>
   <div class='ocr_carea' id='block_1_56' title="bbox 302 5158 1057 5239">
    <p class='ocr_par' dir='ltr' id='par_1_56' title="bbox 302 5158 1057 5239">
     <span class='ocr_line' id='line_1_56' title="bbox 302 5158 1057 5239; baseline 0.008 -19"><span class='ocrx_word' id='word_1_192' title='bbox 302 5158 497 5223; x_wconf 82' lang='lat' dir='ltr'><strong>Decem</strong></span> <span class='ocrx_word' id='word_1_193' title='bbox 531 5167 751 5224; x_wconf 89' lang='lat' dir='ltr'><strong>chordis</strong></span> <span class='ocrx_word' id='word_1_194' title='bbox 776 5168 1057 5239; x_wconf 89' lang='lat' dir='ltr'><strong>psalterii;</strong></span> 
     </span>
    </p>
   </div>
   <div class='ocr_carea' id='block_1_57' title="bbox 299 5259 1056 5331">
    <p class='ocr_par' dir='ltr' id='par_1_57' title="bbox 299 5259 1056 5331">
     <span class='ocr_line' id='line_1_57' title="bbox 299 5259 1056 5331; baseline 0.007 -18"><span class='ocrx_word' id='word_1_195' title='bbox 299 5260 380 5315; x_wconf 91' lang='lat' dir='ltr'><strong>Ad</strong></span> <span class='ocrx_word' id='word_1_196' title='bbox 417 5259 591 5331; x_wconf 88' lang='lat' dir='ltr'><strong>ipsum</strong></span> <span class='ocrx_word' id='word_1_197' title='bbox 621 5274 744 5315; x_wconf 90' lang='lat' dir='ltr'><strong>cum</strong></span> <span class='ocrx_word' id='word_1_198' title='bbox 770 5260 1056 5318; x_wconf 78' lang='lat' dir='ltr'><strong>referimus</strong></span> 
     </span>
    </p>
   </div>
   <div class='ocr_carea' id='block_1_58' title="bbox 299 5354 910 5429">
    <p class='ocr_par' dir='ltr' id='par_1_58' title="bbox 299 5354 910 5429">
     <span class='ocr_line' id='line_1_58' title="bbox 299 5354 910 5429; baseline 0.008 -22"><span class='ocrx_word' id='word_1_199' title='bbox 299 5354 618 5424; x_wconf 86' lang='lat' dir='ltr'><strong>Decalogum</strong></span> <span class='ocrx_word' id='word_1_200' title='bbox 645 5356 910 5429; x_wconf 85' lang='lat' dir='ltr'><strong>mysterii.</strong></span> 
     </span>
    </p>
   </div>
   <div class='ocr_carea' id='block_1_59' title="bbox 297 5440 1327 5518">
    <p class='ocr_par' dir='ltr' id='par_1_59' title="bbox 297 5440 1327 5518">
     <span class='ocr_line' id='line_1_59' title="bbox 297 5440 1327 5518; baseline 0.015 -25"><span class='ocrx_word' id='word_1_201' title='bbox 297 5440 626 5511; x_wconf 70' lang='lat' dir='ltr'><strong>Conﬁtemini</strong></span> <span class='ocrx_word' id='word_1_202' title='bbox 671 5446 779 5501; x_wconf 84' lang='lat' dir='ltr'><strong>Deo</strong></span> <span class='ocrx_word' id='word_1_203' title='bbox 819 5448 874 5501; x_wconf 84' lang='lat' dir='ltr'><strong>in</strong></span> <span class='ocrx_word' id='word_1_204' title='bbox 925 5450 1174 5518; x_wconf 80' lang='lat' dir='ltr'><strong>cytharis,</strong></span> <span class='ocrx_word' id='word_1_205' title='bbox 1221 5464 1327 5508; x_wconf 88' lang='lat' dir='ltr'><strong>etc.</strong></span> 
     </span>
    </p>
   </div>
   <div class='ocr_carea' id='block_1_60' title="bbox 365 5529 1084 5604">
    <p class='ocr_par' dir='ltr' id='par_1_60' title="bbox 365 5529 1084 5604">
     <span class='ocr_line' id='line_1_60' title="bbox 365 5529 1084 5604; baseline 0.018 -25"><span class='ocrx_word' id='word_1_206' title='bbox 365 5529 478 5582; x_wconf 90' lang='lat' dir='ltr'><strong>Ave</strong></span> <span class='ocrx_word' id='word_1_207' title='bbox 504 5540 694 5595; x_wconf 89' lang='lat' dir='ltr'><strong>mater,</strong></span> <span class='ocrx_word' id='word_1_208' title='bbox 724 5534 878 5604; x_wconf 86' lang='lat' dir='ltr'><strong>cujus</strong></span> <span class='ocrx_word' id='word_1_209' title='bbox 899 5544 1084 5604; x_wconf 84' lang='lat' dir='ltr'><strong>partus</strong></span> 
     </span>
    </p>
   </div>
   <div class='ocr_carea' id='block_1_61' title="bbox 296 5611 1007 5689">
    <p class='ocr_par' dir='ltr' id='par_1_61' title="bbox 296 5611 1007 5689">
     <span class='ocr_line' id='line_1_61' title="bbox 296 5611 1007 5689; baseline 0.015 -22"><span class='ocrx_word' id='word_1_210' title='bbox 296 5611 460 5670; x_wconf 87' lang='lat' dir='ltr'><strong>Cibus</strong></span> <span class='ocrx_word' id='word_1_211' title='bbox 481 5617 605 5671; x_wconf 65' lang='lat' dir='ltr'><strong>vita</strong></span> <span class='ocrx_word' id='word_1_212' title='bbox 632 5621 788 5675; x_wconf 81' lang='lat' dir='ltr'><strong>nobis</strong></span> <span class='ocrx_word' id='word_1_213' title='bbox 812 5622 1007 5689; x_wconf 90' lang='lat' dir='ltr'><strong>factus,</strong></span> 
     </span>
    </p>
   </div>
   <div class='ocr_carea' id='block_1_62' title="bbox 1478 344 2188 404">
    <p class='ocr_par' dir='ltr' id='par_1_62' title="bbox 1478 344 2188 404">
     <span class='ocr_line' id='line_1_62' title="bbox 1478 344 2188 404; baseline 0.004 -3"><span class='ocrx_word' id='word_1_214' title='bbox 1478 344 1712 402; x_wconf 85' lang='lat' dir='ltr'><strong>Gustare</strong></span> <span class='ocrx_word' id='word_1_215' title='bbox 1741 346 1890 402; x_wconf 89' lang='lat' dir='ltr'><strong>dedit</strong></span> <span class='ocrx_word' id='word_1_216' title='bbox 1915 348 2188 404; x_wconf 85' lang='lat' dir='ltr'><strong>mentibus</strong></span> 
     </span>
    </p>
   </div>
   <div class='ocr_carea' id='block_1_63' title="bbox 1481 433 2281 501">
    <p class='ocr_par' dir='ltr' id='par_1_63' title="bbox 1481 433 2281 501">
     <span class='ocr_line' id='line_1_63' title="bbox 1481 433 2281 501; baseline 0.006 -13"><span class='ocrx_word' id='word_1_217' title='bbox 1481 433 1652 501; x_wconf 90' lang='lat' dir='ltr'><strong>Quam</strong></span> <span class='ocrx_word' id='word_1_218' title='bbox 1679 438 1862 493; x_wconf 87' lang='lat' dir='ltr'><strong>suavis</strong></span> <span class='ocrx_word' id='word_1_219' title='bbox 1891 448 1975 493; x_wconf 90' lang='lat' dir='ltr'><strong>est</strong></span> <span class='ocrx_word' id='word_1_220' title='bbox 2000 438 2281 494; x_wconf 88' lang='lat' dir='ltr'><strong>Dominus.</strong></span> 
     </span>
    </p>
   </div>
   <div class='ocr_carea' id='block_1_64' title="bbox 1608 526 2387 596">
    <p class='ocr_par' dir='ltr' id='par_1_64' title="bbox 1608 526 2387 596">
     <span class='ocr_line' id='line_1_64' title="bbox 1608 526 2387 596; baseline 0.005 -16"><span class='ocrx_word' id='word_1_221' title='bbox 1608 526 1918 581; x_wconf 81' lang='lat' dir='ltr'><strong>Benedicam</strong></span> <span class='ocrx_word' id='word_1_222' title='bbox 1946 528 2256 596; x_wconf 87' lang='lat' dir='ltr'><strong>Dominum,</strong></span> <span class='ocrx_word' id='word_1_223' title='bbox 2280 539 2387 586; x_wconf 88' lang='lat' dir='ltr'><strong>etc.</strong></span> 
     </span>
    </p>
   </div>
   <div class='ocr_carea' id='block_1_65' title="bbox 1550 611 2275 685">
    <p class='ocr_par' dir='ltr' id='par_1_65' title="bbox 1550 611 2275 685">
     <span class='ocr_line' id='line_1_65' title="bbox 1550 611 2275 685; baseline 0.008 -19"><span class='ocrx_word' id='word_1_224' title='bbox 1550 611 1661 667; x_wconf 90' lang='lat' dir='ltr'><strong>Ave</strong></span> <span class='ocrx_word' id='word_1_225' title='bbox 1685 621 1877 681; x_wconf 88' lang='lat' dir='ltr'><strong>mater,</strong></span> <span class='ocrx_word' id='word_1_226' title='bbox 1904 614 2059 683; x_wconf 86' lang='lat' dir='ltr'><strong>cujus</strong></span> <span class='ocrx_word' id='word_1_227' title='bbox 2088 626 2275 685; x_wconf 88' lang='lat' dir='ltr'><strong>partus</strong></span> 
     </span>
    </p>
   </div>
   <div class='ocr_carea' id='block_1_66' title="bbox 1479 698 2206 774">
    <p class='ocr_par' dir='ltr' id='par_1_66' title="bbox 1479 698 2206 774">
     <span class='ocr_line' id='line_1_66' title="bbox 1479 698 2206 774; baseline 0.012 -20"><span class='ocrx_word' id='word_1_228' title='bbox 1479 698 1635 756; x_wconf 90' lang='lat' dir='ltr'><strong>Salus</strong></span> <span class='ocrx_word' id='word_1_229' title='bbox 1661 703 1817 757; x_wconf 90' lang='lat' dir='ltr'><strong>nobis</strong></span> <span class='ocrx_word' id='word_1_230' title='bbox 1846 713 1931 760; x_wconf 90' lang='lat' dir='ltr'><strong>est</strong></span> <span class='ocrx_word' id='word_1_231' title='bbox 1951 703 2206 774; x_wconf 75' lang='lat' dir='ltr'><strong>effectus;</strong></span> 
     </span>
    </p>
   </div>
   <div class='ocr_carea' id='block_1_67' title="bbox 1478 790 2102 863">
    <p class='ocr_par' dir='ltr' id='par_1_67' title="bbox 1478 790 2102 863">
     <span class='ocr_line' id='line_1_67' title="bbox 1478 790 2102 863; baseline 0.01 -18"><span class='ocrx_word' id='word_1_232' title='bbox 1478 790 1657 846; x_wconf 78' lang='lat' dir='ltr'><strong>Effusa</strong></span> <span class='ocrx_word' id='word_1_233' title='bbox 1681 794 1843 847; x_wconf 87' lang='lat' dir='ltr'><strong>datur</strong></span> <span class='ocrx_word' id='word_1_234' title='bbox 1870 795 2102 863; x_wconf 79' lang='lat' dir='ltr'><strong>framea,</strong></span> 
     </span>
    </p>
   </div>
   <div class='ocr_carea' id='block_1_68' title="bbox 1477 879 2292 945">
    <p class='ocr_par' dir='ltr' id='par_1_68' title="bbox 1477 879 2292 945">
     <span class='ocr_line' id='line_1_68' title="bbox 1477 879 2292 945; baseline 0.009 -13"><span class='ocrx_word' id='word_1_235' title='bbox 1477 879 1606 945; x_wconf 65' lang='lat' dir='ltr'><strong>Quae</strong></span> <span class='ocrx_word' id='word_1_236' title='bbox 1637 881 1797 935; x_wconf 85' lang='lat' dir='ltr'><strong>scidit</strong></span> <span class='ocrx_word' id='word_1_237' title='bbox 1833 891 2018 938; x_wconf 90' lang='lat' dir='ltr'><strong>nostra</strong></span> <span class='ocrx_word' id='word_1_238' title='bbox 2047 883 2292 941; x_wconf 86' lang='lat' dir='ltr'><strong>vulnera.</strong></span> 
     </span>
    </p>
   </div>
   <div class='ocr_carea' id='block_1_69' title="bbox 1652 970 2333 1043">
    <p class='ocr_par' dir='ltr' id='par_1_69' title="bbox 1652 970 2333 1043">
     <span class='ocr_line' id='line_1_69' title="bbox 1652 970 2333 1043; baseline 0.012 -19"><span class='ocrx_word' id='word_1_239' title='bbox 1652 970 1885 1042; x_wconf 76' lang='lat' dir='ltr'><strong>Effunde</strong></span> <span class='ocrx_word' id='word_1_240' title='bbox 1911 974 2191 1043; x_wconf 81' lang='lat' dir='ltr'><strong>frameam,</strong></span> <span class='ocrx_word' id='word_1_241' title='bbox 2226 987 2333 1032; x_wconf 89' lang='lat' dir='ltr'><strong>etc.</strong></span> 
     </span>
    </p>
   </div>
   <div class='ocr_carea' id='block_1_70' title="bbox 1545 1061 2272 1137">
    <p class='ocr_par' dir='ltr' id='par_1_70' title="bbox 1545 1061 2272 1137">
     <span class='ocr_line' id='line_1_70' title="bbox 1545 1061 2272 1137; baseline 0.011 -22"><span class='ocrx_word' id='word_1_242' title='bbox 1545 1061 1658 1117; x_wconf 87' lang='lat' dir='ltr'><strong>Ave</strong></span> <span class='ocrx_word' id='word_1_243' title='bbox 1685 1074 1881 1132; x_wconf 89' lang='lat' dir='ltr'><strong>mater,</strong></span> <span class='ocrx_word' id='word_1_244' title='bbox 1908 1064 2062 1134; x_wconf 88' lang='lat' dir='ltr'><strong>cujus</strong></span> <span class='ocrx_word' id='word_1_245' title='bbox 2086 1077 2272 1137; x_wconf 88' lang='lat' dir='ltr'><strong>partus</strong></span> 
     </span>
    </p>
   </div>
   <div class='ocr_carea' id='block_1_71' title="bbox 1475 1154 2284 1228">
    <p class='ocr_par' dir='ltr' id='par_1_71' title="bbox 1475 1154 2284 1228">
     <span class='ocr_line' id='line_1_71' title="bbox 1475 1154 2284 1228; baseline 0.007 -20"><span class='ocrx_word' id='word_1_246' title='bbox 1475 1154 1712 1210; x_wconf 83' lang='lat' dir='ltr'><strong>Torrens</strong></span> <span class='ocrx_word' id='word_1_247' title='bbox 1736 1171 1961 1213; x_wconf 70' lang='lat' dir='ltr'><strong>summae</strong></span> <span class='ocrx_word' id='word_1_248' title='bbox 1992 1158 2284 1228; x_wconf 88' lang='lat' dir='ltr'><strong>voluptatis</strong></span> 
     </span>
    </p>
   </div>
   <div class='ocr_carea' id='block_1_72' title="bbox 1475 1238 2343 1315">
    <p class='ocr_par' dir='ltr' id='par_1_72' title="bbox 1475 1238 2343 1315">
     <span class='ocr_line' id='line_1_72' title="bbox 1475 1238 2343 1315; baseline 0.009 -21"><span class='ocrx_word' id='word_1_249' title='bbox 1475 1238 1711 1300; x_wconf 80' lang='lat' dir='ltr'><strong>Verbum</strong></span> <span class='ocrx_word' id='word_1_250' title='bbox 1741 1241 1917 1298; x_wconf 87' lang='lat' dir='ltr'><strong>Patris</strong></span> <span class='ocrx_word' id='word_1_251' title='bbox 1957 1245 2119 1300; x_wconf 89' lang='lat' dir='ltr'><strong>homo</strong></span> <span class='ocrx_word' id='word_1_252' title='bbox 2145 1244 2343 1315; x_wconf 88' lang='lat' dir='ltr'><strong>factus,</strong></span> 
     </span>
    </p>
   </div>
   <div class='ocr_carea' id='block_1_73' title="bbox 1472 1332 2344 1405">
    <p class='ocr_par' dir='ltr' id='par_1_73' title="bbox 1472 1332 2344 1405">
     <span class='ocr_line' id='line_1_73' title="bbox 1472 1332 2344 1405; baseline 0.008 -18"><span class='ocrx_word' id='word_1_253' title='bbox 1472 1332 1615 1389; x_wconf 89' lang='lat' dir='ltr'><strong>Fons</strong></span> <span class='ocrx_word' id='word_1_254' title='bbox 1635 1334 1758 1389; x_wconf 66' lang='lat' dir='ltr'><strong>vita:</strong></span> <span class='ocrx_word' id='word_1_255' title='bbox 1790 1345 1874 1390; x_wconf 89' lang='lat' dir='ltr'><strong>est</strong></span> <span class='ocrx_word' id='word_1_256' title='bbox 1900 1336 2155 1405; x_wconf 91' lang='lat' dir='ltr'><strong>splendor</strong></span> <span class='ocrx_word' id='word_1_257' title='bbox 2191 1337 2344 1395; x_wconf 89' lang='lat' dir='ltr'><strong>lucis.</strong></span> 
     </span>
    </p>
   </div>
   <div class='ocr_carea' id='block_1_74' title="bbox 1717 1428 2260 1497">
    <p class='ocr_par' dir='ltr' id='par_1_74' title="bbox 1717 1428 2260 1497">
     <span class='ocr_line' id='line_1_74' title="bbox 1717 1428 2260 1497; baseline 0.011 -16"><span class='ocrx_word' id='word_1_258' title='bbox 1717 1428 2001 1485; x_wconf 80' lang='lat' dir='ltr'><strong>Inebriain</strong></span> <span class='ocrx_word' id='word_1_259' title='bbox 2022 1448 2126 1497; x_wconf 87' lang='lat' dir='ltr'><strong>me,</strong></span> <span class='ocrx_word' id='word_1_260' title='bbox 2155 1443 2260 1489; x_wconf 90' lang='lat' dir='ltr'><strong>etc.</strong></span> 
     </span>
    </p>
   </div>
   <div class='ocr_carea' id='block_1_75' title="bbox 1542 1519 2138 1591">
    <p class='ocr_par' dir='ltr' id='par_1_75' title="bbox 1542 1519 2138 1591">
     <span class='ocr_line' id='line_1_75' title="bbox 1542 1519 2138 1591; baseline 0.012 -19"><span class='ocrx_word' id='word_1_261' title='bbox 1542 1519 1654 1573; x_wconf 87' lang='lat' dir='ltr'><strong>Ave</strong></span> <span class='ocrx_word' id='word_1_262' title='bbox 1683 1521 1920 1577; x_wconf 60' lang='lat' dir='ltr'><strong>caelestis</strong></span> <span class='ocrx_word' id='word_1_263' title='bbox 1950 1522 2138 1591; x_wconf 87' lang='lat' dir='ltr'><strong>janua,</strong></span> 
     </span>
    </p>
   </div>
   <div class='ocr_carea' id='block_1_76' title="bbox 1467 1608 2248 1683">
    <p class='ocr_par' dir='ltr' id='par_1_76' title="bbox 1467 1608 2248 1683">
     <span class='ocr_line' id='line_1_76' title="bbox 1467 1608 2248 1683; baseline 0.009 -20"><span class='ocrx_word' id='word_1_264' title='bbox 1467 1608 1583 1676; x_wconf 87' lang='lat' dir='ltr'><strong>Qua</strong></span> <span class='ocrx_word' id='word_1_265' title='bbox 1613 1613 1879 1679; x_wconf 88' lang='lat' dir='ltr'><strong>processit</strong></span> <span class='ocrx_word' id='word_1_266' title='bbox 1907 1613 2248 1683; x_wconf 89' lang='lat' dir='ltr'><strong>Emmanuel,</strong></span> 
     </span>
    </p>
   </div>
   <div class='ocr_carea' id='block_1_77' title="bbox 1466 1701 2091 1772">
    <p class='ocr_par' dir='ltr' id='par_1_77' title="bbox 1466 1701 2091 1772">
     <span class='ocr_line' id='line_1_77' title="bbox 1466 1701 2091 1772; baseline 0.006 -17"><span class='ocrx_word' id='word_1_267' title='bbox 1466 1701 1632 1770; x_wconf 89' lang='lat' dir='ltr'><strong>Cujus</strong></span> <span class='ocrx_word' id='word_1_268' title='bbox 1653 1701 1835 1758; x_wconf 90' lang='lat' dir='ltr'><strong>lumen</strong></span> <span class='ocrx_word' id='word_1_269' title='bbox 1854 1705 2091 1772; x_wconf 89' lang='lat' dir='ltr'><strong>justitia,</strong></span> 
     </span>
    </p>
   </div>
   <div class='ocr_carea' id='block_1_78' title="bbox 1462 1785 2033 1847">
    <p class='ocr_par' dir='ltr' id='par_1_78' title="bbox 1462 1785 2033 1847">
     <span class='ocr_line' id='line_1_78' title="bbox 1462 1785 2033 1847; baseline 0.011 -6"><span class='ocrx_word' id='word_1_270' title='bbox 1462 1785 1731 1844; x_wconf 74' lang='lat' dir='ltr'><strong>Iudicium</strong></span> <span class='ocrx_word' id='word_1_271' title='bbox 1758 1790 2033 1847; x_wconf 88' lang='lat' dir='ltr'><strong>meridies.</strong></span> 
     </span>
    </p>
   </div>
   <div class='ocr_carea' id='block_1_79' title="bbox 1675 1886 2288 1959">
    <p class='ocr_par' dir='ltr' id='par_1_79' title="bbox 1675 1886 2288 1959">
     <span class='ocr_line' id='line_1_79' title="bbox 1675 1886 2288 1959; baseline 0.013 -20"><span class='ocrx_word' id='word_1_272' title='bbox 1675 1886 1744 1940; x_wconf 86' lang='lat' dir='ltr'><strong>Et</strong></span> <span class='ocrx_word' id='word_1_273' title='bbox 1769 1887 1951 1942; x_wconf 85' lang='lat' dir='ltr'><strong>educet</strong></span> <span class='ocrx_word' id='word_1_274' title='bbox 1977 1890 2149 1959; x_wconf 83' lang='lat' dir='ltr'><strong>quasi,</strong></span> <span class='ocrx_word' id='word_1_275' title='bbox 2184 1900 2288 1947; x_wconf 88' lang='lat' dir='ltr'><strong>etc.</strong></span> 
     </span>
    </p>
   </div>
   <div class='ocr_carea' id='block_1_80' title="bbox 1533 1974 2291 2050">
    <p class='ocr_par' dir='ltr' id='par_1_80' title="bbox 1533 1974 2291 2050">
     <span class='ocr_line' id='line_1_80' title="bbox 1533 1974 2291 2050; baseline 0.011 -20"><span class='ocrx_word' id='word_1_276' title='bbox 1533 1976 1645 2032; x_wconf 86' lang='lat' dir='ltr'><strong>Ave</strong></span> <span class='ocrx_word' id='word_1_277' title='bbox 1668 1986 1857 2043; x_wconf 88' lang='lat' dir='ltr'><strong>mater,</strong></span> <span class='ocrx_word' id='word_1_278' title='bbox 1884 1995 2006 2049; x_wconf 74' lang='lat' dir='ltr'><strong>qua:</strong></span> <span class='ocrx_word' id='word_1_279' title='bbox 2034 1974 2291 2050; x_wconf 74' lang='lat' dir='ltr'><strong>gaudium&#39;</strong></span> 
     </span>
    </p>
   </div>
   <div class='ocr_carea' id='block_1_81' title="bbox 1464 2065 2024 2137">
    <p class='ocr_par' dir='ltr' id='par_1_81' title="bbox 1464 2065 2024 2137">
     <span class='ocr_line' id='line_1_81' title="bbox 1464 2065 2024 2137; baseline 0.005 -15"><span class='ocrx_word' id='word_1_280' title='bbox 1464 2065 1732 2137; x_wconf 87' lang='lat' dir='ltr'><strong>Peperisti</strong></span> <span class='ocrx_word' id='word_1_281' title='bbox 1764 2068 2024 2137; x_wconf 77' lang='lat' dir='ltr'><strong>fidelium,</strong></span> 
     </span>
    </p>
   </div>
   <div class='ocr_carea' id='block_1_82' title="bbox 1459 2158 2160 2229">
    <p class='ocr_par' dir='ltr' id='par_1_82' title="bbox 1459 2158 2160 2229">
     <span class='ocr_line' id='line_1_82' title="bbox 1459 2158 2160 2229; baseline 0.007 -17"><span class='ocrx_word' id='word_1_282' title='bbox 1459 2158 1600 2214; x_wconf 87' lang='lat' dir='ltr'><strong>Ante</strong></span> <span class='ocrx_word' id='word_1_283' title='bbox 1623 2174 1783 2229; x_wconf 89' lang='lat' dir='ltr'><strong>quem</strong></span> <span class='ocrx_word' id='word_1_284' title='bbox 1810 2159 2160 2217; x_wconf 88' lang='lat' dir='ltr'><strong>desiderium.</strong></span> 
     </span>
    </p>
   </div>
   <div class='ocr_carea' id='block_1_83' title="bbox 1461 2249 2122 2322">
    <p class='ocr_par' dir='ltr' id='par_1_83' title="bbox 1461 2249 2122 2322">
     <span class='ocr_line' id='line_1_83' title="bbox 1461 2249 2122 2322; baseline 0.008 -19"><span class='ocrx_word' id='word_1_285' title='bbox 1461 2249 1640 2306; x_wconf 84' lang='lat' dir='ltr'><strong>Manet</strong></span> <span class='ocrx_word' id='word_1_286' title='bbox 1672 2265 1731 2307; x_wconf 90' lang='lat' dir='ltr'><strong>se</strong></span> <span class='ocrx_word' id='word_1_287' title='bbox 1757 2251 2122 2322; x_wconf 76' lang='lat' dir='ltr'><strong>diligentium.</strong></span> 
     </span>
    </p>
   </div>
   <div class='ocr_carea' id='block_1_84' title="bbox 1528 2339 2287 2415">
    <p class='ocr_par' dir='ltr' id='par_1_84' title="bbox 1528 2339 2287 2415">
     <span class='ocr_line' id='line_1_84' title="bbox 1528 2339 2287 2415; baseline 0.009 -20"><span class='ocrx_word' id='word_1_288' title='bbox 1528 2339 1632 2397; x_wconf 87' lang='lat' dir='ltr'><strong>Per</strong></span> <span class='ocrx_word' id='word_1_289' title='bbox 1656 2341 1829 2412; x_wconf 90' lang='lat' dir='ltr'><strong>ipsam</strong></span> <span class='ocrx_word' id='word_1_290' title='bbox 1858 2353 2047 2399; x_wconf 90' lang='lat' dir='ltr'><strong>noster</strong></span> <span class='ocrx_word' id='word_1_291' title='bbox 2070 2346 2287 2415; x_wconf 88' lang='lat' dir='ltr'><strong>genitus</strong></span> 
     </span>
    </p>
   </div>
   <div class='ocr_carea' id='block_1_85' title="bbox 1455 2429 2251 2505">
    <p class='ocr_par' dir='ltr' id='par_1_85' title="bbox 1455 2429 2251 2505">
     <span class='ocr_line' id='line_1_85' title="bbox 1455 2429 2251 2505; baseline 0.013 -21"><span class='ocrx_word' id='word_1_292' title='bbox 1455 2429 1604 2486; x_wconf 89' lang='lat' dir='ltr'><strong>Patri</strong></span> <span class='ocrx_word' id='word_1_293' title='bbox 1629 2447 1732 2487; x_wconf 90' lang='lat' dir='ltr'><strong>non</strong></span> <span class='ocrx_word' id='word_1_294' title='bbox 1765 2441 1848 2488; x_wconf 89' lang='lat' dir='ltr'><strong>est</strong></span> <span class='ocrx_word' id='word_1_295' title='bbox 1876 2435 2251 2505; x_wconf 89' lang='lat' dir='ltr'><strong>absconditus,</strong></span> 
     </span>
    </p>
   </div>
   <div class='ocr_carea' id='block_1_86' title="bbox 1456 2524 2212 2596">
    <p class='ocr_par' dir='ltr' id='par_1_86' title="bbox 1456 2524 2212 2596">
     <span class='ocr_line' id='line_1_86' title="bbox 1456 2524 2212 2596; baseline 0.008 -17"><span class='ocrx_word' id='word_1_296' title='bbox 1456 2525 1591 2579; x_wconf 90' lang='lat' dir='ltr'><strong>Dum</strong></span> <span class='ocrx_word' id='word_1_297' title='bbox 1618 2540 1677 2581; x_wconf 91' lang='lat' dir='ltr'><strong>se</strong></span> <span class='ocrx_word' id='word_1_298' title='bbox 1704 2524 1835 2581; x_wconf 90' lang='lat' dir='ltr'><strong>facit</strong></span> <span class='ocrx_word' id='word_1_299' title='bbox 1866 2528 2212 2596; x_wconf 88' lang='lat' dir='ltr'><strong>advocatum,</strong></span> 
     </span>
    </p>
   </div>
   <div class='ocr_carea' id='block_1_87' title="bbox 1453 2613 2246 2686">
    <p class='ocr_par' dir='ltr' id='par_1_87' title="bbox 1453 2613 2246 2686">
     <span class='ocr_line' id='line_1_87' title="bbox 1453 2613 2246 2686; baseline 0.011 -18"><span class='ocrx_word' id='word_1_300' title='bbox 1453 2613 1605 2669; x_wconf 89' lang='lat' dir='ltr'><strong>Pium</strong></span> <span class='ocrx_word' id='word_1_301' title='bbox 1633 2618 1883 2686; x_wconf 77' lang='lat' dir='ltr'><strong>praebens</strong></span> <span class='ocrx_word' id='word_1_302' title='bbox 1908 2621 2246 2676; x_wconf 83' lang='lat' dir='ltr'><strong>exauditam.</strong></span> 
     </span>
    </p>
   </div>
   <div class='ocr_carea' id='block_1_88' title="bbox 1666 2699 2279 2771">
    <p class='ocr_par' dir='ltr' id='par_1_88' title="bbox 1666 2699 2279 2771">
     <span class='ocr_line' id='line_1_88' title="bbox 1666 2699 2279 2771; baseline 0.011 -18"><span class='ocrx_word' id='word_1_303' title='bbox 1666 2699 1908 2771; x_wconf 79' lang='lat' dir='ltr'><strong>Domine,</strong></span> <span class='ocrx_word' id='word_1_304' title='bbox 1922 2714 2043 2759; x_wconf 84' lang='lat' dir='ltr'><strong>ante</strong></span> <span class='ocrx_word' id='word_1_305' title='bbox 2080 2714 2149 2771; x_wconf 88' lang='lat' dir='ltr'><strong>te,</strong></span> <span class='ocrx_word' id='word_1_306' title='bbox 2174 2714 2279 2762; x_wconf 89' lang='lat' dir='ltr'><strong>etc.</strong></span> 
     </span>
    </p>
   </div>
   <div class='ocr_carea' id='block_1_89' title="bbox 1501 2787 2299 2863">
    <p class='ocr_par' dir='ltr' id='par_1_89' title="bbox 1501 2787 2299 2863">
     <span class='ocr_line' id='line_1_89' title="bbox 1501 2787 2299 2863; baseline 0.015 -25"><span class='ocrx_word' id='word_1_307' title='bbox 1501 2787 1633 2843; x_wconf 90' lang='lat' dir='ltr'><strong>.Ave</strong></span> <span class='ocrx_word' id='word_1_308' title='bbox 1662 2798 1859 2856; x_wconf 88' lang='lat' dir='ltr'><strong>mater,</strong></span> <span class='ocrx_word' id='word_1_309' title='bbox 1887 2792 1953 2847; x_wconf 90' lang='lat' dir='ltr'><strong>de</strong></span> <span class='ocrx_word' id='word_1_310' title='bbox 1979 2808 2086 2863; x_wconf 92' lang='lat' dir='ltr'><strong>qua</strong></span> <span class='ocrx_word' id='word_1_311' title='bbox 2116 2804 2299 2850; x_wconf 88' lang='lat' dir='ltr'><strong>nostra</strong></span> 
     </span>
    </p>
   </div>
   <div class='ocr_carea' id='block_1_90' title="bbox 1450 2874 2103 2950">
    <p class='ocr_par' dir='ltr' id='par_1_90' title="bbox 1450 2874 2103 2950">
     <span class='ocr_line' id='line_1_90' title="bbox 1450 2874 2103 2950; baseline 0.012 -21"><span class='ocrx_word' id='word_1_312' title='bbox 1450 2874 1722 2932; x_wconf 87' lang='lat' dir='ltr'><strong>Processit</strong></span> <span class='ocrx_word' id='word_1_313' title='bbox 1746 2882 2103 2950; x_wconf 82' lang='lat' dir='ltr'><strong>exspectatio.</strong></span> 
     </span>
    </p>
   </div>
   <div class='ocr_carea' id='block_1_91' title="bbox 1450 2965 2171 3038">
    <p class='ocr_par' dir='ltr' id='par_1_91' title="bbox 1450 2965 2171 3038">
     <span class='ocr_line' id='line_1_91' title="bbox 1450 2965 2171 3038; baseline 0.012 -18"><span class='ocrx_word' id='word_1_314' title='bbox 1450 2965 1505 3021; x_wconf 90' lang='lat' dir='ltr'><strong>lu</strong></span> <span class='ocrx_word' id='word_1_315' title='bbox 1526 2983 1633 3038; x_wconf 89' lang='lat' dir='ltr'><strong>qua</strong></span> <span class='ocrx_word' id='word_1_316' title='bbox 1652 2978 1839 3026; x_wconf 87' lang='lat' dir='ltr'><strong>nostra</strong></span> <span class='ocrx_word' id='word_1_317' title='bbox 1867 2972 2171 3029; x_wconf 87' lang='lat' dir='ltr'><strong>substantia</strong></span> 
     </span>
    </p>
   </div>
   <div class='ocr_carea' id='block_1_92' title="bbox 1449 3057 2083 3120">
    <p class='ocr_par' dir='ltr' id='par_1_92' title="bbox 1449 3057 2083 3120">
     <span class='ocr_line' id='line_1_92' title="bbox 1449 3057 2083 3120; baseline 0.013 -8"><span class='ocrx_word' id='word_1_318' title='bbox 1449 3057 1629 3115; x_wconf 88' lang='lat' dir='ltr'><strong>Patris</strong></span> <span class='ocrx_word' id='word_1_319' title='bbox 1653 3062 1900 3117; x_wconf 89' lang='lat' dir='ltr'><strong>consedit</strong></span> <span class='ocrx_word' id='word_1_320' title='bbox 1927 3064 2083 3120; x_wconf 90' lang='lat' dir='ltr'><strong>solio.</strong></span> 
     </span>
    </p>
   </div>
   <div class='ocr_carea' id='block_1_93' title="bbox 1660 3150 2285 3224">
    <p class='ocr_par' dir='ltr' id='par_1_93' title="bbox 1660 3150 2285 3224">
     <span class='ocr_line' id='line_1_93' title="bbox 1660 3150 2285 3224; baseline 0.013 -20"><span class='ocrx_word' id='word_1_321' title='bbox 1660 3150 1727 3205; x_wconf 88' lang='lat' dir='ltr'><strong>Et</strong></span> <span class='ocrx_word' id='word_1_322' title='bbox 1758 3169 1894 3206; x_wconf 84' lang='lat' dir='ltr'><strong>nunc</strong></span> <span class='ocrx_word' id='word_1_323' title='bbox 1917 3170 2036 3224; x_wconf 75' lang='lat' dir='ltr'><strong>qua:</strong></span> <span class='ocrx_word' id='word_1_324' title='bbox 2064 3166 2158 3224; x_wconf 75' lang='lat' dir='ltr'><strong>est,</strong></span> <span class='ocrx_word' id='word_1_325' title='bbox 2179 3166 2285 3214; x_wconf 86' lang='lat' dir='ltr'><strong>etc.</strong></span> 
     </span>
    </p>
   </div>
   <div class='ocr_carea' id='block_1_94' title="bbox 1516 3239 2248 3316">
    <p class='ocr_par' dir='ltr' id='par_1_94' title="bbox 1516 3239 2248 3316">
     <span class='ocr_line' id='line_1_94' title="bbox 1516 3239 2248 3316; baseline 0.012 -23"><span class='ocrx_word' id='word_1_326' title='bbox 1516 3239 1631 3295; x_wconf 89' lang='lat' dir='ltr'><strong>Ave</strong></span> <span class='ocrx_word' id='word_1_327' title='bbox 1657 3250 1851 3308; x_wconf 89' lang='lat' dir='ltr'><strong>mater,</strong></span> <span class='ocrx_word' id='word_1_328' title='bbox 1881 3244 2035 3314; x_wconf 91' lang='lat' dir='ltr'><strong>cujus</strong></span> <span class='ocrx_word' id='word_1_329' title='bbox 2057 3256 2248 3316; x_wconf 87' lang='lat' dir='ltr'><strong>partus</strong></span> 
     </span>
    </p>
   </div>
   <div class='ocr_carea' id='block_1_95' title="bbox 1446 3329 2222 3402">
    <p class='ocr_par' dir='ltr' id='par_1_95' title="bbox 1446 3329 2222 3402">
     <span class='ocr_line' id='line_1_95' title="bbox 1446 3329 2222 3402; baseline 0.012 -16"><span class='ocrx_word' id='word_1_330' title='bbox 1446 3329 1517 3386; x_wconf 89' lang='lat' dir='ltr'><strong>Se</strong></span> <span class='ocrx_word' id='word_1_331' title='bbox 1546 3347 1645 3402; x_wconf 93' lang='lat' dir='ltr'><strong>pro</strong></span> <span class='ocrx_word' id='word_1_332' title='bbox 1669 3334 1826 3387; x_wconf 90' lang='lat' dir='ltr'><strong>nobis</strong></span> <span class='ocrx_word' id='word_1_333' title='bbox 1846 3334 2222 3395; x_wconf 90' lang='lat' dir='ltr'><strong>holocaustum</strong></span> 
     </span>
    </p>
   </div>
   <div class='ocr_carea' id='block_1_96' title="bbox 1442 3426 2134 3499">
    <p class='ocr_par' dir='ltr' id='par_1_96' title="bbox 1442 3426 2134 3499">
     <span class='ocr_line' id='line_1_96' title="bbox 1442 3426 2134 3499; baseline 0.01 -19"><span class='ocrx_word' id='word_1_334' title='bbox 1442 3426 1595 3482; x_wconf 91' lang='lat' dir='ltr'><strong>Fecit</strong></span> <span class='ocrx_word' id='word_1_335' title='bbox 1615 3426 1757 3481; x_wconf 87' lang='lat' dir='ltr'><strong>Deus</strong></span> <span class='ocrx_word' id='word_1_336' title='bbox 1786 3442 1914 3484; x_wconf 86' lang='lat' dir='ltr'><strong>caro</strong></span> <span class='ocrx_word' id='word_1_337' title='bbox 1936 3428 2134 3499; x_wconf 90' lang='lat' dir='ltr'><strong>factus,</strong></span> 
     </span>
    </p>
   </div>
   <div class='ocr_carea' id='block_1_97' title="bbox 1442 3515 2216 3579">
    <p class='ocr_par' dir='ltr' id='par_1_97' title="bbox 1442 3515 2216 3579">
     <span class='ocr_line' id='line_1_97' title="bbox 1442 3515 2216 3579; baseline 0.012 -9"><span class='ocrx_word' id='word_1_338' title='bbox 1442 3515 1602 3572; x_wconf 87' lang='lat' dir='ltr'><strong>Solus</strong></span> <span class='ocrx_word' id='word_1_339' title='bbox 1625 3529 1873 3576; x_wconf 90' lang='lat' dir='ltr'><strong>nostrum</strong></span> <span class='ocrx_word' id='word_1_340' title='bbox 1895 3523 2216 3579; x_wconf 89' lang='lat' dir='ltr'><strong>remedium.</strong></span> 
     </span>
    </p>
   </div>
   <div class='ocr_carea' id='block_1_98' title="bbox 1495 3607 2436 3687">
    <p class='ocr_par' dir='ltr' id='par_1_98' title="bbox 1495 3607 2436 3687">
     <span class='ocr_line' id='line_1_98' title="bbox 1495 3607 2436 3687; baseline 0.013 -25"><span class='ocrx_word' id='word_1_341' title='bbox 1495 3607 1875 3668; x_wconf 80' lang='lat' dir='ltr'><strong>Holocaustum</strong></span> <span class='ocrx_word' id='word_1_342' title='bbox 1905 3616 2296 3687; x_wconf 84' lang='lat' dir='ltr'><strong>improperium,</strong></span> <span class='ocrx_word' id='word_1_343' title='bbox 2328 3628 2436 3676; x_wconf 88' lang='lat' dir='ltr'><strong>etc.</strong></span> 
     </span>
    </p>
   </div>
   <div class='ocr_carea' id='block_1_99' title="bbox 1505 3705 2231 3781">
    <p class='ocr_par' dir='ltr' id='par_1_99' title="bbox 1505 3705 2231 3781">
     <span class='ocr_line' id='line_1_99' title="bbox 1505 3705 2231 3781; baseline 0.012 -23"><span class='ocrx_word' id='word_1_344' title='bbox 1505 3705 1620 3761; x_wconf 85' lang='lat' dir='ltr'><strong>Ave</strong></span> <span class='ocrx_word' id='word_1_345' title='bbox 1646 3716 1836 3773; x_wconf 90' lang='lat' dir='ltr'><strong>mater,</strong></span> <span class='ocrx_word' id='word_1_346' title='bbox 1861 3708 2017 3781; x_wconf 90' lang='lat' dir='ltr'><strong>cujus</strong></span> <span class='ocrx_word' id='word_1_347' title='bbox 2042 3720 2231 3781; x_wconf 88' lang='lat' dir='ltr'><strong>partus</strong></span> 
     </span>
    </p>
   </div>
   <div class='ocr_carea' id='block_1_100' title="bbox 1437 3796 2177 3871">
    <p class='ocr_par' dir='ltr' id='par_1_100' title="bbox 1437 3796 2177 3871">
     <span class='ocr_line' id='line_1_100' title="bbox 1437 3796 2177 3871; baseline 0.012 -19"><span class='ocrx_word' id='word_1_348' title='bbox 1437 3796 1661 3857; x_wconf 84' lang='lat' dir='ltr'><strong>Nostras</strong></span> <span class='ocrx_word' id='word_1_349' title='bbox 1691 3804 1906 3858; x_wconf 88' lang='lat' dir='ltr'><strong>sanavit</strong></span> <span class='ocrx_word' id='word_1_350' title='bbox 1947 3806 2177 3871; x_wconf 89' lang='lat' dir='ltr'><strong>animas,</strong></span> 
     </span>
    </p>
   </div>
   <div class='ocr_carea' id='block_1_101' title="bbox 1435 3888 2167 3963">
    <p class='ocr_par' dir='ltr' id='par_1_101' title="bbox 1435 3888 2167 3963">
     <span class='ocr_line' id='line_1_101' title="bbox 1435 3888 2167 3963; baseline 0.01 -17"><span class='ocrx_word' id='word_1_351' title='bbox 1435 3888 1594 3948; x_wconf 88' lang='lat' dir='ltr'><strong>Solus</strong></span> <span class='ocrx_word' id='word_1_352' title='bbox 1621 3901 1816 3962; x_wconf 83' lang='lat' dir='ltr'><strong>potens</strong></span> <span class='ocrx_word' id='word_1_353' title='bbox 1854 3895 2167 3963; x_wconf 86' lang='lat' dir='ltr'><strong>advocatus,</strong></span> 
     </span>
    </p>
   </div>
   <div class='ocr_carea' id='block_1_102' title="bbox 1431 3985 2326 4063">
    <p class='ocr_par' dir='ltr' id='par_1_102' title="bbox 1431 3985 2326 4063">
     <span class='ocr_line' id='line_1_102' title="bbox 1431 3985 2326 4063; baseline 0.013 -26"><span class='ocrx_word' id='word_1_354' title='bbox 1431 3985 1610 4055; x_wconf 87' lang='lat' dir='ltr'><strong>Agens</strong></span> <span class='ocrx_word' id='word_1_355' title='bbox 1636 4001 1849 4053; x_wconf 90' lang='lat' dir='ltr'><strong>causas,</strong></span> <span class='ocrx_word' id='word_1_356' title='bbox 1879 3988 2092 4049; x_wconf 87' lang='lat' dir='ltr'><strong>solvens</strong></span> <span class='ocrx_word' id='word_1_357' title='bbox 2119 3993 2326 4063; x_wconf 88' lang='lat' dir='ltr'><strong>culpas.</strong></span> 
     </span>
    </p>
   </div>
   <div class='ocr_carea' id='block_1_103' title="bbox 1618 4081 2281 4154">
    <p class='ocr_par' dir='ltr' id='par_1_103' title="bbox 1618 4081 2281 4154">
     <span class='ocr_line' id='line_1_103' title="bbox 1618 4081 2281 4154; baseline 0.017 -20"><span class='ocrx_word' id='word_1_358' title='bbox 1618 4081 1727 4153; x_wconf 87' lang='lat' dir='ltr'><strong>Ego</strong></span> <span class='ocrx_word' id='word_1_359' title='bbox 1755 4084 1868 4137; x_wconf 72' lang='lat' dir='ltr'><strong>dixi</strong></span> <span class='ocrx_word' id='word_1_360' title='bbox 1905 4085 2147 4154; x_wconf 80' lang='lat' dir='ltr'><strong>Domine,</strong></span> <span class='ocrx_word' id='word_1_361' title='bbox 2176 4102 2281 4146; x_wconf 88' lang='lat' dir='ltr'><strong>etc.</strong></span> 
     </span>
    </p>
   </div>
   <div class='ocr_carea' id='block_1_104' title="bbox 1499 4172 2134 4247">
    <p class='ocr_par' dir='ltr' id='par_1_104' title="bbox 1499 4172 2134 4247">
     <span class='ocr_line' id='line_1_104' title="bbox 1499 4172 2134 4247; baseline 0.017 -21"><span class='ocrx_word' id='word_1_362' title='bbox 1499 4172 1612 4229; x_wconf 88' lang='lat' dir='ltr'><strong>Ave</strong></span> <span class='ocrx_word' id='word_1_363' title='bbox 1649 4186 1822 4233; x_wconf 88' lang='lat' dir='ltr'><strong>mater</strong></span> <span class='ocrx_word' id='word_1_364' title='bbox 1851 4182 2134 4247; x_wconf 83' lang='lat' dir='ltr'><strong>castitatis,</strong></span> 
     </span>
    </p>
   </div>
   <div class='ocr_carea' id='block_1_105' title="bbox 1428 4256 2462 4341">
    <p class='ocr_par' dir='ltr' id='par_1_105' title="bbox 1428 4256 2462 4341">
     <span class='ocr_line' id='line_1_105' title="bbox 1428 4256 2462 4341; baseline 0.018 -30"><span class='ocrx_word' id='word_1_365' title='bbox 1428 4256 1592 4328; x_wconf 90' lang='lat' dir='ltr'><strong>Cujus</strong></span> <span class='ocrx_word' id='word_1_366' title='bbox 1617 4261 1800 4319; x_wconf 90' lang='lat' dir='ltr'><strong>laudes</strong></span> <span class='ocrx_word' id='word_1_367' title='bbox 1826 4282 1994 4323; x_wconf 91' lang='lat' dir='ltr'><strong>sonus</strong></span> <span class='ocrx_word' id='word_1_368' title='bbox 2017 4267 2151 4323; x_wconf 78' lang='lat' dir='ltr'><strong>tium</strong></span> <span class='ocrx_word' id='word_1_369' title='bbox 2173 4272 2462 4341; x_wconf 88' lang='lat' dir='ltr'><strong>epulantis,</strong></span> 
     </span>
    </p>
   </div>
   <div class='ocr_carea' id='block_1_106' title="bbox 1429 4348 2202 4427">
    <p class='ocr_par' dir='ltr' id='par_1_106' title="bbox 1429 4348 2202 4427">
     <span class='ocr_line' id='line_1_106' title="bbox 1429 4348 2202 4427; baseline 0.018 -24"><span class='ocrx_word' id='word_1_370' title='bbox 1429 4348 1832 4422; x_wconf 88' lang='lat' dir='ltr'><strong>Scripturarum</strong></span> <span class='ocrx_word' id='word_1_371' title='bbox 1864 4357 1968 4413; x_wconf 90' lang='lat' dir='ltr'><strong>cibi</strong></span> <span class='ocrx_word' id='word_1_372' title='bbox 1995 4359 2202 4427; x_wconf 90' lang='lat' dir='ltr'><strong>dulces,</strong></span> 
     </span>
    </p>
   </div>
   <div class='ocr_carea' id='block_1_107' title="bbox 1426 4439 2047 4506">
    <p class='ocr_par' dir='ltr' id='par_1_107' title="bbox 1426 4439 2047 4506">
     <span class='ocr_line' id='line_1_107' title="bbox 1426 4439 2047 4506; baseline 0.019 -12"><span class='ocrx_word' id='word_1_373' title='bbox 1426 4439 1483 4495; x_wconf 91' lang='lat' dir='ltr'><strong>ln</strong></span> <span class='ocrx_word' id='word_1_374' title='bbox 1516 4458 1650 4499; x_wconf 89' lang='lat' dir='ltr'><strong>voce</strong></span> <span class='ocrx_word' id='word_1_375' title='bbox 1675 4448 2047 4506; x_wconf 83' lang='lat' dir='ltr'><strong>confessionis.</strong></span> 
     </span>
    </p>
   </div>
   <div class='ocr_carea' id='block_1_108' title="bbox 1555 4532 2307 4610">
    <p class='ocr_par' dir='ltr' id='par_1_108' title="bbox 1555 4532 2307 4610">
     <span class='ocr_line' id='line_1_108' title="bbox 1555 4532 2307 4610; baseline 0.017 -24"><span class='ocrx_word' id='word_1_376' title='bbox 1555 4532 1616 4588; x_wconf 90' lang='lat' dir='ltr'><strong>In</strong></span> <span class='ocrx_word' id='word_1_377' title='bbox 1646 4551 1766 4591; x_wconf 85' lang='lat' dir='ltr'><strong>voce</strong></span> <span class='ocrx_word' id='word_1_378' title='bbox 1787 4538 2171 4610; x_wconf 72' lang='lat' dir='ltr'><strong>exsultationis,</strong></span> <span class='ocrx_word' id='word_1_379' title='bbox 2202 4552 2307 4598; x_wconf 87' lang='lat' dir='ltr'><strong>etc.</strong></span> 
     </span>
    </p>
   </div>
   <div class='ocr_carea' id='block_1_109' title="bbox 1491 4620 2067 4696">
    <p class='ocr_par' dir='ltr' id='par_1_109' title="bbox 1491 4620 2067 4696">
     <span class='ocr_line' id='line_1_109' title="bbox 1491 4620 2067 4696; baseline 0.019 -22"><span class='ocrx_word' id='word_1_380' title='bbox 1491 4620 1607 4677; x_wconf 87' lang='lat' dir='ltr'><strong>Ave</strong></span> <span class='ocrx_word' id='word_1_381' title='bbox 1629 4633 1802 4679; x_wconf 88' lang='lat' dir='ltr'><strong>mater</strong></span> <span class='ocrx_word' id='word_1_382' title='bbox 1825 4627 2067 4696; x_wconf 85' lang='lat' dir='ltr'><strong>pietatis,</strong></span> 
     </span>
    </p>
   </div>
   <div class='ocr_carea' id='block_1_110' title="bbox 1421 4709 2458 4782">
    <p class='ocr_par' dir='ltr' id='par_1_110' title="bbox 1421 4709 2458 4782">
     <span class='ocr_line' id='line_1_110' title="bbox 1421 4709 2458 4782; baseline 0.014 -17"><span class='ocrx_word' id='word_1_383' title='bbox 1421 4709 1587 4781; x_wconf 91' lang='lat' dir='ltr'><strong>Cujus</strong></span> <span class='ocrx_word' id='word_1_384' title='bbox 1619 4724 1807 4782; x_wconf 83' lang='lat' dir='ltr'><strong>partus</strong></span> <span class='ocrx_word' id='word_1_385' title='bbox 1835 4729 1917 4773; x_wconf 88' lang='lat' dir='ltr'><strong>est</strong></span> <span class='ocrx_word' id='word_1_386' title='bbox 1943 4719 2113 4777; x_wconf 89' lang='lat' dir='ltr'><strong>altare</strong></span> <span class='ocrx_word' id='word_1_387' title='bbox 2141 4721 2233 4778; x_wconf 91' lang='lat' dir='ltr'><strong>Dei</strong></span> <span class='ocrx_word' id='word_1_388' title='bbox 2259 4719 2458 4781; x_wconf 89' lang='lat' dir='ltr'><strong>Patris.</strong></span> 
     </span>
    </p>
   </div>
   <div class='ocr_carea' id='block_1_111' title="bbox 1418 4806 1979 4868">
    <p class='ocr_par' dir='ltr' id='par_1_111' title="bbox 1418 4806 1979 4868">
     <span class='ocr_line' id='line_1_111' title="bbox 1418 4806 1979 4868; baseline 0.009 -6"><span class='ocrx_word' id='word_1_389' title='bbox 1418 4806 1726 4864; x_wconf 64' lang='lat' dir='ltr'><strong>Laetiﬁcans</strong></span> <span class='ocrx_word' id='word_1_390' title='bbox 1750 4810 1979 4868; x_wconf 90' lang='lat' dir='ltr'><strong>intuitus</strong></span> 
     </span>
    </p>
   </div>
   <div class='ocr_carea' id='block_1_112' title="bbox 1415 4898 2225 4964">
    <p class='ocr_par' dir='ltr' id='par_1_112' title="bbox 1415 4898 2225 4964">
     <span class='ocr_line' id='line_1_112' title="bbox 1415 4898 2225 4964; baseline 0.01 -10"><span class='ocrx_word' id='word_1_391' title='bbox 1415 4898 1722 4956; x_wconf 72' lang='lat' dir='ltr'><strong>Iuventutis</strong></span> <span class='ocrx_word' id='word_1_392' title='bbox 1764 4913 1965 4957; x_wconf 65' lang='lat' dir='ltr'><strong>nostrae</strong></span> <span class='ocrx_word' id='word_1_393' title='bbox 2008 4908 2225 4964; x_wconf 88' lang='lat' dir='ltr'><strong>mentis.</strong></span> 
     </span>
    </p>
   </div>
   <div class='ocr_carea' id='block_1_113' title="bbox 1685 4990 2157 5060">
    <p class='ocr_par' dir='ltr' id='par_1_113' title="bbox 1685 4990 2157 5060">
     <span class='ocr_line' id='line_1_113' title="bbox 1685 4990 2157 5060; baseline 0.017 -18"><span class='ocrx_word' id='word_1_394' title='bbox 1685 4990 1751 5043; x_wconf 85' lang='lat' dir='ltr'><strong>Et</strong></span> <span class='ocrx_word' id='word_1_395' title='bbox 1774 4992 1997 5047; x_wconf 82' lang='lat' dir='ltr'><strong>introibo</strong></span> <span class='ocrx_word' id='word_1_396' title='bbox 2013 5033 2028 5060; x_wconf 94' lang='lat'><strong>,</strong></span> <span class='ocrx_word' id='word_1_397' title='bbox 2052 5005 2157 5050; x_wconf 90' lang='lat' dir='ltr'><strong>etc.</strong></span> 
     </span>
    </p>
   </div>
   <div class='ocr_carea' id='block_1_114' title="bbox 1485 5082 2264 5151">
    <p class='ocr_par' dir='ltr' id='par_1_114' title="bbox 1485 5082 2264 5151">
     <span class='ocr_line' id='line_1_114' title="bbox 1485 5082 2264 5151; baseline 0.013 -16"><span class='ocrx_word' id='word_1_398' title='bbox 1485 5082 1619 5148; x_wconf 90' lang='lat' dir='ltr'><strong>Ave,</strong></span> <span class='ocrx_word' id='word_1_399' title='bbox 1644 5097 1764 5151; x_wconf 83' lang='lat' dir='ltr'><strong>quae</strong></span> <span class='ocrx_word' id='word_1_400' title='bbox 1786 5083 1964 5142; x_wconf 83' lang='lat' dir='ltr'><strong>Patris</strong></span> <span class='ocrx_word' id='word_1_401' title='bbox 1982 5087 2264 5145; x_wconf 88' lang='lat' dir='ltr'><strong>brachium</strong></span> 
     </span>
    </p>
   </div>
   <div class='ocr_carea' id='block_1_115' title="bbox 1414 5169 2209 5249">
    <p class='ocr_par' dir='ltr' id='par_1_115' title="bbox 1414 5169 2209 5249">
     <span class='ocr_line' id='line_1_115' title="bbox 1414 5169 2209 5249; baseline 0.018 -25"><span class='ocrx_word' id='word_1_402' title='bbox 1414 5169 1679 5242; x_wconf 89' lang='lat' dir='ltr'><strong>Peperisti</strong></span> <span class='ocrx_word' id='word_1_403' title='bbox 1702 5173 1887 5231; x_wconf 68' lang='lat' dir='ltr'><strong>Iesum</strong></span> <span class='ocrx_word' id='word_1_404' title='bbox 1913 5177 2209 5249; x_wconf 87' lang='lat' dir='ltr'><strong>Christum,</strong></span> 
     </span>
    </p>
   </div>
   <div class='ocr_carea' id='block_1_116' title="bbox 1409 5261 1948 5335">
    <p class='ocr_par' dir='ltr' id='par_1_116' title="bbox 1409 5261 1948 5335">
     <span class='ocr_line' id='line_1_116' title="bbox 1409 5261 1948 5335; baseline 0.011 -17"><span class='ocrx_word' id='word_1_405' title='bbox 1409 5261 1574 5334; x_wconf 90' lang='lat' dir='ltr'><strong>Cujus</strong></span> <span class='ocrx_word' id='word_1_406' title='bbox 1604 5265 1948 5335; x_wconf 88' lang='lat' dir='ltr'><strong>illuminatio,</strong></span> 
     </span>
    </p>
   </div>
   <div class='ocr_carea' id='block_1_117' title="bbox 1408 5355 1985 5415">
    <p class='ocr_par' dir='ltr' id='par_1_117' title="bbox 1408 5355 1985 5415">
     <span class='ocr_line' id='line_1_117' title="bbox 1408 5355 1985 5415; baseline 0.003 -3"><span class='ocrx_word' id='word_1_407' title='bbox 1408 5355 1596 5413; x_wconf 83' lang='lat' dir='ltr'><strong>Vultus</strong></span> <span class='ocrx_word' id='word_1_408' title='bbox 1619 5357 1713 5413; x_wconf 91' lang='lat' dir='ltr'><strong>Dei</strong></span> <span class='ocrx_word' id='word_1_409' title='bbox 1741 5358 1801 5413; x_wconf 83' lang='lat' dir='ltr'><strong>fit</strong></span> <span class='ocrx_word' id='word_1_410' title='bbox 1826 5360 1985 5415; x_wconf 91' lang='lat' dir='ltr'><strong>visio.</strong></span> 
     </span>
    </p>
   </div>
   <div class='ocr_carea' id='block_1_118' title="bbox 1619 5446 2225 5518">
    <p class='ocr_par' dir='ltr' id='par_1_118' title="bbox 1619 5446 2225 5518">
     <span class='ocr_line' id='line_1_118' title="bbox 1619 5446 2225 5518; baseline 0.015 -17"><span class='ocrx_word' id='word_1_411' title='bbox 1619 5446 1723 5503; x_wconf 89' lang='lat' dir='ltr'><strong>Sed</strong></span> <span class='ocrx_word' id='word_1_412' title='bbox 1747 5450 1959 5506; x_wconf 74' lang='lat' dir='ltr'><strong>dextera</strong></span> <span class='ocrx_word' id='word_1_413' title='bbox 1979 5462 2093 5518; x_wconf 85' lang='lat' dir='ltr'><strong>tua,</strong></span> <span class='ocrx_word' id='word_1_414' title='bbox 2122 5465 2225 5510; x_wconf 90' lang='lat' dir='ltr'><strong>etc.</strong></span> 
     </span>
    </p>
   </div>
   <div class='ocr_carea' id='block_1_119' title="bbox 1474 5537 2113 5606">
    <p class='ocr_par' dir='ltr' id='par_1_119' title="bbox 1474 5537 2113 5606">
     <span class='ocr_line' id='line_1_119' title="bbox 1474 5537 2113 5606; baseline 0.011 -17"><span class='ocrx_word' id='word_1_415' title='bbox 1474 5537 1605 5599; x_wconf 86' lang='lat' dir='ltr'><strong>Ave,</strong></span> <span class='ocrx_word' id='word_1_416' title='bbox 1638 5537 1790 5606; x_wconf 85' lang='lat' dir='ltr'><strong>cujus</strong></span> <span class='ocrx_word' id='word_1_417' title='bbox 1816 5539 2113 5597; x_wconf 89' lang='lat' dir='ltr'><strong>visceribus</strong></span> 
     </span>
    </p>
   </div>
   <div class='ocr_carea' id='block_1_120' title="bbox 1404 5628 2025 5703">
    <p class='ocr_par' dir='ltr' id='par_1_120' title="bbox 1404 5628 2025 5703">
     <span class='ocr_line' id='line_1_120' title="bbox 1404 5628 2025 5703; baseline 0.011 -21"><span class='ocrx_word' id='word_1_418' title='bbox 1404 5628 1544 5683; x_wconf 87' lang='lat' dir='ltr'><strong>Deus</strong></span> <span class='ocrx_word' id='word_1_419' title='bbox 1570 5630 2025 5703; x_wconf 83' lang='lat' dir='ltr'><strong>Pateringenitus</strong></span> 
     </span>
    </p>
   </div>
   <div class='ocr_carea' id='block_1_121' title="bbox 704 190 3276 301">
    <p class='ocr_par' dir='ltr' id='par_1_121' title="bbox 704 190 3276 301">
     <span class='ocr_line' id='line_1_121' title="bbox 704 190 3276 301; baseline 0.003 -19"><span class='ocrx_word' id='word_1_420' title='bbox 704 218 762 282; x_wconf 84' lang='lat' dir='ltr'><strong>S.</strong></span> <span class='ocrx_word' id='word_1_421' title='bbox 812 220 1105 277; x_wconf 74' lang='lat' dir='ltr'><strong>ANSEMII</strong></span> <span class='ocrx_word' id='word_1_422' title='bbox 1145 220 1497 279; x_wconf 76' lang='lat' dir='ltr'><strong>CANTUAR.</strong></span> <span class='ocrx_word' id='word_1_423' title='bbox 1531 221 1847 281; x_wconf 74' lang='lat' dir='ltr'><strong>ARCHIEP.</strong></span> <span class='ocrx_word' id='word_1_424' title='bbox 1889 190 2040 280; x_wconf 81' lang='lat' dir='ltr'><strong>OPP.</strong></span> <span class='ocrx_word' id='word_1_425' title='bbox 2078 220 2258 282; x_wconf 83' lang='lat' dir='ltr'><strong>PARS</strong></span> <span class='ocrx_word' id='word_1_426' title='bbox 2301 225 2369 301; x_wconf 69' lang='lat' dir='ltr'><strong>ll.</strong></span> <span class='ocrx_word' id='word_1_427' title='bbox 2400 255 2472 268; x_wconf 91' lang='lat'><strong>—-</strong></span> <span class='ocrx_word' id='word_1_428' title='bbox 2509 226 2874 285; x_wconf 60' lang='lat' dir='ltr'><strong>PARIENET.</strong></span> <span class='ocrx_word' id='word_1_429' title='bbox 2907 229 2996 287; x_wconf 84' lang='lat' dir='ltr'><strong>ET</strong></span> <span class='ocrx_word' id='word_1_430' title='bbox 3031 231 3276 290; x_wconf 86' lang='lat' dir='ltr'><strong>ASCET.</strong></span> 
     </span>
    </p>
   </div>
   <div class='ocr_carea' id='block_1_122' title="bbox 2595 350 3387 422">
    <p class='ocr_par' dir='ltr' id='par_1_122' title="bbox 2595 350 3387 422">
     <span class='ocr_line' id='line_1_122' title="bbox 2595 350 3387 422; baseline 0.005 -17"><span class='ocrx_word' id='word_1_431' title='bbox 2595 350 2874 407; x_wconf 86' lang='lat' dir='ltr'><strong>Eructavit</strong></span> <span class='ocrx_word' id='word_1_432' title='bbox 2918 353 3141 408; x_wconf 89' lang='lat' dir='ltr'><strong>verbum</strong></span> <span class='ocrx_word' id='word_1_433' title='bbox 3166 353 3387 422; x_wconf 81' lang='lat' dir='ltr'><strong>bonum,</strong></span> 
     </span>
    </p>
   </div>
   <div class='ocr_carea' id='block_1_123' title="bbox 2595 440 3211 515">
    <p class='ocr_par' dir='ltr' id='par_1_123' title="bbox 2595 440 3211 515">
     <span class='ocr_line' id='line_1_123' title="bbox 2595 440 3211 515; baseline 0.01 -20"><span class='ocrx_word' id='word_1_434' title='bbox 2595 440 2814 498; x_wconf 87' lang='lat' dir='ltr'><strong>Scilicet</strong></span> <span class='ocrx_word' id='word_1_435' title='bbox 2854 443 3211 515; x_wconf 87' lang='lat' dir='ltr'><strong>unigenitum.</strong></span> 
     </span>
    </p>
   </div>
   <div class='ocr_carea' id='block_1_124' title="bbox 3026 532 3175 587">
    <p class='ocr_par' dir='ltr' id='par_1_124' title="bbox 3026 532 3175 587">
     <span class='ocr_line' id='line_1_124' title="bbox 3026 532 3175 587; baseline 0.007 -1"><span class='ocrx_word' id='word_1_436' title='bbox 3026 532 3053 586; x_wconf 90' lang='grc' dir='ltr'><strong><em>Ι</em></strong></span> <span class='ocrx_word' id='word_1_437' title='bbox 3059 532 3175 587; x_wconf 86' lang='lat' dir='ltr'><strong>dem</strong></span> 
     </span>
    </p>
   </div>
   <div class='ocr_carea' id='block_1_125' title="bbox 2662 621 3320 690">
    <p class='ocr_par' dir='ltr' id='par_1_125' title="bbox 2662 621 3320 690">
     <span class='ocr_line' id='line_1_125' title="bbox 2662 621 3320 690; baseline 0.014 -17"><span class='ocrx_word' id='word_1_438' title='bbox 2662 621 2795 687; x_wconf 90' lang='lat' dir='ltr'><strong>Ave,</strong></span> <span class='ocrx_word' id='word_1_439' title='bbox 2825 621 2977 690; x_wconf 89' lang='lat' dir='ltr'><strong>cujus</strong></span> <span class='ocrx_word' id='word_1_440' title='bbox 3021 624 3320 682; x_wconf 85' lang='lat' dir='ltr'><strong>altissimus</strong></span> 
     </span>
    </p>
   </div>
   <div class='ocr_carea' id='block_1_126' title="bbox 2594 707 3302 780">
    <p class='ocr_par' dir='ltr' id='par_1_126' title="bbox 2594 707 3302 780">
     <span class='ocr_line' id='line_1_126' title="bbox 2594 707 3302 780; baseline 0.011 -18"><span class='ocrx_word' id='word_1_441' title='bbox 2594 707 2845 766; x_wconf 84' lang='lat' dir='ltr'><strong>Sacravit</strong></span> <span class='ocrx_word' id='word_1_442' title='bbox 2879 716 3302 780; x_wconf 82' lang='lat' dir='ltr'><strong>tabernaculum,</strong></span> 
     </span>
    </p>
   </div>
   <div class='ocr_carea' id='block_1_127' title="bbox 2587 800 3206 864">
    <p class='ocr_par' dir='ltr' id='par_1_127' title="bbox 2587 800 3206 864">
     <span class='ocr_line' id='line_1_127' title="bbox 2587 800 3206 864; baseline 0.016 -10"><span class='ocrx_word' id='word_1_443' title='bbox 2587 800 2831 859; x_wconf 72' lang='lat' dir='ltr'><strong>Paterna:</strong></span> <span class='ocrx_word' id='word_1_444' title='bbox 2858 806 2995 861; x_wconf 88' lang='lat' dir='ltr'><strong>lucis</strong></span> <span class='ocrx_word' id='word_1_445' title='bbox 3023 809 3206 864; x_wconf 84' lang='lat' dir='ltr'><strong>radius</strong></span> 
     </span>
    </p>
   </div>
   <div class='ocr_carea' id='block_1_128' title="bbox 2588 890 3312 954">
    <p class='ocr_par' dir='ltr' id='par_1_128' title="bbox 2588 890 3312 954">
     <span class='ocr_line' id='line_1_128' title="bbox 2588 890 3312 954; baseline 0.012 -9"><span class='ocrx_word' id='word_1_446' title='bbox 2588 890 2785 950; x_wconf 84' lang='lat' dir='ltr'><strong>Factus</strong></span> <span class='ocrx_word' id='word_1_447' title='bbox 2810 898 2964 952; x_wconf 90' lang='lat' dir='ltr'><strong>nobis</strong></span> <span class='ocrx_word' id='word_1_448' title='bbox 2994 901 3312 954; x_wconf 83' lang='lat' dir='ltr'><strong>remedium.</strong></span> 
     </span>
    </p>
   </div>
   <div class='ocr_carea' id='block_1_129' title="bbox 2891 988 3327 1055">
    <p class='ocr_par' dir='ltr' id='par_1_129' title="bbox 2891 988 3327 1055">
     <span class='ocr_line' id='line_1_129' title="bbox 2891 988 3327 1055; baseline 0.011 -15"><span class='ocrx_word' id='word_1_449' title='bbox 2891 988 3179 1055; x_wconf 81' lang='lat' dir='ltr'><strong>Fluminis,</strong></span> <span class='ocrx_word' id='word_1_450' title='bbox 3216 1003 3327 1047; x_wconf 90' lang='lat' dir='ltr'><strong>etc.</strong></span> 
     </span>
    </p>
   </div>
   <div class='ocr_carea' id='block_1_130' title="bbox 2654 1078 3386 1149">
    <p class='ocr_par' dir='ltr' id='par_1_130' title="bbox 2654 1078 3386 1149">
     <span class='ocr_line' id='line_1_130' title="bbox 2654 1078 3386 1149; baseline 0.008 -19"><span class='ocrx_word' id='word_1_451' title='bbox 2654 1078 2767 1131; x_wconf 85' lang='lat' dir='ltr'><strong>Ave</strong></span> <span class='ocrx_word' id='word_1_452' title='bbox 2793 1089 2984 1143; x_wconf 87' lang='lat' dir='ltr'><strong>mater,</strong></span> <span class='ocrx_word' id='word_1_453' title='bbox 3016 1079 3169 1147; x_wconf 85' lang='lat' dir='ltr'><strong>cujus</strong></span> <span class='ocrx_word' id='word_1_454' title='bbox 3199 1092 3386 1149; x_wconf 85' lang='lat' dir='ltr'><strong>partus</strong></span> 
     </span>
    </p>
   </div>
   <div class='ocr_carea' id='block_1_131' title="bbox 2585 1167 3338 1236">
    <p class='ocr_par' dir='ltr' id='par_1_131' title="bbox 2585 1167 3338 1236">
     <span class='ocr_line' id='line_1_131' title="bbox 2585 1167 3338 1236; baseline 0.007 -14"><span class='ocrx_word' id='word_1_455' title='bbox 2585 1167 2781 1223; x_wconf 86' lang='lat' dir='ltr'><strong>Nostra</strong></span> <span class='ocrx_word' id='word_1_456' title='bbox 2814 1170 2960 1225; x_wconf 86' lang='lat' dir='ltr'><strong>salus</strong></span> <span class='ocrx_word' id='word_1_457' title='bbox 2986 1179 3071 1225; x_wconf 86' lang='lat' dir='ltr'><strong>est</strong></span> <span class='ocrx_word' id='word_1_458' title='bbox 3096 1169 3338 1236; x_wconf 75' lang='lat' dir='ltr'><strong>effectus,</strong></span> 
     </span>
    </p>
   </div>
   <div class='ocr_carea' id='block_1_132' title="bbox 2586 1256 3454 1330">
    <p class='ocr_par' dir='ltr' id='par_1_132' title="bbox 2586 1256 3454 1330">
     <span class='ocr_line' id='line_1_132' title="bbox 2586 1256 3454 1330; baseline 0.007 -17"><span class='ocrx_word' id='word_1_459' title='bbox 2586 1256 2741 1314; x_wconf 87' lang='lat' dir='ltr'><strong>Unde</strong></span> <span class='ocrx_word' id='word_1_460' title='bbox 2770 1261 2973 1316; x_wconf 90' lang='lat' dir='ltr'><strong>clamat</strong></span> <span class='ocrx_word' id='word_1_461' title='bbox 2996 1262 3158 1318; x_wconf 90' lang='lat' dir='ltr'><strong>nobis</strong></span> <span class='ocrx_word' id='word_1_462' title='bbox 3184 1262 3454 1330; x_wconf 87' lang='lat' dir='ltr'><strong>Psalmus,</strong></span> 
     </span>
    </p>
   </div>
   <div class='ocr_carea' id='block_1_133' title="bbox 2581 1349 3349 1422">
    <p class='ocr_par' dir='ltr' id='par_1_133' title="bbox 2581 1349 3349 1422">
     <span class='ocr_line' id='line_1_133' title="bbox 2581 1349 3349 1422; baseline 0.009 -19"><span class='ocrx_word' id='word_1_463' title='bbox 2581 1349 2823 1407; x_wconf 82' lang='lat' dir='ltr'><strong>Plaudite</strong></span> <span class='ocrx_word' id='word_1_464' title='bbox 2857 1360 3043 1422; x_wconf 83' lang='lat' dir='ltr'><strong>gentes</strong></span> <span class='ocrx_word' id='word_1_465' title='bbox 3077 1355 3349 1411; x_wconf 82' lang='lat' dir='ltr'><strong>manibus.</strong></span> 
     </span>
    </p>
   </div>
   <div class='ocr_carea' id='block_1_134' title="bbox 3018 1442 3187 1499">
    <p class='ocr_par' dir='ltr' id='par_1_134' title="bbox 3018 1442 3187 1499">
     <span class='ocr_line' id='line_1_134' title="bbox 3018 1442 3187 1499; baseline 0.012 -2"><span class='ocrx_word' id='word_1_466' title='bbox 3018 1442 3187 1499; x_wconf 86' lang='lat' dir='ltr'><strong>Idem.</strong></span> 
     </span>
    </p>
   </div>
   <div class='ocr_carea' id='block_1_135' title="bbox 2646 1534 3291 1600">
    <p class='ocr_par' dir='ltr' id='par_1_135' title="bbox 2646 1534 3291 1600">
     <span class='ocr_line' id='line_1_135' title="bbox 2646 1534 3291 1600; baseline 0.008 -14"><span class='ocrx_word' id='word_1_467' title='bbox 2646 1534 2761 1589; x_wconf 89' lang='lat' dir='ltr'><strong>Ave</strong></span> <span class='ocrx_word' id='word_1_468' title='bbox 2789 1534 3029 1590; x_wconf 68' lang='lat' dir='ltr'><strong>caelestis</strong></span> <span class='ocrx_word' id='word_1_469' title='bbox 3061 1537 3291 1600; x_wconf 86' lang='lat' dir='ltr'><strong>mansio,</strong></span> 
     </span>
    </p>
   </div>
   <div class='ocr_carea' id='block_1_136' title="bbox 2579 1622 3251 1697">
    <p class='ocr_par' dir='ltr' id='par_1_136' title="bbox 2579 1622 3251 1697">
     <span class='ocr_line' id='line_1_136' title="bbox 2579 1622 3251 1697; baseline 0.009 -20"><span class='ocrx_word' id='word_1_470' title='bbox 2579 1623 2653 1678; x_wconf 89' lang='lat' dir='ltr'><strong>De</strong></span> <span class='ocrx_word' id='word_1_471' title='bbox 2677 1622 2833 1694; x_wconf 91' lang='lat' dir='ltr'><strong>cujus</strong></span> <span class='ocrx_word' id='word_1_472' title='bbox 2863 1628 3045 1697; x_wconf 87' lang='lat' dir='ltr'><strong>templi</strong></span> <span class='ocrx_word' id='word_1_473' title='bbox 3075 1628 3251 1683; x_wconf 90' lang='lat' dir='ltr'><strong>medio</strong></span> 
     </span>
    </p>
   </div>
   <div class='ocr_carea' id='block_1_137' title="bbox 2578 1714 3297 1788">
    <p class='ocr_par' dir='ltr' id='par_1_137' title="bbox 2578 1714 3297 1788">
     <span class='ocr_line' id='line_1_137' title="bbox 2578 1714 3297 1788; baseline 0.003 -18"><span class='ocrx_word' id='word_1_474' title='bbox 2578 1714 2926 1788; x_wconf 90' lang='lat' dir='ltr'><strong>Suscepimus</strong></span> <span class='ocrx_word' id='word_1_475' title='bbox 2958 1719 3297 1774; x_wconf 84' lang='lat' dir='ltr'><strong>incarnatam</strong></span> 
     </span>
    </p>
   </div>
   <div class='ocr_carea' id='block_1_138' title="bbox 2576 1800 3155 1861">
    <p class='ocr_par' dir='ltr' id='par_1_138' title="bbox 2576 1800 3155 1861">
     <span class='ocr_line' id='line_1_138' title="bbox 2576 1800 3155 1861; baseline 0.009 -7"><span class='ocrx_word' id='word_1_476' title='bbox 2576 1800 2669 1858; x_wconf 89' lang='lat' dir='ltr'><strong>Dei</strong></span> <span class='ocrx_word' id='word_1_477' title='bbox 2704 1806 3155 1861; x_wconf 88' lang='lat' dir='ltr'><strong>misericordiam.</strong></span> 
     </span>
    </p>
   </div>
   <div class='ocr_carea' id='block_1_139' title="bbox 2843 1897 3332 1968">
    <p class='ocr_par' dir='ltr' id='par_1_139' title="bbox 2843 1897 3332 1968">
     <span class='ocr_line' id='line_1_139' title="bbox 2843 1897 3332 1968; baseline 0.002 -16"><span class='ocrx_word' id='word_1_478' title='bbox 2843 1897 3203 1968; x_wconf 79' lang='lat' dir='ltr'><strong>Suscepimus,</strong></span> <span class='ocrx_word' id='word_1_479' title='bbox 3227 1907 3332 1955; x_wconf 90' lang='lat' dir='ltr'><strong>etc.</strong></span> 
     </span>
    </p>
   </div>
   <div class='ocr_carea' id='block_1_140' title="bbox 2646 1991 3203 2056">
    <p class='ocr_par' dir='ltr' id='par_1_140' title="bbox 2646 1991 3203 2056">
     <span class='ocr_line' id='line_1_140' title="bbox 2646 1991 3203 2056; baseline 0.004 -11"><span class='ocrx_word' id='word_1_480' title='bbox 2646 1992 2760 2046; x_wconf 84' lang='lat' dir='ltr'><strong>Ave</strong></span> <span class='ocrx_word' id='word_1_481' title='bbox 2789 1991 2912 2046; x_wconf 64' lang='grc' dir='ltr'><strong>εαξιί</strong></span> <span class='ocrx_word' id='word_1_482' title='bbox 2932 1991 3203 2056; x_wconf 90' lang='lat' dir='ltr'><strong>introitus,</strong></span> 
     </span>
    </p>
   </div>
   <div class='ocr_carea' id='block_1_141' title="bbox 2576 2077 3077 2147">
    <p class='ocr_par' dir='ltr' id='par_1_141' title="bbox 2576 2077 3077 2147">
     <span class='ocr_line' id='line_1_141' title="bbox 2576 2077 3077 2147; baseline 0.002 -10"><span class='ocrx_word' id='word_1_483' title='bbox 2576 2077 2767 2137; x_wconf 85' lang='lat' dir='ltr'><strong>Divina</strong></span> <span class='ocrx_word' id='word_1_484' title='bbox 2794 2083 3077 2147; x_wconf 83' lang='lat' dir='ltr'><strong>habitatio,</strong></span> 
     </span>
    </p>
   </div>
   <div class='ocr_carea' id='block_1_142' title="bbox 2573 2171 3193 2242">
    <p class='ocr_par' dir='ltr' id='par_1_142' title="bbox 2573 2171 3193 2242">
     <span class='ocr_line' id='line_1_142' title="bbox 2573 2171 3193 2242; baseline 0.002 -15"><span class='ocrx_word' id='word_1_485' title='bbox 2573 2171 2738 2242; x_wconf 90' lang='lat' dir='ltr'><strong>Cujus</strong></span> <span class='ocrx_word' id='word_1_486' title='bbox 2757 2181 2843 2227; x_wconf 90' lang='lat' dir='ltr'><strong>est</strong></span> <span class='ocrx_word' id='word_1_487' title='bbox 2874 2171 3026 2228; x_wconf 92' lang='lat' dir='ltr'><strong>nobis</strong></span> <span class='ocrx_word' id='word_1_488' title='bbox 3051 2171 3193 2228; x_wconf 80' lang='lat' dir='ltr'><strong>filius</strong></span> 
     </span>
    </p>
   </div>
   <div class='ocr_carea' id='block_1_143' title="bbox 2574 2266 3280 2339">
    <p class='ocr_par' dir='ltr' id='par_1_143' title="bbox 2574 2266 3280 2339">
     <span class='ocr_line' id='line_1_143' title="bbox 2574 2266 3280 2339; baseline 0.001 -17"><span class='ocrx_word' id='word_1_489' title='bbox 2574 2267 2641 2322; x_wconf 88' lang='lat' dir='ltr'><strong>Et</strong></span> <span class='ocrx_word' id='word_1_490' title='bbox 2663 2266 2853 2335; x_wconf 88' lang='lat' dir='ltr'><strong>frater,</strong></span> <span class='ocrx_word' id='word_1_491' title='bbox 2881 2274 2937 2322; x_wconf 89' lang='lat' dir='ltr'><strong>et</strong></span> <span class='ocrx_word' id='word_1_492' title='bbox 2961 2268 3280 2339; x_wconf 86' lang='lat' dir='ltr'><strong>redemptio.</strong></span> 
     </span>
    </p>
   </div>
   <div class='ocr_carea' id='block_1_144' title="bbox 2720 2358 3459 2429">
    <p class='ocr_par' dir='ltr' id='par_1_144' title="bbox 2720 2358 3459 2429">
     <span class='ocr_line' id='line_1_144' title="bbox 2720 2358 3459 2429; baseline 0.009 -16"><span class='ocrx_word' id='word_1_493' title='bbox 2720 2358 2916 2414; x_wconf 85' lang='lat' dir='ltr'><strong>Frater</strong></span> <span class='ocrx_word' id='word_1_494' title='bbox 2947 2377 3052 2414; x_wconf 81' lang='lat' dir='ltr'><strong>non</strong></span> <span class='ocrx_word' id='word_1_495' title='bbox 3079 2361 3318 2429; x_wconf 75' lang='lat' dir='ltr'><strong>redemit,</strong></span> <span class='ocrx_word' id='word_1_496' title='bbox 3348 2370 3459 2420; x_wconf 87' lang='lat' dir='ltr'><strong>etc.</strong></span> 
     </span>
    </p>
   </div>
   <div class='ocr_carea' id='block_1_145' title="bbox 2640 2450 3197 2522">
    <p class='ocr_par' dir='ltr' id='par_1_145' title="bbox 2640 2450 3197 2522">
     <span class='ocr_line' id='line_1_145' title="bbox 2640 2450 3197 2522; baseline 0.005 -15"><span class='ocrx_word' id='word_1_497' title='bbox 2640 2452 2755 2507; x_wconf 87' lang='lat' dir='ltr'><strong>Ave</strong></span> <span class='ocrx_word' id='word_1_498' title='bbox 2779 2451 2907 2506; x_wconf 87' lang='lat' dir='ltr'><strong>Sion</strong></span> <span class='ocrx_word' id='word_1_499' title='bbox 2940 2450 3197 2522; x_wconf 89' lang='lat' dir='ltr'><strong>gloriosa,</strong></span> 
     </span>
    </p>
   </div>
   <div class='ocr_carea' id='block_1_146' title="bbox 2571 2546 3277 2615">
    <p class='ocr_par' dir='ltr' id='par_1_146' title="bbox 2571 2546 3277 2615">
     <span class='ocr_line' id='line_1_146' title="bbox 2571 2546 3277 2615; baseline 0.003 -16"><span class='ocrx_word' id='word_1_500' title='bbox 2571 2546 2646 2600; x_wconf 90' lang='lat' dir='ltr'><strong>De</strong></span> <span class='ocrx_word' id='word_1_501' title='bbox 2670 2561 2775 2615; x_wconf 86' lang='lat' dir='ltr'><strong>qua</strong></span> <span class='ocrx_word' id='word_1_502' title='bbox 2807 2546 2964 2602; x_wconf 86' lang='lat' dir='ltr'><strong>nobis</strong></span> <span class='ocrx_word' id='word_1_503' title='bbox 2992 2547 3277 2603; x_wconf 87' lang='lat' dir='ltr'><strong>manifesta</strong></span> 
     </span>
    </p>
   </div>
   <div class='ocr_carea' id='block_1_147' title="bbox 2567 2634 3229 2694">
    <p class='ocr_par' dir='ltr' id='par_1_147' title="bbox 2567 2634 3229 2694">
     <span class='ocr_line' id='line_1_147' title="bbox 2567 2634 3229 2694; baseline 0.006 -5"><span class='ocrx_word' id='word_1_504' title='bbox 2567 2634 2656 2690; x_wconf 86' lang='lat' dir='ltr'><strong>Fit</strong></span> <span class='ocrx_word' id='word_1_505' title='bbox 2676 2651 2841 2691; x_wconf 88' lang='lat' dir='ltr'><strong>carne</strong></span> <span class='ocrx_word' id='word_1_506' title='bbox 2872 2635 3037 2692; x_wconf 89' lang='lat' dir='ltr'><strong>Verbi</strong></span> <span class='ocrx_word' id='word_1_507' title='bbox 3062 2637 3229 2694; x_wconf 88' lang='lat' dir='ltr'><strong>facies</strong></span> 
     </span>
    </p>
   </div>
   <div class='ocr_carea' id='block_1_148' title="bbox 2568 2725 3147 2795">
    <p class='ocr_par' dir='ltr' id='par_1_148' title="bbox 2568 2725 3147 2795">
     <span class='ocr_line' id='line_1_148' title="bbox 2568 2725 3147 2795; baseline 0.005 -16"><span class='ocrx_word' id='word_1_508' title='bbox 2568 2725 2788 2780; x_wconf 83' lang='lat' dir='ltr'><strong>Decoris</strong></span> <span class='ocrx_word' id='word_1_509' title='bbox 2813 2725 2905 2780; x_wconf 90' lang='lat' dir='ltr'><strong>Dei</strong></span> <span class='ocrx_word' id='word_1_510' title='bbox 2946 2728 3147 2795; x_wconf 89' lang='lat' dir='ltr'><strong>specie.</strong></span> 
     </span>
    </p>
   </div>
   <div class='ocr_carea' id='block_1_149' title="bbox 2830 2816 3324 2882">
    <p class='ocr_par' dir='ltr' id='par_1_149' title="bbox 2830 2816 3324 2882">
     <span class='ocr_line' id='line_1_149' title="bbox 2830 2816 3324 2882; baseline -0.002 -12"><span class='ocrx_word' id='word_1_511' title='bbox 2830 2816 2870 2870; x_wconf 82' lang='grc' dir='ltr'><em>Α</em></span> <span class='ocrx_word' id='word_1_512' title='bbox 2905 2816 3032 2871; x_wconf 85' lang='lat' dir='ltr'><strong>solis</strong></span> <span class='ocrx_word' id='word_1_513' title='bbox 3058 2827 3198 2882; x_wconf 87' lang='lat' dir='ltr'><strong>ortu,</strong></span> <span class='ocrx_word' id='word_1_514' title='bbox 3223 2827 3324 2874; x_wconf 87' lang='lat' dir='ltr'><strong>etc.</strong></span> 
     </span>
    </p>
   </div>
   <div class='ocr_carea' id='block_1_150' title="bbox 2630 2909 3220 2984">
    <p class='ocr_par' dir='ltr' id='par_1_150' title="bbox 2630 2909 3220 2984">
     <span class='ocr_line' id='line_1_150' title="bbox 2630 2909 3220 2984; baseline 0.005 -21"><span class='ocrx_word' id='word_1_515' title='bbox 2630 2909 2744 2975; x_wconf 83' lang='lat' dir='ltr'><strong>Ave</strong></span> <span class='ocrx_word' id='word_1_516' title='bbox 2769 2911 3010 2968; x_wconf 81' lang='lat' dir='ltr'><strong>caelestis</strong></span> <span class='ocrx_word' id='word_1_517' title='bbox 3029 2913 3220 2984; x_wconf 87' lang='lat' dir='ltr'><strong>janua.</strong></span> 
     </span>
    </p>
   </div>
   <div class='ocr_carea' id='block_1_151' title="bbox 2562 2998 3224 3067">
    <p class='ocr_par' dir='ltr' id='par_1_151' title="bbox 2562 2998 3224 3067">
     <span class='ocr_line' id='line_1_151' title="bbox 2562 2998 3224 3067; baseline 0.006 -14"><span class='ocrx_word' id='word_1_518' title='bbox 2562 2998 2680 3067; x_wconf 87' lang='lat' dir='ltr'><strong>Qua</strong></span> <span class='ocrx_word' id='word_1_519' title='bbox 2711 3001 2805 3057; x_wconf 91' lang='lat' dir='ltr'><strong>Dei</strong></span> <span class='ocrx_word' id='word_1_520' title='bbox 2846 3002 3027 3059; x_wconf 91' lang='lat' dir='ltr'><strong>Patris</strong></span> <span class='ocrx_word' id='word_1_521' title='bbox 3070 3004 3224 3059; x_wconf 89' lang='lat' dir='ltr'><strong>unica</strong></span> 
     </span>
    </p>
   </div>
   <div class='ocr_carea' id='block_1_152' title="bbox 2560 3088 3265 3150">
    <p class='ocr_par' dir='ltr' id='par_1_152' title="bbox 2560 3088 3265 3150">
     <span class='ocr_line' id='line_1_152' title="bbox 2560 3088 3265 3150; baseline 0.007 -7"><span class='ocrx_word' id='word_1_522' title='bbox 2560 3088 2832 3147; x_wconf 89' lang='lat' dir='ltr'><strong>Processit</strong></span> <span class='ocrx_word' id='word_1_523' title='bbox 2868 3094 3026 3149; x_wconf 89' lang='lat' dir='ltr'><strong>nobis</strong></span> <span class='ocrx_word' id='word_1_524' title='bbox 3065 3093 3265 3150; x_wconf 87' lang='lat' dir='ltr'><strong>reddita</strong></span> 
     </span>
    </p>
   </div>
   <div class='ocr_carea' id='block_1_153' title="bbox 2516 3180 3066 3241">
    <p class='ocr_par' dir='ltr' id='par_1_153' title="bbox 2516 3180 3066 3241">
     <span class='ocr_line' id='line_1_153' title="bbox 2516 3180 3066 3241; baseline 0.011 -7"><span class='ocrx_word' id='word_1_525' title='bbox 2516 3180 2521 3191; x_wconf 73' lang='grc'><em>“</em></span> <span class='ocrx_word' id='word_1_526' title='bbox 2560 3180 2823 3240; x_wconf 86' lang='lat' dir='ltr'><strong>Salutaris</strong></span> <span class='ocrx_word' id='word_1_527' title='bbox 2860 3185 3066 3241; x_wconf 74' lang='lat' dir='ltr'><strong>lmtitia.</strong></span> 
     </span>
    </p>
   </div>
   <div class='ocr_carea' id='block_1_154' title="bbox 2832 3274 3323 3342">
    <p class='ocr_par' dir='ltr' id='par_1_154' title="bbox 2832 3274 3323 3342">
     <span class='ocr_line' id='line_1_154' title="bbox 2832 3274 3323 3342; baseline 0.002 -14"><span class='ocrx_word' id='word_1_528' title='bbox 2832 3274 3010 3329; x_wconf 86' lang='lat' dir='ltr'><strong>Redde</strong></span> <span class='ocrx_word' id='word_1_529' title='bbox 3034 3277 3184 3342; x_wconf 81' lang='lat' dir='ltr'><strong>mihi,</strong></span> <span class='ocrx_word' id='word_1_530' title='bbox 3216 3287 3323 3333; x_wconf 88' lang='lat' dir='ltr'><strong>etc.</strong></span> 
     </span>
    </p>
   </div>
   <div class='ocr_carea' id='block_1_155' title="bbox 2554 3374 3595 3423">
    <p class='ocr_par' dir='ltr' id='par_1_155' title="bbox 2554 3374 3595 3423">
     <span class='ocr_line' id='line_1_155' title="bbox 2554 3374 3595 3423; baseline 0.009 -9"><span class='ocrx_word' id='word_1_531' title='bbox 2554 3374 2683 3416; x_wconf 75' lang='lat' dir='ltr'><strong>PARS</strong></span> <span class='ocrx_word' id='word_1_532' title='bbox 2702 3378 2741 3416; x_wconf 83' lang='lat' dir='ltr'><strong>ll</strong></span> <span class='ocrx_word' id='word_1_533' title='bbox 2771 3378 3045 3421; x_wconf 76' lang='lat' dir='ltr'><strong>PSAL&#39;IERII</strong></span> <span class='ocrx_word' id='word_1_534' title='bbox 3072 3379 3121 3419; x_wconf 81' lang='grc' dir='ltr'><strong>Β.</strong></span> <span class='ocrx_word' id='word_1_535' title='bbox 3147 3381 3327 3421; x_wconf 68' lang='lat' dir='ltr'><strong>IARLE</strong></span> <span class='ocrx_word' id='word_1_536' title='bbox 3344 3380 3595 3423; x_wconf 72' lang='grc' dir='ltr'><strong>νιιιαιιηε.</strong></span> 
     </span>
    </p>
   </div>
   <div class='ocr_carea' id='block_1_156' title="bbox 2621 3452 3375 3528">
    <p class='ocr_par' dir='ltr' id='par_1_156' title="bbox 2621 3452 3375 3528">
     <span class='ocr_line' id='line_1_156' title="bbox 2621 3452 3375 3528; baseline 0.007 -22"><span class='ocrx_word' id='word_1_537' title='bbox 2621 3452 2735 3508; x_wconf 90' lang='lat' dir='ltr'><strong>Ave</strong></span> <span class='ocrx_word' id='word_1_538' title='bbox 2763 3463 2958 3523; x_wconf 88' lang='lat' dir='ltr'><strong>mater,</strong></span> <span class='ocrx_word' id='word_1_539' title='bbox 2981 3455 3134 3525; x_wconf 88' lang='lat' dir='ltr'><strong>cujus</strong></span> <span class='ocrx_word' id='word_1_540' title='bbox 3172 3468 3375 3528; x_wconf 87' lang='lat' dir='ltr'><strong>partus,</strong></span> 
     </span>
    </p>
   </div>
   <div class='ocr_carea' id='block_1_157' title="bbox 2552 3542 3106 3612">
    <p class='ocr_par' dir='ltr' id='par_1_157' title="bbox 2552 3542 3106 3612">
     <span class='ocr_line' id='line_1_157' title="bbox 2552 3542 3106 3612; baseline 0.009 -14"><span class='ocrx_word' id='word_1_541' title='bbox 2552 3542 2620 3599; x_wconf 90' lang='lat' dir='ltr'><strong>Ut</strong></span> <span class='ocrx_word' id='word_1_542' title='bbox 2648 3544 2786 3600; x_wconf 87' lang='lat' dir='ltr'><strong>oliva</strong></span> <span class='ocrx_word' id='word_1_543' title='bbox 2812 3546 3106 3612; x_wconf 83' lang='lat' dir='ltr'><strong>fructifera,</strong></span> 
     </span>
    </p>
   </div>
   <div class='ocr_carea' id='block_1_158' title="bbox 2547 3638 3307 3713">
    <p class='ocr_par' dir='ltr' id='par_1_158' title="bbox 2547 3638 3307 3713">
     <span class='ocr_line' id='line_1_158' title="bbox 2547 3638 3307 3713; baseline 0.011 -21"><span class='ocrx_word' id='word_1_544' title='bbox 2547 3638 2853 3695; x_wconf 86' lang='lat' dir='ltr'><strong>Patibulum</strong></span> <span class='ocrx_word' id='word_1_545' title='bbox 2879 3643 3060 3698; x_wconf 89' lang='lat' dir='ltr'><strong>crucis</strong></span> <span class='ocrx_word' id='word_1_546' title='bbox 3079 3657 3271 3713; x_wconf 88' lang='lat' dir='ltr'><strong>passus</strong></span> <span class='ocrx_word' id='word_1_547' title='bbox 3290 3686 3307 3711; x_wconf 92' lang='lat'><strong>,</strong></span> 
     </span>
    </p>
   </div>
   <div class='ocr_carea' id='block_1_159' title="bbox 2546 3731 3192 3807">
    <p class='ocr_par' dir='ltr' id='par_1_159' title="bbox 2546 3731 3192 3807">
     <span class='ocr_line' id='line_1_159' title="bbox 2546 3731 3192 3807; baseline 0.008 -21"><span class='ocrx_word' id='word_1_548' title='bbox 2546 3731 2713 3807; x_wconf 78' lang='lat' dir='ltr'><strong>Totus</strong></span> <span class='ocrx_word' id='word_1_549' title='bbox 2735 3732 2889 3789; x_wconf 84' lang='lat' dir='ltr'><strong>ﬂuxit</strong></span> <span class='ocrx_word' id='word_1_550' title='bbox 2914 3732 2967 3789; x_wconf 87' lang='lat' dir='ltr'><strong>in</strong></span> <span class='ocrx_word' id='word_1_551' title='bbox 2995 3735 3192 3807; x_wconf 86' lang='lat' dir='ltr'><strong>gratia.</strong></span> 
     </span>
    </p>
   </div>
   <div class='ocr_carea' id='block_1_160' title="bbox 2698 3804 3296 3899">
    <p class='ocr_par' dir='ltr' id='par_1_160' title="bbox 2698 3804 3296 3899">
     <span class='ocr_line' id='line_1_160' title="bbox 2698 3804 3296 3899; baseline 0.008 -20"><span class='ocrx_word' id='word_1_552' title='bbox 2698 3804 2719 3823; x_wconf 67' lang='grc'><em>’</em></span> <span class='ocrx_word' id='word_1_553' title='bbox 2816 3827 2929 3899; x_wconf 80' lang='lat' dir='ltr'><strong>Ego</strong></span> <span class='ocrx_word' id='word_1_554' title='bbox 2960 3804 3157 3897; x_wconf 77' lang='lat' dir='ltr'><strong>autem,</strong></span> <span class='ocrx_word' id='word_1_555' title='bbox 3189 3839 3296 3886; x_wconf 87' lang='lat' dir='ltr'><strong>etc.</strong></span> 
     </span>
    </p>
   </div>
   <div class='ocr_carea' id='block_1_161' title="bbox 2612 3919 3347 3993">
    <p class='ocr_par' dir='ltr' id='par_1_161' title="bbox 2612 3919 3347 3993">
     <span class='ocr_line' id='line_1_161' title="bbox 2612 3919 3347 3993; baseline 0.011 -22"><span class='ocrx_word' id='word_1_556' title='bbox 2612 3919 2723 3973; x_wconf 87' lang='lat' dir='ltr'><strong>Ave</strong></span> <span class='ocrx_word' id='word_1_557' title='bbox 2755 3930 2949 3987; x_wconf 83' lang='lat' dir='ltr'><strong>mater,</strong></span> <span class='ocrx_word' id='word_1_558' title='bbox 2978 3922 3133 3991; x_wconf 88' lang='lat' dir='ltr'><strong>cujus</strong></span> <span class='ocrx_word' id='word_1_559' title='bbox 3162 3932 3347 3993; x_wconf 86' lang='lat' dir='ltr'><strong>partus</strong></span> 
     </span>
    </p>
   </div>
   <div class='ocr_carea' id='block_1_162' title="bbox 2537 4008 3385 4083">
    <p class='ocr_par' dir='ltr' id='par_1_162' title="bbox 2537 4008 3385 4083">
     <span class='ocr_line' id='line_1_162' title="bbox 2537 4008 3385 4083; baseline 0.002 -15"><span class='ocrx_word' id='word_1_560' title='bbox 2537 4009 2699 4081; x_wconf 82' lang='lat'><strong>305</strong></span> <span class='ocrx_word' id='word_1_561' title='bbox 2728 4008 2857 4066; x_wconf 82' lang='lat' dir='ltr'><strong>Sine</strong></span> <span class='ocrx_word' id='word_1_562' title='bbox 2889 4013 3047 4083; x_wconf 89' lang='lat' dir='ltr'><strong>culpa</strong></span> <span class='ocrx_word' id='word_1_563' title='bbox 3086 4014 3188 4069; x_wconf 88' lang='lat' dir='ltr'><strong>fuit</strong></span> <span class='ocrx_word' id='word_1_564' title='bbox 3223 4032 3385 4083; x_wconf 88' lang='lat' dir='ltr'><strong>unus,</strong></span> 
     </span>
    </p>
   </div>
   <div class='ocr_carea' id='block_1_163' title="bbox 2536 4103 3207 4176">
    <p class='ocr_par' dir='ltr' id='par_1_163' title="bbox 2536 4103 3207 4176">
     <span class='ocr_line' id='line_1_163' title="bbox 2536 4103 3207 4176; baseline 0.009 -22"><span class='ocrx_word' id='word_1_565' title='bbox 2536 4103 2635 4167; x_wconf 90' lang='lat' dir='ltr'><strong>Qui</strong></span> <span class='ocrx_word' id='word_1_566' title='bbox 2667 4117 2765 4156; x_wconf 91' lang='lat' dir='ltr'><strong>nec</strong></span> <span class='ocrx_word' id='word_1_567' title='bbox 2797 4106 2962 4159; x_wconf 85' lang='lat' dir='ltr'><strong>traxit</strong></span> <span class='ocrx_word' id='word_1_568' title='bbox 2995 4105 3207 4176; x_wconf 87' lang='lat' dir='ltr'><strong>origine</strong></span> 
     </span>
    </p>
   </div>
   <div class='ocr_carea' id='block_1_164' title="bbox 2533 4190 3291 4268">
    <p class='ocr_par' dir='ltr' id='par_1_164' title="bbox 2533 4190 3291 4268">
     <span class='ocr_line' id='line_1_164' title="bbox 2533 4190 3291 4268; baseline 0.009 -25"><span class='ocrx_word' id='word_1_569' title='bbox 2533 4190 2756 4261; x_wconf 87' lang='lat' dir='ltr'><strong>Culpam</strong></span> <span class='ocrx_word' id='word_1_570' title='bbox 2789 4205 2945 4251; x_wconf 84' lang='lat' dir='ltr'><strong>natus</strong></span> <span class='ocrx_word' id='word_1_571' title='bbox 2967 4212 3029 4251; x_wconf 83' lang='lat' dir='ltr'><strong>ex</strong></span> <span class='ocrx_word' id='word_1_572' title='bbox 3058 4196 3291 4268; x_wconf 87' lang='lat' dir='ltr'><strong>Virgine.</strong></span> 
     </span>
    </p>
   </div>
   <div class='ocr_carea' id='block_1_165' title="bbox 2605 4282 3368 4357">
    <p class='ocr_par' dir='ltr' id='par_1_165' title="bbox 2605 4282 3368 4357">
     <span class='ocr_line' id='line_1_165' title="bbox 2605 4282 3368 4357; baseline 0.01 -22"><span class='ocrx_word' id='word_1_573' title='bbox 2605 4282 2715 4335; x_wconf 86' lang='lat' dir='ltr'><strong>Ave</strong></span> <span class='ocrx_word' id='word_1_574' title='bbox 2739 4294 2912 4338; x_wconf 87' lang='lat' dir='ltr'><strong>mater</strong></span> <span class='ocrx_word' id='word_1_575' title='bbox 2932 4325 2946 4349; x_wconf 91' lang='lat'><strong>,</strong></span> <span class='ocrx_word' id='word_1_576' title='bbox 2978 4286 3134 4357; x_wconf 91' lang='lat' dir='ltr'><strong>cujus</strong></span> <span class='ocrx_word' id='word_1_577' title='bbox 3176 4296 3368 4357; x_wconf 85' lang='lat' dir='ltr'><strong>partus</strong></span> 
     </span>
    </p>
   </div>
   <div class='ocr_carea' id='block_1_166' title="bbox 2532 4370 3224 4434">
    <p class='ocr_par' dir='ltr' id='par_1_166' title="bbox 2532 4370 3224 4434">
     <span class='ocr_line' id='line_1_166' title="bbox 2532 4370 3224 4434; baseline 0.016 -11"><span class='ocrx_word' id='word_1_578' title='bbox 2532 4370 2783 4427; x_wconf 67' lang='lat' dir='ltr'><strong>CtIEICSllS</strong></span> <span class='ocrx_word' id='word_1_579' title='bbox 2820 4373 2996 4431; x_wconf 90' lang='lat' dir='ltr'><strong>Patris</strong></span> <span class='ocrx_word' id='word_1_580' title='bbox 3034 4378 3224 4434; x_wconf 90' lang='lat' dir='ltr'><strong>unicus</strong></span> 
     </span>
    </p>
   </div>
   <div class='ocr_carea' id='block_1_167' title="bbox 2533 4459 3083 4521">
    <p class='ocr_par' dir='ltr' id='par_1_167' title="bbox 2533 4459 3083 4521">
     <span class='ocr_line' id='line_1_167' title="bbox 2533 4459 3083 4521; baseline 0.018 -9"><span class='ocrx_word' id='word_1_581' title='bbox 2533 4459 2697 4517; x_wconf 68' lang='lat' dir='ltr'><strong>Nobis</strong></span> <span class='ocrx_word' id='word_1_582' title='bbox 2720 4463 3083 4521; x_wconf 82' lang='lat' dir='ltr'><strong>voluntarium</strong></span> 
     </span>
    </p>
   </div>
   <div class='ocr_carea' id='block_1_168' title="bbox 2531 4551 3317 4632">
    <p class='ocr_par' dir='ltr' id='par_1_168' title="bbox 2531 4551 3317 4632">
     <span class='ocr_line' id='line_1_168' title="bbox 2531 4551 3317 4632; baseline 0.011 -27"><span class='ocrx_word' id='word_1_583' title='bbox 2531 4551 2624 4607; x_wconf 89' lang='lat' dir='ltr'><strong>Est</strong></span> <span class='ocrx_word' id='word_1_584' title='bbox 2651 4553 2823 4609; x_wconf 82' lang='lat' dir='ltr'><strong>factus</strong></span> <span class='ocrx_word' id='word_1_585' title='bbox 2848 4558 3195 4614; x_wconf 81' lang='lat' dir='ltr'><strong>sacrificium.</strong></span> <span class='ocrx_word' id='word_1_586' title='bbox 3297 4617 3317 4632; x_wconf 52' lang='grc' dir='ltr'><strong><em>ο</em></strong></span> 
     </span>
    </p>
   </div>
   <div class='ocr_carea' id='block_1_169' title="bbox 2816 4647 3285 4718">
    <p class='ocr_par' dir='ltr' id='par_1_169' title="bbox 2816 4647 3285 4718">
     <span class='ocr_line' id='line_1_169' title="bbox 2816 4647 3285 4718; baseline 0.011 -17"><span class='ocrx_word' id='word_1_587' title='bbox 2816 4647 3141 4718; x_wconf 81' lang='lat' dir='ltr'><strong>Voluntarie,</strong></span> <span class='ocrx_word' id='word_1_588' title='bbox 3179 4663 3285 4708; x_wconf 91' lang='lat' dir='ltr'><strong>etc.</strong></span> 
     </span>
    </p>
   </div>
   <div class='ocr_carea' id='block_1_170' title="bbox 2589 4740 3433 4812">
    <p class='ocr_par' dir='ltr' id='par_1_170' title="bbox 2589 4740 3433 4812">
     <span class='ocr_line' id='line_1_170' title="bbox 2589 4740 3433 4812; baseline 0.011 -18"><span class='ocrx_word' id='word_1_589' title='bbox 2589 4740 2723 4806; x_wconf 89' lang='lat' dir='ltr'><strong>Ave,</strong></span> <span class='ocrx_word' id='word_1_590' title='bbox 2748 4757 2813 4797; x_wconf 81' lang='lat' dir='ltr'><strong>ex</strong></span> <span class='ocrx_word' id='word_1_591' title='bbox 2843 4757 2948 4812; x_wconf 90' lang='lat' dir='ltr'><strong>qua</strong></span> <span class='ocrx_word' id='word_1_592' title='bbox 2983 4742 3235 4801; x_wconf 88' lang='lat' dir='ltr'><strong>Christus</strong></span> <span class='ocrx_word' id='word_1_593' title='bbox 3277 4755 3433 4803; x_wconf 76' lang='lat' dir='ltr'><strong>ortus</strong></span> 
     </span>
    </p>
   </div>
   <div class='ocr_carea' id='block_1_171' title="bbox 2528 4829 3242 4902">
    <p class='ocr_par' dir='ltr' id='par_1_171' title="bbox 2528 4829 3242 4902">
     <span class='ocr_line' id='line_1_171' title="bbox 2528 4829 3242 4902; baseline 0.011 -18"><span class='ocrx_word' id='word_1_594' title='bbox 2528 4829 2765 4900; x_wconf 82' lang='lat' dir='ltr'><strong>Vespere</strong></span> <span class='ocrx_word' id='word_1_595' title='bbox 2794 4831 3003 4888; x_wconf 84' lang='lat' dir='ltr'><strong>Pascha</strong></span> <span class='ocrx_word' id='word_1_596' title='bbox 3031 4835 3242 4902; x_wconf 90' lang='lat' dir='ltr'><strong>docuit,</strong></span> 
     </span>
    </p>
   </div>
   <div class='ocr_carea' id='block_1_172' title="bbox 2527 4916 3280 4980">
    <p class='ocr_par' dir='ltr' id='par_1_172' title="bbox 2527 4916 3280 4980">
     <span class='ocr_line' id='line_1_172' title="bbox 2527 4916 3280 4980; baseline 0.007 -5"><span class='ocrx_word' id='word_1_597' title='bbox 2527 4916 2608 4975; x_wconf 80' lang='lat' dir='ltr'><strong>Ad</strong></span> <span class='ocrx_word' id='word_1_598' title='bbox 2636 4917 2869 4975; x_wconf 90' lang='lat' dir='ltr'><strong>Pilatum</strong></span> <span class='ocrx_word' id='word_1_599' title='bbox 2897 4937 3057 4978; x_wconf 89' lang='lat' dir='ltr'><strong>mane</strong></span> <span class='ocrx_word' id='word_1_600' title='bbox 3082 4924 3280 4980; x_wconf 90' lang='lat' dir='ltr'><strong>ductus</strong></span> 
     </span>
    </p>
   </div>
   <div class='ocr_carea' id='block_1_173' title="bbox 2527 5003 3153 5066">
    <p class='ocr_par' dir='ltr' id='par_1_173' title="bbox 2527 5003 3153 5066">
     <span class='ocr_line' id='line_1_173' title="bbox 2527 5003 3153 5066; baseline 0.013 -8"><span class='ocrx_word' id='word_1_601' title='bbox 2527 5003 2823 5063; x_wconf 89' lang='lat' dir='ltr'><strong>Veritatem</strong></span> <span class='ocrx_word' id='word_1_602' title='bbox 2866 5010 3153 5066; x_wconf 90' lang='lat' dir='ltr'><strong>nuntiavit.</strong></span> 
     </span>
    </p>
   </div>
   <div class='ocr_carea' id='block_1_174' title="bbox 2596 5095 3142 5156">
    <p class='ocr_par' dir='ltr' id='par_1_174' title="bbox 2596 5095 3142 5156">
     <span class='ocr_line' id='line_1_174' title="bbox 2596 5095 3142 5156; baseline 0.011 -7"><span class='ocrx_word' id='word_1_603' title='bbox 2596 5095 2818 5152; x_wconf 83' lang='lat' dir='ltr'><strong>Meridie</strong></span> <span class='ocrx_word' id='word_1_604' title='bbox 2847 5100 3142 5156; x_wconf 81' lang='lat' dir='ltr'><strong>cruciﬁxus</strong></span> 
     </span>
    </p>
   </div>
   <div class='ocr_carea' id='block_1_175' title="bbox 2519 5186 3203 5259">
    <p class='ocr_par' dir='ltr' id='par_1_175' title="bbox 2519 5186 3203 5259">
     <span class='ocr_line' id='line_1_175' title="bbox 2519 5186 3203 5259; baseline 0.01 -18"><span class='ocrx_word' id='word_1_605' title='bbox 2519 5187 2563 5241; x_wconf 86' lang='lat' dir='ltr'><strong>A</strong></span> <span class='ocrx_word' id='word_1_606' title='bbox 2589 5186 2750 5245; x_wconf 89' lang='lat' dir='ltr'><strong>Patre</strong></span> <span class='ocrx_word' id='word_1_607' title='bbox 2772 5201 2856 5246; x_wconf 87' lang='lat' dir='ltr'><strong>est</strong></span> <span class='ocrx_word' id='word_1_608' title='bbox 2882 5192 3203 5259; x_wconf 81' lang='lat' dir='ltr'><strong>exauditus;</strong></span> 
     </span>
    </p>
   </div>
   <div class='ocr_carea' id='block_1_176' title="bbox 2519 5278 3314 5352">
    <p class='ocr_par' dir='ltr' id='par_1_176' title="bbox 2519 5278 3314 5352">
     <span class='ocr_line' id='line_1_176' title="bbox 2519 5278 3314 5352; baseline 0.011 -20"><span class='ocrx_word' id='word_1_609' title='bbox 2519 5278 2587 5333; x_wconf 86' lang='lat' dir='ltr'><strong>Et</strong></span> <span class='ocrx_word' id='word_1_610' title='bbox 2611 5282 2848 5338; x_wconf 87' lang='lat' dir='ltr'><strong>moriens</strong></span> <span class='ocrx_word' id='word_1_611' title='bbox 2884 5296 3113 5341; x_wconf 89' lang='lat' dir='ltr'><strong>mortem</strong></span> <span class='ocrx_word' id='word_1_612' title='bbox 3145 5286 3274 5341; x_wconf 86' lang='lat' dir='ltr'><strong>vicit</strong></span> <span class='ocrx_word' id='word_1_613' title='bbox 3294 5328 3314 5352; x_wconf 84' lang='lat'><strong>,</strong></span> 
     </span>
    </p>
   </div>
   <div class='ocr_carea' id='block_1_177' title="bbox 2518 5368 3272 5437">
    <p class='ocr_par' dir='ltr' id='par_1_177' title="bbox 2518 5368 3272 5437">
     <span class='ocr_line' id='line_1_177' title="bbox 2518 5368 3272 5437; baseline 0.011 -13"><span class='ocrx_word' id='word_1_614' title='bbox 2518 5368 2618 5437; x_wconf 86' lang='lat' dir='ltr'><strong>Qui</strong></span> <span class='ocrx_word' id='word_1_615' title='bbox 2651 5373 2720 5427; x_wconf 88' lang='lat' dir='ltr'><strong>de</strong></span> <span class='ocrx_word' id='word_1_616' title='bbox 2747 5382 2920 5429; x_wconf 88' lang='lat' dir='ltr'><strong>morte</strong></span> <span class='ocrx_word' id='word_1_617' title='bbox 2954 5379 3272 5432; x_wconf 90' lang='lat' dir='ltr'><strong>resurrexit.</strong></span> 
     </span>
    </p>
   </div>
   <div class='ocr_carea' id='block_1_178' title="bbox 2739 5463 3342 5535">
    <p class='ocr_par' dir='ltr' id='par_1_178' title="bbox 2739 5463 3342 5535">
     <span class='ocr_line' id='line_1_178' title="bbox 2739 5463 3342 5535; baseline 0.013 -19"><span class='ocrx_word' id='word_1_618' title='bbox 2739 5463 2952 5535; x_wconf 73' lang='lat' dir='ltr'><strong>Vespere</strong></span> <span class='ocrx_word' id='word_1_619' title='bbox 2980 5479 3027 5523; x_wconf 90' lang='lat' dir='ltr'><strong>et</strong></span> <span class='ocrx_word' id='word_1_620' title='bbox 3046 5484 3216 5534; x_wconf 83' lang='lat' dir='ltr'><strong>mane,</strong></span> <span class='ocrx_word' id='word_1_621' title='bbox 3231 5475 3342 5527; x_wconf 87' lang='lat' dir='ltr'><strong>etc.</strong></span> 
     </span>
    </p>
   </div>
   <div class='ocr_carea' id='block_1_179' title="bbox 2577 5552 3258 5627">
    <p class='ocr_par' dir='ltr' id='par_1_179' title="bbox 2577 5552 3258 5627">
     <span class='ocr_line' id='line_1_179' title="bbox 2577 5552 3258 5627; baseline 0.019 -24"><span class='ocrx_word' id='word_1_622' title='bbox 2577 5552 2691 5607; x_wconf 89' lang='lat' dir='ltr'><strong>Ave</strong></span> <span class='ocrx_word' id='word_1_623' title='bbox 2719 5552 2920 5625; x_wconf 81' lang='lat' dir='ltr'><strong>Regina</strong></span> <span class='ocrx_word' id='word_1_624' title='bbox 2953 5557 3216 5627; x_wconf 83' lang='lat' dir='ltr'><strong>virginum</strong></span> <span class='ocrx_word' id='word_1_625' title='bbox 3235 5598 3258 5627; x_wconf 83' lang='lat'><strong>,</strong></span> 
     </span>
    </p>
   </div>
   <div class='ocr_carea' id='block_1_180' title="bbox 2507 5640 3013 5717">
    <p class='ocr_par' dir='ltr' id='par_1_180' title="bbox 2507 5640 3013 5717">
     <span class='ocr_line' id='line_1_180' title="bbox 2507 5640 3013 5717; baseline 0.016 -22"><span class='ocrx_word' id='word_1_626' title='bbox 2507 5640 2716 5699; x_wconf 67' lang='lat' dir='ltr'><strong>Lmtitia</strong></span> <span class='ocrx_word' id='word_1_627' title='bbox 2748 5645 3013 5717; x_wconf 77' lang='lat' dir='ltr'><strong>fidelium,</strong></span> 
     </span>
    </p>
   </div>
   <div class='ocr_carea' id='block_1_181' title="bbox 3496 235 3649 294">
    <p class='ocr_par' dir='ltr' id='par_1_181' title="bbox 3496 235 3649 294">
     <span class='ocr_line' id='line_1_181' title="bbox 3496 235 3649 294; baseline 0.007 -1"><span class='ocrx_word' id='word_1_628' title='bbox 3496 235 3649 294; x_wconf 72' lang='grc' dir='ltr'><strong>ίσιο</strong></span> 
     </span>
    </p>
   </div>
  </div>
