3906 6058
285 296 417 353 τοιι

281 411 415 479 Quae
443 403 698 478 peperisti
721 398 977 473 gaudium

284 504 342 554 tn
379 498 580 554 lumine
606 490 923 548 viventium.

453 587 712 654 Quoniam
745 579 1011 653 eripuisti,
1059 586 1166 634 etc.

355 682 491 743 Ave,
519 676 674 745 cujus
693 682 776 728 est
800 672 942 727 [ilius

285 775 461 843 Super
482 769 649 825 caelos
676 766 978 829 exaltatus,

288 862 357 917 Et
386 861 556 930 ipsius
584 857 753 929 gloria

286 954 344 1009 lu
366 954 545 1008 omnia
565 949 863 1006 terrestria.

425 1042 677 1098 Emltare
702 1055 858 1110 super
871 1036 1024 1092 catos
1042 1074 1057 1102 ,
1081 1044 1191 1090 etc.

357 1134 501 1198 Ave,
528 1134 595 1187 de
617 1146 723 1200 qua
751 1138 910 1184 natus

293 1223 489 1294 Utique
509 1230 592 1278 est
607 1220 785 1290 justus
808 1219 1015 1273 fructus
1031 1257 1046 1282 ,

290 1316 547 1371 Judicaus
571 1328 667 1368 eos
701 1313 754 1367 in
788 1319 961 1375 terra,

294 1406 366 1462 Ut
388 1405 590 1461 exaltet
626 1408 694 1457 ad
724 1410 948 1456 aeterna.

512 1494 579 1548 Et
620 1494 755 1547 dicet
794 1497 978 1559 homo,
1006 1499 1112 1543 etc.

362 1582 495 1643 Ave,
519 1579 674 1648 cujus
706 1580 758 1633 in
787 1579 1001 1632 arcanis

293 1667 641 1722 lucarnatum
674 1664 907 1721 Verbum
931 1661 1109 1716 Patris
1130 1700 1145 1724 ,

298 1758 366 1812 Et
387 1757 630 1812 cucurrit
660 1756 777 1810 sine
806 1754 961 1825 culpa
979 1795 992 1819 ,

296 1850 364 1906 Et
391 1850 591 1906 direxit
621 1849 674 1902 in
698 1846 890 1920 gloria.

510 1943 693 2014 Neque
714 1942 962 2012 iniquitas
979 1979 993 2004 ,
1021 1949 1127 1994 etc.

366 2070 501 2136 Ave,
529 2068 595 2123 de
626 2082 731 2137 qua
756 2064 933 2121 Patris
973 2062 1204 2118 Verbum

299 2159 476 2216 Causa
501 2160 670 2214 nostri
703 2172 832 2214 caro
858 2156 1058 2211 factum
1080 2196 1093 2217 ,

300 2248 358 2303 lu
386 2249 674 2304 ldumaaam
700 2247 942 2317 gentium

303 2340 556 2398 Etteudit
578 2341 1025 2396 calceamentum.

557 2431 622 2485 lu
654 2430 970 2497 Idumwam,
994 2441 1099 2484 etc.

372 2546 487 2600 Ave
518 2554 711 2609 mater,
746 2544 900 2615 cujus
923 2541 1069 2598 solus

307 2640 448 2694 Deus
471 2648 526 2693 et
546 2639 706 2693 homo
742 2637 883 2691 ﬁlius

304 2731 346 2783 A
377 2729 573 2784 ﬁnibus
603 2739 763 2783 terra:
789 2727 1024 2789 clamat,

306 2821 444 2874 Dum
477 2833 573 2872 nus
607 2819 708 2873 sibi
736 2816 978 2873 membra
1000 2824 1177 2871 sonat.

520 2911 563 2963 Α
593 2910 786 2977 ﬁnibus
816 2920 988 2975 terrre,
1020 2917 1126 2963 etc.

380 3027 496 3081 Ave
531 3034 733 3088 mater,
755 3022 909 3091 cujus
939 3031 1152 3093 partum
1192 3056 1195 3065 ι

309 3118 489 3174 Semel
516 3126 601 3173 est
634 3118 772 3171 Deus
796 3116 1008 3170 locutus
1028 3155 1043 3177 ,

310 3208 448 3263 Dum
477 3208 711 3265 Verbum
742 3206 922 3262 Patris
949 3205 1167 3260 unicum

312 3297 459 3354 Tuus
482 3305 567 3354 est
604 3289 730 3352 vere
761 3295 921 3350 lilius.

491 3389 660 3446 Semel
698 3389 901 3443 locutus
941 3398 1046 3453 est,
1072 3396 1177 3443 etc.

382 3477 496 3532 Ave
523 3476 675 3532 stella
699 3475 1034 3537 caelestium,

312 3575 540 3631 Pariens
568 3575 741 3630 lucem
769 3575 1011 3644 gentium

314 3666 539 3721 Partum
567 3663 722 3732 cujus
752 3664 1068 3726 adoramus,

317 3759 453 3812 Dum
481 3757 548 3813 de
574 3756 695 3811 luce
726 3755 881 3825 vigila
891 3769 1032 3809 mus.

713 3845 883 3901 Idem.

388 3958 791 4029 Avejustorum
821 3958 1074 4030 gaudium
1096 3998 1110 4021 ,

319 4053 377 4108 In
398 4052 551 4121 cujus
585 4059 809 4136 sperant
840 4051 1004 4106 lilium
1023 4090 1037 4115 ,

321 4141 391 4195 Et
416 4140 706 4195 laudantur.
728 4140 861 4195 recti
896 4139 1086 4200 corde,

328 4237 397 4291 Ut
425 4237 670 4292 laetentur
708 4234 763 4289 in
800 4234 1003 4303 requie.

502 4325 793 4380 Laetabitur
822 4323 999 4393 justus
1019 4363 1033 4387 ,
1064 4331 1166 4376 etc.

395 4435 509 4489 Ave
536 4433 665 4488 Sion
687 4431 775 4486 illa
800 4432 977 4501 pacis,

327 4527 384 4581 ln
413 4541 518 4596 qua
546 4526 701 4580 decet
726 4524 959 4593 hymnus
983 4521 1184 4585 Deum,

327 4616 517 4679 Aulam
550 4624 654 4670 tuae
691 4613 959 4668 castitatis

330 4715 433 4783 Qui
467 4706 729 4770 sibi'l‘ecit
759 4708 1075 4764 thalamum.

776 4802 945 4857 Idem.

401 4921 538 4985 Ave,
577 4920 645 4976 de
673 4918 828 4991 cujus
856 4910 965 4972 lilio

330 5011 631 5067 Jubilautus
654 5011 763 5065 Deo
790 5008 972 5073 Patri,

332 5103 579 5160 Psalmos
611 5104 804 5167 damus
827 5110 881 5155 et
910 5097 1223 5161 laudamus,

334 5198 404 5253 Et
427 5198 482 5251 in
510 5194 741 5252 Psalmis
768 5191 1083 5264 jubilamus.

777 5277 948 5336 Idem.

406 5404 520 5458 Ave
543 5410 686 5456 terra
706 5441 721 5466 ,
752 5413 872 5470 qua:
898 5396 1089 5453 dedisti

338 5492 598 5549 Fructum
629 5489 740 5545 Deo
766 5484 1085 5552 conﬁtendi,

339 5584 507 5654 Cujus
531 5589 615 5639 est
649 5580 954 5637 benedictio

345 5678 479 5734 Vera
520 5676 601 5733 sui
630 5673 883 5745 cognitio.

1444 449 1455 455 ν
1583 385 1650 440 Ut
1679 395 2083 454 cognoscamus,
2117 384 2221 430 etc.

1468 477 1581 534 Ave
1608 475 1865 546 templum
1906 466 2238 526 Hierusalem
2255 504 2271 529 ,

1400 574 1614 629 Habens
1639 568 1915 625 ctelestem
1955 561 2190 634 speciem
2210 598 2225 625 ,

1398 668 1441 721 A
1468 662 1622 733 cujus
1647 657 1958 718 sauctuario

1398 752 1670 810 Processit
1687 749 1865 805 Patris
1898 745 2055 800 visio.

1552 841 1821 911 Con/irma
1843 838 1963 901 hoc,
2000 834 2157 898 Deus,
2189 838 2296 886 etc.

1471 934 1618 999 Ave,
1641 947 1735 1003 per
1759 942 1920 999 quam
1951 925 2100 981 salva

1399 1027 1491 1082 Fit
1509 1024 1773 1081 confitens
1804 1017 1935 1073 Sion
1964 1025 2147 1071 nostra

1403 1119 1469 1173 Et
1502 1132 1570 1184 qu
1598 1115 1697 1169 bus
1731 1113 1893 1167 datur
1941 1106 2115 1178 gratia
2137 1142 2152 1166 ,

1402 1203 1783 1262 lnhabitabunt
1813 1201 1869 1255 in
1897 1211 1980 1253 ea.

1508 1294 1767 1361 Quoniam
1798 1290 1936 1344 Deus
1977 1282 2198 1347 salvam,
2227 1286 2326 1333 etc.

1473 1389 1614 1452 Ave,
1646 1400 1739 1454 per
1760 1382 1914 1451 cujus
1940 1377 2104 1433 lilium

1405 1479 1545 1533 Deus
1570 1477 1622 1530 in
1652 1471 1980 1541 adjutorium

1406 1570 1563 1624 Pater
1593 1566 1857 1623 festinans
1881 1561 2159 1634 gentium,

1406 1654 1640 1717 lntendit
1672 1657 1741 1713 ad
1766 1652 2150 1726 adiuvandum.

1765 1748 1936 1802 Idem.

1480 1854 1592 1905 Ave
1620 1854 1887 1904 secretum
1910 1838 2150 1911 Virginis
2166 1877 2180 1901 ,

1410 1948 1527 2015 Quo
1549 1942 1812 2017 processit
1844 1940 1932 1994 lux
1961 1934 2208 1995 luminis,

1412 2045 1477 2098 Et
1502 2040 1698 2110 adjecit
1727 2051 1887 2107 super
1916 2046 2132 2089 onmem

1412 2136 1569 2192 Jcsus
1596 2131 1843 2189 Christus
1869 2124 2101 2181 laudem.

1482 2227 1642 2281 Pater
1671 2221 1816 2277 enim
1848 2216 2132 2290 potestatis

1415 2315 1650 2371 Cunctas
1672 2322 1865 2366 creans
1889 2305 2147 2366 innotuit;

1417 2408 1578 2462 Pater
1600 2419 1731 2458 vero
1758 2398 2059 2458 dulcedinis

1417 2500 1473 2553 In
1497 2497 1714 2553 Christo
1738 2490 1893 2547 nobis
1922 2486 2136 2543 claruit.

1493 2589 1601 2661 Ego
1623 2597 1799 2642 autem
1821 2597 2021 2651 semper
2040 2577 2257 2649 sperabo
2277 2616 2289 2640 ,
2316 2585 2421 2629 etc.

1485 2682 1598 2737 Ave
1623 2679 1796 2734 vellus
1816 2673 2069 2747 puritatis

1418 2775 1474 2829 In
1502 2788 1609 2843 quo
1641 2772 1780 2826 Deus
1809 2765 2108 2837 majestatis

1419 2866 1690 2921 lnundans
1717 2873 1973 2930 tanquam
2005 2854 2183 2927 pluvia

1422 2954 1709 3013 Distillavit
1737 2954 1790 3007 in
1821 2950 2012 3021 gratia.

1636 3040 1919 3097 Descendet
1952 3037 2104 3101 sicut,
2132 3032 2239 3088 etc.

1490 3137 1602 3192 Ave
1624 3176 1641 3203 ,
1672 3132 1829 3204 cujus
1857 3138 1939 3186 est
1966 3128 2110 3181 ﬁlius

1422 3230 1610 3286 Rectis
1645 3226 1806 3284 corde
1841 3225 2014 3279 bonus
2043 3220 2213 3282 Deus,

1423 3321 1526 3389 Qui
1549 3321 1601 3375 in
1628 3334 1751 3375 eum
1781 3312 2149 3376 convertitur,

1434 3412 1628 3468 Plenos
1658 3408 1773 3464 dies
1803 3402 2172 3472 consequitur.

1601 3502 1729 3556 Idco
1770 3507 2091 3555 convertatur
2104 3534 2119 3561 ,
2148 3500 2252 3549 cte.

1493 3596 1608 3649 Ave
1638 3603 1784 3648 terra
1814 3590 2055 3658 virginea
2078 3626 2093 3652 ,

1426 3688 1481 3742 lu
1506 3689 1657 3759 cujus
1676 3687 1819 3742 Deus
1857 3683 2035 3740 medio

1428 3779 1630 3833 Salutis
1652 3786 1735 3831 est
1765 3773 2019 3846 mysteria

1430 3869 1694 3942 Operatus
1721 3870 1772 3921 in
1804 3864 1968 3918 Filio.

1537 3959 1676 4014 Deus
1725 3967 1897 4011 autem
1926 3953 2035 4007 Rex
2058 3959 2261 4015 noster,
2287 3957 2394 4004 etc.

1498 4056 1608 4110 Ave
1628 4062 1819 4124 potens
1843 4047 2132 4104 virtutibus
2149 4086 2165 4111 ,

1432 4148 1594 4218 Cujus
1622 4148 1676 4202 in
1713 4158 1875 4201 cruce
1901 4142 2070 4196 Filius

1433 4244 1860 4314 Exsultansjusti
1882 4256 2082 4298 cornua
2128 4296 2151 4319 ο

1435 4341 1646 4398 Peccati
1689 4337 1847 4408 fregit
1874 4332 2112 4389 vincula.

1610 4430 1675 4484 Et
1708 4429 1881 4483 omnia
1905 4441 2133 4490 cornua,
2160 4430 2266 4479 etc.

1504 4525 1634 4589 Ave,
1663 4521 1814 4591 cujus
1853 4529 1937 4575 est
1962 4517 2130 4572 Filius

1434 4613 1600 4673 Notus
1637 4613 1687 4667 in
1708 4611 1892 4668 Judzca
1920 4608 2088 4673 Deus,

1436 4711 1490 4768 in
1514 4707 1682 4765 lsrael
1712 4719 1911 4762 nomen
1934 4700 2050 4770 ejus

1437 4795 1686 4874 Magnum
1721 4807 1865 4852 recte
1894 4787 2259 4849 credentibus.

1841 4940 1845 4945 .
1861 4885 2033 4940 Idem.

1506 4986 1620 5040 Ave
1656 4990 1829 5036 mater
1846 5022 1861 5048 ,
1888 4994 1957 5034 ex
1982 4991 2098 5047 qua
2115 4983 2294 5029 notam

1437 5080 1594 5137 Fecit
1616 5076 1781 5132 Pater
1804 5085 2022 5128 manum
2047 5082 2198 5124 suam
2216 5106 2230 5132 ,

1445 5171 1515 5233 Et
1534 5167 1762 5242 populos
1787 5166 1840 5219 in
1872 5159 2093 5218 brachio

1452 5261 1701 5321 Redemit
1727 5256 2020 5328 unigenito.

1677 5367 1874 5423 Notam
1907 5360 2104 5431 fecisti,
2134 5365 2237 5414 etc.

1522 5486 1634 5539 Ave
1656 5489 1827 5535 mater
1846 5516 1862 5542 ,
1887 5476 1953 5530 de
1973 5487 2079 5543 qua
2106 5470 2259 5527 nobis

1453 5575 1779 5647 Angelorum
1800 5577 1961 5624 natus
1984 5565 2139 5638 panis

1457 5669 1566 5727 Nos
1590 5673 1804 5724 revocat
1825 5671 1878 5720 et
1902 5659 2104 5725 reﬁcit,

1207 276 1425 333 [HM-Nl
1455 273 1543 330 ET
1566 222 2011 327 PSALTERIUM
2050 263 2137 318 DE
2167 260 2224 317 S.
2269 253 2506 312 MARIA.
3405 223 3541 282 lilii

2508 362 2574 416 Et
2599 360 2651 415 iu
2674 358 2849 427 seipse
2873 351 3099 423 perlicit.

2674 447 2863 501 Panem
2894 440 3226 510 angelorum,
3255 445 3359 488 etc.

2574 540 2687 593 Ave
2715 535 2918 604 Regina
2944 528 3155 602 gaudii,

2505 630 2670 700 Cujus
2692 624 2929 682 ccclestis
2962 621 3053 674 lilii

2506 718 2842 774 Christianus
2863 719 2948 768 est
2969 708 3196 780 populus
3211 747 3225 767 .

2509 816 2574 871 Et
2603 828 2732 868 oves
2750 823 2965 882 pascuae
2985 806 3122 876 ejus.

2660 902 2771 957 Nos
2803 909 2980 954 autem
3006 893 3227 966 populus
3245 932 3262 957 ,
3286 897 3391 943 etc.

2577 990 2710 1053 Ave,
2742 988 2809 1042 de
2829 1002 2937 1056 qua
2964 985 3103 1038 Deus
3132 991 3373 1035 summus

2508 1078 2563 1136 in
2585 1080 2705 1133 sinu
2734 1075 2912 1129 Patris
2939 1073 3130 1125 unicus
3152 1112 3168 1137 ,

2508 1167 2609 1234 Qui
2643 1166 2795 1221 sedet
2823 1151 2984 1231 super
3003 1157 3293 1214 Cherubim

2509 1259 2746 1327 Apparet
2775 1267 2963 1307 coram
2996 1246 3237 1302 ElTI'aiut.

2810 1343 2911 1408 Qui
2934 1340 3072 1393 sedet
3092 1379 3105 1399 ,
3128 1346 3232 1392 etc.

2585 1439 2728 1500 Are,
2758 1449 2824 1489 ex
2859 1449 2965 1502 qua
2989 1429 3240 1485 Christus

2512 1528 2627 1582 Non
2656 1537 2739 1583 est
2763 1527 2919 1582 nobis
2948 1537 3141 1578 recens
3169 1520 3311 1574 Deus
3329 1558 3346 1584 ,

2513 1620 2612 1686 Qui
2648 1618 2758 1673 Deo
2781 1617 2926 1671 Patri
2956 1615 3119 1670 Filius

2514 1704 2609 1758 Est
2629 1712 2834 1757 aeterno
2867 1711 3188 1755 coaeternus.

2765 1789 2901 1841 Audi
2935 1786 3156 1857 populus
3172 1825 3186 1849 ,
3209 1796 3314 1838 etc.

2594 1878 2709 1931 Ave
2733 1875 2886 1944 cujus
2912 1883 2994 1928 est
3033 1871 3173 1925 (ilius

2519 1969 2659 2024 Deus
2694 1967 2928 2021 Deorum
2955 1962 3243 2022 Dominus,

2520 2058 2681 2114 Solus
2708 2058 2847 2111 Deus
2876 2052 3208 2121 dijudicans,

2523 2159 2586 2212 Et
2609 2159 2660 2211 in
2686 2172 2745 2211 se
2782 2152 3121 2209 beatilicaus.

2595 2247 2704 2300 Ave
2725 2242 2880 2298 stella
2913 2237 3178 2310 paradisi,

2526 2335 2696 2390 Mater
2717 2332 2860 2388 illius
2888 2330 2979 2384 lilii

2526 2428 2627 2496 Qui
2655 2424 2802 2481 solus
2823 2431 2906 2477 est
2931 2418 3253 2480 altissimus,

2529 2518 2593 2573 Et.
2622 2530 2816 2571 nomen
2853 2510 2903 2567 ei
2941 2507 3219 2565 Dominus.

2775 2604 2843 2658 Et
2876 2605 3220 2672 cognoscant,
3249 2605 3354 2650 etc.

2596 2702 2709 2755 Ave
2739 2696 2895 2753 stella
2919 2690 3229 2764 virginalis,

2525 2791 2690 2860 Cujus
2724 2796 2911 2861 partus
2944 2785 3080 2839 lator
3103 2781 3234 2851 legis

2527 2884 2623 2939 Est
2651 2882 2705 2936 in
2735 2880 2857 2935 sinu
2881 2874 2978 2932 Dei
3010 2872 3212 2935 Patris,

2529 2975 2695 3029 Dator
2714 2964 3126 3028 benedictionis.

2637 3063 2843 3118 Etenim
2890 3055 3321 3117 benedictionem,
3363 3058 3466 3107 etc.

2600 3158 2714 3211 Ave
2746 3164 2888 3209 terra
2926 3149 3209 3207 benedicta
3223 3186 3238 3211 ,

2531 3246 2892 3303 Sanctilieans
2920 3239 3176 3313 mysteria
3193 3277 3209 3305 ,

2529 3338 2696 3408 Cujus
2720 3350 2875 3392 sacra
2896 3330 3197 3389 fecunditas

2535 3430 2631 3486 Dei
2660 3428 2840 3484 Patris
2866 3432 2953 3481 est
2974 3422 3195 3477 veritas.

2856 3516 3081 3577 Veritas,
3112 3520 3217 3566 etc.

2607 3613 2720 3667 Ave
2746 3619 2947 3671 mater,
2980 3604 3133 3673 cujus
3151 3608 3365 3672 partum

2537 3706 2739 3763 Omnes
2763 3710 2953 3773 gentes
2977 3712 3165 3753 verum
3194 3696 3360 3750 Deum

2538 3800 2780 3854 Aderant
2804 3801 2860 3849 et
2887 3789 3225 3861 gloriﬁcant,

2540 3885 2911 3947 Conﬁtentur,
2944 3879 3313 3950 magniﬁcam.
3371 3942 3373 3945 ι

2858 3968 3095 4035 Inclino,
3122 3977 3226 4020 etc.

2609 4068 2721 4120 Ave
2743 4062 2981 4119 cmlestis
3013 4058 3232 4121 civitas,

2541 4161 2705 4231 Cujus
2742 4158 2884 4212 Deus
2909 4151 3232 4209 fecunditas.

2540 4256 2651 4313 Ave
2680 4252 2843 4314 Sion,
2874 4250 2926 4304 in
2954 4263 3058 4319 qua
3090 4252 3249 4299 natus

2542 4350 2641 4407 Est
2679 4344 2933 4401 fundator
2964 4341 3081 4410 ipse
3121 4346 3265 4390 tuus.

2761 4432 3016 4504 Nunquid
3055 4427 3182 4485 Sion
3199 4466 3214 4493 ,
3256 4432 3361 4480 etc.

2615 4531 2729 4585 Ave
2751 4535 2928 4583 mater
2948 4522 3065 4579 veri
3090 4520 3220 4584 Dei,

2549 4622 2643 4690 Qui
2683 4635 2781 4691 pro
2812 4615 2967 4672 nobis
2990 4622 3073 4668 est
3099 4618 3374 4671 mortuus,

2544 4720 2735 4774 Portas
2772 4710 3040 4782 conlregit
3064 4707 3251 4770 inferi,

2548 4790 2604 4862 l'n
2642 4804 2872 4863 mortuis
2893 4802 3029 4857 liber
3052 4799 3215 4855 solus.

2766 4899 2839 4956 1E
2843 4900 3083 4955 stimatus
3105 4910 3216 4950 sum
3236 4932 3253 4959 ,
3276 4902 3382 4948 etc.

2618 4997 2731 5053 Ave
2755 4991 2974 5049 cmleste
2997 4988 3167 5044 lilium
3185 5025 3199 5048 ,

2553 5091 2658 5146 Per
2676 5089 2863 5144 ﬂorem
2885 5083 3037 5153 cujus
3062 5078 3277 5134 unicum

2559 5180 2832 5237 Fidelibus
2852 5184 2935 5231 est
2961 5179 3219 5227 aeternum

2563 5274 2968 5334 Testamentum
3001 5260 3336 5330 dispositum.

2876 5349 3144 5421 Disposui,
3176 5355 3282 5400 etc.

2627 5458 2762 5517 Ave,
2788 5445 2941 5517 cujus
2960 5450 3044 5500 est
3073 5442 3215 5496 [ilius

2564 5545 2852 5617 Refugium
2882 5537 3036 5594 nobis
3065 5533 3239 5588 iactus
3252 5571 3266 5596 ,

2567 5648 2672 5703 Per
2699 5640 2879 5699 carnis
2902 5630 3344 5696 contubernium,

3321 2145 3490 2200 Idem.
