3898 6052
364 175 501 232 10ιό

303 341 307 346 .
363 291 516 358 Quod
541 291 768 346 estvita:
799 292 1116 345 remedium.

723 380 886 432 Idem.

430 464 546 518 Ave
577 462 830 532 Splendor
850 463 1139 533 singularis
1157 506 1171 529 ,

363 546 528 612 Cujus
549 547 722 598 virtus
751 545 1032 613 virginalis

371 637 518 691 Fecit
541 636 696 690 nobis
721 636 1043 691 altissimum

360 721 527 775 Deum
549 719 762 774 Patrem
795 721 1078 792 refugium.

605 811 746 865 Dicit
771 813 1014 877 Domino,
1041 823 1146 868 etc.

431 900 540 953 Ave
569 901 766 955 bonum
789 902 1081 972 virginale,

358 991 510 1058 Quod
549 992 774 1047 Domino
803 993 1128 1048 conﬁtemur
1145 1033 1162 1057 ,

356 1079 492 1135 Cum
515 1079 736 1151 Virgine
760 1082 1035 1151 peperisse

365 1167 532 1222 Deum
557 1185 742 1224 verum
776 1170 1115 1238 proﬁtemur.

724 1259 894 1314 Idem.

422 1348 537 1402 Ave
559 1349 723 1404 decor
747 1352 1026 1422 virginalis
1049 1395 1062 1417 ,

361 1439 532 1506 Quem
563 1439 799 1497 Verbum
826 1443 1004 1499 Patris
1031 1445 1232 1508 induit;

359 1530 491 1584 Cum
521 1532 587 1587 de
620 1532 767 1588 fonte
789 1534 1063 1589 castitatis

355 1621 547 1677 Nostra
577 1639 740 1678 carne
777 1640 836 1678 se
861 1627 1162 1694 praecinxit.

724 1716 895 1773 Idem.

421 1806 534 1862 Ave
563 1817 764 1876 mater,
794 1808 946 1877 cujus
974 1819 1162 1880 partus

356 1898 626 1953 Ultionum
658 1900 774 1955 Rex
804 1902 1090 1968 Dominus,

357 1986 685 2044 Libertatem
717 1989 871 2058 plene
894 1991 1032 2060 egit,

352 2072 484 2126 Cum
513 2073 578 2126 de
609 2086 783 2129 morte
807 2076 1122 2132 resurrexit.

702 2163 872 2218 Idem.

419 2251 533 2306 Ave
570 2263 746 2308 mater
765 2246 1030 2326 puerpera
1057 2297 1073 2322 ,

350 2341 512 2409 Cujus
543 2345 708 2415 regali
741 2345 851 2402 ﬁlio

351 2430 515 2502 306
539 2431 840 2490 Jubilamus
865 2435 920 2491 in
942 2438 1149 2508 gratias.

352 2523 462 2577 Deo
493 2522 718 2578 salutari
741 2535 929 2582 nostro

723 2616 895 2672 Idem.

419 2704 562 2768 Ave,
594 2706 661 2760 de
687 2708 842 2777 cujus
868 2709 980 2766 ﬁlio

347 2791 642 2850 Cantamus
665 2811 860 2854 novum
887 2802 1155 2858 canticum
1180 2846 1194 2867 ,

351 2881 521 2952 Cujus
550 2887 732 2941 carnis
759 2891 1089 2948 commercio

348 2970 504 3028 Salus
525 2983 609 3030 est
631 2974 774 3032 facta
799 2982 1061 3049 gentium.

694 3069 864 3125 Idem.

414 3159 525 3216 Ave
548 3172 720 3219 mater
749 3165 1010 3235 gloriosa,

344 3249 459 3304 Lux
486 3253 710 3318 solaris,
740 3256 884 3310 clara
904 3258 1063 3313 'stella
1085 3302 1097 3325 ,

345 3335 422 3391 De
449 3353 555 3406 qua
581 3339 782 3408 justus,
813 3343 925 3408 lux,
959 3353 1042 3399 est
1063 3357 1178 3399 orta
1200 3389 1214 3412 ,

347 3424 528 3481 Rectis
555 3430 719 3484 corde
751 3430 958 3486 laetitia.

587 3518 703 3570 Lux
731 3531 844 3574 orta
895 3535 993 3587 est,
1028 3535 1132 3579 etc.

414 3607 526 3661 Ave
556 3618 754 3674 mater,
785 3627 889 3682 qua
920 3620 1188 3684 processit

344 3699 445 3766 Qui
470 3699 596 3756 fecit
631 3704 900 3760 mirabilia

343 3787 508 3857 Cujus
535 3791 635 3845 sibi
668 3808 774 3848 non
800 3796 1028 3851 salvavit

343 3880 451 3937 Sua
482 3884 682 3941 virtute
713 3887 956 3944 dextera.

598 3975 853 4044 Salvavit,
900 3990 987 4036 etc

408 4069 522 4122 Ave
550 4067 712 4140 Regis
737 4074 1066 4137 sacrarium,

339 4158 501 4227 Cujus
526 4161 700 4215 honor
730 4161 992 4230 judicium
1013 4205 1027 4228 ,

343 4247 546 4303 Pedum
573 4249 726 4319 cujus
754 4260 838 4306 est
864 4255 1156 4308 scabellum

338 4343 577 4416 Sumptae
603 4347 783 4402 carnis
806 4347 1205 4409 indumentum.

584 4439 834 4494 Exaltare
851 4482 865 4509 ,
890 4449 993 4495 etc.

409 4535 525 4590 Ave
558 4536 712 4605 cujus
744 4537 1048 4593 fecunditas

335 4626 430 4684 Est
457 4626 636 4681 divina
675 4629 914 4684 suavitas
928 4669 944 4694 ,

335 4721 497 4792 Cujus
521 4721 890 4778 misericordia

335 4813 428 4869 Est
456 4813 510 4866 in
533 4822 736 4870 aeterna
763 4815 977 4870 saecula.

475 4903 711 4957 Laudate
745 4922 931 4961 nomen
959 4907 1091 4976 ejus,
1123 4919 1226 4967 etc.

396 4996 510 5049 Ave
535 5004 706 5050 mater
732 4997 1027 5066 gratiarum
1048 5040 1063 5064 ,

329 5086 458 5160 Quae
481 5089 737 5156 peperisti
763 5089 1046 5146 Dominum
1083 5111 1096 5146 :

328 5179 432 5249 Ipsi
463 5182 890 5238 misericordiam

327 5271 621 5328 Cautamus
643 5281 696 5326 et
717 5271 1000 5340 judicium.

767 5362 928 5417 Idem.

719 5469 850 5509 PARS
879 5471 962 5509 Ill.

397 5539 537 5606 Ave,
569 5558 665 5610 per
694 5560 854 5613 quam
883 5545 1011 5602 Sion
1038 5559 1223 5605 nostra

717 176 772 232 S.
813 178 1107 234 ANSELMI
1137 179 1481 234 CANTUAR.
1523 178 1838 235 ARCIIIEP.
1872 180 2021 236 OPP.
2066 181 2242 236 PARS
2275 182 2338 236 11.
2364 213 2432 222 -
2461 182 2824 242 PAR/ENET.
2874 189 2958 243 ΕΤ
2990 189 3232 247 ASCET.

1475 291 1748 347 Videbitur
1777 299 1829 348 in
1853 295 2023 365 gloria
2050 313 2063 361 ;

1465 384 1627 454 Cujus
1651 396 1836 455 partus
1870 397 1991 442 sunt
2034 403 2197 456 opera

1464 475 1653 531 Omnis
1674 478 1834 532 simul
1864 488 2133 534 creatura.

1466 560 1724 625 Quoniam
1782 565 2058 632 aediﬁcavit
2088 565 2360 631 Dominus,
2393 577 2497 622 etc.

1535 653 1678 719 Ave,
1701 655 1854 724 cujus
1886 657 2138 712 sacrariis

1462 739 1553 795 llle
1577 743 1840 809 processit
1872 742 2042 809 ﬁlius,

1462 826 1625 895 Cujus
1651 838 1734 882 est
1761 829 2098 885 admirabilis

1463 917 1623 974 Omni
1655 919 1773 974 loco
1795 921 2126 977 dominatus.

1463 1007 1762 1063 Benedicite
1824 1009 2048 1064 Domino
2111 1027 2285 1066 omnia
2345 1028 2500 1080 opera

1746 1095 1858 1166 ejus
1884 1096 1939 1150 in
1966 1113 2094 1161 om.,
2125 1107 2228 1152 etc.

1535 1180 1677 1248 Ave,
1705 1181 1772 1236 de
1794 1180 1947 1249 cujus
1977 1183 2183 1238 intimis
2275 1201 2288 1206 ‘

1466 1269 1727 1324 Decorem
1751 1269 1895 1324 Deus
1930 1269 2104 1324 induit
2127 1309 2142 1334 ,

1464 1359 1530 1412 Et
1560 1366 1760 1414 nostrze
1786 1345 1941 1414 veste
1963 1359 2089 1415 ﬁdei

1467 1451 1536 1506 Ut
1575 1451 1774 1506 lumine
1801 1467 1858 1506 se
1879 1453 2116 1507 vestivit.

1712 1536 2118 1606 Confessionem,
2152 1548 2256 1594 etc.

1536 1627 1649 1681 Ave
1679 1627 1831 1682 stella
1857 1628 2099 1684 Paradisi
2118 1671 2134 1696 ,

1466 1715 1629 1784 Cujus
1658 1717 1838 1772 lumen
1863 1719 2153 1775 adoramus
2174 1762 2188 1786 ,

1467 1805 1521 1860 In
1544 1806 1729 1863 laudes
1761 1809 1833 1863 tui
1863 1809 1955 1864 ﬁlii

1455 1893 1696 1965 Alleluya
1730 1898 1855 1950 dum
1885 1907 2192 1953 cantamus.

1599 1979 1802 2036 Titulus
1841 1980 2071 2050 Psalmi,
2097 1985 2353 2056 Alleluya.

1525 2069 1637 2123 Ave
1664 2070 1817 2124 stella
1850 2072 2148 2127 caelestium
2165 2117 2179 2139 ,

1453 2160 1695 2233 Alleluya
1729 2162 1993 2229 ﬁdelium,

1454 2247 1558 2303 Per
1595 2267 1756 2320 quam
1789 2251 1884 2307 Dei
1913 2253 2052 2308 inter
2083 2265 2272 2325 gentes

1455 2337 1782 2394 Nuntiantur
1802 2357 1989 2398 omnes
2017 2343 2220 2400 laudes.

1630 2431 2033 2503 Item.Alleluya
2071 2439 2122 2488 in
2156 2436 2323 2490 titulo.

1529 2519 1640 2572 Ave
1667 2529 1843 2575 mater
1862 2563 1876 2588 ,
1908 2524 1993 2577 cui
2024 2526 2286 2594 redempti

1462 2607 1536 2662 De
1561 2611 1807 2665 manibus
1838 2613 2036 2669 inimici
2059 2657 2072 2679 ,

1460 2705 1634 2760 lnduti
1658 2709 1792 2762 stola
1819 2711 2031 2780 gemina

1462 2797 1660 2867 Duplex
1692 2800 1879 2854 dicunt
1899 2801 2142 2873 Alleluya

1640 2889 1842 2960 Duplex
1884 2890 2122 2964 Alleluya
2152 2896 2205 2948 in
2234 2898 2312 2948 tit.

1528 2979 1639 3035 Ave
1661 2992 1868 3047 mater,
1905 2999 1968 3039 ex
2001 3001 2107 3054 qua
2142 2986 2281 3041 Deus

1457 3069 1751 3128 Deducitur
1773 3075 2094 3131 incarnatus

1455 3164 1510 3217 ln
1538 3164 1798 3218 munitam
1834 3167 2141 3232 civitatem,

1454 3251 1708 3307 Ecclesia:
1738 3255 1958 3308 ﬁrmans
1991 3255 2150 3310 ﬁdem

1675 3342 1812 3408 Quia
1859 3347 2106 3412 deducet,
2140 3358 2246 3402 etc.

1519 3435 1630 3489 Ave
1661 3437 1727 3489 de
1754 3436 1906 3504 cujus
1934 3439 2043 3493 ﬁlio

1450 3525 1658 3580 Laudes
1682 3525 1844 3582 Pater
1877 3544 1980 3584 non
2007 3533 2203 3600 tacuit,

1447 3614 1730 3686 Ipsumque
1761 3616 1828 3670 de
1856 3621 2103 3690 sepulcro

1447 3709 1491 3762 Λ
1516 3713 1745 3767 mortuis
1771 3715 2077 3770 suscitavit.

1813 3805 1984 3864 Idem.

1514 3890 1626 3944 Ave
1658 3890 1822 3944 David
1857 3901 1911 3945 ιιι
1943 3894 2078 3960 ﬁlia,

1448 3983 1520 4035 Ex
1555 3999 1659 4052 qua
1685 3995 1866 4040 nostra
1895 3987 2200 4044 substantia

1446 4074 1609 4130 Sedet
1633 4077 1685 4130 in
1717 4077 1898 4132 Patris
1922 4079 2117 4134 dextra
2141 4121 2155 4146 ,

1443 4167 1598 4223 Jesus
1621 4168 1868 4224 Christus
1893 4172 1947 4225 in
1973 4173 2165 4242 gloria.

1796 4261 1966 4317 Idem.

1510 4352 1638 4412 Ave”
1650 4351 1854 4422 Regina
1877 4355 2147 4427 virginum
2170 4401 2184 4424 ,

1442 4443 1572 4508 Quae
1592 4445 1847 4514 peperisti
1877 4446 2064 4512 ﬁlium,

1441 4533 1542 4601 Qui
1570 4535 1747 4595 factus
1781 4552 1867 4597 est
1894 4543 2191 4612 redemptio

1439 4623 1484 4678 A
1507 4623 1666 4680 Patre
1695 4628 1861 4684 missa
1889 4630 2103 4700 papulo.

1672 4717 2093 4790 Redemptionem
2108 4765 2122 4788 ,
2153 4731 2259 4777 etc.
2332 4706 2338 4712 I

1507 4811 1623 4866 Ave
1652 4823 1828 4868 mater
1853 4829 1994 4870 verte
2020 4815 2186 4880 lucis,

1439 4903 1517 4958 Ex
1545 4917 1648 4972 qua
1671 4913 1832 4964 natus
1855 4906 1905 4958 in
1938 4907 2176 4961 tenebris

1441 4997 1644 5053 Lumen
1670 4999 1832 5054 rectis
1858 5001 2019 5055 corde
2051 5001 2189 5056 Deus

1441 5090 1748 5146 Misericors
1769 5100 1850 5145 est
1867 5131 1882 5156 ,
1914 5101 1970 5146 et
1984 5091 2182 5160 justus.

1701 5181 1954 5236 Exortum
1981 5193 2074 5248 est,
2098 5195 2203 5239 etc.

1512 5272 1624 5328 Ave
1651 5282 1853 5338 mater,
1889 5273 2044 5343 cujus
2069 5285 2255 5345 partus

1447 5365 1620 5435 Super
1642 5376 1827 5435 gentes
1847 5378 1930 5422 est
1957 5368 2202 5425 excelsus
2221 5408 2236 5436 ,

1445 5458 1757 5527 Respiciens
1784 5460 2003 5514 humilia
2079 5495 2086 5501 ι

1439 5549 1506 5604 Ει
1528 5551 1579 5604 111
1620 5550 1756 5608 ccelo
1780 5559 1834 5605 et
1866 5552 1921 5605 in
1954 5559 2119 5607 terra.

3472 197 3617 251 10ιό

2749 299 2878 365 Qui:
2902 305 3031 357 sicut
3057 303 3334 371 Dominus,
3357 315 3462 363 etc.

2639 393 2749 445 Ave
2782 403 2982 458 mater,
3006 395 3158 464 cujus
3182 405 3395 466 partum

2573 480 2684 536 Non
2715 483 3010 539 laudabunt
3041 486 3093 540 in
3127 486 3432 556 infernum;

2568 574 2672 629 Sed
2708 591 2803 632 nos
2835 579 2970 647 ipsi,
2997 579 3088 647 qui
3114 580 3377 648 vivimus,

2567 667 2795 723 Domino
2825 670 3212 727 henedicimus.

2845 755 2966 810 Non
2987 761 3198 824 mortui,
3220 768 3324 816 etc.

2633 846 2745 899 Ave
2767 855 2968 911 mater,
3001 847 3157 916 cujus
3188 859 3376 921 partus

2564 934 2674 988 Deo
2702 934 2852 991 Patri
2884 936 2944 991 ﬁt
2966 947 3224 1007 acceptus

2565 1023 2621 1077 In
2654 1025 2899 1080 vivorum
2932 1028 3151 1097 regione
3170 1069 3186 1093 ,

2568 1117 2681 1182 Qua
2711 1118 2900 1172 vivunt
2924 1117 3041 1187 ejus
3063 1130 3254 1176 morte.

2888 1208 3107 1267 Placebo
3133 1252 3148 1276 ,
3175 1221 3279 1268 etc.

2636 1301 2750 1355 Ave
2775 1309 2978 1369 mater,
3005 1302 3160 1371 eujns
3193 1314 3386 1374 partus

2572 1392 2808 1449 Salutari
2834 1411 2933 1450 nos
2961 1397 3132 1452 calice

2569 1486 2914 1560 Comparavit
2937 1491 3224 1544 cruciﬁxus
3241 1532 3256 1554 ,

2569 1581 2719 1649 Aqua
2746 1580 2903 1634 simul
2928 1590 2982 1636 ct
3011 1585 3294 1653 sanguine.

2907 1675 3137 1732 Calicem
3153 1719 3168 1742 ,
3198 1689 3304 1734 etc.

2643 1771 2755 1824 Ave
2777 1810 2790 1835 ,
2825 1785 3106 1839 perquam
3135 1771 3452 1828 conﬁrmata

2577 1861 2664 1914 Dei
2691 1861 3058 1916 misericordia

2571 1953 2866 2008 Veritatem
2891 1955 3184 2024 prophetiae

2566 2044 2792 2112 Aperuit
2821 2056 2877 2101 et
2900 2049 3112 2118 gratim.

2708 2139 2968 2206 Quoniam
2995 2144 3304 2213 conﬁrmata
3325 2185 3338 2208 ,
3362 2154 3470 2202 etc.

2637 2230 2750 2286 Ave
2780 2241 2981 2298 mater,
3009 2248 3072 2288 ex
3096 2249 3201 2304 qua
3227 2233 3365 2289 Deus

2569 2315 2745 2371 Illuxit
2768 2317 2860 2372 Dei
2891 2317 3059 2374 Filius
3078 2361 3095 2386 ,

2569 2411 2873 2481 Conceptus
2901 2423 3091 2469 sancto
3118 2414 3318 2483 Spiritu
3341 2456 3354 2480 ,

2575 2509 2642 2562 Et
2675 2525 2965 2580 resurgens
2989 2527 3051 2564 ex
3085 2511 3256 2565 obitu.

2713 2603 3017 2659 Benedictus
3055 2607 3142 2676 qui
3172 2607 3335 2675 venit,
3361 2617 3472 2661 etc.

2639 2703 2752 2758 Ave
2779 2714 2954 2759 mater
2986 2722 3082 2774 per
3107 2722 3268 2776 quam
3301 2707 3385 2761 via

2570 2789 2916 2846 Immaculata
2942 2795 3142 2862 patuit,

2569 2885 2669 2951 Qui
2703 2902 2732 2940 a
2757 2887 2868 2942 Deo
2901 2886 3033 2941 ﬂore

2568 2975 2864 3047 Virginitas
2895 2977 3143 3034 efﬂoruit.

2919 3073 3092 3127 Idem.

2633 3163 2747 3220 Ave
2772 3176 2945 3222 mater
2965 3166 3123 3236 hujus
3143 3177 3323 3236 partus
3340 3209 3354 3233 ,

2566 3255 2644 3309 Ad
2669 3270 2830 3324 quem
2862 3256 2963 3312 ﬁde
2994 3257 3431 3327 proclamamus,

2570 3341 2641 3397 Ut
2665 3343 2736 3398 sit
2771 3343 2893 3414 pius
2935 3345 3250 3409 exauditor,

2553 3437 2630 3493 Ne
2654 3439 2828 3494 valeat
2856 3439 3162 3495 tribulator.

2906 3529 3072 3585 Idem.

2626 3626 2738 3679 Ave
2768 3633 2972 3690 mater,
3003 3639 3108 3694 qua
3155 3626 3414 3693 processit

2557 3714 2710 3771 Jesus
2737 3716 2984 3772 Christus
3015 3717 3366 3782 Emmanuel,

2559 3806 2658 3873 Qui
2686 3824 2788 3862 non
2813 3809 3042 3872 dormit,
3077 3809 3171 3863 sed
3205 3810 3442 3863 custodit

2569 3898 2734 3954 Verus
2763 3909 3039 3969 protector
3063 3899 3246 3954 Israel.

2773 3991 2904 4046 Ecce
2927 4009 3028 4048 non
3052 3995 3262 4057 dormit,
3277 4003 3379 4049 etc.

2631 4084 2740 4138 Ave
2770 4093 2945 4140 mater
2978 4084 3137 4155 hujus
3164 4085 3324 4155 Regis
3346 4127 3360 4146 ,

2558 4176 2722 4247 Cujus
2751 4177 2904 4231 sedes
2921 4174 3219 4244 judicantis

2560 4265 2835 4322 Sedebuut
2875 4268 2928 4321 in
2955 4266 3197 4336 judicio,

2556 4352 2637 4407 Ad
2673 4353 3038 4408 conﬁtendum
3066 4355 3311 4408 Domino.

2871 4442 3009 4509 Quia
3041 4445 3150 4499 illic
3163 4487 3178 4512 ,
3207 4456 3312 4499 etc.

2621 4534 2735 4588 Ave
2771 4543 2978 4600 mater,
3008 4533 3160 4604 cujus
3187 4543 3376 4606 partus

2553 4625 2691 4680 Deus
2713 4626 2764 4679 in
2793 4625 2942 4682 cmlis
2972 4626 3211 4690 habitat,

2548 4715 2604 4769 111
2628 4725 2943 4771 sanctorum
2973 4718 3096 4773 dum
3143 4717 3416 4772 mentibus

2545 4805 2837 4861 Duleedine
2867 4821 2965 4861 sua
2998 4817 3204 4876 regnat.

2916 4895 3083 4950 Idem.

2620 4989 2752 5051 Ave,
2787 4989 2940 5058 cujus
2972 4989 3024 5041 in
3050 4989 3219 5041 ﬁlium

2552 5077 2857 5133 Proclamat
2880 5078 3014 5133 ﬁdes
3035 5087 3331 5147 martyrum
3356 5093 3369 5139 ;

2549 5171 2659 5225 Nisi
2684 5171 2822 5226 Deus
2847 5170 3161 5239 adjuvisset,

2548 5265 2869 5319 Persecutor
2897 5263 3225 5332 deglutisset.

2757 5354 2885 5409 Cum
2915 5366 3267 5422 exsurgerent,
3301 5366 3410 5412 etc.

2614 5465 2726 5516 Ave
2743 5503 2756 5526 ,
2788 5461 2940 5530 cujus
2964 5463 3014 5516 in
3041 5462 3147 5516 ﬁlio

2547 5555 2646 5624 Qui
2677 5555 2955 5609 conﬁdunt
2983 5569 3050 5614 ex
3071 5555 3282 5617 animos,
