3898 6052
279 251 413 307 ίηιὶῢ

279 369 347 425 Ut
377 378 530 418 mons
561 363 692 416 Sion
719 360 854 415 lium
889 359 1026 422 Deo,

274 455 330 509 In
362 469 466 523 quo
497 450 643 522 pacis
666 457 748 502 est
778 448 934 504 visio.

683 541 855 595 Idem.

344 635 484 697 Ave,
511 633 664 704 cujus
692 633 744 687 in
772 632 882 688 lilio

277 726 427 780 Facti
467 741 652 780 sumus
678 721 944 779 consolati

282 819 348 874 Et
381 819 658 888 replentur
685 831 752 872 ex
782 815 978 887 gaudio

277 911 607 982 Captivitate
637 909 804 966 exuti.

690 1001 830 1052 Idem
839 1039 854 1053 .

348 1091 461 1148 Ave
491 1093 726 1148 emlcstis
751 1093 973 1146 Domina
993 1130 1008 1155 ,

277 1181 444 1250 Cujus
477 1183 682 1238 fructus
709 1196 916 1236 merces
943 1195 1152 1246 sumus,

282 1272 410 1340 Ejus
435 1283 607 1328 morte
625 1273 860 1341 pretiosa

282 1364 416 1428 Quia
451 1363 614 1416 vitam
643 1363 965 1431 recepimus.

551 1451 681 1505 Cum
704 1453 932 1516 dederit,
961 1463 1064 1507 etc.

353 1537 464 1592 Ave
485 1547 661 1592 mater
690 1539 985 1609 singularis
1002 1579 1015 1602 ,

281 1626 450 1696 Cujus
476 1637 662 1697 partus
684 1627 999 1682 Emmanuel
1017 1672 1032 1696 ,

283 1717 624 1772 (lou'unercio
652 1733 764 1772 sua:
785 1719 966 1774 carnis

285 1805 520 1860 Etlectus
561 1819 640 1860 est
671 1821 775 1875 pax
808 1807 992 1862 Israel.

591 1896 657 1951 Ut
691 1899 862 1951 videas
884 1940 898 1965 ,
935 1908 1040 1953 etc.

365 1991 474 2044 Ave
497 2000 670 2044 mater
693 1992 889 2045 summi
921 1992 1078 2062 Regis
1097 2031 1112 2056 ,

287 2081 452 2150 Cujus
477 2092 558 2136 est
593 2083 896 2137 benedictio

291 2173 424 2226 Vitae
449 2187 664 2242 semper
691 2174 962 2229 aeternalis

289 2261 628 2332 Seuipiterna
666 2266 958 2333 possessio.

501 2353 568 2407 Et
598 2371 700 2408 non
724 2355 996 2424 dixerunt,
1026 2367 1132 2411 etc.

355 2446 468 2502 Ave
485 2488 500 2512 ,
532 2445 684 2514 cujus
715 2448 767 2501 in
793 2447 906 2502 lilio

289 2535 412 2592 llzec
439 2548 522 2592 est
549 2537 954 2604 misericordia,

297 2629 366 2684 Ut
404 2630 497 2684 fiat
525 2647 622 2685 suo
645 2631 842 2701 populo

301 2720 624 2790 Redemptio
646 2725 884 2792 capiosa.

433 2815 569 2880 Quia
595 2817 736 2885 apud
765 2817 1068 2884 Dominum,
1110 2829 1213 2874 etc.

357 2906 470 2960 Ave
491 2947 506 2970 ,
529 2905 684 2975 cujus
715 2909 764 2962 in
799 2909 964 2963 lilium

289 2995 463 3053 Verus
479 2997 590 3066 jam
613 3010 794 3068 sperat
821 3001 986 3056 Israel
1004 3043 1019 3068 ,

290 3089 392 3156 Qui
421 3105 526 3145 non
552 3090 726 3146 elatus
749 3093 990 3148 moribus

293 3183 372 3237 De
399 3198 458 3238 se
479 3185 647 3240 sensit
673 3186 971 3241 humiliter.

540 3279 721 3348 Speret
748 3279 944 3343 Israel,
985 3289 1088 3335 etc.

360 3371 474 3424 Ave
502 3381 704 3434 mater,
750 3371 911 3441 Virga
939 3387 1070 3441 pura
1089 3415 1102 3436 ,

289 3461 452 3530 Cujus
479 3473 666 3532 partus
699 3465 859 3517 homo
903 3463 1044 3518 Deus

291 3553 456 3608 Sedet
483 3555 534 3607 iu
567 3554 740 3607 Patris
763 3555 982 3608 dextera
1002 3594 1016 3617 ,

293 3645 434 3698 Deus
463 3645 632 3698 David
663 3656 718 3699 et
745 3645 910 3700 ﬁlius.

647 3736 814 3791 Idem.

367 3829 506 3896 Ave,
536 3827 692 3898 cujus
725 3829 774 3882 iu
811 3829 904 3882 lilii

294 3921 614 3976 llahitamus
641 3923 719 3976 sic
741 3923 900 3986 ovili,

289 4013 444 4066 Sicut
470 4014 558 4067 illa
583 4014 914 4083 germanitas
933 4055 948 4076 ,

292 4103 462 4171 Quam
489 4106 626 4176 regit
657 4122 764 4160 una
794 4105 1052 4158 charitas.

651 4197 820 4251 Idem.

355 4289 496 4354 Ave,
525 4289 677 4357 cujus
703 4290 754 4343 in
786 4289 879 4343 lilii

294 4381 662 4436 lnhahitamus
691 4381 842 4434 atriis
859 4421 876 4444 ,

293 4471 350 4525 In
381 4471 547 4542 ipsius
582 4472 794 4541 quando
830 4471 932 4526 (ide

295 4563 594 4618 Dilatamur
624 4564 911 4619 charitate.

579 4653 682 4718 Qui
705 4655 854 4708 statis
870 4695 884 4720 ,
910 4665 1014 4710 etc.

365 4743 477 4796 Ave
501 4752 704 4806 mater,
735 4744 788 4796 in
814 4759 918 4812 qua
947 4744 1090 4800 Deus

297 4832 393 4888 Est
413 4849 478 4888 ex
511 4834 640 4889 Sion
671 4835 985 4892 benedictus
999 4877 1012 4900 ,

294 4925 398 4991 Qui
421 4925 625 4980 habitat
649 4927 1010 4994 Hierusalem,

295 5013 452 5071 Pacis
483 5017 687 5090 habens
713 5019 995 5074 visionem.

369 5109 683 5163 Benedictus
709 5111 844 5164 Dens
877 5127 940 5164 ea:
967 5111 1096 5166 Sion
1113 5152 1128 5176 ,
1155 5121 1259 5167 etc.

363 5198 514 5264 Ave,
538 5199 690 5268 cujus
720 5199 772 5252 iu
810 5197 921 5254 lilio

295 5287 632 5343 Conﬁtemur
658 5291 804 5345 Patri
837 5292 978 5358 Deo;

296 5377 562 5444 Quoniam
589 5381 650 5435 ﬁt
681 5383 734 5435 in
759 5382 952 5436 saecula

295 5466 424 5539 Ejus
451 5468 838 5524 misericordia.

617 5561 787 5616 Idem.

365 5660 478 5716 Ave
497 5701 512 5726 ,
543 5667 686 5716 terra
711 5659 990 5717 benedicta
1007 5699 1024 5728 ,

1201 239 1420 296 HYMN!
1457 240 1544 296 ET
1577 237 2014 296 PSALTERIUM
2045 236 2132 292 DE
2171 235 2227 291 S.
2269 232 2504 288 MARIA.

1385 358 1440 412 lu
1469 373 1574 428 qua
1607 365 1860 411 cantatur
1885 355 2181 416 canticum,

1386 448 1536 515 Quod
1563 450 1614 503 in
1644 459 1788 504 terra
1813 448 1988 505 aliena

1387 546 1608 600 Cantari
1642 561 1748 600 non
1771 553 1854 599 est
1883 543 2110 598 licitum.

1386 635 1546 706 307
1576 635 1850 701 Quomodo
1867 635 2214 698 cantabimus,
2253 641 2340 688 etc

1459 731 1592 794 Ave,
1621 731 1774 802 cujus
1803 731 1970 786 lilium

1394 822 1483 877 Dei
1513 822 1686 878 Patris
1715 838 1902 878 verum
1937 823 2216 890 templum,

1393 912 1554 966 Prout
1583 911 1760 976 decet,
1789 912 2100 972 adoramus.

1391 1001 1524 1055 Dum
1546 1000 1830 1056 credentes
1859 1000 2198 1056 conﬁtemur.

1571 1090 1633 1145 In
1656 1099 1954 1160 conspectu,
1987 1101 2092 1146 etc.

1465 1179 1594 1242 Ave,
1625 1181 1777 1251 cujus
1806 1197 1868 1250 pa
1879 1189 1995 1236 rtus

1393 1269 1448 1326 ln
1478 1271 1680 1325 tumulo
1707 1278 1992 1339 soporatus

1394 1357 1547 1412 Sicut
1581 1357 1723 1410 diem
1753 1365 1964 1412 noctem
1991 1353 2146 1418 fecit;

1393 1447 1524 1503 Cum
1555 1447 1620 1500 de
1652 1455 1808 1502 nocte
1841 1445 2154 1500 resurrexit.

1571 1537 1710 1603 Quia
1734 1537 1978 1602 tenebrte,
2015 1547 2118 1591 etc.

1465 1627 1598 1694 Ave,
1628 1627 1781 1696 cujus
1804 1633 1888 1680 est
1918 1623 2010 1679 lilii

1395 1719 1558 1774 Pater
1588 1719 1763 1772 virtus
1785 1716 2062 1782 salutaris,

1394 1811 1614 1881 Agentis
1646 1811 1698 1864 in
1731 1811 1820 1864 die
1847 1808 1972 1864 belli

1393 1901 1513 1956 Vim
1545 1909 1743 1955 nostrae
1782 1897 2185 1968 redemptionis.

1395 1991 1633 2056 Domine,
1657 1991 1875 2044 Domine
1895 1991 2055 2044 virtus
2077 1988 2264 2042 salutis
2287 2001 2433 2041 metu.

1465 2083 1575 2136 Ave
1615 2091 1812 2145 mater,
1850 2079 2003 2149 cujus
2044 2087 2233 2150 partus

1395 2174 1548 2229 Viam
1576 2173 1704 2228 fecit
1724 2173 2036 2244 singularis,

1397 2267 1576 2321 Donec
1604 2267 1814 2336 peregit
1841 2264 2126 2330 transitus,

1396 2356 1602 2424 Quibus
1634 2357 1799 2410 vitam
1829 2355 1978 2411 dedit
2009 2353 2186 2410 nobis.

1575 2448 1775 2504 Cadent
1803 2449 1858 2502 in
1883 2445 2155 2512 retiaculo,
2187 2453 2292 2502 etc.

1469 2542 1580 2598 Ave
1605 2549 1798 2606 mater,
1827 2540 1980 2610 cujus
2005 2547 2224 2610 partum

1399 2633 1798 2702 Exspectabam
1833 2645 2024 2686 omnes
2045 2629 2212 2701 justi;

1398 2725 1581 2780 Donec
1603 2723 1762 2778 Pater
1785 2738 1954 2793 genus
1989 2729 2230 2777 nostrum

1401 2817 1674 2872 Retribuit
1695 2813 1812 2884 ejus
1839 2814 2020 2868 morti.

1575 2906 1727 2960 Educ
1749 2907 1812 2960 de
1833 2905 2088 2967 custodia,
2119 2911 2224 2959 etc.

1468 3000 1580 3054 Ave
1611 3006 1786 3052 mater
1815 2997 1974 3066 hujus
2001 3003 2207 3068 partus,

1400 3086 1564 3156 Cujus
1589 3101 1686 3140 nos
1708 3084 1858 3137 ducit
1877 3084 2098 3153 spiritus

1381 3179 1456 3233 -ln
1491 3187 1690 3232 terram
1720 3175 2078 3238 rectitudinis,

1403 3268 1626 3324 Terram
1655 3265 2094 3322 resurrectionis.

1546 3357 1778 3429 Spiritus
1811 3366 1931 3412 tuus
1961 3357 2148 3422 bonus,
2170 3363 2277 3412 etc.

1475 3450 1586 3504 Ave
1614 3458 1809 3516 mater,
1835 3449 1988 3520 cujus
2015 3455 2224 3518 partus,

1407 3539 1540 3594 Dum
1567 3541 1798 3596 virtutes
1822 3539 2131 3611 lulguravit,

1405 3636 1654 3691 lnﬁdelcs
1677 3637 2010 3707 principatus

1406 3735 1513 3789 Sua
1545 3745 1722 3790 morte
1751 3735 2051 3804 dissipavit.

1693 3823 1950 3894 Fulgura,
1981 3832 2086 3878 etc.

1481 3917 1588 3970 Ave
1615 3925 1807 3980 mater,
1833 3915 1989 3985 cujus
2015 3921 2202 3985 partus

1406 4007 1714 4062 Laudabilis
1738 4017 1820 4062 est
1850 4006 2126 4072 Dominus,

1407 4103 1470 4156 Et
1501 4100 1886 4171 magnitudinis
1906 4099 2022 4168 ejus

1405 4197 1522 4250 Non
1553 4204 1635 4250 est
1665 4195 1786 4248 linis
1817 4208 1917 4248 nec
1946 4193 2225 4248 terminus.

1549 4269 1776 4358 Magnus
1799 4285 2074 4350 Dominus,
2104 4293 2210 4342 etc.

1479 4379 1590 4433 Ave
1617 4387 1809 4442 mater,
1835 4375 1988 4444 cujus
2011 4385 2194 4444 partus

1407 4471 1546 4527 Vere
1572 4471 1731 4526 solvit
1760 4467 2122 4538 compeditos;

1407 4564 1542 4630 Quia
1569 4563 1681 4618 sola
1715 4563 1846 4616 ﬁdes
1877 4559 1998 4628 ejus

1407 4656 1678 4710 llluminat
1699 4663 1878 4708 mente
1905 4641 2125 4708 ctecos.‘

1553 4747 1805 4800 Dominus
1833 4745 2010 4810 solvit,
2031 4753 2138 4800 etc.

1479 4837 1590 4890 Ave
1623 4845 1813 4899 mater,
1859 4834 2015 4902 cujus
2043 4841 2233 4902 partus

1411 4927 1660 4984 [Edilicat
1691 4925 2060 4990 Hierusalem;

1411 5015 1542 5074 Dum
1569 5017 1868 5074 clementer
1895 5031 1994 5072 nos
2019 5015 2086 5071 ad
2113 5014 2230 5084 ejus

1406 5110 1683 5166 Coadunat
1713 5109 1998 5162 visionem.

1585 5203 1909 5272 ﬁdiﬁcans,
1939 5209 2044 5254 etc.

1479 5294 1593 5348 Ave
1623 5304 1816 5358 mater,
1848 5292 2003 5360 cujus
2031 5300 2242 5361 partum

1411 5384 1617 5440 Laudat
1641 5383 1728 5438 illa
1755 5380 2111 5446 Hierusalem,

1411 5478 1480 5533 Et
1515 5479 1752 5548 suspirat
1775 5474 1830 5528 in
1865 5484 2128 5528 aeternum

1415 5565 1578 5638 Cujus
1615 5567 1749 5622 lines
1778 5563 1928 5619 dedit
1961 5575 2168 5633 pacem.

1557 5659 1662 5738 Qui
1684 5662 1856 5730 posuit
1883 5660 2036 5731 ﬁnes,
2065 5669 2168 5716 etc.

3393 221 3410 273 l
3423 218 3532 274 0A6

2565 349 2675 401 Ave
2706 356 2900 408 mater,
2939 345 3094 414 cujus
3121 352 3306 413 partus

2496 442 2572 496 Ex
2595 440 2774 496 debita
2793 435 3002 506 justitia

2435 563 2456 578 ρ-
2495 531 2741 586 Laudant
2767 529 2914 583 cives
2939 524 3274 594 angelorum,

2495 623 2698 677 Laudat
2719 618 2895 676 omnis
2917 625 3184 672 creatura.

2497 710 2732 767 Laudate
2753 725 2872 764 eum
2893 722 3070 760 omnes
3095 703 3288 773 angeli,
3329 709 3432 758 etc.

2568 803 2701 866 Ave,
2725 801 2790 854 de
2815 795 2968 865 cujus
2997 795 3108 850 lilio

2499 894 2626 948 Sion
2662 890 2938 947 exsultant
2974 887 3130 950 ﬁliai;

2500 985 2634 1038 Dum
2662 983 2730 1037 de
2757 980 2874 1048 ejus
2903 978 3181 1034 consortio

2499 1075 2823 1132 Sanctorum
2855 1071 3089 1143 gaudent
3113 1069 3326 1124 animai.

2641 1165 2997 1221 Emettltabunt
3023 1161 3212 1225 sancti,
3239 1168 3346 1214 etc.

2565 1259 2679 1313 Ave
2708 1265 2902 1322 mater,
2932 1254 3086 1322 cujus
3109 1261 3324 1320 partum

2499 1353 2555 1407 In
2584 1348 2853 1422 tympanis
2885 1346 3200 1402 meritorum

2502 1437 2688 1492 Sancti
2726 1434 2950 1489 laudant
2979 1446 3044 1487 ex
3073 1429 3266 1500 gratia,

2502 1529 2888 1584 Mortificantes
2914 1525 3066 1579 vitia.

2503 1617 2740 1671 Laudate
2765 1615 3046 1668 Dominum
3067 1614 3120 1666 in
3141 1621 3408 1682 tympano,
3430 1616 3539 1664 etc.

2639 1737 2926 1778 εοιςςιυειο
2965 1732 3394 1776 εΑιυτΑτιοΝωι.

2523 1809 2530 1820 ’
2575 1816 2686 1870 Ave
2717 1831 2928 1887 gemma
2957 1812 3274 1885 singularis,

2507 1905 2720 1962 llabens
2742 1907 2939 1976 scripta
2971 1904 3228 1976 mysteria

2504 1995 2560 2052 In
2591 1997 2778 2052 aeterni
2807 1996 3086 2052 Pontiﬁcis

2506 2091 2778 2149 Rationali
2817 2091 3012 2162 posita.

2579 2187 2688 2241 Ave
2711 2183 2906 2239 lamina
2937 2195 3120 2246 aurea,

2506 2277 2561 2330 lu
2597 2284 2648 2331 te
2677 2275 2792 2344 ipsa
2819 2270 3255 2338 circumscripta,

2505 2363 2712 2418 Nomen
2743 2357 3110 2431 propitiabile,

2505 2453 2658 2522 Quod
2687 2459 2767 2506 est
2797 2449 3090 2505 indicibile.

2577 2542 2688 2598 Ave
2717 2540 2828 2596 sola
2855 2538 3158 2609 virginitas,

2505 2631 2668 2703 Cujus
2696 2633 2837 2686 Deus
2857 2629 3184 2692 fecunditas,

2506 2723 2760 2778 Nostrum
2791 2718 3234 2791 superbumerale

2507 2817 2695 2872 Divina
2729 2815 2786 2869 lit
2815 2831 2882 2870 ex
2913 2814 3132 2867 virtute.

2577 2907 2771 2962 Postea
2817 2903 3040 2958 dicenda
3086 2911 3160 2956 est
3209 2899 3498 2968 antiphona
3531 2910 3552 2948 :.-

2574 3022 2687 3076 Ave
2715 3019 2920 3088 Regina
2947 3015 3226 3078 caelorum,
3259 3021 3364 3068 etc.

2613 3107 2740 3163 Post
2773 3123 2930 3178 quam
2955 3115 3028 3159 est
3053 3105 3166 3158 Istuc
3195 3101 3384 3156 altera:

2577 3201 2764 3256 Gaude
2791 3197 2884 3252 Dei
2911 3195 3146 3267 genitrix
3171 3193 3334 3262 Virgo
3359 3191 3556 3245 imma-

3243 3281 3446 3354 [culata
3463 3297 3478 3344 ;

2507 3381 2714 3450 Gaude,
2764 3393 2884 3450 quae
2939 3376 3193 3448 gaudium
3233 3375 3302 3429 ab
3349 3371 3554 3444 Angelo

3153 3462 3482 3538 [suscepisti,

2510 3563 2718 3626 Gaude,
2759 3572 2880 3628 quae
2913 3555 3146 3628 genuisti
3171 3553 3358 3610 aeterni
3397 3551 3556 3606 lumi‘

2992 3648 3102 3721 [nis
3127 3646 3474 3706 charitatem,

2510 3748 2716 3813 Gaude,
2735 3754 2908 3799 mater
2929 3743 3146 3814 pietatis
3164 3751 3220 3796 et
3246 3739 3558 3794 misericor-

3325 3831 3449 3903 [dite
3468 3849 3484 3897 ς

2511 3929 2718 3992 Gaude,
2763 3934 2948 3981 sancta
2981 3925 3076 3980 Dei
3107 3923 3342 3994 genitrix
3367 3923 3554 3994 virgo;

2512 4021 2593 4077 Tu
2620 4019 2732 4075 sola
2765 4025 2940 4073 mater
2965 4017 3226 4085 innupta;

2513 4115 2590 4170 Te
2617 4113 2800 4168 laudat
2829 4111 3005 4166 omnis
3035 4108 3244 4164 factura

2513 4201 2842 4258 Genitricem
2873 4199 3040 4264 lucis;

2515 4295 2604 4351 Sis
2629 4301 2727 4366 pro
2773 4292 2949 4358 nobis,
2996 4303 3327 4361 quaesumus,
3357 4288 3444 4358 pia
3475 4287 3558 4341 in-
3583 4273 3588 4282 ’

3139 4379 3346 4452 [terveu
3356 4379 3480 4432 trix.

2516 4475 2698 4530 Oratio
2721 4491 2739 4528 :
2767 4475 2907 4528 Deus
2935 4472 3026 4542 qui
3055 4472 3122 4527 de
3151 4471 3342 4534 beatae,
3371 4479 3480 4523 etc.

2513 4571 2760 4624 Aiurnnus
2787 4582 2806 4620 ι
2837 4581 2888 4620 IN
2917 4579 3132 4620 nsunt-1st
3177 4580 3224 4620 s.
3254 4576 3520 4619 narrans.

2585 4657 2628 4714 0
2661 4656 2851 4721 Maria,
2887 4669 3079 4709 nomen
3115 4654 3341 4722 bonum,

2497 4741 2721 4806 :Nomen
2746 4744 3096 4802 memorabile
3121 4763 3135 4797 :

2516 4835 2559 4890 0
2583 4849 2776 4890 nomen
2802 4833 2944 4902 quod
2973 4832 3166 4888 melius
3191 4839 3276 4887 est

2471 4963 2486 4994 π
2517 4928 2686 5010 Quam
2713 4925 2894 4982 multa:
2920 4923 3155 4978 divitiae!

2589 5017 2892 5074 Balsamum
2914 5014 3296 5077 aromatizans,

2521 5107 2668 5164 Thus
2695 5107 2847 5162 mira:
2877 5103 3208 5173 fragrantia,

2521 5201 2646 5257 Flos
2667 5209 2923 5264 :eternus,
2953 5211 3074 5252 rasa
3105 5193 3272 5259 senis,

2524 5291 2749 5362 Lignum
2771 5302 2988 5356 semper
3009 5284 3201 5340 viride.

2596 5383 2760 5439 Stella
2782 5381 2908 5437 solis
2925 5379 3228 5434 claritatem

2528 5477 2638 5532 Suo
2660 5473 2881 5528 vincens
2911 5471 3144 5540 juhare:

2527 5568 2751 5636 Semper
2777 5571 2969 5626 mater,
2999 5562 3122 5632 quia
3147 5574 3420 5632 nunquam

2529 5659 2648 5714 Eris
2677 5658 2794 5714 sine
2821 5655 3022 5714 sobole.
