3898 6052
410 155 540 212 illi-7
739 164 793 218 S.
835 167 1129 225 ANSELMI
1176 173 1519 231 CANTUAB.
1561 178 1878 236 ARCHIEP.
1919 184 2070 240 OPP.
2107 185 2288 242 PARS
2312 187 2377 243 ll.
2417 220 2483 233 --
2520 191 2888 250 PARXENE'I‘.
2936 197 3023 252 ET
3059 198 3300 254 ASCET.
3531 203 3675 257 £048

435 299 440 304 ·
474 277 749 348 Speciosa,
775 291 828 336 et
853 286 1036 340 suavis

401 369 684 426 Canticum
717 372 941 438 ltetitite;

401 453 773 525 Pratdicanda,
801 469 854 514 et
885 460 1149 518 laudanda

399 547 656 601 Privatim
685 557 739 602 et
763 550 994 618 publice.

470 639 582 693 Non
614 641 700 694 hic
723 648 949 708 tantum,
983 645 1078 700 sed
1109 646 1160 701 in
1193 657 1298 702 tota

396 725 577 780 Mundi
609 727 912 794 latitudine,

395 818 463 871 Et
490 819 541 872 in
566 819 737 881 caelis,
767 821 1081 893 angelorum

393 909 548 966 Dulci
579 911 960 967 modulamine.

464 996 636 1061 Quam
669 1012 853 1054 amare
883 999 1024 1056 nolle
1053 1001 1228 1057 nullus

392 1084 574 1140 Potest
606 1089 724 1144 sine
748 1091 1006 1158 crimine;

391 1171 486 1228 Cui
518 1178 755 1245 placare,
784 1178 889 1234 fide
912 1188 1080 1246 stare,

389 1268 455 1323 Et
481 1270 591 1325 Deo
617 1281 701 1326 est
729 1275 931 1329 vivere.

462 1362 596 1416 Dum
629 1379 725 1418 nos
755 1365 848 1420 tibi
879 1369 1340 1433 commendamus,

387 1451 523 1509 Vota
548 1465 732 1510 nostra
759 1458 1008 1526 suscipe:

384 1545 522 1599 Dum
559 1555 608 1601 te
635 1550 788 1616 proni
817 1550 1117 1620 salutamus

384 1633 641 1699 Quamvis
669 1637 770 1692 bne
807 1639 1082 1694 rarissime

452 1727 567 1781 Ave
599 1727 693 1783 tibi
732 1731 912 1784 eorum
943 1741 1031 1786 tua

382 1814 656 1872 Dicentem
698 1820 952 1892 imagine,

380 1905 694 1978 lncorrupta
721 1921 774 1965 et
800 1912 1059 1978 fecunda;

379 1997 498 2053 Nuli
530 2015 614 2056 me
645 2003 946 2073 despicere.

449 2091 656 2149 Caelum
688 2098 830 2162 coeli,
867 2101 1056 2156 domus
1086 2104 1198 2171 Dei,

376 2183 484 2243 Vas
516 2190 918 2259 misericordiae,

375 2279 610 2337 Pronum
639 2300 768 2340 vero
798 2286 890 2340 tibi
929 2299 1162 2355 constat,

371 2374 438 2428 Et
462 2377 686 2432 omnino
717 2378 893 2435 facile.

448 2472 523 2524 Ad
551 2486 904 2543 quoscunque
934 2477 1062 2531 velis
1087 2495 1214 2532 usus

369 2563 603 2632 Angelos
637 2568 1008 2624 transmittere

369 2649 524 2715 Quod
547 2653 792 2723 exempla
824 2655 988 2709 multa
1023 2658 1271 2727 probant,

371 2739 500 2806 Quae
530 2743 748 2814 longum
775 2755 857 2801 est
879 2763 1101 2817 ponere.

439 2836 671 2907 Ideoque
691 2850 936 2895 sanctum
962 2843 1114 2898 nobis

367 2927 676 2984 Gabrielem
703 2931 894 3003 dirige,

367 3014 468 3080 Qui
496 3025 546 3070 te
572 3027 800 3073 matrem
833 3021 927 3076 Dei
950 3023 1033 3077 sui

367 3106 634 3163 Salutavit
659 3124 914 3182 congrue.

433 3200 610 3270 Atque
632 3213 821 3258 sancto
853 3206 1237 3275 gravidandam

364 3295 699 3348 Praeconavit
735 3295 976 3365 flamine,

361 3385 579 3454 Absque
609 3392 958 3458 generatione

361 3474 634 3532 Naturalis
658 3481 880 3548 copulae.

429 3565 604 3634 Ipsum
637 3584 767 3638 ergo
795 3571 862 3624 ad
895 3580 945 3627 te
973 3573 1128 3628 nobis

358 3656 702 3714 Causidicum
732 3661 930 3728 tribue,

361 3745 448 3800 Uti
481 3747 574 3803 tibi
606 3766 795 3820 preces
817 3764 1032 3811 nostras

357 3838 622 3910 D-ignetur
647 3859 956 3916 suggerere.

425 3934 754 4008 leestique
777 3941 937 3996 corda
967 3951 1151 3999 nostra

356 4025 522 4083 Curet
554 4028 934 4097 medicamine,

316 4175 328 4189 ο
356 4119 618 4184 Quoniam
651 4131 776 4176 sunt
807 4124 1032 4181 vanitati

356 4209 580 4271 Snbdita
613 4215 900 4282 superflue.

427 4299 531 4356 Sed
557 4312 629 4366 tu,
659 4314 833 4360 mater
857 4305 1110 4377 gloriosa,

352 4393 568 4451 Miseris
595 4409 927 4469 compatere,

253 4482 262 4492 '
351 4483 602 4542 Tendens
628 4499 834 4555 autem,
864 4492 908 4546 si
937 4493 1057 4561 quis
1079 4496 1208 4562 petit

353 4579 462 4634 Sua
496 4583 709 4640 vincula
743 4587 972 4642 solvere.

421 4673 534 4730 Nec
563 4677 861 4750 dedignans
903 4683 1224 4744 miserorum

348 4763 646 4823 Airumnas
676 4770 958 4828 attendere
985 4792 998 4827 :

349 4857 456 4912 Sed
480 4869 665 4928 parata
697 4862 970 4921 invocanti

346 4947 578 5005 Cuilibct
610 4966 949 5012 succurrere.

417 5041 462 5098 Ο
491 5053 718 5112 patrona
751 5059 1124 5117 peccatorum;

344 5129 462 5186 lluc
488 5134 554 5188 ad
583 5150 680 5190 nos
708 5147 1022 5195 convertere
1055 5161 1067 5195 :

342 5219 615 5276 lllustrat‘o
643 5232 817 5281 terras
839 5236 1068 5293 nostras,

349 5308 538 5365 Vultus
567 5313 641 5367 tui
669 5315 866 5372 sidere.

413 5402 480 5456 Et
510 5420 576 5459 ex
610 5407 696 5462 illa
727 5413 851 5466 sede
879 5421 963 5467 tua

335 5489 569 5564 pomum
611 5496 766 5552 istam
793 5505 1017 5569 respice,

341 5572 408 5636 Et
447 5585 759 5638 commenda
790 5587 1050 5646 Salvatori

1510 290 1713 348 Locum
1746 296 1890 352 hunc
1927 298 2157 355 assidue.

1578 387 1652 442 Ac
1673 388 1904 460 benigne
1929 393 2103 447 nostri
2131 409 2339 450 memor
2415 405 2420 411 ’

1504 475 1615 534 Nos
1641 494 1670 532 a
1697 481 1856 536 malis
1878 483 2031 552 eripe
2058 504 2070 538 :

1506 568 1902 641 Beneficiisque
1931 575 2037 630 tuis

1503 658 1847 719 lncessanter
1875 663 2080 723 refove.

1573 755 1675 821 Qui
1709 771 1806 813 nos
1838 757 1933 813 tibi
1955 765 2398 821 commendamus

1505 843 1648 902 Satis
1676 851 2008 916 necessarie,

1502 936 1854 1008 lmplorantes
1877 958 2034 1014 opem
2058 954 2229 1012 tuam,

1502 1027 1677 1100 Super
1702 1049 1798 1089 nos
1825 1034 2155 1093 descendere
2183 1056 2196 1091 :

1571 1121 1675 1178 Pro
1704 1125 1940 1193 peccatis
1968 1127 2166 1198 quippe
2197 1131 2398 1186 nostris

1500 1216 1844 1273 Tribulamur
1876 1221 2128 1290 undique,

1499 1303 1563 1359 Et
1599 1307 1998 1374 praevaluerunt
2029 1311 2083 1363 in
2120 1303 2218 1366 nos

1498 1399 1742 1455 Hostium
1771 1401 1999 1457 insidiae.

1566 1492 1664 1558 Qui
1698 1507 1797 1548 nos
1836 1495 1994 1550 dente
2017 1497 2253 1563 genuino

1493 1579 1606 1634 Non
1639 1592 1852 1637 cessant
1883 1587 2170 1641 corrodere
2201 1605 2215 1642 :

1423 1734 1432 1744 υ
1493 1668 1604 1723 Heu
1634 1672 1848 1725 miseri!
1882 1687 1981 1727 cur
2006 1689 2124 1730 sum
2160 1685 2320 1733 natus

1491 1761 1660 1816 Tanta
1693 1764 1832 1818 mala
1859 1766 2122 1821 cernere?

1557 1854 1726 1912 Mater
1751 1859 1856 1927 pia,
1884 1859 2036 1915 stella
2065 1860 2255 1926 maris,

1485 1949 1538 2002 In
1572 1951 1675 2006 hoc
1711 1955 1994 2009 consolare
2027 1969 2134 2019 me,

1484 2041 1549 2096 Et
1588 2045 1763 2101 amico
1788 2045 1882 2102 Dei
1908 2061 2103 2118 magno

1481 2132 1708 2190 Nicolao
1740 2137 1988 2192 condole.

1552 2224 1617 2278 Et
1645 2226 1854 2282 ancilla:
1895 2227 1987 2281 Dei
2021 2227 2122 2297 pize

1478 2313 1793 2385 Cunegundi
1825 2318 2072 2382 condole,

1479 2407 1641 2477 Cujus
1669 2424 1802 2478 pene
1827 2409 1938 2477 jam
1969 2408 2168 2466 defecit

1478 2497 1661 2553 Honor
1699 2499 2050 2570 Reipublicae,

1546 2585 1674 2640 Esto
1708 2584 1824 2654 ejus
1845 2588 2154 2643 interventu

1475 2675 1671 2732 Custos
1705 2676 1863 2746 hujus
1895 2678 2084 2746 vineae,

1475 2765 1542 2821 Et
1566 2767 1909 2824 circumdans
1930 2783 2050 2825 eam
2079 2786 2236 2828 muro

1474 2857 1769 2928 Rapientes
1796 2861 1863 2916 ab
1886 2862 2028 2933 igne.

1544 2949 1818 3018 Palmites,
1851 2969 1988 3024 quos
2017 2957 2266 3026 produxi,

1457 3042 1702 3098 Benedic
1727 3055 1781 3100 et
1807 3056 2028 3119 protege
2060 3064 2075 3102 :

1470 3135 1585 3205 lpsa
1612 3138 1808 3208 quippe
1838 3150 1889 3195 te
1922 3141 2110 3196 dilexit

1467 3231 1945 3291 Aﬂ‘ectuosissime.

1537 3321 1764 3392 Semper
1791 3325 1986 3379 ardens
2021 3339 2142 3382 esse
2174 3336 2277 3382 tuae

1465 3409 1765 3466 Commoda
1797 3413 2075 3469 Ecclesiae.

1466 3499 1607 3568 Ergo
1633 3509 1688 3555 et
1726 3508 1782 3555 tu
1810 3516 1996 3559 servos
2024 3504 2140 3574 ejus

1467 3589 1872 3663 Consequenter
1903 3594 2086 3667 dilige.

1537 3682 1830 3742 Consolare
1869 3689 2176 3757 destitutos,

1467 3767 1658 3840 Lapsis
1685 3789 1906 3829 manutn
1939 3778 2175 3848 porrige,

1466 3863 1630 3936 303
1665 3867 1729 3922 Et
1755 3869 1890 3924 educ
1918 3873 1984 3926 de
2013 3871 2126 3928 luto
2155 3873 2306 3940 fecis,

1466 3955 1532 4008 Et
1559 3956 1677 4012 lacu
1710 3960 1960 4016 miseriae.

1536 4047 1644 4105 Nec
1673 4067 1772 4108 nos
1802 4059 1990 4110 mortis
2021 4060 2364 4128 sempiterna}

1463 4139 1937 4210 Comprehendant
1971 4147 2206 4204 tenebrae
2236 4167 2298 4229 ε,

1465 4229 1568 4284 Sed
1609 4232 1840 4289 illustret
1873 4247 2081 4294 mentes
2111 4248 2325 4296 nostras

1460 4319 1577 4375 Lux
1611 4324 1848 4381 cmlestis
1875 4331 2083 4398 gratiae.

1533 4418 1682 4474 Doni.
1710 4421 1864 4491 cujus
1895 4427 2085 4481 sordes
2119 4439 2294 4485 tantas

1457 4507 1754 4567 Possumus
1785 4517 2016 4571 evadere
2045 4533 2060 4570 :

1457 4601 1662 4668 Quibus
1701 4607 1942 4659 membra
1974 4623 2103 4663 suus
2135 4611 2362 4667 mundus

1457 4691 1649 4748 Polluit
1686 4695 1912 4752 nefarie.

1528 4782 1607 4838 Tu
1638 4801 1696 4840 es
1725 4789 1869 4842 enim
1901 4801 2072 4844 mater
2093 4791 2315 4859 Christi,

1457 4871 1652 4931 Suavis
1683 4880 1978 4945 memoriae,

1458 4966 1539 5023 0b
1567 4985 1728 5040 quam
1766 4973 1922 5026 nobis
1941 4985 2067 5028 sunt
2098 4987 2298 5045 apertae

1456 5059 1699 5118 Paradisi
1725 5065 1926 5134 janum.

1527 5153 1656 5220 Quae
1680 5164 1788 5210 tam
1817 5168 2011 5227 potens
2038 5175 2096 5216 es
2120 5163 2172 5218 in
2203 5164 2348 5217 omni

1452 5240 1720 5302 Bonitatis
1743 5263 1922 5317 opere,

1456 5331 1524 5387 Ut
1547 5337 1766 5390 omnino
1795 5338 1866 5392 sit
1894 5339 2132 5406 beatum,

1455 5417 1638 5486 Qualis
1667 5424 1742 5478 sis
1768 5441 2080 5494 agnoscere.

1521 5509 1867 5568 Benedictum
1896 5532 2085 5572 nomen
2114 5521 2252 5586 ejus,

1451 5600 1710 5659 Sanctum
1750 5614 1804 5660 et
1836 5609 2094 5673 terribile.

2624 307 2726 376 Qui
2758 331 2855 385 per
2881 324 3067 375 orbem
3097 327 3242 372 tuum
3268 338 3460 379 nomen

2622 397 2777 454 Fecit
2815 417 2936 459 esse
2968 405 3198 462 celebre.

2694 485 2795 542 Per
2814 503 2977 558 quam
3005 503 3188 560 posset
3213 495 3319 551 reis
3351 497 3463 554 suis

2615 573 2846 632 Peccata
2879 581 3172 636 remittere.

2617 663 2843 736 Semper
2873 683 3080 737 qumso,
3112 672 3198 741 pia
3231 673 3392 745 Virgo

2615 753 2715 812 Mei
2750 758 3119 815 reminiscere.

2687 843 3022 917 Semperque
3044 850 3292 905 veritatis

2613 932 2763 988 Dona
2796 936 2925 990 mibi
2955 938 3163 1004 obtine,

2613 1019 2682 1074 Ut
2707 1037 2792 1077 me
2814 1038 2913 1079 suo
2945 1033 3164 1080 tueatur

2609 1109 2779 1167 Sacro
2818 1115 3209 1174 moderamine.

2678 1197 2867 1270 Sitque
2893 1217 3026 1257 mea:
3051 1217 3213 1271 prece
3249 1215 3340 1264 tua

2604 1286 2926 1348 Consolator
2952 1297 3170 1363 animae,

2605 1385 2669 1441 Et
2696 1387 2945 1445 infundat
2969 1395 3258 1462 peccatrici

2601 1479 2791 1536 Oleum
2823 1481 2877 1536 in
2913 1482 3183 1555 lampade.

2670 1571 2787 1639 Quo
2817 1583 3004 1643 parata
3035 1578 3206 1645 possit
3235 1595 3438 1650 sponso

2598 1658 2819 1715 leesti
2855 1675 3164 1720 occurrere.

2598 1746 2714 1801 Ave
2739 1745 2905 1817 Virgo
2928 1749 3238 1820 singularis,

2598 1835 2828 1892 Sumens
2858 1837 2960 1894 hoc
2985 1841 3310 1910 benigniter,

2664 1927 2778 1979 Ave
2809 1929 3066 1998 templum
3098 1934 3395 2003 gratiarum

2596 2015 2849 2075 Omnium
2879 2023 3119 2092 capabile
3150 2043 3161 2075 :

2591 2111 2706 2167 Ave
2730 2112 2883 2182 cujus
2912 2127 3228 2185 peccatores

2591 2210 2827 2268 Pascunt
2848 2214 3221 2287 eleemosynat.

2653 2304 2847 2366 ,Gaude
2876 2305 3024 2373 felix,
3053 2319 3107 2362 et
3134 2325 3201 2364 ex
3233 2311 3362 2380 ipsis

2593 2398 2766 2454 Unam
2791 2401 2924 2455 mibi
2956 2402 3150 2464 tribue,

2594 2481 2660 2541 Ut
2684 2486 2892 2542 sublata
2920 2503 3019 2557 per
3038 2490 3180 2546 hanc
3216 2493 3365 2546 omni

2587 2571 2836 2629 Hostium
2864 2573 3174 2642 formidine,

2656 2663 2923 2722 Sine‘tine
2943 2667 3145 2738 possim
3176 2669 3285 2725 Deo

2587 2755 2805 2812 Gratias
2828 2760 3146 2830 rependere.

2585 2847 2915 2906 Benedicant
2943 2860 2995 2906 te
3019 2867 3117 2922 per
3136 2867 3310 2908 aavum

2584 2939 2825 2999 Virtutes
2856 2945 3136 3014 angelicae.

2651 3033 2720 3092 Et
2744 3037 2811 3092 ad
2836 3037 3050 3094 laudem
3079 3038 3348 3096 Creatoris

2581 3122 2657 3179 Te
2683 3125 2739 3180 in
2777 3128 2922 3182 omni
2951 3137 3211 3200 tempore,

2579 3216 2779 3274 Omnes
2813 3221 2987 3276 sancti
3011 3222 3334 3278 benedicant

2578 3304 2646 3358 Et
2673 3313 2728 3359 tu
2762 3321 2868 3373 me,
2901 3317 2956 3362 et
2993 3322 3095 3379 ego
3123 3319 3192 3362 te.

2579 3410 2790 3452 IIYMNUS
2824 3412 3091 3454 SECUNDUS
3130 3415 3182 3453 IN
3224 3416 3462 3455 DIVBRSIS
3502 3417 3632 3459 ΒΕΔ,

2652 3482 2734 3520 TE
2793 3482 2884 3521 DEI
2942 3484 3244 3525 GBNlTRlClS
3317 3487 3632 3532 CANTANDIIS

2648 3551 2947 3593 SOLEMNIIS.

2646 3627 2760 3682 Ave
2787 3643 2983 3697 sponsa
3025 3629 3362 3701 insponsata,

2573 3713 2680 3770 Per
2712 3733 2874 3788 quam
2897 3720 3047 3775 orbis
3069 3736 3292 3791 prorsus
3317 3724 3448 3794 lapsi

2575 3804 2738 3862 Facta
2769 3816 2852 3863 est
2887 3812 3113 3879 ereptio,

2571 3905 2686 3960 Ave
2716 3920 2813 3973 per
2846 3922 3006 3976 quam
3035 3911 3224 3977 prima:
3248 3915 3436 3969 matris

2572 3995 2670 4051 Est
2694 3998 2818 4053 Eva:
2847 4000 3165 4070 redemptio,

2573 4092 2770 4146 Sancta
2803 4092 2992 4158 Maria,
3017 4110 3111 4149 ora
3136 4112 3232 4166 pro
3263 4099 3435 4154 nobis.

2715 4183 2820 4237 Ave
2848 4202 3061 4254 sponsa,
3095 4198 3200 4243 etc.

2642 4275 2883 4332 Altitudo
2915 4279 3190 4349 cogitandi

2568 4365 2647 4421 'l‘u
2678 4370 3084 4434 inaccessibilis,

2564 4456 2835 4518 lnyisibile
2866 4458 3190 4527 profundum

2563 4543 2890 4613 Angelorum
2923 4547 3117 4601 oculis.

2564 4643 2720 4710 Χαῖρε
2749 4639 3124 4712 κεχαριτομένη

2563 4723 2786 4788 Oet-0'10;
2812 4731 3022 4804 πάρθενε
3040 4771 3054 4795 ,

2562 4814 2761 4872 Sancta
2785 4817 2878 4874 Dei
2899 4820 3152 4889 genitrix,
3183 4835 3277 4876 ora
3309 4835 3408 4892 pro
3430 4825 3624 4882 nobis.

2704 4909 2806 4964 Ave
2827 4928 3041 4979 sponsa,
3078 4921 3188 4967 etc.

2641 4994 2830 5049 Omnia
2862 5007 3164 5066 portantem
3193 5009 3434 5069 portans,

2569 5088 2774 5142 Solium
2804 5091 3013 5159 imperii

2567 5175 2645 5229 Tu
2670 5178 2822 5230 stella
2848 5179 3228 5237 demonstrans
3251 5182 3437 5249 solem,

2569 5265 2662 5321 Sol
2688 5266 2793 5324 diei
2824 5271 3064 5342 mystici;

2565 5355 2872 5414 Occidentis
2899 5371 3102 5415 astrum
3137 5365 3342 5429 mundi,

2565 5451 2808 5507 Luminis
2841 5457 3141 5526 conspicui,

2565 5546 2761 5616 Sancta
2805 5551 2966 5619 Virgo
3018 5555 3304 5627 virginum,
3361 5569 3452 5608 ora
3509 5571 3630 5626 pro

3328 5647 3543 5722 [00bl5~
