  <div class='ocr_page' id='page_1' title='image "/cluster/home/n/w/nwhite01/storage/ocr_20150623/158/hvd.32044054760160/530.png"; bbox 0 0 3898 6052; ppageno 0'>
   <div class='ocr_carea' id='block_1_1' title="bbox 299 286 3542 369">
    <p class='ocr_par' dir='ltr' id='par_1_1' title="bbox 299 286 3542 369">
     <span class='ocr_line' id='line_1_1' title="bbox 299 286 3542 369; baseline -0.01 0"><span class='ocrx_word' id='word_1_1' title='bbox 299 307 430 369; x_wconf 68' lang='grc'><strong>1049</strong></span> <span class='ocrx_word' id='word_1_2' title='bbox 1097 303 1370 362; x_wconf 77' lang='lat' dir='ltr'><strong>VERSUS</strong></span> <span class='ocrx_word' id='word_1_3' title='bbox 1407 300 1498 361; x_wconf 83' lang='lat' dir='ltr'><strong>DE</strong></span> <span class='ocrx_word' id='word_1_4' title='bbox 1537 298 1698 357; x_wconf 62' lang='lat' dir='ltr'><strong>PRzE</strong></span> <span class='ocrx_word' id='word_1_5' title='bbox 1714 295 2115 355; x_wconf 86' lang='lat' dir='ltr'><strong>DECESSORE</strong></span> <span class='ocrx_word' id='word_1_6' title='bbox 2153 290 2287 349; x_wconf 91' lang='lat' dir='ltr'><strong>SUO</strong></span> <span class='ocrx_word' id='word_1_7' title='bbox 2323 286 2760 346; x_wconf 80' lang='lat' dir='ltr'><strong>LANFRANCO.</strong></span> <span class='ocrx_word' id='word_1_8' title='bbox 3402 287 3542 340; x_wconf 71' lang='grc'><strong>1050</strong></span> 
     </span>
    </p>
   </div>
   <div class='ocr_carea' id='block_1_2' title="bbox 431 425 900 494">
    <p class='ocr_par' dir='ltr' id='par_1_2' title="bbox 431 425 900 494">
     <span class='ocr_line' id='line_1_2' title="bbox 431 425 900 494; baseline -0.011 -17"><span class='ocrx_word' id='word_1_9' title='bbox 431 425 537 477; x_wconf 82' lang='lat' dir='ltr'><strong>Ave</strong></span> <span class='ocrx_word' id='word_1_10' title='bbox 558 438 771 494; x_wconf 78' lang='lat' dir='ltr'><strong>sponsa,</strong></span> <span class='ocrx_word' id='word_1_11' title='bbox 795 429 900 476; x_wconf 91' lang='lat' dir='ltr'><strong>etc.</strong></span> 
     </span>
    </p>
   </div>
   <div class='ocr_carea' id='block_1_3' title="bbox 358 509 921 566">
    <p class='ocr_par' dir='ltr' id='par_1_3' title="bbox 358 509 921 566">
     <span class='ocr_line' id='line_1_3' title="bbox 358 509 921 566; baseline -0.007 0"><span class='ocrx_word' id='word_1_12' title='bbox 358 509 753 566; x_wconf 87' lang='lat' dir='ltr'><strong>Incarnationis</strong></span> <span class='ocrx_word' id='word_1_13' title='bbox 783 509 921 562; x_wconf 60' lang='lat' dir='ltr'><strong>divae</strong></span> 
     </span>
    </p>
   </div>
   <div class='ocr_carea' id='block_1_4' title="bbox 289 595 870 654">
    <p class='ocr_par' dir='ltr' id='par_1_4' title="bbox 289 595 870 654">
     <span class='ocr_line' id='line_1_4' title="bbox 289 595 870 654; baseline -0.01 0"><span class='ocrx_word' id='word_1_14' title='bbox 289 597 487 654; x_wconf 81' lang='lat' dir='ltr'><strong>Uterus</strong></span> <span class='ocrx_word' id='word_1_15' title='bbox 509 606 563 650; x_wconf 93' lang='lat' dir='ltr'><strong>tu</strong></span> <span class='ocrx_word' id='word_1_16' title='bbox 586 595 761 651; x_wconf 78' lang='lat' dir='ltr'><strong>factus</strong></span> <span class='ocrx_word' id='word_1_17' title='bbox 790 609 870 650; x_wconf 89' lang='lat' dir='ltr'><strong>es.</strong></span> 
     </span>
    </p>
   </div>
   <div class='ocr_carea' id='block_1_5' title="bbox 285 678 1096 754">
    <p class='ocr_par' dir='ltr' id='par_1_5' title="bbox 285 678 1096 754">
     <span class='ocr_line' id='line_1_5' title="bbox 285 678 1096 754; baseline -0.006 -15"><span class='ocrx_word' id='word_1_18' title='bbox 285 685 390 740; x_wconf 86' lang='lat' dir='ltr'><strong>Per</strong></span> <span class='ocrx_word' id='word_1_19' title='bbox 417 700 578 754; x_wconf 89' lang='lat' dir='ltr'><strong>quam</strong></span> <span class='ocrx_word' id='word_1_20' title='bbox 603 690 895 738; x_wconf 81' lang='lat' dir='ltr'><strong>renovatur</strong></span> <span class='ocrx_word' id='word_1_21' title='bbox 919 678 1096 734; x_wconf 90' lang='lat' dir='ltr'><strong>omnis</strong></span> 
     </span>
    </p>
   </div>
   <div class='ocr_carea' id='block_1_6' title="bbox 284 774 828 845">
    <p class='ocr_par' dir='ltr' id='par_1_6' title="bbox 284 774 828 845">
     <span class='ocr_line' id='line_1_6' title="bbox 284 774 828 845; baseline -0.007 -13"><span class='ocrx_word' id='word_1_22' title='bbox 284 779 556 833; x_wconf 67' lang='lat' dir='ltr'><strong>Creaturm</strong></span> <span class='ocrx_word' id='word_1_23' title='bbox 591 774 828 845; x_wconf 83' lang='lat' dir='ltr'><strong>species,</strong></span> 
     </span>
    </p>
   </div>
   <div class='ocr_carea' id='block_1_7' title="bbox 285 868 1048 942">
    <p class='ocr_par' dir='ltr' id='par_1_7' title="bbox 285 868 1048 942">
     <span class='ocr_line' id='line_1_7' title="bbox 285 868 1048 942; baseline -0.008 -14"><span class='ocrx_word' id='word_1_24' title='bbox 285 875 419 928; x_wconf 77' lang='lat' dir='ltr'><strong>Cum</strong></span> <span class='ocrx_word' id='word_1_25' title='bbox 446 888 550 942; x_wconf 87' lang='lat' dir='ltr'><strong>qua</strong></span> <span class='ocrx_word' id='word_1_26' title='bbox 583 872 840 926; x_wconf 88' lang='lat' dir='ltr'><strong>adoratur</strong></span> <span class='ocrx_word' id='word_1_27' title='bbox 874 868 1048 923; x_wconf 82' lang='lat' dir='ltr'><strong>factor</strong></span> 
     </span>
    </p>
   </div>
   <div class='ocr_carea' id='block_1_8' title="bbox 285 963 821 1034">
    <p class='ocr_par' dir='ltr' id='par_1_8' title="bbox 285 963 821 1034">
     <span class='ocr_line' id='line_1_8' title="bbox 285 963 821 1034; baseline -0.006 -17"><span class='ocrx_word' id='word_1_28' title='bbox 285 963 352 1016; x_wconf 78' lang='lat' dir='ltr'><strong>Et</strong></span> <span class='ocrx_word' id='word_1_29' title='bbox 377 964 530 1034; x_wconf 82' lang='lat' dir='ltr'><strong>origo</strong></span> <span class='ocrx_word' id='word_1_30' title='bbox 560 963 821 1016; x_wconf 87' lang='lat' dir='ltr'><strong>omnium.</strong></span> 
     </span>
    </p>
   </div>
   <div class='ocr_carea' id='block_1_9' title="bbox 431 1151 914 1216">
    <p class='ocr_par' dir='ltr' id='par_1_9' title="bbox 431 1151 914 1216">
     <span class='ocr_line' id='line_1_9' title="bbox 431 1151 914 1216; baseline -0.006 -13"><span class='ocrx_word' id='word_1_31' title='bbox 431 1151 531 1202; x_wconf 81' lang='lat' dir='ltr'><strong>Ave</strong></span> <span class='ocrx_word' id='word_1_32' title='bbox 559 1163 771 1216; x_wconf 66' lang='lat' dir='ltr'><strong>sponsa,</strong></span> <span class='ocrx_word' id='word_1_33' title='bbox 809 1153 914 1200; x_wconf 90' lang='lat' dir='ltr'><strong>etc.</strong></span> 
     </span>
    </p>
   </div>
   <div class='ocr_carea' id='block_1_10' title="bbox 357 1237 978 1294">
    <p class='ocr_par' dir='ltr' id='par_1_10' title="bbox 357 1237 978 1294">
     <span class='ocr_line' id='line_1_10' title="bbox 357 1237 978 1294; baseline -0.003 0"><span class='ocrx_word' id='word_1_34' title='bbox 357 1241 438 1294; x_wconf 91' lang='lat' dir='ltr'><strong>Tu</strong></span> <span class='ocrx_word' id='word_1_35' title='bbox 463 1249 682 1294; x_wconf 88' lang='lat' dir='ltr'><strong>exstans</strong></span> <span class='ocrx_word' id='word_1_36' title='bbox 712 1237 978 1292; x_wconf 82' lang='lat' dir='ltr'><strong>initiatrix</strong></span> 
     </span>
    </p>
   </div>
   <div class='ocr_carea' id='block_1_11' title="bbox 287 1329 725 1385">
    <p class='ocr_par' dir='ltr' id='par_1_11' title="bbox 287 1329 725 1385">
     <span class='ocr_line' id='line_1_11' title="bbox 287 1329 725 1385; baseline -0.007 0"><span class='ocrx_word' id='word_1_37' title='bbox 287 1330 485 1385; x_wconf 86' lang='lat' dir='ltr'><strong>Arcani</strong></span> <span class='ocrx_word' id='word_1_38' title='bbox 516 1329 725 1384; x_wconf 88' lang='lat' dir='ltr'><strong>consilii</strong></span> 
     </span>
    </p>
   </div>
   <div class='ocr_carea' id='block_1_12' title="bbox 289 1415 1051 1472">
    <p class='ocr_par' dir='ltr' id='par_1_12' title="bbox 289 1415 1051 1472">
     <span class='ocr_line' id='line_1_12' title="bbox 289 1415 1051 1472; baseline 0 -1"><span class='ocrx_word' id='word_1_39' title='bbox 289 1419 656 1472; x_wconf 80' lang='lat' dir='ltr'><strong>Mirandorum</strong></span> <span class='ocrx_word' id='word_1_40' title='bbox 684 1433 824 1472; x_wconf 64' lang='lat' dir='ltr'><strong>verte</strong></span> <span class='ocrx_word' id='word_1_41' title='bbox 848 1415 1051 1472; x_wconf 75' lang='lat' dir='ltr'><strong>Christi</strong></span> 
     </span>
    </p>
   </div>
   <div class='ocr_carea' id='block_1_13' title="bbox 289 1509 838 1580">
    <p class='ocr_par' dir='ltr' id='par_1_13' title="bbox 289 1509 838 1580">
     <span class='ocr_line' id='line_1_13' title="bbox 289 1509 838 1580; baseline -0.002 -15"><span class='ocrx_word' id='word_1_42' title='bbox 289 1509 525 1579; x_wconf 88' lang='lat' dir='ltr'><strong>Operum</strong></span> <span class='ocrx_word' id='word_1_43' title='bbox 561 1511 838 1580; x_wconf 80' lang='lat' dir='ltr'><strong>primitiae,</strong></span> 
     </span>
    </p>
   </div>
   <div class='ocr_carea' id='block_1_14' title="bbox 289 1601 1025 1673">
    <p class='ocr_par' dir='ltr' id='par_1_14' title="bbox 289 1601 1025 1673">
     <span class='ocr_line' id='line_1_14' title="bbox 289 1601 1025 1673; baseline 0.001 -18"><span class='ocrx_word' id='word_1_44' title='bbox 289 1603 611 1673; x_wconf 87' lang='lat' dir='ltr'><strong>Dogmatum</strong></span> <span class='ocrx_word' id='word_1_45' title='bbox 638 1601 779 1656; x_wconf 90' lang='lat' dir='ltr'><strong>illius</strong></span> <span class='ocrx_word' id='word_1_46' title='bbox 806 1610 1025 1656; x_wconf 83' lang='lat' dir='ltr'><strong>exstans</strong></span> 
     </span>
    </p>
   </div>
   <div class='ocr_carea' id='block_1_15' title="bbox 291 1690 875 1753">
    <p class='ocr_par' dir='ltr' id='par_1_15' title="bbox 291 1690 875 1753">
     <span class='ocr_line' id='line_1_15' title="bbox 291 1690 875 1753; baseline -0.002 -9"><span class='ocrx_word' id='word_1_47' title='bbox 291 1690 370 1744; x_wconf 89' lang='lat' dir='ltr'><strong>Tu</strong></span> <span class='ocrx_word' id='word_1_48' title='bbox 404 1691 524 1746; x_wconf 82' lang='lat' dir='ltr'><strong>fons</strong></span> <span class='ocrx_word' id='word_1_49' title='bbox 561 1699 614 1746; x_wconf 91' lang='lat' dir='ltr'><strong>et</strong></span> <span class='ocrx_word' id='word_1_50' title='bbox 642 1691 875 1753; x_wconf 89' lang='lat' dir='ltr'><strong>initium,</strong></span> 
     </span>
    </p>
   </div>
   <div class='ocr_carea' id='block_1_16' title="bbox 291 1778 1258 1851">
    <p class='ocr_par' dir='ltr' id='par_1_16' title="bbox 291 1778 1258 1851">
     <span class='ocr_line' id='line_1_16' title="bbox 291 1778 1258 1851; baseline -0.004 -14"><span class='ocrx_word' id='word_1_51' title='bbox 291 1782 559 1838; x_wconf 84' lang='lat' dir='ltr'><strong>Coelorum</strong></span> <span class='ocrx_word' id='word_1_52' title='bbox 588 1781 815 1851; x_wconf 80' lang='lat' dir='ltr'><strong>Regina,</strong></span> <span class='ocrx_word' id='word_1_53' title='bbox 843 1795 936 1835; x_wconf 92' lang='lat' dir='ltr'><strong>ora</strong></span> <span class='ocrx_word' id='word_1_54' title='bbox 966 1795 1063 1851; x_wconf 92' lang='lat' dir='ltr'><strong>pro</strong></span> <span class='ocrx_word' id='word_1_55' title='bbox 1084 1778 1258 1835; x_wconf 89' lang='lat' dir='ltr'><strong>nobis.</strong></span> 
     </span>
    </p>
   </div>
   <div class='ocr_carea' id='block_1_17' title="bbox 433 1865 916 1941">
    <p class='ocr_par' dir='ltr' id='par_1_17' title="bbox 433 1865 916 1941">
     <span class='ocr_line' id='line_1_17' title="bbox 433 1865 916 1941; baseline -0.002 -15"><span class='ocrx_word' id='word_1_56' title='bbox 433 1865 538 1928; x_wconf 71' lang='grc' dir='ltr'><strong>Αὺε</strong></span> <span class='ocrx_word' id='word_1_57' title='bbox 567 1889 778 1941; x_wconf 79' lang='lat' dir='ltr'><strong>sponsa,</strong></span> <span class='ocrx_word' id='word_1_58' title='bbox 809 1884 916 1928; x_wconf 90' lang='lat' dir='ltr'><strong>etc.</strong></span> 
     </span>
    </p>
   </div>
   <div class='ocr_carea' id='block_1_18' title="bbox 363 1965 1204 2036">
    <p class='ocr_par' dir='ltr' id='par_1_18' title="bbox 363 1965 1204 2036">
     <span class='ocr_line' id='line_1_18' title="bbox 363 1965 1204 2036; baseline -0.002 -15"><span class='ocrx_word' id='word_1_59' title='bbox 363 1965 519 2021; x_wconf 82' lang='lat' dir='ltr'><strong>Scala</strong></span> <span class='ocrx_word' id='word_1_60' title='bbox 549 1976 598 2021; x_wconf 95' lang='lat' dir='ltr'><strong>tu</strong></span> <span class='ocrx_word' id='word_1_61' title='bbox 627 1967 886 2031; x_wconf 70' lang='lat' dir='ltr'><strong>caelestis,</strong></span> <span class='ocrx_word' id='word_1_62' title='bbox 918 1982 1014 2035; x_wconf 87' lang='lat' dir='ltr'><strong>per</strong></span> <span class='ocrx_word' id='word_1_63' title='bbox 1045 1981 1204 2036; x_wconf 82' lang='lat' dir='ltr'><strong>quam</strong></span> 
     </span>
    </p>
   </div>
   <div class='ocr_carea' id='block_1_19' title="bbox 295 2043 1282 2128">
    <p class='ocr_par' dir='ltr' id='par_1_19' title="bbox 295 2043 1282 2128">
     <span class='ocr_line' id='line_1_19' title="bbox 295 2043 1282 2128; baseline 0.005 -16"><span class='ocrx_word' id='word_1_64' title='bbox 295 2059 585 2114; x_wconf 89' lang='lat' dir='ltr'><strong>Descendit</strong></span> <span class='ocrx_word' id='word_1_65' title='bbox 610 2059 722 2128; x_wconf 86' lang='lat' dir='ltr'><strong>ipse</strong></span> <span class='ocrx_word' id='word_1_66' title='bbox 752 2059 912 2121; x_wconf 91' lang='lat' dir='ltr'><strong>Deus,</strong></span> <span class='ocrx_word' id='word_1_67' title='bbox 1094 2114 1096 2116; x_wconf 75' lang='grc'>,</span> <span class='ocrx_word' id='word_1_68' title='bbox 1245 2043 1282 2055; x_wconf 71' lang='grc'><em>“</em></span> 
     </span>
    </p>
   </div>
   <div class='ocr_carea' id='block_1_20' title="bbox 302 2260 2178 2286">
    <p class='ocr_par' dir='ltr' id='par_1_20' title="bbox 302 2260 2178 2286">
     <span class='ocr_line' id='line_1_20' title="bbox 302 2260 2178 2286; baseline -0.002 -14"><span class='ocrx_word' id='word_1_69' title='bbox 302 2260 2178 2286; x_wconf 70' lang='lat'><strong>_________________________________________.______..________.</strong></span> 
     </span>
    </p>
   </div>
   <div class='ocr_carea' id='block_1_21' title="bbox 1400 413 2175 486">
    <p class='ocr_par' dir='ltr' id='par_1_21' title="bbox 1400 413 2175 486">
     <span class='ocr_line' id='line_1_21' title="bbox 1400 413 2175 486; baseline -0.014 -14"><span class='ocrx_word' id='word_1_70' title='bbox 1400 415 1608 486; x_wconf 84' lang='lat' dir='ltr'><strong>Sponsa</strong></span> <span class='ocrx_word' id='word_1_71' title='bbox 1644 413 1933 468; x_wconf 83' lang='lat' dir='ltr'><strong>traducens</strong></span> <span class='ocrx_word' id='word_1_72' title='bbox 1963 418 2175 464; x_wconf 88' lang='lat' dir='ltr'><strong>terrena</strong></span> 
     </span>
    </p>
   </div>
   <div class='ocr_carea' id='block_1_22' title="bbox 1399 500 1868 574">
    <p class='ocr_par' dir='ltr' id='par_1_22' title="bbox 1399 500 1868 574">
     <span class='ocr_line' id='line_1_22' title="bbox 1399 500 1868 574; baseline -0.015 -15"><span class='ocrx_word' id='word_1_73' title='bbox 1399 503 1573 574; x_wconf 86' lang='lat' dir='ltr'><strong>Super</strong></span> <span class='ocrx_word' id='word_1_74' title='bbox 1603 500 1868 558; x_wconf 67' lang='lat' dir='ltr'><strong>caelestia.</strong></span> 
     </span>
    </p>
   </div>
   <div class='ocr_carea' id='block_1_23' title="bbox 1399 591 2120 672">
    <p class='ocr_par' dir='ltr' id='par_1_23' title="bbox 1399 591 2120 672">
     <span class='ocr_line' id='line_1_23' title="bbox 1399 591 2120 672; baseline -0.008 -21"><span class='ocrx_word' id='word_1_75' title='bbox 1399 591 1479 651; x_wconf 87' lang='lat' dir='ltr'><strong>Tu</strong></span> <span class='ocrx_word' id='word_1_76' title='bbox 1515 606 1690 650; x_wconf 89' lang='lat' dir='ltr'><strong>mater</strong></span> <span class='ocrx_word' id='word_1_77' title='bbox 1719 596 1942 672; x_wconf 87' lang='lat' dir='ltr'><strong>innupta</strong></span> <span class='ocrx_word' id='word_1_78' title='bbox 1972 591 2120 648; x_wconf 89' lang='lat' dir='ltr'><strong>omni</strong></span> 
     </span>
    </p>
   </div>
   <div class='ocr_carea' id='block_1_24' title="bbox 1398 685 1910 756">
    <p class='ocr_par' dir='ltr' id='par_1_24' title="bbox 1398 685 1910 756">
     <span class='ocr_line' id='line_1_24' title="bbox 1398 685 1910 756; baseline -0.004 -16"><span class='ocrx_word' id='word_1_79' title='bbox 1398 685 1615 741; x_wconf 83' lang='lat' dir='ltr'><strong>Honore</strong></span> <span class='ocrx_word' id='word_1_80' title='bbox 1645 685 1910 756; x_wconf 87' lang='lat' dir='ltr'><strong>superior,</strong></span> 
     </span>
    </p>
   </div>
   <div class='ocr_carea' id='block_1_25' title="bbox 1401 769 2293 845">
    <p class='ocr_par' dir='ltr' id='par_1_25' title="bbox 1401 769 2293 845">
     <span class='ocr_line' id='line_1_25' title="bbox 1401 769 2293 845; baseline -0.01 -12"><span class='ocrx_word' id='word_1_81' title='bbox 1401 777 1567 844; x_wconf 80' lang='lat' dir='ltr'><strong>Virgo</strong></span> <span class='ocrx_word' id='word_1_82' title='bbox 1583 783 1860 845; x_wconf 90' lang='lat' dir='ltr'><strong>perpetua,</strong></span> <span class='ocrx_word' id='word_1_83' title='bbox 1884 789 1981 830; x_wconf 90' lang='lat' dir='ltr'><strong>ora</strong></span> <span class='ocrx_word' id='word_1_84' title='bbox 2003 787 2102 844; x_wconf 89' lang='lat' dir='ltr'><strong>pro</strong></span> <span class='ocrx_word' id='word_1_85' title='bbox 2119 769 2293 826; x_wconf 89' lang='lat' dir='ltr'><strong>nobis.</strong></span> 
     </span>
    </p>
   </div>
   <div class='ocr_carea' id='block_1_26' title="bbox 1544 869 2022 938">
    <p class='ocr_par' dir='ltr' id='par_1_26' title="bbox 1544 869 2022 938">
     <span class='ocr_line' id='line_1_26' title="bbox 1544 869 2022 938; baseline -0.002 -17"><span class='ocrx_word' id='word_1_86' title='bbox 1544 869 1644 922; x_wconf 84' lang='lat' dir='ltr'><strong>Ave</strong></span> <span class='ocrx_word' id='word_1_87' title='bbox 1673 883 1888 938; x_wconf 74' lang='lat' dir='ltr'><strong>sponsa,</strong></span> <span class='ocrx_word' id='word_1_88' title='bbox 1920 875 2022 921; x_wconf 87' lang='lat' dir='ltr'><strong>etc.</strong></span> 
     </span>
    </p>
   </div>
   <div class='ocr_carea' id='block_1_27' title="bbox 1472 954 2297 1016">
    <p class='ocr_par' dir='ltr' id='par_1_27' title="bbox 1472 954 2297 1016">
     <span class='ocr_line' id='line_1_27' title="bbox 1472 954 2297 1016; baseline -0.008 -5"><span class='ocrx_word' id='word_1_89' title='bbox 1472 956 1784 1011; x_wconf 71' lang='lat' dir='ltr'><strong>Daamonum</strong></span> <span class='ocrx_word' id='word_1_90' title='bbox 1811 956 1950 1010; x_wconf 79' lang='lat' dir='ltr'><strong>forte</strong></span> <span class='ocrx_word' id='word_1_91' title='bbox 1978 954 2297 1016; x_wconf 90' lang='lat' dir='ltr'><strong>lamentum,</strong></span> 
     </span>
    </p>
   </div>
   <div class='ocr_carea' id='block_1_28' title="bbox 285 1043 1968 1130">
    <p class='ocr_par' dir='ltr' id='par_1_28' title="bbox 285 1043 1968 1130">
     <span class='ocr_line' id='line_1_28' title="bbox 285 1043 1968 1130; baseline -0.007 -19"><span class='ocrx_word' id='word_1_92' title='bbox 285 1058 612 1130; x_wconf 84' lang='lat' dir='ltr'><strong>Angelorum</strong></span> <span class='ocrx_word' id='word_1_93' title='bbox 640 1055 888 1119; x_wconf 89' lang='lat' dir='ltr'><strong>Domina,</strong></span> <span class='ocrx_word' id='word_1_94' title='bbox 913 1069 1007 1110; x_wconf 90' lang='lat' dir='ltr'><strong>ora</strong></span> <span class='ocrx_word' id='word_1_95' title='bbox 1026 1068 1123 1124; x_wconf 88' lang='lat' dir='ltr'><strong>pro</strong></span> <span class='ocrx_word' id='word_1_96' title='bbox 1151 1052 1328 1110; x_wconf 89' lang='lat' dir='ltr'><strong>nobis.</strong></span> <span class='ocrx_word' id='word_1_97' title='bbox 1399 1043 1601 1100; x_wconf 79' lang='lat' dir='ltr'><strong>Maeror</strong></span> <span class='ocrx_word' id='word_1_98' title='bbox 1631 1054 1686 1100; x_wconf 84' lang='lat' dir='ltr'><strong>et</strong></span> <span class='ocrx_word' id='word_1_99' title='bbox 1712 1044 1968 1107; x_wconf 85' lang='lat' dir='ltr'><strong>tristitia;</strong></span> 
     </span>
    </p>
   </div>
   <div class='ocr_carea' id='block_1_29' title="bbox 1398 1133 2168 1204">
    <p class='ocr_par' dir='ltr' id='par_1_29' title="bbox 1398 1133 2168 1204">
     <span class='ocr_line' id='line_1_29' title="bbox 1398 1133 2168 1204; baseline -0.005 -14"><span class='ocrx_word' id='word_1_100' title='bbox 1398 1134 1752 1204; x_wconf 82' lang='lat' dir='ltr'><strong>Angelorum,</strong></span> <span class='ocrx_word' id='word_1_101' title='bbox 1783 1136 1878 1189; x_wconf 89' lang='lat' dir='ltr'><strong>sed</strong></span> <span class='ocrx_word' id='word_1_102' title='bbox 1902 1133 2168 1188; x_wconf 91' lang='lat' dir='ltr'><strong>bonorum</strong></span> 
     </span>
    </p>
   </div>
   <div class='ocr_carea' id='block_1_30' title="bbox 1400 1220 2076 1291">
    <p class='ocr_par' dir='ltr' id='par_1_30' title="bbox 1400 1220 2076 1291">
     <span class='ocr_line' id='line_1_30' title="bbox 1400 1220 2076 1291; baseline -0.004 -15"><span class='ocrx_word' id='word_1_103' title='bbox 1400 1221 1562 1287; x_wconf 87' lang='lat' dir='ltr'><strong>Laus,</strong></span> <span class='ocrx_word' id='word_1_104' title='bbox 1595 1222 1777 1287; x_wconf 89' lang='lat' dir='ltr'><strong>decus,</strong></span> <span class='ocrx_word' id='word_1_105' title='bbox 1806 1229 1859 1276; x_wconf 89' lang='lat' dir='ltr'><strong>et</strong></span> <span class='ocrx_word' id='word_1_106' title='bbox 1883 1220 2076 1291; x_wconf 77' lang='lat' dir='ltr'><strong>gloria.</strong></span> 
     </span>
    </p>
   </div>
   <div class='ocr_carea' id='block_1_31' title="bbox 1401 1314 2149 1368">
    <p class='ocr_par' dir='ltr' id='par_1_31' title="bbox 1401 1314 2149 1368">
     <span class='ocr_line' id='line_1_31' title="bbox 1401 1314 2149 1368; baseline -0.005 -1"><span class='ocrx_word' id='word_1_107' title='bbox 1401 1314 1709 1368; x_wconf 77' lang='lat' dir='ltr'><strong>Eleetorum</strong></span> <span class='ocrx_word' id='word_1_108' title='bbox 1748 1323 1801 1367; x_wconf 94' lang='lat' dir='ltr'><strong>tu</strong></span> <span class='ocrx_word' id='word_1_109' title='bbox 1832 1321 2149 1368; x_wconf 90' lang='lat' dir='ltr'><strong>cunctorum</strong></span> 
     </span>
    </p>
   </div>
   <div class='ocr_carea' id='block_1_32' title="bbox 1402 1405 1856 1461">
    <p class='ocr_par' dir='ltr' id='par_1_32' title="bbox 1402 1405 1856 1461">
     <span class='ocr_line' id='line_1_32' title="bbox 1402 1405 1856 1461; baseline -0.004 -1"><span class='ocrx_word' id='word_1_110' title='bbox 1402 1406 1620 1461; x_wconf 89' lang='lat' dir='ltr'><strong>Satians</strong></span> <span class='ocrx_word' id='word_1_111' title='bbox 1646 1405 1856 1460; x_wconf 79' lang='lat' dir='ltr'><strong>laetitia.</strong></span> 
     </span>
    </p>
   </div>
   <div class='ocr_carea' id='block_1_33' title="bbox 1400 1486 2366 1567">
    <p class='ocr_par' dir='ltr' id='par_1_33' title="bbox 1400 1486 2366 1567">
     <span class='ocr_line' id='line_1_33' title="bbox 1400 1486 2366 1567; baseline -0.01 -17"><span class='ocrx_word' id='word_1_112' title='bbox 1400 1495 1682 1567; x_wconf 88' lang='lat' dir='ltr'><strong>Templum</strong></span> <span class='ocrx_word' id='word_1_113' title='bbox 1703 1494 1934 1559; x_wconf 87' lang='lat' dir='ltr'><strong>Domini,</strong></span> <span class='ocrx_word' id='word_1_114' title='bbox 1952 1508 2045 1547; x_wconf 86' lang='lat' dir='ltr'><strong>ora</strong></span> <span class='ocrx_word' id='word_1_115' title='bbox 2073 1505 2168 1560; x_wconf 90' lang='lat' dir='ltr'><strong>pro</strong></span> <span class='ocrx_word' id='word_1_116' title='bbox 2193 1486 2366 1543; x_wconf 89' lang='lat' dir='ltr'><strong>nobis.</strong></span> 
     </span>
    </p>
   </div>
   <div class='ocr_carea' id='block_1_34' title="bbox 1540 1589 2015 1655">
    <p class='ocr_par' dir='ltr' id='par_1_34' title="bbox 1540 1589 2015 1655">
     <span class='ocr_line' id='line_1_34' title="bbox 1540 1589 2015 1655; baseline -0.008 -14"><span class='ocrx_word' id='word_1_117' title='bbox 1540 1589 1643 1641; x_wconf 79' lang='lat' dir='ltr'><strong>Ave</strong></span> <span class='ocrx_word' id='word_1_118' title='bbox 1667 1603 1881 1655; x_wconf 81' lang='lat' dir='ltr'><strong>sponsa,</strong></span> <span class='ocrx_word' id='word_1_119' title='bbox 1907 1594 2015 1639; x_wconf 92' lang='lat' dir='ltr'><strong>etc.</strong></span> 
     </span>
    </p>
   </div>
   <div class='ocr_carea' id='block_1_35' title="bbox 1471 1671 2263 1746">
    <p class='ocr_par' dir='ltr' id='par_1_35' title="bbox 1471 1671 2263 1746">
     <span class='ocr_line' id='line_1_35' title="bbox 1471 1671 2263 1746; baseline -0.013 -13"><span class='ocrx_word' id='word_1_120' title='bbox 1471 1677 1750 1733; x_wconf 89' lang='lat' dir='ltr'><strong>Generans</strong></span> <span class='ocrx_word' id='word_1_121' title='bbox 1773 1688 2064 1746; x_wconf 88' lang='lat' dir='ltr'><strong>perennem</strong></span> <span class='ocrx_word' id='word_1_122' title='bbox 2089 1671 2263 1727; x_wconf 87' lang='lat' dir='ltr'><strong>lucem</strong></span> 
     </span>
    </p>
   </div>
   <div class='ocr_carea' id='block_1_36' title="bbox 1402 1763 1959 1829">
    <p class='ocr_par' dir='ltr' id='par_1_36' title="bbox 1402 1763 1959 1829">
     <span class='ocr_line' id='line_1_36' title="bbox 1402 1763 1959 1829; baseline -0.011 -6"><span class='ocrx_word' id='word_1_123' title='bbox 1402 1767 1469 1824; x_wconf 88' lang='lat' dir='ltr'><strong>Et</strong></span> <span class='ocrx_word' id='word_1_124' title='bbox 1495 1763 1959 1829; x_wconf 83' lang='lat' dir='ltr'><strong>inaccessibilem;</strong></span> 
     </span>
    </p>
   </div>
   <div class='ocr_carea' id='block_1_37' title="bbox 1404 1860 2226 1934">
    <p class='ocr_par' dir='ltr' id='par_1_37' title="bbox 1404 1860 2226 1934">
     <span class='ocr_line' id='line_1_37' title="bbox 1404 1860 2226 1934; baseline -0.011 -15"><span class='ocrx_word' id='word_1_125' title='bbox 1404 1863 1710 1934; x_wconf 88' lang='lat' dir='ltr'><strong>Sophorum</strong></span> <span class='ocrx_word' id='word_1_126' title='bbox 1741 1875 1905 1928; x_wconf 90' lang='lat' dir='ltr'><strong>super</strong></span> <span class='ocrx_word' id='word_1_127' title='bbox 1928 1860 2226 1915; x_wconf 75' lang='lat' dir='ltr'><strong>ascendens</strong></span> 
     </span>
    </p>
   </div>
   <div class='ocr_carea' id='block_1_38' title="bbox 1401 1960 2001 2021">
    <p class='ocr_par' dir='ltr' id='par_1_38' title="bbox 1401 1960 2001 2021">
     <span class='ocr_line' id='line_1_38' title="bbox 1401 1960 2001 2021; baseline -0.01 -2"><span class='ocrx_word' id='word_1_128' title='bbox 1401 1962 1653 2019; x_wconf 89' lang='lat' dir='ltr'><strong>Omnium</strong></span> <span class='ocrx_word' id='word_1_129' title='bbox 1688 1960 2001 2021; x_wconf 81' lang='lat' dir='ltr'><strong>scientiam;</strong></span> 
     </span>
    </p>
   </div>
   <div class='ocr_carea' id='block_1_39' title="bbox 1403 2054 2155 2108">
    <p class='ocr_par' dir='ltr' id='par_1_39' title="bbox 1403 2054 2155 2108">
     <span class='ocr_line' id='line_1_39' title="bbox 1403 2054 2155 2108; baseline -0.012 1"><span class='ocrx_word' id='word_1_130' title='bbox 1403 2054 1724 2108; x_wconf 86' lang='lat' dir='ltr'><strong>Animarum</strong></span> <span class='ocrx_word' id='word_1_131' title='bbox 1759 2060 1813 2104; x_wconf 92' lang='lat' dir='ltr'><strong>tu</strong></span> <span class='ocrx_word' id='word_1_132' title='bbox 1845 2061 2155 2105; x_wconf 83' lang='lat' dir='ltr'><strong>sanctarum</strong></span> 
     </span>
    </p>
   </div>
   <div class='ocr_carea' id='block_1_40' title="bbox 2509 397 3185 469">
    <p class='ocr_par' dir='ltr' id='par_1_40' title="bbox 2509 397 3185 469">
     <span class='ocr_line' id='line_1_40' title="bbox 2509 397 3185 469; baseline -0.007 -14"><span class='ocrx_word' id='word_1_133' title='bbox 2509 399 2773 469; x_wconf 91' lang='lat' dir='ltr'><strong>Splendor</strong></span> <span class='ocrx_word' id='word_1_134' title='bbox 2795 407 2847 452; x_wconf 91' lang='lat' dir='ltr'><strong>et</strong></span> <span class='ocrx_word' id='word_1_135' title='bbox 2887 397 3185 466; x_wconf 88' lang='lat' dir='ltr'><strong>prudentia.</strong></span> 
     </span>
    </p>
   </div>
   <div class='ocr_carea' id='block_1_41' title="bbox 2512 486 3545 558">
    <p class='ocr_par' dir='ltr' id='par_1_41' title="bbox 2512 486 3545 558">
     <span class='ocr_line' id='line_1_41' title="bbox 2512 486 3545 558; baseline -0.002 -13"><span class='ocrx_word' id='word_1_136' title='bbox 2512 489 2823 545; x_wconf 90' lang='lat' dir='ltr'><strong>Sacrarium</strong></span> <span class='ocrx_word' id='word_1_137' title='bbox 2848 486 3082 557; x_wconf 87' lang='lat' dir='ltr'><strong>Spiritus</strong></span> <span class='ocrx_word' id='word_1_138' title='bbox 3101 488 3291 554; x_wconf 89' lang='lat' dir='ltr'><strong>sancti,</strong></span> <span class='ocrx_word' id='word_1_139' title='bbox 3323 502 3418 541; x_wconf 90' lang='lat' dir='ltr'><strong>ora</strong></span> <span class='ocrx_word' id='word_1_140' title='bbox 3448 502 3545 558; x_wconf 89' lang='lat' dir='ltr'><strong>pro</strong></span> 
     </span>
    </p>
   </div>
   <div class='ocr_carea' id='block_1_42' title="bbox 3273 578 3471 650">
    <p class='ocr_par' dir='ltr' id='par_1_42' title="bbox 3273 578 3471 650">
     <span class='ocr_line' id='line_1_42' title="bbox 3273 578 3471 650; baseline 0.01 -19"><span class='ocrx_word' id='word_1_141' title='bbox 3273 578 3471 650; x_wconf 88' lang='lat' dir='ltr'><strong>[nobis.</strong></span> 
     </span>
    </p>
   </div>
   <div class='ocr_carea' id='block_1_43' title="bbox 2653 679 3126 748">
    <p class='ocr_par' dir='ltr' id='par_1_43' title="bbox 2653 679 3126 748">
     <span class='ocr_line' id='line_1_43' title="bbox 2653 679 3126 748; baseline -0.002 -18"><span class='ocrx_word' id='word_1_142' title='bbox 2653 679 2756 732; x_wconf 82' lang='lat' dir='ltr'><strong>Ave</strong></span> <span class='ocrx_word' id='word_1_143' title='bbox 2781 693 2992 748; x_wconf 73' lang='lat' dir='ltr'><strong>sponsa,</strong></span> <span class='ocrx_word' id='word_1_144' title='bbox 3021 686 3126 730; x_wconf 89' lang='lat' dir='ltr'><strong>etc.</strong></span> 
     </span>
    </p>
   </div>
   <div class='ocr_carea' id='block_1_44' title="bbox 2584 770 3258 826">
    <p class='ocr_par' dir='ltr' id='par_1_44' title="bbox 2584 770 3258 826">
     <span class='ocr_line' id='line_1_44' title="bbox 2584 770 3258 826; baseline -0.01 0"><span class='ocrx_word' id='word_1_145' title='bbox 2584 770 2823 826; x_wconf 85' lang='lat' dir='ltr'><strong>Civicam</strong></span> <span class='ocrx_word' id='word_1_146' title='bbox 2849 770 2973 824; x_wconf 64' lang='lat' dir='ltr'><strong>vita:</strong></span> <span class='ocrx_word' id='word_1_147' title='bbox 3002 783 3258 822; x_wconf 83' lang='lat' dir='ltr'><strong>coronam</strong></span> 
     </span>
    </p>
   </div>
   <div class='ocr_carea' id='block_1_45' title="bbox 2509 857 3333 927">
    <p class='ocr_par' dir='ltr' id='par_1_45' title="bbox 2509 857 3333 927">
     <span class='ocr_line' id='line_1_45' title="bbox 2509 857 3333 927; baseline -0.006 -14"><span class='ocrx_word' id='word_1_148' title='bbox 2509 858 2708 913; x_wconf 88' lang='lat' dir='ltr'><strong>Fructu</strong></span> <span class='ocrx_word' id='word_1_149' title='bbox 2744 857 2949 912; x_wconf 84' lang='lat' dir='ltr'><strong>ventris</strong></span> <span class='ocrx_word' id='word_1_150' title='bbox 2983 857 3333 927; x_wconf 83' lang='lat' dir='ltr'><strong>germinans;</strong></span> 
     </span>
    </p>
   </div>
   <div class='ocr_carea' id='block_1_46' title="bbox 2511 948 3190 1011">
    <p class='ocr_par' dir='ltr' id='par_1_46' title="bbox 2511 948 3190 1011">
     <span class='ocr_line' id='line_1_46' title="bbox 2511 948 3190 1011; baseline -0.009 -6"><span class='ocrx_word' id='word_1_151' title='bbox 2511 949 2806 1005; x_wconf 90' lang='lat' dir='ltr'><strong>Possidens</strong></span> <span class='ocrx_word' id='word_1_152' title='bbox 2829 948 3190 1011; x_wconf 82' lang='lat' dir='ltr'><strong>divinitatem,</strong></span> 
     </span>
    </p>
   </div>
   <div class='ocr_carea' id='block_1_47' title="bbox 2510 1041 3074 1113">
    <p class='ocr_par' dir='ltr' id='par_1_47' title="bbox 2510 1041 3074 1113">
     <span class='ocr_line' id='line_1_47' title="bbox 2510 1041 3074 1113; baseline 0.004 -18"><span class='ocrx_word' id='word_1_153' title='bbox 2510 1043 2577 1098; x_wconf 84' lang='lat' dir='ltr'><strong>Et</strong></span> <span class='ocrx_word' id='word_1_154' title='bbox 2609 1043 2660 1096; x_wconf 94' lang='lat' dir='ltr'><strong>in</strong></span> <span class='ocrx_word' id='word_1_155' title='bbox 2685 1057 2746 1096; x_wconf 93' lang='lat' dir='ltr'><strong>ea</strong></span> <span class='ocrx_word' id='word_1_156' title='bbox 2775 1041 3074 1113; x_wconf 87' lang='lat' dir='ltr'><strong>pullulans;</strong></span> 
     </span>
    </p>
   </div>
   <div class='ocr_carea' id='block_1_48' title="bbox 2510 1133 3234 1197">
    <p class='ocr_par' dir='ltr' id='par_1_48' title="bbox 2510 1133 3234 1197">
     <span class='ocr_line' id='line_1_48' title="bbox 2510 1133 3234 1197; baseline -0.007 -9"><span class='ocrx_word' id='word_1_157' title='bbox 2510 1133 2799 1189; x_wconf 86' lang='lat' dir='ltr'><strong>Nutricans</strong></span> <span class='ocrx_word' id='word_1_158' title='bbox 2822 1133 3234 1197; x_wconf 83' lang='lat' dir='ltr'><strong>humanitatem,</strong></span> 
     </span>
    </p>
   </div>
   <div class='ocr_carea' id='block_1_49' title="bbox 2511 1233 3080 1304">
    <p class='ocr_par' dir='ltr' id='par_1_49' title="bbox 2511 1233 3080 1304">
     <span class='ocr_line' id='line_1_49' title="bbox 2511 1233 3080 1304; baseline -0.005 -15"><span class='ocrx_word' id='word_1_159' title='bbox 2511 1233 2577 1288; x_wconf 85' lang='lat' dir='ltr'><strong>Et</strong></span> <span class='ocrx_word' id='word_1_160' title='bbox 2607 1249 2726 1289; x_wconf 89' lang='lat' dir='ltr'><strong>eam</strong></span> <span class='ocrx_word' id='word_1_161' title='bbox 2759 1233 3080 1304; x_wconf 81' lang='lat' dir='ltr'><strong>agricolans,</strong></span> 
     </span>
    </p>
   </div>
   <div class='ocr_carea' id='block_1_50' title="bbox 2512 1323 3551 1394">
    <p class='ocr_par' dir='ltr' id='par_1_50' title="bbox 2512 1323 3551 1394">
     <span class='ocr_line' id='line_1_50' title="bbox 2512 1323 3551 1394; baseline -0.008 -14"><span class='ocrx_word' id='word_1_162' title='bbox 2512 1325 2592 1381; x_wconf 89' lang='lat' dir='ltr'><strong>Tu</strong></span> <span class='ocrx_word' id='word_1_163' title='bbox 2621 1326 2731 1383; x_wconf 88' lang='lat' dir='ltr'><strong>sola</strong></span> <span class='ocrx_word' id='word_1_164' title='bbox 2762 1326 2880 1382; x_wconf 90' lang='lat' dir='ltr'><strong>sine</strong></span> <span class='ocrx_word' id='word_1_165' title='bbox 2915 1323 3184 1394; x_wconf 76' lang='lat' dir='ltr'><strong>exemplo,</strong></span> <span class='ocrx_word' id='word_1_166' title='bbox 3208 1335 3304 1376; x_wconf 87' lang='lat' dir='ltr'><strong>ora</strong></span> <span class='ocrx_word' id='word_1_167' title='bbox 3328 1333 3424 1390; x_wconf 90' lang='lat' dir='ltr'><strong>pro</strong></span> <span class='ocrx_word' id='word_1_168' title='bbox 3451 1333 3551 1373; x_wconf 89' lang='lat' dir='ltr'><strong>no-</strong></span> 
     </span>
    </p>
   </div>
   <div class='ocr_carea' id='block_1_51' title="bbox 3352 1409 3560 1482">
    <p class='ocr_par' dir='ltr' id='par_1_51' title="bbox 3352 1409 3560 1482">
     <span class='ocr_line' id='line_1_51' title="bbox 3352 1409 3560 1482; baseline -0.014 -17"><span class='ocrx_word' id='word_1_169' title='bbox 3352 1409 3479 1482; x_wconf 89' lang='lat' dir='ltr'><strong>[bis.</strong></span> <span class='ocrx_word' id='word_1_170' title='bbox 3547 1431 3560 1438; x_wconf 92' lang='lat'><strong>-</strong></span> 
     </span>
    </p>
   </div>
   <div class='ocr_carea' id='block_1_52' title="bbox 2523 1501 3554 1580">
    <p class='ocr_par' dir='ltr' id='par_1_52' title="bbox 2523 1501 3554 1580">
     <span class='ocr_line' id='line_1_52' title="bbox 2523 1501 3554 1580; baseline -0.007 -17"><span class='ocrx_word' id='word_1_171' title='bbox 2523 1507 2806 1580; x_wconf 81' lang='lat' dir='ltr'><strong>Virginitas</strong></span> <span class='ocrx_word' id='word_1_172' title='bbox 2844 1507 2969 1573; x_wconf 84' lang='lat' dir='ltr'><strong>illa,</strong></span> <span class='ocrx_word' id='word_1_173' title='bbox 3002 1506 3086 1561; x_wconf 83' lang='lat' dir='ltr'><strong>cui</strong></span> <span class='ocrx_word' id='word_1_174' title='bbox 3129 1514 3246 1559; x_wconf 78' lang='lat' dir='ltr'><strong>sunt</strong></span> <span class='ocrx_word' id='word_1_175' title='bbox 3269 1520 3365 1557; x_wconf 78' lang='lat' dir='ltr'><strong>sua</strong></span> <span class='ocrx_word' id='word_1_176' title='bbox 3409 1501 3554 1556; x_wconf 77' lang='lat' dir='ltr'><strong>salva</strong></span> 
     </span>
    </p>
   </div>
   <div class='ocr_carea' id='block_1_53' title="bbox 3263 1591 3530 1664">
    <p class='ocr_par' dir='ltr' id='par_1_53' title="bbox 3263 1591 3530 1664">
     <span class='ocr_line' id='line_1_53' title="bbox 3263 1591 3530 1664; baseline -0.007 -20"><span class='ocrx_word' id='word_1_177' title='bbox 3263 1591 3482 1664; x_wconf 81' lang='lat' dir='ltr'><strong>[sigilla,</strong></span> <span class='ocrx_word' id='word_1_178' title='bbox 3527 1613 3530 1615; x_wconf 54' lang='grc' dir='ltr'>λ</span> 
     </span>
    </p>
   </div>
   <div class='ocr_carea' id='block_1_54' title="bbox 2516 1679 3555 1756">
    <p class='ocr_par' dir='ltr' id='par_1_54' title="bbox 2516 1679 3555 1756">
     <span class='ocr_line' id='line_1_54' title="bbox 2516 1679 3555 1756; baseline -0.008 -14"><span class='ocrx_word' id='word_1_179' title='bbox 2516 1687 2582 1741; x_wconf 85' lang='grc' dir='ltr'>Ει</span> <span class='ocrx_word' id='word_1_180' title='bbox 2611 1687 2835 1756; x_wconf 82' lang='lat' dir='ltr'><strong>fecunda</strong></span> <span class='ocrx_word' id='word_1_181' title='bbox 2874 1696 3068 1751; x_wconf 85' lang='lat' dir='ltr'><strong>tamen,</strong></span> <span class='ocrx_word' id='word_1_182' title='bbox 3102 1684 3186 1738; x_wconf 87' lang='lat' dir='ltr'><strong>det</strong></span> <span class='ocrx_word' id='word_1_183' title='bbox 3226 1681 3370 1734; x_wconf 83' lang='lat' dir='ltr'><strong>nobis</strong></span> <span class='ocrx_word' id='word_1_184' title='bbox 3405 1679 3555 1734; x_wconf 78' lang='lat' dir='ltr'><strong>dulce</strong></span> 
     </span>
    </p>
   </div>
   <div class='ocr_carea' id='block_1_55' title="bbox 3183 1769 3480 1842">
    <p class='ocr_par' dir='ltr' id='par_1_55' title="bbox 3183 1769 3480 1842">
     <span class='ocr_line' id='line_1_55' title="bbox 3183 1769 3480 1842; baseline -0.003 -19"><span class='ocrx_word' id='word_1_185' title='bbox 3183 1769 3480 1842; x_wconf 70' lang='lat' dir='ltr'><strong>[juvamem</strong></span> 
     </span>
    </p>
   </div>
   <div class='ocr_carea' id='block_1_56' title="bbox 2179 2239 3545 2267">
    <p class='ocr_par' dir='ltr' id='par_1_56' title="bbox 2179 2239 3545 2267">
     <span class='ocr_line' id='line_1_56' title="bbox 2179 2239 3545 2267; baseline -0.009 -1"><span class='ocrx_word' id='word_1_186' title='bbox 2179 2239 3545 2267; x_wconf 56' lang='grc' dir='ltr'><em>Μ</em></span> 
     </span>
    </p>
   </div>
   <div class='ocr_carea' id='block_1_57' title="bbox 1388 2408 2434 2528">
    <p class='ocr_par' dir='ltr' id='par_1_57' title="bbox 1388 2408 2434 2528">
     <span class='ocr_line' id='line_1_57' title="bbox 1388 2408 2434 2528; baseline -0.006 -2"><span class='ocrx_word' id='word_1_187' title='bbox 1388 2413 1528 2528; x_wconf 80' lang='lat' dir='ltr'><strong>S.</strong></span> <span class='ocrx_word' id='word_1_188' title='bbox 1611 2408 2434 2525; x_wconf 75' lang='lat' dir='ltr'><strong>ANSELMI</strong></span> 
     </span>
    </p>
   </div>
   <div class='ocr_carea' id='block_1_58' title="bbox 1672 2643 2121 2736">
    <p class='ocr_par' dir='ltr' id='par_1_58' title="bbox 1672 2643 2121 2736">
     <span class='ocr_line' id='line_1_58' title="bbox 1672 2643 2121 2736; baseline -0.011 0"><span class='ocrx_word' id='word_1_189' title='bbox 1672 2643 2121 2736; x_wconf 82' lang='lat' dir='ltr'><strong>VERSUS</strong></span> 
     </span>
    </p>
   </div>
   <div class='ocr_carea' id='block_1_59' title="bbox 1261 2829 2592 2894">
    <p class='ocr_par' dir='ltr' id='par_1_59' title="bbox 1261 2829 2592 2894">
     <span class='ocr_line' id='line_1_59' title="bbox 1261 2829 2592 2894; baseline -0.005 -3"><span class='ocrx_word' id='word_1_190' title='bbox 1261 2841 1346 2892; x_wconf 77' lang='lat' dir='ltr'><strong>DE</strong></span> <span class='ocrx_word' id='word_1_191' title='bbox 1381 2834 1948 2894; x_wconf 55' lang='lat' dir='ltr'><strong>PRxEDECESSORE</strong></span> <span class='ocrx_word' id='word_1_192' title='bbox 1979 2833 2115 2888; x_wconf 87' lang='lat' dir='ltr'><strong>SUO</strong></span> <span class='ocrx_word' id='word_1_193' title='bbox 2163 2829 2592 2885; x_wconf 67' lang='lat' dir='ltr'><strong>LANFRANCO.</strong></span> 
     </span>
    </p>
   </div>
   <div class='ocr_carea' id='block_1_60' title="bbox 295 3105 1504 3181">
    <p class='ocr_par' dir='ltr' id='par_1_60' title="bbox 295 3105 1504 3181">
     <span class='ocr_line' id='line_1_60' title="bbox 295 3105 1504 3181; baseline -0.007 -13"><span class='ocrx_word' id='word_1_194' title='bbox 295 3105 724 3181; x_wconf 81' lang='lat' dir='ltr'><strong>ArchiepiscOpii</strong></span> <span class='ocrx_word' id='word_1_195' title='bbox 748 3118 858 3163; x_wconf 89' lang='lat' dir='ltr'><strong>non</strong></span> <span class='ocrx_word' id='word_1_196' title='bbox 887 3105 1124 3172; x_wconf 84' lang='lat' dir='ltr'><strong>divitias,</strong></span> <span class='ocrx_word' id='word_1_197' title='bbox 1153 3120 1253 3161; x_wconf 79' lang='lat' dir='ltr'><strong>nec</strong></span> <span class='ocrx_word' id='word_1_198' title='bbox 1270 3106 1504 3163; x_wconf 83' lang='lat' dir='ltr'><strong>honores</strong></span> 
     </span>
    </p>
   </div>
   <div class='ocr_carea' id='block_1_61' title="bbox 299 3199 1594 3270">
    <p class='ocr_par' dir='ltr' id='par_1_61' title="bbox 299 3199 1594 3270">
     <span class='ocr_line' id='line_1_61' title="bbox 299 3199 1594 3270; baseline -0.007 -10"><span class='ocrx_word' id='word_1_199' title='bbox 299 3205 632 3261; x_wconf 82' lang='lat' dir='ltr'><strong>Lanfrancus</strong></span> <span class='ocrx_word' id='word_1_200' title='bbox 653 3201 838 3267; x_wconf 89' lang='lat' dir='ltr'><strong>subiit,</strong></span> <span class='ocrx_word' id='word_1_201' title='bbox 871 3203 962 3256; x_wconf 85' lang='lat' dir='ltr'><strong>sed</strong></span> <span class='ocrx_word' id='word_1_202' title='bbox 984 3215 1143 3256; x_wconf 82' lang='lat' dir='ltr'><strong>curas</strong></span> <span class='ocrx_word' id='word_1_203' title='bbox 1171 3209 1332 3270; x_wconf 89' lang='lat' dir='ltr'><strong>atque</strong></span> <span class='ocrx_word' id='word_1_204' title='bbox 1359 3199 1594 3255; x_wconf 85' lang='lat' dir='ltr'><strong>labores.</strong></span> 
     </span>
    </p>
   </div>
   <div class='ocr_carea' id='block_1_62' title="bbox 297 3292 1395 3363">
    <p class='ocr_par' dir='ltr' id='par_1_62' title="bbox 297 3292 1395 3363">
     <span class='ocr_line' id='line_1_62' title="bbox 297 3292 1395 3363; baseline -0.006 -11"><span class='ocrx_word' id='word_1_205' title='bbox 297 3294 468 3352; x_wconf 81' lang='lat' dir='ltr'><strong>Natus</strong></span> <span class='ocrx_word' id='word_1_206' title='bbox 499 3297 550 3350; x_wconf 89' lang='lat' dir='ltr'><strong>in</strong></span> <span class='ocrx_word' id='word_1_207' title='bbox 571 3295 747 3355; x_wconf 87' lang='lat' dir='ltr'><strong>Italia.</strong></span> <span class='ocrx_word' id='word_1_208' title='bbox 778 3293 1030 3362; x_wconf 89' lang='lat' dir='ltr'><strong>Papiensi</strong></span> <span class='ocrx_word' id='word_1_209' title='bbox 1060 3293 1126 3347; x_wconf 88' lang='lat' dir='ltr'><strong>de</strong></span> <span class='ocrx_word' id='word_1_210' title='bbox 1154 3292 1395 3363; x_wconf 84' lang='lat' dir='ltr'><strong>regione,</strong></span> 
     </span>
    </p>
   </div>
   <div class='ocr_carea' id='block_1_63' title="bbox 300 3383 1508 3458">
    <p class='ocr_par' dir='ltr' id='par_1_63' title="bbox 300 3383 1508 3458">
     <span class='ocr_line' id='line_1_63' title="bbox 300 3383 1508 3458; baseline -0.005 -16"><span class='ocrx_word' id='word_1_211' title='bbox 300 3389 520 3444; x_wconf 72' lang='lat' dir='ltr'><strong>Civibus</strong></span> <span class='ocrx_word' id='word_1_212' title='bbox 550 3387 803 3458; x_wconf 78' lang='lat' dir='ltr'><strong>egregiis,</strong></span> <span class='ocrx_word' id='word_1_213' title='bbox 837 3395 891 3441; x_wconf 90' lang='lat' dir='ltr'><strong>et</strong></span> <span class='ocrx_word' id='word_1_214' title='bbox 919 3386 1144 3440; x_wconf 89' lang='lat' dir='ltr'><strong>honesta</strong></span> <span class='ocrx_word' id='word_1_215' title='bbox 1173 3383 1508 3438; x_wconf 87' lang='lat' dir='ltr'><strong>conditione.</strong></span> 
     </span>
    </p>
   </div>
   <div class='ocr_carea' id='block_1_64' title="bbox 300 3472 1888 3549">
    <p class='ocr_par' dir='ltr' id='par_1_64' title="bbox 300 3472 1888 3549">
     <span class='ocr_line' id='line_1_64' title="bbox 300 3472 1888 3549; baseline -0.006 -12"><span class='ocrx_word' id='word_1_216' title='bbox 300 3481 599 3536; x_wconf 83' lang='lat' dir='ltr'><strong>Monachus</strong></span> <span class='ocrx_word' id='word_1_217' title='bbox 627 3489 790 3549; x_wconf 88' lang='lat' dir='ltr'><strong>atque</strong></span> <span class='ocrx_word' id='word_1_218' title='bbox 820 3479 968 3548; x_wconf 90' lang='lat' dir='ltr'><strong>prior</strong></span> <span class='ocrx_word' id='word_1_219' title='bbox 992 3477 1149 3532; x_wconf 87' lang='lat' dir='ltr'><strong>Becei</strong></span> <span class='ocrx_word' id='word_1_220' title='bbox 1181 3475 1304 3540; x_wconf 81' lang='lat' dir='ltr'><strong>fuit,</strong></span> <span class='ocrx_word' id='word_1_221' title='bbox 1359 3475 1488 3530; x_wconf 90' lang='lat' dir='ltr'><strong>hinc</strong></span> <span class='ocrx_word' id='word_1_222' title='bbox 1537 3472 1888 3529; x_wconf 85' lang='lat' dir='ltr'><strong>Cadomensis</strong></span> 
     </span>
    </p>
   </div>
   <div class='ocr_carea' id='block_1_65' title="bbox 300 3565 1641 3641">
    <p class='ocr_par' dir='ltr' id='par_1_65' title="bbox 300 3565 1641 3641">
     <span class='ocr_line' id='line_1_65' title="bbox 300 3565 1641 3641; baseline -0.009 -13"><span class='ocrx_word' id='word_1_223' title='bbox 300 3574 514 3637; x_wconf 85' lang='lat' dir='ltr'><strong>Abbas;</strong></span> <span class='ocrx_word' id='word_1_224' title='bbox 543 3580 666 3641; x_wconf 88' lang='lat' dir='ltr'><strong>post</strong></span> <span class='ocrx_word' id='word_1_225' title='bbox 687 3569 884 3638; x_wconf 79' lang='lat' dir='ltr'><strong>pr:esul</strong></span> <span class='ocrx_word' id='word_1_226' title='bbox 913 3569 1114 3637; x_wconf 90' lang='lat' dir='ltr'><strong>primas</strong></span> <span class='ocrx_word' id='word_1_227' title='bbox 1136 3576 1190 3619; x_wconf 90' lang='lat' dir='ltr'><strong>et</strong></span> <span class='ocrx_word' id='word_1_228' title='bbox 1217 3565 1641 3619; x_wconf 83' lang='lat' dir='ltr'><strong>Cantuariensis.</strong></span> 
     </span>
    </p>
   </div>
   <div class='ocr_carea' id='block_1_66' title="bbox 303 3658 1565 3729">
    <p class='ocr_par' dir='ltr' id='par_1_66' title="bbox 303 3658 1565 3729">
     <span class='ocr_line' id='line_1_66' title="bbox 303 3658 1565 3729; baseline -0.008 -11"><span class='ocrx_word' id='word_1_229' title='bbox 303 3665 493 3718; x_wconf 87' lang='lat' dir='ltr'><strong>Totius</strong></span> <span class='ocrx_word' id='word_1_230' title='bbox 516 3662 812 3729; x_wconf 82' lang='lat' dir='ltr'><strong>Anglorum</strong></span> <span class='ocrx_word' id='word_1_231' title='bbox 843 3659 945 3713; x_wconf 82' lang='lat' dir='ltr'><strong>fuit</strong></span> <span class='ocrx_word' id='word_1_232' title='bbox 979 3658 1234 3713; x_wconf 79' lang='lat' dir='ltr'><strong>Ecclesia:</strong></span> <span class='ocrx_word' id='word_1_233' title='bbox 1262 3665 1565 3726; x_wconf 88' lang='lat' dir='ltr'><strong>reparator,</strong></span> 
     </span>
    </p>
   </div>
   <div class='ocr_carea' id='block_1_67' title="bbox 305 3745 1615 3806">
    <p class='ocr_par' dir='ltr' id='par_1_67' title="bbox 305 3745 1615 3806">
     <span class='ocr_line' id='line_1_67' title="bbox 305 3745 1615 3806; baseline -0.008 0"><span class='ocrx_word' id='word_1_234' title='bbox 305 3754 370 3806; x_wconf 67' lang='lat' dir='ltr'><strong>lit</strong></span> <span class='ocrx_word' id='word_1_235' title='bbox 393 3752 890 3805; x_wconf 81' lang='lat' dir='ltr'><strong>Northmannorum</strong></span> <span class='ocrx_word' id='word_1_236' title='bbox 914 3747 1268 3802; x_wconf 85' lang='lat' dir='ltr'><strong>nihilominus</strong></span> <span class='ocrx_word' id='word_1_237' title='bbox 1301 3745 1615 3798; x_wconf 81' lang='lat' dir='ltr'><strong>auxiliator.</strong></span> 
     </span>
    </p>
   </div>
   <div class='ocr_carea' id='block_1_68' title="bbox 305 3834 1710 3914">
    <p class='ocr_par' dir='ltr' id='par_1_68' title="bbox 305 3834 1710 3914">
     <span class='ocr_line' id='line_1_68' title="bbox 305 3834 1710 3914; baseline -0.007 -16"><span class='ocrx_word' id='word_1_238' title='bbox 305 3845 475 3914; x_wconf 85' lang='lat' dir='ltr'><strong>llujus</strong></span> <span class='ocrx_word' id='word_1_239' title='bbox 507 3842 814 3897; x_wconf 91' lang='lat' dir='ltr'><strong>doctrinam</strong></span> <span class='ocrx_word' id='word_1_240' title='bbox 845 3855 970 3910; x_wconf 89' lang='lat' dir='ltr'><strong>pars</strong></span> <span class='ocrx_word' id='word_1_241' title='bbox 994 3839 1232 3893; x_wconf 83' lang='lat' dir='ltr'><strong>maxima</strong></span> <span class='ocrx_word' id='word_1_242' title='bbox 1273 3834 1710 3897; x_wconf 87' lang='lat' dir='ltr'><strong>scnseratorbis;</strong></span> 
     </span>
    </p>
   </div>
   <div class='ocr_carea' id='block_1_69' title="bbox 304 3925 1547 3991">
    <p class='ocr_par' dir='ltr' id='par_1_69' title="bbox 304 3925 1547 3991">
     <span class='ocr_line' id='line_1_69' title="bbox 304 3925 1547 3991; baseline -0.011 1"><span class='ocrx_word' id='word_1_243' title='bbox 304 3938 370 3991; x_wconf 85' lang='lat' dir='ltr'><strong>Et</strong></span> <span class='ocrx_word' id='word_1_244' title='bbox 397 3948 682 3990; x_wconf 90' lang='lat' dir='ltr'><strong>commune</strong></span> <span class='ocrx_word' id='word_1_245' title='bbox 703 3933 804 3986; x_wconf 84' lang='lat' dir='ltr'><strong>fuit</strong></span> <span class='ocrx_word' id='word_1_246' title='bbox 833 3931 1008 3986; x_wconf 88' lang='lat' dir='ltr'><strong>viduis</strong></span> <span class='ocrx_word' id='word_1_247' title='bbox 1039 3930 1276 3984; x_wconf 87' lang='lat' dir='ltr'><strong>solamen</strong></span> <span class='ocrx_word' id='word_1_248' title='bbox 1304 3935 1358 3982; x_wconf 92' lang='lat' dir='ltr'><strong>et</strong></span> <span class='ocrx_word' id='word_1_249' title='bbox 1381 3925 1547 3989; x_wconf 90' lang='lat' dir='ltr'><strong>orbis,</strong></span> 
     </span>
    </p>
   </div>
   <div class='ocr_carea' id='block_1_70' title="bbox 304 4020 1550 4094">
    <p class='ocr_par' dir='ltr' id='par_1_70' title="bbox 304 4020 1550 4094">
     <span class='ocr_line' id='line_1_70' title="bbox 304 4020 1550 4094; baseline -0.007 -13"><span class='ocrx_word' id='word_1_250' title='bbox 304 4029 540 4093; x_wconf 69' lang='lat' dir='ltr'><strong>tjlaudis,</strong></span> <span class='ocrx_word' id='word_1_251' title='bbox 561 4025 877 4091; x_wconf 87' lang='lat' dir='ltr'><strong>contractis,</strong></span> <span class='ocrx_word' id='word_1_252' title='bbox 909 4024 1153 4094; x_wconf 86' lang='lat' dir='ltr'><strong>leprosis,</strong></span> <span class='ocrx_word' id='word_1_253' title='bbox 1185 4020 1550 4080; x_wconf 76' lang='lat' dir='ltr'><strong>dzemoniosis,</strong></span> 
     </span>
    </p>
   </div>
   <div class='ocr_carea' id='block_1_71' title="bbox 305 4113 1444 4182">
    <p class='ocr_par' dir='ltr' id='par_1_71' title="bbox 305 4113 1444 4182">
     <span class='ocr_line' id='line_1_71' title="bbox 305 4113 1444 4182; baseline -0.007 -9"><span class='ocrx_word' id='word_1_254' title='bbox 305 4119 499 4174; x_wconf 85' lang='lat' dir='ltr'><strong>Surdis</strong></span> <span class='ocrx_word' id='word_1_255' title='bbox 522 4128 584 4173; x_wconf 35' lang='lat' dir='ltr'><strong>et.</strong></span> <span class='ocrx_word' id='word_1_256' title='bbox 604 4117 782 4182; x_wconf 69' lang='lat' dir='ltr'><strong>caecis,</strong></span> <span class='ocrx_word' id='word_1_257' title='bbox 820 4131 922 4171; x_wconf 86' lang='lat' dir='ltr'><strong>nec</strong></span> <span class='ocrx_word' id='word_1_258' title='bbox 942 4131 1045 4170; x_wconf 90' lang='lat' dir='ltr'><strong>non</strong></span> <span class='ocrx_word' id='word_1_259' title='bbox 1071 4114 1189 4168; x_wconf 87' lang='lat' dir='ltr'><strong>aliis</strong></span> <span class='ocrx_word' id='word_1_260' title='bbox 1216 4113 1444 4167; x_wconf 80' lang='lat' dir='ltr'><strong>vitiosis.</strong></span> 
     </span>
    </p>
   </div>
   <div class='ocr_carea' id='block_1_72' title="bbox 307 4203 1648 4275">
    <p class='ocr_par' dir='ltr' id='par_1_72' title="bbox 307 4203 1648 4275">
     <span class='ocr_line' id='line_1_72' title="bbox 307 4203 1648 4275; baseline -0.006 -13"><span class='ocrx_word' id='word_1_261' title='bbox 307 4210 435 4264; x_wconf 80' lang='lat' dir='ltr'><strong>Post</strong></span> <span class='ocrx_word' id='word_1_262' title='bbox 463 4210 816 4264; x_wconf 88' lang='lat' dir='ltr'><strong>exhortamen</strong></span> <span class='ocrx_word' id='word_1_263' title='bbox 847 4222 953 4262; x_wconf 93' lang='lat' dir='ltr'><strong>non</strong></span> <span class='ocrx_word' id='word_1_264' title='bbox 976 4206 1179 4275; x_wconf 89' lang='lat' dir='ltr'><strong>sprevit</strong></span> <span class='ocrx_word' id='word_1_265' title='bbox 1202 4205 1344 4259; x_wconf 79' lang='lat' dir='ltr'><strong>terre</strong></span> <span class='ocrx_word' id='word_1_266' title='bbox 1363 4203 1648 4271; x_wconf 84' lang='lat' dir='ltr'><strong>juvamen;</strong></span> 
     </span>
    </p>
   </div>
   <div class='ocr_carea' id='block_1_73' title="bbox 307 4296 1798 4367">
    <p class='ocr_par' dir='ltr' id='par_1_73' title="bbox 307 4296 1798 4367">
     <span class='ocr_line' id='line_1_73' title="bbox 307 4296 1798 4367; baseline -0.007 -12"><span class='ocrx_word' id='word_1_267' title='bbox 307 4303 415 4355; x_wconf 81' lang='lat' dir='ltr'><strong>Sed</strong></span> <span class='ocrx_word' id='word_1_268' title='bbox 448 4302 575 4355; x_wconf 89' lang='lat' dir='ltr'><strong>dum</strong></span> <span class='ocrx_word' id='word_1_269' title='bbox 603 4299 757 4364; x_wconf 81' lang='lat' dir='ltr'><strong>vixit,</strong></span> <span class='ocrx_word' id='word_1_270' title='bbox 785 4307 902 4353; x_wconf 87' lang='lat' dir='ltr'><strong>erat</strong></span> <span class='ocrx_word' id='word_1_271' title='bbox 930 4312 1053 4367; x_wconf 87' lang='lat' dir='ltr'><strong>spes</strong></span> <span class='ocrx_word' id='word_1_272' title='bbox 1073 4298 1325 4351; x_wconf 90' lang='lat' dir='ltr'><strong>omnibus</strong></span> <span class='ocrx_word' id='word_1_273' title='bbox 1348 4306 1511 4364; x_wconf 85' lang='lat' dir='ltr'><strong>atque</strong></span> <span class='ocrx_word' id='word_1_274' title='bbox 1535 4296 1798 4348; x_wconf 84' lang='lat' dir='ltr'><strong>levamen.</strong></span> 
     </span>
    </p>
   </div>
   <div class='ocr_carea' id='block_1_74' title="bbox 305 4386 1456 4460">
    <p class='ocr_par' dir='ltr' id='par_1_74' title="bbox 305 4386 1456 4460">
     <span class='ocr_line' id='line_1_74' title="bbox 305 4386 1456 4460; baseline -0.003 -16"><span class='ocrx_word' id='word_1_275' title='bbox 305 4391 372 4444; x_wconf 84' lang='lat' dir='ltr'><strong>Et</strong></span> <span class='ocrx_word' id='word_1_276' title='bbox 393 4391 640 4460; x_wconf 87' lang='lat' dir='ltr'><strong>quamvis</strong></span> <span class='ocrx_word' id='word_1_277' title='bbox 661 4389 832 4458; x_wconf 58' lang='lat' dir='ltr'><strong>epulae</strong></span> <span class='ocrx_word' id='word_1_278' title='bbox 857 4404 980 4443; x_wconf 88' lang='lat' dir='ltr'><strong>cum</strong></span> <span class='ocrx_word' id='word_1_279' title='bbox 1009 4397 1135 4456; x_wconf 91' lang='lat' dir='ltr'><strong>potu</strong></span> <span class='ocrx_word' id='word_1_280' title='bbox 1167 4386 1456 4446; x_wconf 58' lang='lat' dir='ltr'><strong>deliciosm,</strong></span> 
     </span>
    </p>
   </div>
   <div class='ocr_carea' id='block_1_75' title="bbox 306 4475 1560 4543">
    <p class='ocr_par' dir='ltr' id='par_1_75' title="bbox 306 4475 1560 4543">
     <span class='ocr_line' id='line_1_75' title="bbox 306 4475 1560 4543; baseline -0.006 -8"><span class='ocrx_word' id='word_1_281' title='bbox 306 4481 373 4535; x_wconf 85' lang='lat' dir='ltr'><strong>Et</strong></span> <span class='ocrx_word' id='word_1_282' title='bbox 407 4489 582 4535; x_wconf 89' lang='lat' dir='ltr'><strong>vestes</strong></span> <span class='ocrx_word' id='word_1_283' title='bbox 614 4479 830 4533; x_wconf 83' lang='lat' dir='ltr'><strong>fuerant</strong></span> <span class='ocrx_word' id='word_1_284' title='bbox 863 4477 966 4532; x_wconf 85' lang='lat' dir='ltr'><strong>sibi</strong></span> <span class='ocrx_word' id='word_1_285' title='bbox 999 4475 1185 4530; x_wconf 89' lang='lat' dir='ltr'><strong>molles</strong></span> <span class='ocrx_word' id='word_1_286' title='bbox 1204 4486 1258 4529; x_wconf 89' lang='lat' dir='ltr'><strong>et</strong></span> <span class='ocrx_word' id='word_1_287' title='bbox 1287 4475 1560 4543; x_wconf 80' lang='lat' dir='ltr'><strong>pretiosae,</strong></span> 
     </span>
    </p>
   </div>
   <div class='ocr_carea' id='block_1_76' title="bbox 307 4564 1558 4640">
    <p class='ocr_par' dir='ltr' id='par_1_76' title="bbox 307 4564 1558 4640">
     <span class='ocr_line' id='line_1_76' title="bbox 307 4564 1558 4640; baseline -0.006 -16"><span class='ocrx_word' id='word_1_288' title='bbox 307 4571 423 4640; x_wconf 88' lang='lat' dir='ltr'><strong>Ipse</strong></span> <span class='ocrx_word' id='word_1_289' title='bbox 454 4580 629 4624; x_wconf 87' lang='lat' dir='ltr'><strong>tamen</strong></span> <span class='ocrx_word' id='word_1_290' title='bbox 655 4578 824 4624; x_wconf 90' lang='lat' dir='ltr'><strong>tectus</strong></span> <span class='ocrx_word' id='word_1_291' title='bbox 855 4567 955 4621; x_wconf 83' lang='lat' dir='ltr'><strong>fuit</strong></span> <span class='ocrx_word' id='word_1_292' title='bbox 982 4567 1294 4637; x_wconf 89' lang='lat' dir='ltr'><strong>asperitatis</strong></span> <span class='ocrx_word' id='word_1_293' title='bbox 1321 4564 1558 4623; x_wconf 87' lang='lat' dir='ltr'><strong>amictu;</strong></span> 
     </span>
    </p>
   </div>
   <div class='ocr_carea' id='block_1_77' title="bbox 307 4657 1484 4733">
    <p class='ocr_par' dir='ltr' id='par_1_77' title="bbox 307 4657 1484 4733">
     <span class='ocr_line' id='line_1_77' title="bbox 307 4657 1484 4733; baseline -0.009 -15"><span class='ocrx_word' id='word_1_294' title='bbox 307 4664 536 4733; x_wconf 84' lang='lat' dir='ltr'><strong>Semper</strong></span> <span class='ocrx_word' id='word_1_295' title='bbox 565 4663 631 4718; x_wconf 85' lang='lat' dir='ltr'><strong>de</strong></span> <span class='ocrx_word' id='word_1_296' title='bbox 657 4662 748 4716; x_wconf 92' lang='lat' dir='ltr'><strong>vili</strong></span> <span class='ocrx_word' id='word_1_297' title='bbox 773 4662 960 4716; x_wconf 88' lang='lat' dir='ltr'><strong>vivens</strong></span> <span class='ocrx_word' id='word_1_298' title='bbox 981 4669 1035 4714; x_wconf 92' lang='lat' dir='ltr'><strong>et</strong></span> <span class='ocrx_word' id='word_1_299' title='bbox 1060 4672 1295 4728; x_wconf 87' lang='lat' dir='ltr'><strong>paupere</strong></span> <span class='ocrx_word' id='word_1_300' title='bbox 1317 4657 1484 4711; x_wconf 89' lang='lat' dir='ltr'><strong>victu.</strong></span> 
     </span>
    </p>
   </div>
   <div class='ocr_carea' id='block_1_78' title="bbox 311 4747 1592 4825">
    <p class='ocr_par' dir='ltr' id='par_1_78' title="bbox 311 4747 1592 4825">
     <span class='ocr_line' id='line_1_78' title="bbox 311 4747 1592 4825; baseline -0.009 -15"><span class='ocrx_word' id='word_1_301' title='bbox 311 4758 482 4812; x_wconf 84' lang='lat' dir='ltr'><strong>Verus</strong></span> <span class='ocrx_word' id='word_1_302' title='bbox 501 4755 745 4825; x_wconf 70' lang='lat' dir='ltr'><strong>justitiaz,</strong></span> <span class='ocrx_word' id='word_1_303' title='bbox 771 4769 878 4809; x_wconf 91' lang='lat' dir='ltr'><strong>non</strong></span> <span class='ocrx_word' id='word_1_304' title='bbox 911 4752 1080 4807; x_wconf 76' lang='lat' dir='ltr'><strong>falsus</strong></span> <span class='ocrx_word' id='word_1_305' title='bbox 1105 4751 1158 4805; x_wconf 95' lang='lat' dir='ltr'><strong>in</strong></span> <span class='ocrx_word' id='word_1_306' title='bbox 1182 4748 1373 4804; x_wconf 89' lang='lat' dir='ltr'><strong>ordine</strong></span> <span class='ocrx_word' id='word_1_307' title='bbox 1398 4747 1592 4808; x_wconf 74' lang='lat' dir='ltr'><strong>cultor,</strong></span> 
     </span>
    </p>
   </div>
   <div class='ocr_carea' id='block_1_79' title="bbox 309 4840 1619 4921">
    <p class='ocr_par' dir='ltr' id='par_1_79' title="bbox 309 4840 1619 4921">
     <span class='ocr_line' id='line_1_79' title="bbox 309 4840 1619 4921; baseline -0.011 -16"><span class='ocrx_word' id='word_1_308' title='bbox 309 4850 679 4921; x_wconf 60' lang='lat' dir='ltr'><strong>Nequitiaque</strong></span> <span class='ocrx_word' id='word_1_309' title='bbox 707 4848 810 4902; x_wconf 83' lang='lat' dir='ltr'><strong>fuit</strong></span> <span class='ocrx_word' id='word_1_310' title='bbox 853 4845 1187 4901; x_wconf 89' lang='lat' dir='ltr'><strong>rectissimus</strong></span> <span class='ocrx_word' id='word_1_311' title='bbox 1216 4852 1269 4897; x_wconf 86' lang='lat' dir='ltr'><strong>et</strong></span> <span class='ocrx_word' id='word_1_312' title='bbox 1297 4842 1418 4911; x_wconf 84' lang='lat' dir='ltr'><strong>pius</strong></span> <span class='ocrx_word' id='word_1_313' title='bbox 1459 4840 1619 4892; x_wconf 89' lang='lat' dir='ltr'><strong>ultor.</strong></span> 
     </span>
    </p>
   </div>
   <div class='ocr_carea' id='block_1_80' title="bbox 309 4932 1593 5016">
    <p class='ocr_par' dir='ltr' id='par_1_80' title="bbox 309 4932 1593 5016">
     <span class='ocr_line' id='line_1_80' title="bbox 309 4932 1593 5016; baseline -0.012 -16"><span class='ocrx_word' id='word_1_314' title='bbox 309 4948 482 5016; x_wconf 87' lang='lat' dir='ltr'><strong>Asper</strong></span> <span class='ocrx_word' id='word_1_315' title='bbox 509 4944 562 4997; x_wconf 92' lang='lat' dir='ltr'><strong>in</strong></span> <span class='ocrx_word' id='word_1_316' title='bbox 593 4941 782 5003; x_wconf 89' lang='lat' dir='ltr'><strong>elatos,</strong></span> <span class='ocrx_word' id='word_1_317' title='bbox 813 4939 943 4994; x_wconf 90' lang='lat' dir='ltr'><strong>nulli</strong></span> <span class='ocrx_word' id='word_1_318' title='bbox 974 4953 1072 5008; x_wconf 92' lang='lat' dir='ltr'><strong>pro</strong></span> <span class='ocrx_word' id='word_1_319' title='bbox 1101 4951 1324 4990; x_wconf 88' lang='lat' dir='ltr'><strong>munere</strong></span> <span class='ocrx_word' id='word_1_320' title='bbox 1347 4932 1593 5002; x_wconf 83' lang='lat' dir='ltr'><strong>supplex,</strong></span> 
     </span>
    </p>
   </div>
   <div class='ocr_carea' id='block_1_81' title="bbox 311 5024 1612 5104">
    <p class='ocr_par' dir='ltr' id='par_1_81' title="bbox 311 5024 1612 5104">
     <span class='ocr_line' id='line_1_81' title="bbox 311 5024 1612 5104; baseline -0.013 -12"><span class='ocrx_word' id='word_1_321' title='bbox 311 5035 668 5104; x_wconf 89' lang='lat' dir='ltr'><strong>lnnocuisque</strong></span> <span class='ocrx_word' id='word_1_322' title='bbox 687 5032 842 5088; x_wconf 92' lang='lat' dir='ltr'><strong>bonis</strong></span> <span class='ocrx_word' id='word_1_323' title='bbox 870 5038 924 5086; x_wconf 89' lang='lat' dir='ltr'><strong>et</strong></span> <span class='ocrx_word' id='word_1_324' title='bbox 954 5029 1098 5084; x_wconf 91' lang='lat' dir='ltr'><strong>nullo</strong></span> <span class='ocrx_word' id='word_1_325' title='bbox 1125 5035 1368 5097; x_wconf 89' lang='lat' dir='ltr'><strong>tempore</strong></span> <span class='ocrx_word' id='word_1_326' title='bbox 1395 5024 1612 5094; x_wconf 84' lang='lat' dir='ltr'><strong>duplex.</strong></span> 
     </span>
    </p>
   </div>
   <div class='ocr_carea' id='block_1_82' title="bbox 311 5117 1519 5194">
    <p class='ocr_par' dir='ltr' id='par_1_82' title="bbox 311 5117 1519 5194">
     <span class='ocr_line' id='line_1_82' title="bbox 311 5117 1519 5194; baseline -0.012 -9"><span class='ocrx_word' id='word_1_327' title='bbox 311 5130 507 5186; x_wconf 82' lang='lat' dir='ltr'><strong>Castus</strong></span> <span class='ocrx_word' id='word_1_328' title='bbox 531 5136 585 5182; x_wconf 86' lang='lat' dir='ltr'><strong>et</strong></span> <span class='ocrx_word' id='word_1_329' title='bbox 621 5125 842 5181; x_wconf 87' lang='lat' dir='ltr'><strong>incestis</strong></span> <span class='ocrx_word' id='word_1_330' title='bbox 865 5122 1134 5194; x_wconf 89' lang='lat' dir='ltr'><strong>parcendo</strong></span> <span class='ocrx_word' id='word_1_331' title='bbox 1149 5117 1519 5180; x_wconf 86' lang='lat' dir='ltr'><strong>subveniebat,</strong></span> 
     </span>
    </p>
   </div>
   <div class='ocr_carea' id='block_1_83' title="bbox 312 5213 1523 5288">
    <p class='ocr_par' dir='ltr' id='par_1_83' title="bbox 312 5213 1523 5288">
     <span class='ocr_line' id='line_1_83' title="bbox 312 5213 1523 5288; baseline -0.013 -9"><span class='ocrx_word' id='word_1_332' title='bbox 312 5223 499 5281; x_wconf 81' lang='lat' dir='ltr'><strong>Justus</strong></span> <span class='ocrx_word' id='word_1_333' title='bbox 528 5232 584 5278; x_wconf 90' lang='lat' dir='ltr'><strong>et</strong></span> <span class='ocrx_word' id='word_1_334' title='bbox 615 5221 841 5288; x_wconf 74' lang='lat' dir='ltr'><strong>iniustos</strong></span> <span class='ocrx_word' id='word_1_335' title='bbox 867 5216 1144 5271; x_wconf 88' lang='lat' dir='ltr'><strong>tolerando</strong></span> <span class='ocrx_word' id='word_1_336' title='bbox 1170 5213 1523 5281; x_wconf 88' lang='lat' dir='ltr'><strong>corripiebat.</strong></span> 
     </span>
    </p>
   </div>
   <div class='ocr_carea' id='block_1_84' title="bbox 317 5303 1524 5379">
    <p class='ocr_par' dir='ltr' id='par_1_84' title="bbox 317 5303 1524 5379">
     <span class='ocr_line' id='line_1_84' title="bbox 317 5303 1524 5379; baseline -0.012 -10"><span class='ocrx_word' id='word_1_337' title='bbox 317 5313 410 5369; x_wconf 87' lang='lat' dir='ltr'><strong>Sic</strong></span> <span class='ocrx_word' id='word_1_338' title='bbox 437 5312 573 5367; x_wconf 89' lang='lat' dir='ltr'><strong>alios</strong></span> <span class='ocrx_word' id='word_1_339' title='bbox 595 5325 813 5376; x_wconf 90' lang='lat' dir='ltr'><strong>curans,</strong></span> <span class='ocrx_word' id='word_1_340' title='bbox 843 5307 1076 5379; x_wconf 84' lang='lat' dir='ltr'><strong>pastoris</strong></span> <span class='ocrx_word' id='word_1_341' title='bbox 1095 5320 1230 5374; x_wconf 90' lang='lat' dir='ltr'><strong>opus</strong></span> <span class='ocrx_word' id='word_1_342' title='bbox 1265 5303 1524 5366; x_wconf 86' lang='lat' dir='ltr'><strong>faciebat,</strong></span> 
     </span>
    </p>
   </div>
   <div class='ocr_carea' id='block_1_85' title="bbox 319 5393 1766 5470">
    <p class='ocr_par' dir='ltr' id='par_1_85' title="bbox 319 5393 1766 5470">
     <span class='ocr_line' id='line_1_85' title="bbox 319 5393 1766 5470; baseline -0.016 -2"><span class='ocrx_word' id='word_1_343' title='bbox 319 5403 414 5468; x_wconf 80' lang='lat' dir='ltr'><strong>Sic</strong></span> <span class='ocrx_word' id='word_1_344' title='bbox 436 5419 496 5466; x_wconf 78' lang='lat' dir='ltr'><strong>sc</strong></span> <span class='ocrx_word' id='word_1_345' title='bbox 523 5417 872 5470; x_wconf 84' lang='lat' dir='ltr'><strong>conservans,</strong></span> <span class='ocrx_word' id='word_1_346' title='bbox 899 5401 1246 5469; x_wconf 90' lang='lat' dir='ltr'><strong>Domino.per</strong></span> <span class='ocrx_word' id='word_1_347' title='bbox 1270 5403 1465 5453; x_wconf 88' lang='lat' dir='ltr'><strong>cuncta</strong></span> <span class='ocrx_word' id='word_1_348' title='bbox 1501 5393 1766 5466; x_wconf 86' lang='lat' dir='ltr'><strong>placebat.</strong></span> 
     </span>
    </p>
   </div>
   <div class='ocr_carea' id='block_1_86' title="bbox 1910 3097 3403 3172">
    <p class='ocr_par' dir='ltr' id='par_1_86' title="bbox 1910 3097 3403 3172">
     <span class='ocr_line' id='line_1_86' title="bbox 1910 3097 3403 3172; baseline -0.003 -13"><span class='ocrx_word' id='word_1_349' title='bbox 1910 3107 1962 3168; x_wconf 78' lang='grc' dir='ltr'>Α</span> <span class='ocrx_word' id='word_1_350' title='bbox 1987 3101 2086 3159; x_wconf 84' lang='lat' dir='ltr'><strong>Hic</strong></span> <span class='ocrx_word' id='word_1_351' title='bbox 2112 3103 2194 3157; x_wconf 86' lang='lat' dir='ltr'><strong>vir</strong></span> <span class='ocrx_word' id='word_1_352' title='bbox 2222 3111 2332 3156; x_wconf 88' lang='lat' dir='ltr'><strong>tam</strong></span> <span class='ocrx_word' id='word_1_353' title='bbox 2361 3100 2600 3172; x_wconf 87' lang='lat' dir='ltr'><strong>sapiens,</strong></span> <span class='ocrx_word' id='word_1_354' title='bbox 2627 3108 2680 3155; x_wconf 90' lang='lat' dir='ltr'><strong>et</strong></span> <span class='ocrx_word' id='word_1_355' title='bbox 2703 3099 2754 3155; x_wconf 93' lang='lat' dir='ltr'><strong>in</strong></span> <span class='ocrx_word' id='word_1_356' title='bbox 2780 3099 2884 3155; x_wconf 92' lang='lat' dir='ltr'><strong>hoc</strong></span> <span class='ocrx_word' id='word_1_357' title='bbox 2915 3097 3201 3154; x_wconf 89' lang='lat' dir='ltr'><strong>luctamine</strong></span> <span class='ocrx_word' id='word_1_358' title='bbox 3224 3097 3403 3167; x_wconf 81' lang='lat' dir='ltr'><strong>fortis,</strong></span> 
     </span>
    </p>
   </div>
   <div class='ocr_carea' id='block_1_87' title="bbox 1988 3191 3295 3268">
    <p class='ocr_par' dir='ltr' id='par_1_87' title="bbox 1988 3191 3295 3268">
     <span class='ocr_line' id='line_1_87' title="bbox 1988 3191 3295 3268; baseline -0.005 -15"><span class='ocrx_word' id='word_1_359' title='bbox 1988 3199 2104 3253; x_wconf 86' lang='lat' dir='ltr'><strong>Non</strong></span> <span class='ocrx_word' id='word_1_360' title='bbox 2130 3198 2303 3268; x_wconf 93' lang='lat' dir='ltr'><strong>potuit</strong></span> <span class='ocrx_word' id='word_1_361' title='bbox 2332 3197 2547 3250; x_wconf 88' lang='lat' dir='ltr'><strong>tandem</strong></span> <span class='ocrx_word' id='word_1_362' title='bbox 2576 3195 2802 3263; x_wconf 90' lang='lat' dir='ltr'><strong>laqueos</strong></span> <span class='ocrx_word' id='word_1_363' title='bbox 2825 3193 3054 3248; x_wconf 89' lang='lat' dir='ltr'><strong>evadere</strong></span> <span class='ocrx_word' id='word_1_364' title='bbox 3081 3191 3295 3247; x_wconf 88' lang='lat' dir='ltr'><strong>mortis.</strong></span> 
     </span>
    </p>
   </div>
   <div class='ocr_carea' id='block_1_88' title="bbox 1989 3285 3217 3361">
    <p class='ocr_par' dir='ltr' id='par_1_88' title="bbox 1989 3285 3217 3361">
     <span class='ocr_line' id='line_1_88' title="bbox 1989 3285 3217 3361; baseline -0.01 -13"><span class='ocrx_word' id='word_1_365' title='bbox 1989 3292 2033 3348; x_wconf 92' lang='grc' dir='ltr'><strong>Ο</strong></span> <span class='ocrx_word' id='word_1_366' title='bbox 2062 3301 2293 3361; x_wconf 89' lang='lat' dir='ltr'><strong>quantos</strong></span> <span class='ocrx_word' id='word_1_367' title='bbox 2320 3289 2501 3344; x_wconf 87' lang='lat' dir='ltr'><strong>miseri</strong></span> <span class='ocrx_word' id='word_1_368' title='bbox 2532 3297 2658 3343; x_wconf 90' lang='lat' dir='ltr'><strong>tunc</strong></span> <span class='ocrx_word' id='word_1_369' title='bbox 2695 3288 2948 3341; x_wconf 83' lang='lat' dir='ltr'><strong>invenere</strong></span> <span class='ocrx_word' id='word_1_370' title='bbox 2975 3285 3217 3340; x_wconf 85' lang='lat' dir='ltr'><strong>dolores!</strong></span> 
     </span>
    </p>
   </div>
   <div class='ocr_carea' id='block_1_89' title="bbox 1989 3376 3284 3454">
    <p class='ocr_par' dir='ltr' id='par_1_89' title="bbox 1989 3376 3284 3454">
     <span class='ocr_line' id='line_1_89' title="bbox 1989 3376 3284 3454; baseline -0.006 -16"><span class='ocrx_word' id='word_1_371' title='bbox 1989 3385 2056 3438; x_wconf 89' lang='lat' dir='ltr'><strong>Et</strong></span> <span class='ocrx_word' id='word_1_372' title='bbox 2076 3399 2206 3454; x_wconf 91' lang='lat' dir='ltr'><strong>gens</strong></span> <span class='ocrx_word' id='word_1_373' title='bbox 2233 3381 2548 3452; x_wconf 83' lang='lat' dir='ltr'><strong>Anglorum,</strong></span> <span class='ocrx_word' id='word_1_374' title='bbox 2575 3388 2804 3450; x_wconf 85' lang='lat' dir='ltr'><strong>quantos</strong></span> <span class='ocrx_word' id='word_1_375' title='bbox 2827 3377 3007 3433; x_wconf 87' lang='lat' dir='ltr'><strong>amisit</strong></span> <span class='ocrx_word' id='word_1_376' title='bbox 3031 3376 3284 3431; x_wconf 86' lang='lat' dir='ltr'><strong>honores!</strong></span> 
     </span>
    </p>
   </div>
   <div class='ocr_carea' id='block_1_90' title="bbox 1991 3464 3354 3545">
    <p class='ocr_par' dir='ltr' id='par_1_90' title="bbox 1991 3464 3354 3545">
     <span class='ocr_line' id='line_1_90' title="bbox 1991 3464 3354 3545; baseline -0.01 -14"><span class='ocrx_word' id='word_1_377' title='bbox 1991 3478 2108 3544; x_wconf 89' lang='lat' dir='ltr'><strong>Quo</strong></span> <span class='ocrx_word' id='word_1_378' title='bbox 2137 3476 2340 3545; x_wconf 85' lang='lat' dir='ltr'><strong>gemitu</strong></span> <span class='ocrx_word' id='word_1_379' title='bbox 2369 3473 2567 3538; x_wconf 89' lang='lat' dir='ltr'><strong>clerus,</strong></span> <span class='ocrx_word' id='word_1_380' title='bbox 2599 3487 2705 3542; x_wconf 88' lang='lat' dir='ltr'><strong>quo</strong></span> <span class='ocrx_word' id='word_1_381' title='bbox 2726 3471 2852 3526; x_wconf 85' lang='lat' dir='ltr'><strong>lletu</strong></span> <span class='ocrx_word' id='word_1_382' title='bbox 2886 3471 3179 3525; x_wconf 90' lang='lat' dir='ltr'><strong>monachus</strong></span> <span class='ocrx_word' id='word_1_383' title='bbox 3204 3464 3354 3522; x_wconf 79' lang='lat' dir='ltr'><strong>orati</strong></span> 
     </span>
    </p>
   </div>
   <div class='ocr_carea' id='block_1_91' title="bbox 1990 3554 3442 3640">
    <p class='ocr_par' dir='ltr' id='par_1_91' title="bbox 1990 3554 3442 3640">
     <span class='ocr_line' id='line_1_91' title="bbox 1990 3554 3442 3640; baseline -0.01 -16"><span class='ocrx_word' id='word_1_384' title='bbox 1990 3570 2055 3624; x_wconf 84' lang='lat' dir='ltr'><strong>Et</strong></span> <span class='ocrx_word' id='word_1_385' title='bbox 2083 3578 2318 3640; x_wconf 90' lang='lat' dir='ltr'><strong>quantus</strong></span> <span class='ocrx_word' id='word_1_386' title='bbox 2351 3565 2504 3622; x_wconf 88' lang='lat' dir='ltr'><strong>dolor</strong></span> <span class='ocrx_word' id='word_1_387' title='bbox 2529 3575 2612 3622; x_wconf 90' lang='lat' dir='ltr'><strong>est</strong></span> <span class='ocrx_word' id='word_1_388' title='bbox 2632 3581 2739 3635; x_wconf 92' lang='lat' dir='ltr'><strong>quo</strong></span> <span class='ocrx_word' id='word_1_389' title='bbox 2765 3577 2927 3619; x_wconf 81' lang='lat' dir='ltr'><strong>sexus</strong></span> <span class='ocrx_word' id='word_1_390' title='bbox 2949 3569 3177 3629; x_wconf 89' lang='lat' dir='ltr'><strong>uterque</strong></span> <span class='ocrx_word' id='word_1_391' title='bbox 3201 3554 3442 3612; x_wconf 79' lang='lat' dir='ltr'><strong>laborat!</strong></span> 
     </span>
    </p>
   </div>
   <div class='ocr_carea' id='block_1_92' title="bbox 1993 3665 3142 3747">
    <p class='ocr_par' dir='ltr' id='par_1_92' title="bbox 1993 3665 3142 3747">
     <span class='ocr_line' id='line_1_92' title="bbox 1993 3665 3142 3747; baseline -0.008 -23"><span class='ocrx_word' id='word_1_392' title='bbox 1993 3671 2048 3724; x_wconf 91' lang='lat' dir='ltr'><strong>Si</strong></span> <span class='ocrx_word' id='word_1_393' title='bbox 2076 3671 2198 3738; x_wconf 86' lang='lat' dir='ltr'><strong>quis</strong></span> <span class='ocrx_word' id='word_1_394' title='bbox 2228 3669 2643 3747; x_wconf 38' lang='lat' dir='ltr'><strong>conﬁdit&#39;totum</strong></span> <span class='ocrx_word' id='word_1_395' title='bbox 2669 3680 2728 3720; x_wconf 85' lang='lat' dir='ltr'><strong>se</strong></span> <span class='ocrx_word' id='word_1_396' title='bbox 2759 3665 2938 3720; x_wconf 89' lang='lat' dir='ltr'><strong>dicere</strong></span> <span class='ocrx_word' id='word_1_397' title='bbox 2963 3676 3142 3732; x_wconf 89' lang='lat' dir='ltr'><strong>posse,</strong></span> 
     </span>
    </p>
   </div>
   <div class='ocr_carea' id='block_1_93' title="bbox 1994 3754 3302 3830">
    <p class='ocr_par' dir='ltr' id='par_1_93' title="bbox 1994 3754 3302 3830">
     <span class='ocr_line' id='line_1_93' title="bbox 1994 3754 3302 3830; baseline -0.008 -16"><span class='ocrx_word' id='word_1_398' title='bbox 1994 3760 2149 3814; x_wconf 90' lang='lat' dir='ltr'><strong>Hunc</strong></span> <span class='ocrx_word' id='word_1_399' title='bbox 2176 3775 2274 3830; x_wconf 86' lang='lat' dir='ltr'><strong>ego</strong></span> <span class='ocrx_word' id='word_1_400' title='bbox 2303 3758 2565 3813; x_wconf 82' lang='lat' dir='ltr'><strong>conﬁrmo</strong></span> <span class='ocrx_word' id='word_1_401' title='bbox 2593 3772 2698 3810; x_wconf 93' lang='lat' dir='ltr'><strong>non</strong></span> <span class='ocrx_word' id='word_1_402' title='bbox 2725 3763 2895 3808; x_wconf 89' lang='lat' dir='ltr'><strong>totum</strong></span> <span class='ocrx_word' id='word_1_403' title='bbox 2921 3754 3099 3807; x_wconf 89' lang='lat' dir='ltr'><strong>dicere</strong></span> <span class='ocrx_word' id='word_1_404' title='bbox 3123 3764 3302 3805; x_wconf 88' lang='lat' dir='ltr'><strong>nosse.</strong></span> 
     </span>
    </p>
   </div>
   <div class='ocr_carea' id='block_1_94' title="bbox 1993 3843 3314 3920">
    <p class='ocr_par' dir='ltr' id='par_1_94' title="bbox 1993 3843 3314 3920">
     <span class='ocr_line' id='line_1_94' title="bbox 1993 3843 3314 3920; baseline -0.008 -15"><span class='ocrx_word' id='word_1_405' title='bbox 1993 3852 2060 3906; x_wconf 88' lang='lat' dir='ltr'><strong>Et</strong></span> <span class='ocrx_word' id='word_1_406' title='bbox 2089 3850 2179 3920; x_wconf 91' lang='lat' dir='ltr'><strong>qui</strong></span> <span class='ocrx_word' id='word_1_407' title='bbox 2201 3847 2509 3903; x_wconf 82' lang='lat' dir='ltr'><strong>Lanfranco</strong></span> <span class='ocrx_word' id='word_1_408' title='bbox 2536 3860 2594 3901; x_wconf 92' lang='lat' dir='ltr'><strong>se</strong></span> <span class='ocrx_word' id='word_1_409' title='bbox 2613 3845 2822 3914; x_wconf 86' lang='lat' dir='ltr'><strong>judicat</strong></span> <span class='ocrx_word' id='word_1_410' title='bbox 2846 3843 3314 3912; x_wconf 77' lang='lat' dir='ltr'><strong>aequiparandum,</strong></span> 
     </span>
    </p>
   </div>
   <div class='ocr_carea' id='block_1_95' title="bbox 1995 3933 3294 4014">
    <p class='ocr_par' dir='ltr' id='par_1_95' title="bbox 1995 3933 3294 4014">
     <span class='ocr_line' id='line_1_95' title="bbox 1995 3933 3294 4014; baseline -0.009 -16"><span class='ocrx_word' id='word_1_411' title='bbox 1995 3944 2146 3999; x_wconf 93' lang='lat' dir='ltr'><strong>lllum</strong></span> <span class='ocrx_word' id='word_1_412' title='bbox 2177 3943 2302 4014; x_wconf 85' lang='lat' dir='ltr'><strong>jure</strong></span> <span class='ocrx_word' id='word_1_413' title='bbox 2330 3939 2460 3994; x_wconf 84' lang='lat' dir='ltr'><strong>facit</strong></span> <span class='ocrx_word' id='word_1_414' title='bbox 2484 3935 2832 4007; x_wconf 67' lang='lat' dir='ltr'><strong>praesumptio</strong></span> <span class='ocrx_word' id='word_1_415' title='bbox 2857 3933 3294 4002; x_wconf 88' lang='lat' dir='ltr'><strong>vituperandum.</strong></span> 
     </span>
    </p>
   </div>
   <div class='ocr_carea' id='block_1_96' title="bbox 1996 4021 3300 4099">
    <p class='ocr_par' dir='ltr' id='par_1_96' title="bbox 1996 4021 3300 4099">
     <span class='ocr_line' id='line_1_96' title="bbox 1996 4021 3300 4099; baseline -0.012 -8"><span class='ocrx_word' id='word_1_416' title='bbox 1996 4037 2121 4091; x_wconf 91' lang='lat' dir='ltr'><strong>Sole</strong></span> <span class='ocrx_word' id='word_1_417' title='bbox 2143 4036 2242 4089; x_wconf 89' lang='lat' dir='ltr'><strong>sub</strong></span> <span class='ocrx_word' id='word_1_418' title='bbox 2267 4032 2548 4087; x_wconf 86' lang='lat' dir='ltr'><strong>undecima</strong></span> <span class='ocrx_word' id='word_1_419' title='bbox 2570 4026 2812 4099; x_wconf 88' lang='lat' dir='ltr'><strong>geminos</strong></span> <span class='ocrx_word' id='word_1_420' title='bbox 2840 4025 3106 4079; x_wconf 90' lang='lat' dir='ltr'><strong>subeunte</strong></span> <span class='ocrx_word' id='word_1_421' title='bbox 3133 4021 3300 4086; x_wconf 87' lang='lat' dir='ltr'><strong>dieta,</strong></span> 
     </span>
    </p>
   </div>
   <div class='ocr_carea' id='block_1_97' title="bbox 1996 4117 3110 4192">
    <p class='ocr_par' dir='ltr' id='par_1_97' title="bbox 1996 4117 3110 4192">
     <span class='ocr_line' id='line_1_97' title="bbox 1996 4117 3110 4192; baseline -0.014 -8"><span class='ocrx_word' id='word_1_422' title='bbox 1996 4127 2192 4184; x_wconf 82' lang='lat' dir='ltr'><strong>Felicis</strong></span> <span class='ocrx_word' id='word_1_423' title='bbox 2215 4129 2337 4180; x_wconf 62' lang='lat' dir='ltr'><strong>vitae</strong></span> <span class='ocrx_word' id='word_1_424' title='bbox 2359 4124 2458 4180; x_wconf 90' lang='lat' dir='ltr'><strong>sibi</strong></span> <span class='ocrx_word' id='word_1_425' title='bbox 2491 4122 2708 4192; x_wconf 89' lang='lat' dir='ltr'><strong>ponitur</strong></span> <span class='ocrx_word' id='word_1_426' title='bbox 2733 4117 2919 4172; x_wconf 91' lang='lat' dir='ltr'><strong>ultima</strong></span> <span class='ocrx_word' id='word_1_427' title='bbox 2949 4121 3110 4168; x_wconf 91' lang='lat' dir='ltr'><strong>meta.</strong></span> 
     </span>
    </p>
   </div>
   <div class='ocr_carea' id='block_1_98' title="bbox 1998 4213 3359 4290">
    <p class='ocr_par' dir='ltr' id='par_1_98' title="bbox 1998 4213 3359 4290">
     <span class='ocr_line' id='line_1_98' title="bbox 1998 4213 3359 4290; baseline -0.014 -13"><span class='ocrx_word' id='word_1_428' title='bbox 1998 4223 2206 4290; x_wconf 82' lang='lat' dir='ltr'><strong>Regum</strong></span> <span class='ocrx_word' id='word_1_429' title='bbox 2239 4218 2352 4273; x_wconf 86' lang='lat' dir='ltr'><strong>Rex</strong></span> <span class='ocrx_word' id='word_1_430' title='bbox 2381 4224 2582 4271; x_wconf 78' lang='lat' dir='ltr'><strong>:eterne</strong></span> <span class='ocrx_word' id='word_1_431' title='bbox 2610 4213 2772 4277; x_wconf 91' lang='lat' dir='ltr'><strong>Deus,</strong></span> <span class='ocrx_word' id='word_1_432' title='bbox 2801 4223 3091 4278; x_wconf 86' lang='lat' dir='ltr'><strong>rerumque</strong></span> <span class='ocrx_word' id='word_1_433' title='bbox 3121 4215 3359 4270; x_wconf 88' lang='lat' dir='ltr'><strong>creator,</strong></span> 
     </span>
    </p>
   </div>
   <div class='ocr_carea' id='block_1_99' title="bbox 2000 4300 3232 4378">
    <p class='ocr_par' dir='ltr' id='par_1_99' title="bbox 2000 4300 3232 4378">
     <span class='ocr_line' id='line_1_99' title="bbox 2000 4300 3232 4378; baseline -0.012 -11"><span class='ocrx_word' id='word_1_434' title='bbox 2000 4313 2088 4367; x_wconf 90' lang='lat' dir='ltr'><strong>Sis</strong></span> <span class='ocrx_word' id='word_1_435' title='bbox 2115 4311 2218 4366; x_wconf 87' lang='lat' dir='ltr'><strong>sibi</strong></span> <span class='ocrx_word' id='word_1_436' title='bbox 2251 4315 2539 4378; x_wconf 88' lang='lat' dir='ltr'><strong>perpetuus</strong></span> <span class='ocrx_word' id='word_1_437' title='bbox 2560 4303 2812 4360; x_wconf 81' lang='lat' dir='ltr'><strong>defensor</strong></span> <span class='ocrx_word' id='word_1_438' title='bbox 2838 4311 2891 4356; x_wconf 91' lang='lat' dir='ltr'><strong>et</strong></span> <span class='ocrx_word' id='word_1_439' title='bbox 2920 4300 3232 4354; x_wconf 80' lang='lat' dir='ltr'><strong>auxiliator.</strong></span> 
     </span>
    </p>
   </div>
   <div class='ocr_carea' id='block_1_100' title="bbox 2000 4392 3382 4475">
    <p class='ocr_par' dir='ltr' id='par_1_100' title="bbox 2000 4392 3382 4475">
     <span class='ocr_line' id='line_1_100' title="bbox 2000 4392 3382 4475; baseline -0.009 -21"><span class='ocrx_word' id='word_1_440' title='bbox 2000 4403 2164 4475; x_wconf 86' lang='lat' dir='ltr'><strong>Virgo</strong></span> <span class='ocrx_word' id='word_1_441' title='bbox 2197 4398 2573 4468; x_wconf 85' lang='lat' dir='ltr'><strong>Redemptoris</strong></span> <span class='ocrx_word' id='word_1_442' title='bbox 2595 4394 2778 4449; x_wconf 84' lang='lat' dir='ltr'><strong>mundi</strong></span> <span class='ocrx_word' id='word_1_443' title='bbox 2807 4392 3150 4448; x_wconf 82' lang='lat' dir='ltr'><strong>sanctissima</strong></span> <span class='ocrx_word' id='word_1_444' title='bbox 3186 4397 3382 4467; x_wconf 83' lang='lat' dir='ltr'><strong>mater,</strong></span> 
     </span>
    </p>
   </div>
   <div class='ocr_carea' id='block_1_101' title="bbox 2004 4485 3196 4554">
    <p class='ocr_par' dir='ltr' id='par_1_101' title="bbox 2004 4485 3196 4554">
     <span class='ocr_line' id='line_1_101' title="bbox 2004 4485 3196 4554; baseline -0.013 -6"><span class='ocrx_word' id='word_1_445' title='bbox 2004 4494 2154 4549; x_wconf 88' lang='lat' dir='ltr'><strong>Illum</strong></span> <span class='ocrx_word' id='word_1_446' title='bbox 2179 4505 2465 4554; x_wconf 88' lang='lat' dir='ltr'><strong>conserva,</strong></span> <span class='ocrx_word' id='word_1_447' title='bbox 2498 4502 2566 4542; x_wconf 89' lang='lat' dir='ltr'><strong>ne</strong></span> <span class='ocrx_word' id='word_1_448' title='bbox 2585 4485 2811 4554; x_wconf 90' lang='lat' dir='ltr'><strong>spiritus</strong></span> <span class='ocrx_word' id='word_1_449' title='bbox 2838 4491 3037 4537; x_wconf 89' lang='lat' dir='ltr'><strong>atterat</strong></span> <span class='ocrx_word' id='word_1_450' title='bbox 3061 4490 3196 4535; x_wconf 91' lang='lat' dir='ltr'><strong>ater.</strong></span> 
     </span>
    </p>
   </div>
   <div class='ocr_carea' id='block_1_102' title="bbox 2005 4570 3238 4649">
    <p class='ocr_par' dir='ltr' id='par_1_102' title="bbox 2005 4570 3238 4649">
     <span class='ocr_line' id='line_1_102' title="bbox 2005 4570 3238 4649; baseline -0.013 -8"><span class='ocrx_word' id='word_1_451' title='bbox 2005 4585 2204 4641; x_wconf 90' lang='lat' dir='ltr'><strong>Omnes</strong></span> <span class='ocrx_word' id='word_1_452' title='bbox 2230 4581 2410 4645; x_wconf 91' lang='lat' dir='ltr'><strong>electi,</strong></span> <span class='ocrx_word' id='word_1_453' title='bbox 2439 4577 2689 4649; x_wconf 90' lang='lat' dir='ltr'><strong>precibus</strong></span> <span class='ocrx_word' id='word_1_454' title='bbox 2712 4573 3029 4641; x_wconf 88' lang='lat' dir='ltr'><strong>meritisque</strong></span> <span class='ocrx_word' id='word_1_455' title='bbox 3054 4570 3238 4641; x_wconf 84' lang='lat' dir='ltr'><strong>juvate</strong></span> 
     </span>
    </p>
   </div>
   <div class='ocr_carea' id='block_1_103' title="bbox 2006 4661 3211 4731">
    <p class='ocr_par' dir='ltr' id='par_1_103' title="bbox 2006 4661 3211 4731">
     <span class='ocr_line' id='line_1_103' title="bbox 2006 4661 3211 4731; baseline -0.014 0"><span class='ocrx_word' id='word_1_456' title='bbox 2006 4674 2369 4731; x_wconf 80' lang='lat' dir='ltr'><strong>Lanfraneum</strong></span> <span class='ocrx_word' id='word_1_457' title='bbox 2391 4668 2606 4730; x_wconf 87' lang='lat' dir='ltr'><strong>vestris,</strong></span> <span class='ocrx_word' id='word_1_458' title='bbox 2635 4673 2688 4721; x_wconf 87' lang='lat' dir='ltr'><strong>et</strong></span> <span class='ocrx_word' id='word_1_459' title='bbox 2707 4662 2861 4719; x_wconf 85' lang='lat' dir='ltr'><strong>vobis</strong></span> <span class='ocrx_word' id='word_1_460' title='bbox 2883 4661 3211 4717; x_wconf 90' lang='lat' dir='ltr'><strong>consociate.</strong></span> 
     </span>
    </p>
   </div>
   <div class='ocr_carea' id='block_1_104' title="bbox 2007 4754 3467 4837">
    <p class='ocr_par' dir='ltr' id='par_1_104' title="bbox 2007 4754 3467 4837">
     <span class='ocr_line' id='line_1_104' title="bbox 2007 4754 3467 4837; baseline -0.012 -11"><span class='ocrx_word' id='word_1_461' title='bbox 2007 4771 2120 4826; x_wconf 81' lang='lat' dir='ltr'><strong>Vos</strong></span> <span class='ocrx_word' id='word_1_462' title='bbox 2147 4779 2360 4837; x_wconf 87' lang='lat' dir='ltr'><strong>quoque</strong></span> <span class='ocrx_word' id='word_1_463' title='bbox 2389 4762 2478 4833; x_wconf 89' lang='lat' dir='ltr'><strong>qui</strong></span> <span class='ocrx_word' id='word_1_464' title='bbox 2507 4761 2675 4816; x_wconf 82' lang='lat' dir='ltr'><strong>vitam</strong></span> <span class='ocrx_word' id='word_1_465' title='bbox 2698 4765 2976 4828; x_wconf 82' lang='lat' dir='ltr'><strong>gratanter</strong></span> <span class='ocrx_word' id='word_1_466' title='bbox 3000 4755 3177 4810; x_wconf 91' lang='lat' dir='ltr'><strong>adhuc</strong></span> <span class='ocrx_word' id='word_1_467' title='bbox 3201 4754 3467 4818; x_wconf 91' lang='lat' dir='ltr'><strong>retinetis,</strong></span> 
     </span>
    </p>
   </div>
   <div class='ocr_carea' id='block_1_105' title="bbox 2005 4845 3340 4931">
    <p class='ocr_par' dir='ltr' id='par_1_105' title="bbox 2005 4845 3340 4931">
     <span class='ocr_line' id='line_1_105' title="bbox 2005 4845 3340 4931; baseline -0.016 -13"><span class='ocrx_word' id='word_1_468' title='bbox 2005 4863 2072 4917; x_wconf 87' lang='lat' dir='ltr'><strong>Et</strong></span> <span class='ocrx_word' id='word_1_469' title='bbox 2097 4874 2247 4931; x_wconf 90' lang='lat' dir='ltr'><strong>spem</strong></span> <span class='ocrx_word' id='word_1_470' title='bbox 2278 4865 2536 4919; x_wconf 81' lang='lat' dir='ltr'><strong>venturae,</strong></span> <span class='ocrx_word' id='word_1_471' title='bbox 2563 4852 2734 4906; x_wconf 86' lang='lat' dir='ltr'><strong>donec</strong></span> <span class='ocrx_word' id='word_1_472' title='bbox 2763 4846 3081 4917; x_wconf 89' lang='lat' dir='ltr'><strong>superestis,</strong></span> <span class='ocrx_word' id='word_1_473' title='bbox 3111 4845 3340 4912; x_wconf 87' lang='lat' dir='ltr'><strong>habetis,</strong></span> 
     </span>
    </p>
   </div>
   <div class='ocr_carea' id='block_1_106' title="bbox 2008 4935 3321 5014">
    <p class='ocr_par' dir='ltr' id='par_1_106' title="bbox 2008 4935 3321 5014">
     <span class='ocr_line' id='line_1_106' title="bbox 2008 4935 3321 5014; baseline -0.016 -4"><span class='ocrx_word' id='word_1_474' title='bbox 2008 4954 2206 5010; x_wconf 82' lang='lat' dir='ltr'><strong>Hortor</strong></span> <span class='ocrx_word' id='word_1_475' title='bbox 2234 4959 2289 5006; x_wconf 94' lang='lat' dir='ltr'><strong>et</strong></span> <span class='ocrx_word' id='word_1_476' title='bbox 2315 4948 2577 5002; x_wconf 90' lang='lat' dir='ltr'><strong>admoneo</strong></span> <span class='ocrx_word' id='word_1_477' title='bbox 2598 4942 2740 5014; x_wconf 90' lang='lat' dir='ltr'><strong>quod</strong></span> <span class='ocrx_word' id='word_1_478' title='bbox 2767 4941 2940 4996; x_wconf 90' lang='lat' dir='ltr'><strong>eidem</strong></span> <span class='ocrx_word' id='word_1_479' title='bbox 2962 4935 3321 5001; x_wconf 90' lang='lat' dir='ltr'><strong>subveniatis,</strong></span> 
     </span>
    </p>
   </div>
   <div class='ocr_carea' id='block_1_107' title="bbox 2011 5028 3308 5115">
    <p class='ocr_par' dir='ltr' id='par_1_107' title="bbox 2011 5028 3308 5115">
     <span class='ocr_line' id='line_1_107' title="bbox 2011 5028 3308 5115; baseline -0.017 -13"><span class='ocrx_word' id='word_1_480' title='bbox 2011 5046 2083 5102; x_wconf 88' lang='lat' dir='ltr'><strong>Ut</strong></span> <span class='ocrx_word' id='word_1_481' title='bbox 2110 5043 2253 5115; x_wconf 90' lang='lat' dir='ltr'><strong>quod</strong></span> <span class='ocrx_word' id='word_1_482' title='bbox 2282 5037 2541 5106; x_wconf 82' lang='lat' dir='ltr'><strong>feceritis,</strong></span> <span class='ocrx_word' id='word_1_483' title='bbox 2562 5045 2686 5108; x_wconf 89' lang='lat' dir='ltr'><strong>post</strong></span> <span class='ocrx_word' id='word_1_484' title='bbox 2713 5044 2942 5090; x_wconf 90' lang='lat' dir='ltr'><strong>mortem</strong></span> <span class='ocrx_word' id='word_1_485' title='bbox 2971 5028 3308 5100; x_wconf 88' lang='lat' dir='ltr'><strong>percipiatis.</strong></span> 
     </span>
    </p>
   </div>
   <div class='ocr_carea' id='block_1_108' title="bbox 2007 5120 3408 5206">
    <p class='ocr_par' dir='ltr' id='par_1_108' title="bbox 2007 5120 3408 5206">
     <span class='ocr_line' id='line_1_108' title="bbox 2007 5120 3408 5206; baseline -0.016 -13"><span class='ocrx_word' id='word_1_486' title='bbox 2007 5137 2142 5192; x_wconf 82' lang='lat' dir='ltr'><strong>Nam</strong></span> <span class='ocrx_word' id='word_1_487' title='bbox 2181 5137 2272 5206; x_wconf 88' lang='lat' dir='ltr'><strong>qui</strong></span> <span class='ocrx_word' id='word_1_488' title='bbox 2300 5142 2519 5206; x_wconf 91' lang='lat' dir='ltr'><strong>propter</strong></span> <span class='ocrx_word' id='word_1_489' title='bbox 2547 5147 2670 5187; x_wconf 87' lang='lat' dir='ltr'><strong>eum</strong></span> <span class='ocrx_word' id='word_1_490' title='bbox 2701 5127 2923 5198; x_wconf 89' lang='lat' dir='ltr'><strong>supplex</strong></span> <span class='ocrx_word' id='word_1_491' title='bbox 2945 5134 3002 5177; x_wconf 91' lang='lat' dir='ltr'><strong>et</strong></span> <span class='ocrx_word' id='word_1_492' title='bbox 3023 5120 3244 5177; x_wconf 89' lang='lat' dir='ltr'><strong>sedulus</strong></span> <span class='ocrx_word' id='word_1_493' title='bbox 3271 5127 3408 5183; x_wconf 91' lang='lat' dir='ltr'><strong>orat,</strong></span> 
     </span>
    </p>
   </div>
   <div class='ocr_carea' id='block_1_109' title="bbox 2007 5215 3272 5296">
    <p class='ocr_par' dir='ltr' id='par_1_109' title="bbox 2007 5215 3272 5296">
     <span class='ocr_line' id='line_1_109' title="bbox 2007 5215 3272 5296; baseline -0.012 -14"><span class='ocrx_word' id='word_1_494' title='bbox 2007 5228 2113 5286; x_wconf 89' lang='lat' dir='ltr'><strong>Pro</strong></span> <span class='ocrx_word' id='word_1_495' title='bbox 2136 5235 2308 5284; x_wconf 88' lang='lat' dir='ltr'><strong>semet</strong></span> <span class='ocrx_word' id='word_1_496' title='bbox 2333 5223 2556 5296; x_wconf 79' lang='lat' dir='ltr'><strong>supplex</strong></span> <span class='ocrx_word' id='word_1_497' title='bbox 2578 5231 2635 5280; x_wconf 91' lang='lat' dir='ltr'><strong>et</strong></span> <span class='ocrx_word' id='word_1_498' title='bbox 2660 5219 2877 5278; x_wconf 88' lang='lat' dir='ltr'><strong>sedulus</strong></span> <span class='ocrx_word' id='word_1_499' title='bbox 2907 5218 3020 5288; x_wconf 89' lang='lat' dir='ltr'><strong>ipse</strong></span> <span class='ocrx_word' id='word_1_500' title='bbox 3043 5215 3272 5270; x_wconf 70' lang='lat' dir='ltr'><strong>laborat.</strong></span> 
     </span>
    </p>
   </div>
   <div class='ocr_carea' id='block_1_110' title="bbox 2700 5314 2892 5367">
    <p class='ocr_par' dir='ltr' id='par_1_110' title="bbox 2700 5314 2892 5367">
     <span class='ocr_line' id='line_1_110' title="bbox 2700 5314 2892 5367; baseline -0.01 0"><span class='ocrx_word' id='word_1_501' title='bbox 2700 5314 2892 5367; x_wconf 86' lang='lat' dir='ltr'><strong>Amen.</strong></span> 
     </span>
    </p>
   </div>
  </div>
