3898 6052
362 247 491 301 1051

748 245 806 302 S.
847 245 1142 301 ANSELMI
1173 240 1519 299 CANTUAR.
1560 238 1879 295 ARCHIEP.
1910 236 2060 295 OPP.
2099 235 2277 292 PARS
2305 235 2370 290 ll.
2398 264 2469 276 --
2498 228 2866 289 PARIENET.
2906 227 2994 284 ET
3019 224 3255 282 ASCET.

3478 222 3630 281 l05‘1

372 395 3609 434 Μ

922 563 1066 650 DE
1140 558 1573 650 VERBIS
1637 555 2446 646 VENERABILIS
2504 552 3061 671 ANSELMI.

826 750 1024 823 ([ίὶιῑίἀίι
1050 748 1279 805 Martcu.
1311 748 1488 820 Ampi.
1521 746 1759 813 ϐοηθοίη
1793 755 1833 798 ι.
1856 743 1948 809 Vl,
1974 759 2030 814 p.
2061 743 2189 810 987,
2215 758 2282 799 ex
2315 759 2415 799 ms.
2437 743 2628 799 codice
2656 741 2855 810 regina:
2881 740 3135 813 Suecite.)

442 1054 769 1111 Venerabilis
798 1054 956 1109 Pater
984 1054 1290 1118 Anselmus,
1316 1052 1439 1106 dum
1469 1053 1646 1109 adhuc
1676 1062 1818 1109 esset
1840 1054 1938 1108 ab-
1971 1055 2020 1112 Α
2046 1049 2215 1104 frater
2265 1048 2529 1119 prepitius
2574 1048 2651 1102 ait
2688 1065 2701 1102 :
2753 1066 2772 1099 ι
2798 1047 3022 1103 Domine
3050 1088 3065 1111 ,
3123 1046 3192 1101 sit
3245 1047 3396 1104 vobis
3440 1046 3579 1103 Deus
3608 1089 3625 1111 ,

365 1149 463 1205 bas
486 1148 668 1212 Becci,
692 1148 921 1216 quadam
945 1146 1029 1199 die
1053 1146 1176 1199 dum
1232 1144 1456 1199 nimium
1489 1153 1668 1197 mente
1722 1144 1946 1198 medita-

365 1238 545 1302 batur,
574 1246 628 1291 et
650 1237 871 1290 nimium
901 1235 1187 1305 cogitando
1216 1234 1368 1303 quasi
1394 1233 1813 1303 cogitationibus
1832 1235 1945 1288 suis

366 1329 802 1398 perturbabatur.
831 1327 928 1382 Cui
963 1327 1098 1381 dixit
1132 1326 1349 1395 quidam
1385 1325 1683 1380 monachus
1707 1324 1824 1392 ejus
1853 1325 1943 1393 qui

367 1420 506 1474 forte
535 1434 773 1488 prtesens
801 1419 986 1472 aderat
1016 1435 1028 1471 :
1065 1437 1083 1469 ς
1104 1418 1325 1471 Domine
1352 1417 1529 1483 Pater,
1553 1431 1651 1486 pro
1667 1417 1774 1469 Deo
1793 1431 1943 1483 rogo,

367 1513 528 1567 dicite
559 1512 684 1583 quid
715 1511 987 1579 cogitatis,
1017 1510 1141 1578 quia
1169 1509 1324 1563 video
1380 1524 1475 1563 vos
1526 1507 1945 1577 cogitationibus

367 1606 561 1659 vestris
591 1602 1117 1665 turbari.-—Dicam,
1161 1600 1351 1669 inquit.
1391 1601 1527 1655 Ecce
1581 1601 1684 1654 hoc
1735 1599 1943 1669 cogita-

367 1695 516 1756 bam,
545 1693 588 1747 si
619 1701 763 1747 esset
792 1678 990 1761 aliquis
1020 1692 1182 1745 homo
1210 1691 1360 1746 dives
1408 1690 1499 1759 qui
1545 1691 1771 1746 haberet
1824 1706 1946 1760 gre-

369 1800 488 1855 gem
518 1785 722 1847 ovium,
752 1791 808 1837 et
832 1791 1051 1837 vocaret
1081 1797 1304 1851 puerum
1344 1792 1450 1835 tam
1481 1781 1711 1837 debilem
1739 1792 1791 1836 et
1822 1796 1946 1851 par-

366 1891 492 1930 vum
525 1883 582 1928 ut
604 1873 758 1945 lupus
786 1875 1005 1929 veniens
1039 1873 1247 1929 facilius
1267 1884 1373 1928 tam
1404 1873 1551 1930 illum
1594 1890 1755 1944 quam
1789 1890 1943 1928 ovem

368 1968 602 2035 aliquam
632 1975 959 2036 asportaret,
1001 1964 1148 2019 etilli
1181 1981 1311 2021 oves
1357 1981 1486 2020 suas
1540 1968 1942 2021 commendaret

366 2057 766 2119 custodiendas,
798 2056 870 2109 ita
902 2065 1076 2109 tamen
1107 2064 1166 2109 ut
1194 2056 1237 2110 si
1270 2056 1565 2125 quamlibet
1595 2070 1661 2110 ex
1716 2057 1794 2110 eis
1820 2072 1944 2124 per-

369 2143 540 2197 deret.
567 2142 746 2195 anima
772 2141 930 2207 hujus
958 2156 1057 2209 pro
1082 2141 1260 2195 anima
1296 2142 1438 2195 illius
1471 2142 1593 2206 iret,
1637 2156 1741 2195 non
1792 2142 1945 2196 valde

369 2229 558 2283 timere
585 2229 840 2284 deberet?
865 2228 920 2284 Si
945 2241 1123 2284 autem
1147 2231 1236 2283 uni
1268 2231 1490 2285 cuilibet
1513 2231 1943 2299 ipsarumovium

372 2330 429 2373 et
467 2319 690 2374 forsitan
721 2320 1004 2375 iulirmiori
1031 2329 1084 2376 et
1107 2320 1372 2375 stolidiori
1420 2329 1645 2376 czeteras
1694 2322 1944 2375 commit-

369 2420 505 2465 teret
526 2406 713 2466 dicens
744 2429 757 2464 :
793 2411 955 2472 Ovis,
996 2412 1192 2468 habeto
1237 2427 1419 2467 curam
1471 2414 1694 2467 istarum
1739 2414 1941 2481 ovium,
1977 2387 2023 2446 Β

367 2511 418 2556 et
446 2502 581 2557 scito
607 2503 732 2572 quia
752 2502 798 2557 si
831 2503 1132 2572 perdideris
1174 2503 1411 2573 aliquam
1459 2519 1667 2569 earum,
1727 2505 1945 2575 sangui-

367 2607 489 2645 nem
512 2592 627 2660 ejus
660 2594 726 2647 de
750 2610 908 2647 manu
945 2603 1031 2647 tua
1055 2595 1352 2664 requiram,
1387 2605 1443 2649 et
1481 2596 1583 2649 erit
1633 2596 1811 2651 anima
1853 2605 1941 2651 tua

369 2695 466 2747 pro
514 2680 693 2734 anima
723 2680 865 2749 ejus,
893 2683 1133 2752 nunquid
1182 2697 1285 2736 non
1329 2682 1519 2738 timere
1562 2683 1781 2738 deberet
1830 2686 1947 2740 ovis

370 2772 494 2826 illa?
523 2772 692 2839 Quam
721 2774 1063 2829 securitatem
1109 2775 1309 2830 habere
1361 2776 1574 2845 posset?
1620 2776 1697 2831 lta
1746 2786 1829 2832 est
1882 2778 1949 2832 de

370 2880 476 2920 me.
516 2867 645 2936 Ego,
678 2868 868 2935 inquit,
892 2884 993 2939 ego
1016 2885 1135 2925 sum
1158 2886 1291 2940 puer
1317 2889 1533 2941 parvus,
1582 2889 1683 2945 ego
1733 2875 1945 2930 inﬁrma

366 2954 485 3008 ovis
518 2963 570 3008 et
600 2955 812 3019 debilis,
838 2971 937 3028 ego
967 2958 1142 3014 facilis
1166 2961 1230 3014 ad
1279 2962 1593 3030 rapiendum
1624 2965 1777 3034 quasi
1828 2966 1948 3035 qui-

370 3042 499 3098 libet
520 3043 677 3113 alius,
702 3048 788 3100 cui
822 3045 960 3101 Deus
987 3049 1216 3103 credidit
1260 3065 1446 3106 curam
1498 3054 1678 3107 ovium
1727 3070 1948 3110 suarum

367 3142 428 3189 ut
452 3150 545 3190 eas
568 3152 768 3208 regam,
801 3139 1123 3203 custodiam,
1150 3156 1388 3209 pascam,
1419 3159 1484 3199 eo
1513 3154 1669 3213 pacto
1710 3157 1768 3200 ut
1790 3148 1834 3202 si
1857 3161 1952 3202 ne-

366 3223 619 3296 gligentia
646 3244 761 3282 mea
790 3230 966 3300 aliqua
998 3247 1064 3286 ex
1096 3234 1174 3289 eis
1200 3234 1444 3304 perierit,
1472 3236 1579 3290 erit
1625 3238 1804 3291 anima
1830 3254 1948 3293 mea

368 3330 465 3384 pro
493 3317 673 3371 anima
704 3317 840 3385 ejus,
862 3330 915 3375 et
941 3324 1257 3393 sanguinem
1284 3323 1399 3393 ejus
1422 3326 1488 3380 de
1517 3343 1679 3381 manu
1712 3343 1829 3382 mea
1862 3344 1948 3383 re-

368 3408 547 3476 quiret
575 3408 737 3464 Deus.
766 3411 887 3465 ldeo
916 3412 1100 3478 timeo,
1134 3414 1254 3469 ideo
1298 3417 1611 3480 conturbor,
1655 3418 1781 3487 quia
1833 3418 1948 3473 scio

2048 1155 2216 1211 quare
2243 1140 2366 1194 talia
2392 1141 2642 1209 cogitatis
2669 1150 2725 1193 et
2754 1139 2972 1194 dicitis?
3030 1139 3250 1195 Nullus.
3271 1140 3373 1195 hoc
3430 1141 3628 1212 cogitat

2048 1230 2190 1299 quod
2217 1229 2491 1296 cogitatis,
2545 1243 2672 1282 erce
2718 1228 2809 1283 alii
2848 1228 3075 1283 abbates
3127 1230 3363 1298 gaudent
3414 1238 3470 1284 et
3521 1229 3627 1284 laeti

2047 1324 2307 1378 existunt.
2344 1343 2360 1375 I
2396 1324 2733 1394 ltespoudit:
2768 1323 3076 1379 «Fortassis
3125 1324 3266 1379 Deus
3320 1326 3467 1380 dedit
3522 1327 3626 1380 illis

2048 1417 2412 1478 securitatem,
2449 1416 2567 1469 ideo
2594 1414 2960 1482 jocundantur
2984 1425 3039 1471 et
3084 1416 3443 1481 hilarescunl;
3496 1418 3626 1472 mihi

2048 1514 2224 1559 autem
2255 1521 2359 1559 non
2397 1505 2562 1561 dedit.
2592 1504 2791 1560 idcirco
2811 1505 2930 1575 jure
2963 1505 3147 1569 timeo,
3176 1506 3301 1574 quia
3333 1506 3447 1560 scio
3477 1504 3624 1558 illum

2046 1594 2331 1663 pecuniam
2360 1610 2513 1648 suam
2541 1594 2762 1663 exigere
2789 1609 2912 1649 cum
2970 1596 3153 1650 usuris
3206 1596 3274 1650 ab
3333 1595 3399 1651 iis
3436 1596 3628 1665 quibus

2048 1700 2167 1741 eam
2206 1684 2491 1740 commisit.
2517 1703 2534 1735 ο
2922 1680 2927 1683 ’

2628 1830 2780 1869 DICTA
2820 1831 3061 1869 ANSEIJII.

2118 1954 2387 2008 Iudicium
2431 1953 2598 2022 regale
2646 1964 2720 2006 cst
2769 1954 3034 2021 judicium
3089 1962 3269 2021 sponte
3310 1961 3582 2022 quttsitum
3613 1993 3628 2017 ,

2049 2049 2287 2101 monachi
2311 2047 2572 2115 judicium
2608 2046 2937 2115 imperatum.
2987 2045 3310 2098 Abstinentia
3358 2043 3629 2113 cujuslibet

2047 2138 2315 2192 sa'cularis
2335 2138 2556 2206 potentis
2586 2154 2649 2190 ea:
2676 2138 2884 2203 propria
2907 2138 3037 2189 venit
3065 2135 3344 2189 voluntate.
3362 2135 3632 2188 Abstinen-

2049 2226 2121 2279 tin
2151 2228 2390 2279 monachi
2415 2242 2479 2279 ea:
2498 2226 2706 2296 prwlati
2725 2227 2909 2295 pendet
2932 2225 3171 2278 arbitrio.
3201 2224 3437 2279 Tristitia
3491 2226 3625 2294 regis

2049 2316 2127 2370 vel
2162 2316 2437 2386 cujuslibet
2461 2317 2681 2385 potentis
2710 2327 2783 2369 est
2826 2317 3067 2383 superba.
3111 2313 3345 2368 Tristitia
3389 2317 3630 2368 monachi

2052 2411 2225 2464 suavis
2253 2418 2394 2462 estet
2424 2409 2814 2476 compunctione
2837 2406 3011 2477 plena.
3053 2405 3177 2459 Tria
3206 2416 3327 2460 sunt
3371 2423 3487 2476 qua
3532 2407 3632 2460 Ιιοαι

2053 2502 2241 2554 minem
2272 2502 2473 2571 faciunt
2501 2502 2711 2554 honeste
2740 2500 2902 2554 vivere
2932 2500 3069 2553 inter
3094 2500 3365 2554 homines:
3392 2516 3631 2554 verecun-

2052 2592 2162 2655 dia,
2195 2590 2478 2658 silenlium,
2511 2592 2784 2645 modestia.

2124 2682 2351 2749 Quidam
2385 2682 2681 2737 monachus
2709 2681 2862 2736 Becci
2891 2681 3175 2750 petebatur
3222 2680 3291 2734 ad
3349 2681 3629 2749 episcopa~

2057 2786 2167 2832 tum
2193 2776 2448 2830 Ecclesia:
2475 2774 2835 2838 Belvacensis,
2867 2787 3098 2843 cumque
3137 2773 3196 2826 S.
3233 2772 3519 2828 Auselmus
3536 2772 3637 2827 ab-

2054 2874 2149 2929 bas
2178 2874 2301 2927 huic
2329 2871 2574 2926 electioni
2601 2885 2878 2924 assensum
2902 2869 3142 2939 praebere
3169 2866 3353 2931 nollet,
3409 2874 3465 2922 et
3515 2880 3636 2920 mo-

2055 2964 2285 3018 nachum
2309 2978 2461 3015 suum
2496 2961 2803 3030 petentibus
2861 2976 2962 3013 non
2991 2975 3108 3013 com
3126 2958 3329 3021 ederet,
3378 2958 3640 3012 dixerunt

2054 3056 2314 3126 petitores
2338 3071 2351 3107 :
2389 3073 2407 3104 ι
2435 3054 2683 3117 Domine,
2709 3067 2809 3106 nos
2836 3051 3084 3121 eligimus
3113 3065 3254 3114 eum,
3280 3065 3382 3103 non
3411 3048 3528 3117 ipse
3566 3064 3637 3105 se

2056 3145 2291 3213 ingerit,
2341 3158 2509 3213 quare
2553 3158 2657 3197 nou
2716 3141 2879 3195 vultis
2936 3141 3228 3196 concedere
3293 3138 3438 3210 quod
3496 3140 3644 3209 peti-

2057 3234 2206 3288 mus?
2233 3264 2302 3273 —
2326 3233 2402 3295 Si,
2427 3232 2623 3301 inquit,
2658 3232 2770 3301 ipse
2794 3231 2933 3287 Deus
2954 3246 3039 3285 me
3060 3231 3301 3301 eligeret,
3337 3229 3517 3284 adhuc
3567 3229 3640 3284 ti-

2054 3342 2275 3389 merent,
2306 3326 2430 3396 quia
2464 3326 2578 3394 ipse
2607 3341 2704 3395 per
2730 3324 3046 3395 prophetam
3097 3324 3259 3393 elegit
3309 3323 3547 3388 Saulem,
3582 3333 3639 3378 et

2050 3432 2148 3485 per
2175 3416 2522 3486 semetipsum
2550 3414 2743 3471 ludam
2764 3416 3103 3481 traditorem,
3144 3414 3238 3484 qui
3264 3415 3426 3471 ambo
3450 3427 3637 3484 repro-

372 3500 698 3556 horrendum
724 3518 845 3559 esse
868 3505 922 3558 in
946 3520 1135 3561 manus
1162 3508 1254 3561 Dei
1289 3508 1515 3562 viventis
1551 3508 1807 3565 incidere.
1831 3529 1849 3561 ι
1882 3510 1947 3564 Et
1973 3530 2015 3587 ρ
2051 3508 2162 3564 bati
2193 3517 2335 3562 sunt.

384 3690 2530 3719 W—

1057 3820 1420 3892 κοθθιο
1452 3836 1980 3942 QUAEDAM
2058 3838 2407 3929 DICTA
2484 3838 2902 3928 UTILIA

1794 4024 2113 4069 αοιιεοτλ

912 4142 1005 4198 EX
1034 4143 1255 4200 DICTIS
1297 4143 1354 4201 S.
1392 4145 1691 4204 ANSELMI
1729 4148 2287 4208 CANTUARIENSIS
2318 4150 2845 4209 ARCIIIEPISCOPI
2881 4152 2982 4224 (7).

1611 4285 1721 4357 (Ea:
1748 4288 2055 4344 bibliotheca
2087 4290 2387 4353 Vaticana.)

443 4533 489 4591 0
517 4535 699 4602 homo,
728 4535 821 4605 qui
844 4547 911 4590 ex
938 4536 1120 4591 anima
1146 4534 1398 4590 rationali
1433 4544 1488 4589 et
1519 4536 1757 4591 humana
1781 4552 1952 4594 carne

373 4624 653 4690 subsistis,
676 4626 1006 4682 conditionis
1034 4627 1268 4693 miserm,
1302 4626 1539 4696 repletus
1574 4627 1759 4684 multis
1787 4630 1954 4686 mise-

371 4716 504 4782 riis,
551 4718 717 4773 miser
758 4728 816 4774 et
856 4718 1213 4786 miserabilis;
1261 4719 1423 4780 homo
1464 4735 1689 4793 pauper,
1748 4737 1945 4791 caecus,

2058 4538 2251 4601 nudus,
2269 4537 2516 4609 plurimis
2542 4534 2958 4593 necessitatibus
2982 4533 3254 4596 subditus,
3268 4533 3337 4589 ad
3361 4548 3459 4589 cor
3480 4541 3643 4588 tuum

2059 4640 2351 4687 revertere.
2382 4629 2521 4698 Quid
2566 4628 2699 4684 foris
2738 4628 2989 4700 vagaris?
3023 4626 3163 4693 Quid
3213 4625 3346 4681 foris
3403 4626 3650 4697 quaeris?

2059 4722 2198 4791 Quid
2237 4724 2291 4778 in
2332 4722 2641 4779 carnalibus
2673 4721 2898 4777 studes?
2923 4720 3063 4788 Quid
3104 4720 3157 4774 in
3194 4719 3546 4775 saculsribus
3592 4727 3650 4775 te

1887 4854 2124 4914 NOTAE.

440 4988 520 5077 (Ἰ)
548 4988 866 5077 Ledernie:
881 4990 1097 5077 ﬁliiﬁlii"
1124 4994 1190 5050 de
1215 4991 1543 5077 S.Anselme
1563 5008 1594 5049 a
1609 4993 1796 5077 publié
1818 4995 1954 5077 dans
1988 5001 2033 5056 D
2058 4996 2392 5077 alexandre,
2414 4994 2845 5077 glaber-dm‘oine
2884 4995 2954 5077 du
2985 4993 3119 5077 Dec,
3146 4991 3270 5077 puis
3322 4992 3390 5047 de
3412 4990 3659 5077 Cantor-

366 5061 801 5132 l’appendice(p.
833 5061 1121 5135 διδ-547),
1155 5081 1226 5119 un
1266 5065 1400 5135 petit
1442 5061 1646 5120 recueil
1693 5065 1760 5119 de
1801 5065 1951 5133 quel-

369 5147 503 5200 ques
532 5143 815 5189 sentences
874 5133 1039 5189 tirées
1079 5133 1150 5189 de
1200 5133 1288 5190 ses
1334 5135 1532 5201 écrits,
1582 5144 1638 5190 et
1678 5135 1953 5190 intitulées

370 5202 629 5287 Quadam
654 5203 795 5287 dicta
817 5202 990 5266 utilia,
1022 5213 1129 5287 etc.
1157 5203 1321 5287 Cjest,
1356 5206 1575 5261 suivant
1612 5214 1760 5261 toute
1788 5220 1955 5287 appa-
1990 5223 2007 5232 -

371 5285 560 5336 rence,
591 5271 640 5328 le
670 5274 846 5342 meme
887 5274 1088 5342 recueil
1119 5275 1234 5342 qui,
1260 5276 1398 5329 dans
1440 5291 1510 5328 un
1560 5271 1871 5330 manuscrit'
1886 5276 1954 5330 de

369 5342 609 5396 Thomas
655 5341 855 5416 Digbey
895 5341 1034 5416 (_Bib.
1065 5341 1376 5416 Anglams.‘
1402 5358 1548 5416 p_ar.__
1575 5360 1617 5410 ι,
1655 5361 1707 5398 η.
1755 5344 1954 5416 {759),

366 5420 522 5481 porte
557 5427 692 5480 pour
718 5411 845 5467 titre
898 5411 1179 5466 Sententia:
1218 5412 1469 5467 Anselmi.
1511 5413 1551 5467 ll
1593 5423 1678 5469 est
1726 5411 1954 5483 marqué

368 5481 506 5533 dans
532 5494 595 5533 ce
622 5481 781 5533 uu'on
831 5495 897 5533 en
933 5497 962 5533 a
998 5481 1246 5533 imm'imé
1287 5499 1390 5533 oue
1421 5498 1485 5533 ce
1524 5483 1599 5533 fut
1629 5500 1699 5533 un
1742 5485 1951 5533 coniste

370 5481 506 5533 dans
532 5494 595 5534 ce
622 5481 781 5548 qu'on
831 5495 897 5535 en
933 5497 962 5535 a
998 5481 1246 5551 imprime
1287 5499 1390 5551 que
1421 5498 1485 5538 ce
1524 5483 1599 5538 fut
1629 5500 1699 5537 un
1742 5481 1951 5553 copiste

370 5546 463 5625 qui
505 5546 554 5601 le
584 5550 848 5625 reciteillit
876 5551 970 5625 des
997 5551 1244 5606 discours
1284 5552 1629 5625 qn‘Auseltne
1658 5552 1840 5625 fairsait
1884 5554 1951 5609 de

370 5616 495 5667 vive
516 5616 657 5671 voix.
683 5617 758 5674 Ce
791 5620 996 5690 copiste
1028 5636 1097 5677 au
1120 5630 1263 5678 reste
1291 5616 1533 5692 pourrait
1555 5622 1664 5680 fort
1690 5623 1811 5679 bien
1832 5624 1949 5683 etre

2060 5067 2215 5139 bery,
2233 5066 2264 5121 ὸ
2292 5068 2397 5139 qui
2421 5065 2581 5139 Wion
2603 5075 2659 5121 et
2687 5064 2947 5139 Possevin
2971 5062 3273 5139 attrit-ment
3304 5077 3388 5139 uu_
3404 5064 3659 5139 sembla-

2060 5132 2421 5193 ble'recueil.
2450 5137 2620 5206 Apres
2675 5144 2829 5201 tont,
2867 5135 2914 5189 la
2957 5133 3205 5206 derniére
3249 5132 3424 5203 partie
3469 5134 3539 5206 de
3586 5149 3658 5190 ce

2061 5208 2223 5276 qu‘on
2257 5222 2326 5262 en
2359 5204 2547 5262 tronve
2593 5206 2729 5261 dans
2764 5206 3096 5276 l‘appendicc
3125 5204 3265 5276 n'est
3294 5212 3460 5276 autreg
3475 5204 3660 5276 chose

2063 5274 2176 5333 {not
2189 5293 2325 5346 pour
2337 5287 2449 5333 mot
2463 5293 2566 5346 que
2591 5277 2638 5331 Ia
2666 5277 2913 5332 deruiére
2925 5275 3021 5331 des
3037 5274 3375 5346 homéliesde
3386 5274 3527 5328 saiut
3538 5275 3661 5346 Λῃ-

2063 5342 2232 5403 selnie
2263 5364 2358 5423 sur
2399 5342 2813 5423 un'endrpitde
2849 5347 3076 5423 l‘Epltre
3111 5360 3223 5423 aux
3261 5342 3536 5423 llébreus,
3582 5344 3661 5400 de

2065 5427 2215 5483 sorte
2242 5418 2683 5495 quionpourrait
2714 5412 2903 5495 rét'mir
2923 5412 2985 5472 ce
3019 5415 3153 5495 petit
3178 5412 3382 5495 recueil
3408 5427 3660 5495 aus-ou:

2062 5485 2271 5559 vrages'
2288 5485 2530 5543 sincer-es
2551 5488 2618 5543 de
2638 5497 2795 5559 notre
2827 5487 3002 5552 salut,
3024 5485 3286 5558 ’puisqu‘il
3312 5498 3380 5541 ne
3398 5485 3663 5542 comicus

2056 5558 2275 5628 que’ses
2304 5573 2529 5631 propres
2555 5558 2786 5629 paroles.
