3898 6052
284 277 424 332 1053

1637 270 1837 327 DICTA
1874 270 2206 338 QUEDAM.

3404 266 3541 322 1054

281 385 718 458 implicas?Quid
743 386 795 440 in
823 385 1152 441 vanitatibus
1170 395 1220 442 te
1241 385 1862 441 involvis?lnferioribus
1887 392 1937 447 Α
1969 393 2272 456 promptus,
2304 391 2449 440 totus
2475 382 2679 450 facilis,
2715 390 2860 438 totus
2889 382 3102 453 sapiens
3143 391 3199 438 et.
3230 381 3462 448 mobilis,
3487 392 3544 439 et

278 477 583 541 delectaris,
604 486 658 532 et
680 479 749 532 ab
763 477 1017 532 omnibus
1038 477 1388 532 interioribus
1409 485 1462 532 et
1489 477 1858 547 superioribus

276 565 689 636 elongaris;per
711 580 772 620 ea
804 581 924 636 quae
948 566 1079 621 foris
1108 576 1232 621 sunt
1254 565 1592 632 ditl'underis,
1613 573 1668 620 et
1696 566 1748 620 in
1773 566 1858 620 his

273 671 393 724 quze
443 657 584 710 intra
638 663 691 710 te
727 665 851 709 sunt
879 655 1262 717 ﬁonfunderis.
1309 653 1522 721 Quanto
1565 655 1736 722 magis
1789 656 1856 708 ad

273 750 531 801 mundum
553 747 788 808 accedis,
807 755 955 801 tanto
977 747 1190 817 longius
1214 761 1242 800 a
1270 746 1378 800 Deo
1401 747 1626 801 recedis.
1644 745 1856 813 Quanto

1963 486 2110 532 totus
2148 475 2416 531 sollicitus
2453 475 2519 529 ad
2559 473 2783 528 malum.
2808 473 2887 527 Ad
2917 473 3054 528 bona
3091 484 3270 528 autem
3307 483 3450 528 totus
3481 488 3542 528 es

1961 569 2151 633 durus,
2179 575 2325 622 totus
2357 566 2530 636 piger,
2567 573 2710 619 totus
2733 563 3062 629 incredulus,
3079 573 3133 618 et
3157 564 3372 619 rebellis
3392 580 3450 619 es
3471 565 3539 618 ad

1959 664 2182 713 bonum.

2033 747 2188 804 Unde
2221 746 2315 802 tibi
2354 749 2460 803 hoc
2492 749 2593 802 nisr
2618 763 2647 801 a
2678 762 2870 812 carne,
2906 762 3066 816 quam
3109 757 3314 802 tantmn
3359 749 3538 820 diligis

271 854 444 910 magis
468 837 602 895 foris
631 855 689 894 es
713 840 953 910 sapiens,
988 847 1138 894 tanto
1159 839 1326 908 magis
1354 839 1497 892 intus
1528 839 1722 894 stultus
1746 839 1867 893 elii-
1960 849 2012 897 et
2047 841 2313 909 sequeris.
2341 838 2478 906 Quia
2502 853 2635 894 vero
2658 853 2880 894 carnem
2909 839 3182 907 sequeris,
3211 854 3431 893 carnem
3456 840 3537 893 di-

269 929 432 982 ceris.
476 929 691 994 Quanto
745 929 916 998 magis
970 937 1123 983 extra
1182 929 1443 995 lucraris,
1479 938 1629 985 tanto
1681 931 1854 999 magis

268 1020 417 1073 intus
446 1021 648 1089 perdis.
677 1021 892 1087 Quanto
916 1022 1086 1091 magis
1120 1022 1170 1074 in
1203 1021 1268 1074 iis
1299 1035 1418 1088 quze
1449 1021 1579 1075 foris
1607 1030 1732 1076 sunt
1757 1037 1854 1075 va-

266 1112 432 1178 garis,
461 1117 612 1164 tanto
643 1110 814 1180 magis
839 1109 984 1164 intus
1014 1111 1314 1165 evacuaris.
1349 1111 1560 1176 Quanto
1594 1113 1765 1179 magis
1795 1111 1849 1165 in

269 1200 657 1270 temporalibus
682 1215 742 1254 es
777 1201 1058 1267 sollicitus,
1091 1210 1239 1256 tanto
1273 1201 1444 1270 magis
1470 1201 1522 1255 in
1552 1201 1850 1270 spirituali-

263 1290 365 1346 bus
390 1307 448 1348 es
478 1293 780 1348 mendicus.
810 1292 948 1359 Quid
975 1302 1061 1347 est
1088 1293 1229 1362 quod
1253 1293 1436 1348 omnia
1466 1293 1774 1358 ordinas,et
1798 1303 1849 1348 te

263 1383 438 1450 ipsum
465 1401 567 1440 non
592 1385 673 1439 vis
695 1385 1134 1453 ordinare?Qnid
1159 1387 1210 1441 in
1234 1387 1486 1442 omnibus
1507 1402 1566 1443 es
1588 1389 1843 1456 prudens,

263 1486 317 1532 et
343 1479 484 1533 circa
515 1479 862 1547 temetipsum
897 1478 1194 1548 insipiens?
1218 1479 1357 1546 Quid
1386 1487 1469 1534 est
1494 1481 1636 1550 quod
1665 1482 1846 1535 omnia

261 1586 380 1638 quae
408 1569 540 1624 foris
571 1580 698 1625 sunt
725 1569 991 1626 sollicitus
1016 1586 1075 1626 es
1104 1571 1244 1625 bona
1280 1571 1481 1638 facere,
1509 1581 1566 1627 et
1592 1573 1844 1642 temetip-

259 1676 380 1714 sum
407 1661 540 1715 sinis
570 1676 784 1730 semper
811 1676 930 1716 esse
954 1661 1151 1716 malum
1174 1671 1228 1717 et
1259 1662 1531 1719 inutilem?
1549 1665 1756 1718 Dormit
1789 1664 1842 1717 in

259 1755 311 1802 te
336 1749 568 1818 Spiritus
600 1751 780 1813 Dei,et
817 1751 1004 1821 vigilat
1034 1753 1089 1806 in
1121 1761 1172 1807 te
1193 1753 1416 1822 spiritus
1439 1753 1842 1809 mundi?Vacat

257 1840 312 1892 in
351 1847 401 1894 te
429 1841 587 1904 ratio,
632 1851 687 1895 et
712 1842 856 1912 viget
889 1843 940 1897 in
971 1852 1021 1898 te
1055 1846 1278 1900 sensus?
1301 1847 1677 1917 Exstinguitur
1704 1849 1755 1902 in
1790 1857 1842 1903 te

257 1929 492 1998 Spiritus
514 1932 628 1995 Dei,
656 1944 710 1987 et
736 1932 1044 1988 dominatur
1075 1935 1127 1989 in
1161 1944 1212 1991 te
1241 1951 1370 1992 caro
1399 1938 1622 1991 mundi?
1646 1937 1842 1992 Fervet

255 2024 309 2076 in
339 2025 500 2078 corde
533 2033 622 2079 tuo
645 2041 798 2080 amor
822 2035 1160 2082 terrenornm
1187 2037 1239 2083 et
1260 2031 1494 2084 moritur
1519 2031 1572 2085 in
1606 2040 1658 2085 te
1687 2046 1840 2086 amor

253 2121 578 2166 aiternornm
610 2115 908 2168 bonorum?
935 2115 1188 2173 Mundnm
1218 2119 1425 2190 diligis,
1457 2129 1510 2174 et
1551 2120 1718 2175 Deum
1747 2124 1839 2178 de-

254 2204 812 2272 relinquis?0mninm
839 2209 1165 2274 recordaris,
1183 2220 1236 2264 et
1266 2212 1342 2265 tui
1368 2212 1536 2283 ipsius
1556 2213 1841 2271 oblivisce-

254 2295 368 2346 ris?
403 2295 532 2361 Quae
582 2313 749 2366 super
800 2306 1001 2353 terram
1051 2312 1176 2356 sunt
1225 2304 1499 2362 desideras
1535 2316 1588 2362 et
1636 2308 1837 2378 diligis,

251 2385 491 2440 cmlestia
515 2402 642 2442 vero
665 2405 768 2442 non
799 2392 1413 2465 curas?Appr0pinquas
1441 2399 1508 2453 ad
1537 2400 1834 2467 interitum,

251 2487 306 2532 et
332 2477 488 2547 longe
520 2479 584 2534 fis
613 2496 640 2533 a
673 2481 890 2536 salute?
918 2483 1105 2540 Curris
1132 2487 1197 2540 ad
1226 2488 1519 2558 diabolum,
1542 2500 1595 2547 et
1621 2493 1840 2562 prolon-

249 2577 396 2644 garis
422 2592 450 2630 a
476 2577 626 2632 Deo?
657 2579 813 2644 Redi,
845 2583 981 2646 redi,
1009 2585 1390 2647 praevaricator
1419 2589 1600 2655 homo,
1627 2593 1692 2646 ad
1720 2608 1836 2658 cor,

248 2666 373 2735 quia
404 2666 644 2737 loquitur
672 2669 813 2725 Deus
845 2674 1190 2742 omnipotens
1219 2692 1402 2745 pacem
1429 2681 1479 2734 ei
1501 2682 1590 2748 qui
1615 2697 1839 2739 conver-

246 2756 384 2810 titur
413 2759 477 2810 ad
504 2774 622 2813 cor.
655 2760 844 2814 Omnia
883 2765 1064 2817 mundi
1104 2765 1261 2834 hujus
1288 2768 1381 2822 tibi
1414 2770 1559 2824 dedit
1592 2772 1754 2839 Deus,
1784 2784 1840 2831 et

249 2855 303 2900 tu
333 2857 562 2927 propter
585 2851 768 2906 omnia
799 2853 1062 2924 relinquis
1084 2856 1290 2912 Deum?
1316 2859 1508 2915 Omnia
1537 2874 1756 2934 propter
1788 2877 1838 2922 te

245 2937 632 3004 fecitDeus,et
657 2948 708 2994 tu
741 2951 964 3011 propter
991 2946 1172 2999 omnia
1203 2947 1432 3004 dimittis
1457 2955 1837 3022 temetipsum?

1873 1725 1916 1779 B

245 3031 472 3102 Propter
500 3033 682 3088 omnia
713 3049 833 3103 quae
861 3047 1154 3091 occurrunt
1181 3039 1276 3093 tibi
1310 3041 1536 3097 dimittis
1568 3043 1757 3111 Deum,
1782 3059 1836 3103 et
1862 3083 1906 3142 Ο

245 3123 447 3179 idcirco
484 3125 667 3180 omnia
689 3125 966 3181 dimittent
996 3138 1066 3182 te.
1101 3129 1328 3198 Pr0pter
1357 3143 1638 3190 creaturas
1670 3137 1832 3192 relin-

243 3215 366 3283 quis
396 3227 727 3280 creatorem,
761 3227 816 3273 et
861 3219 982 3274 ideo
1023 3231 1210 3276 contra
1251 3233 1302 3278 te
1337 3225 1620 3298 insnrgent
1645 3247 1833 3287 omnes

243 3313 542 3370 creaturae,
595 3308 720 3375 quia
779 3307 1100 3366 offendendo
1154 3313 1508 3380 Creatorem,
1561 3317 1830 3375 offendisti

242 3408 459 3450 onmem
491 3406 817 3454 creaturam.
849 3399 913 3453 Et
943 3401 1065 3455 ideo
1119 3418 1308 3458 omnes
1355 3415 1620 3462 creatura:
1642 3450 1656 3470 .
1713 3427 1831 3480 quae

240 3482 402 3540 factae
444 3497 572 3542 sunt
600 3489 653 3542 in
693 3490 1055 3544 ministerium
1085 3502 1140 3546 et
1169 3495 1458 3550 utilitatem
1491 3507 1664 3563 tuam,
1697 3517 1828 3555 con-

243 3586 521 3631 vertentur
555 3580 621 3632 ad
649 3581 941 3636 vindictam
972 3591 1027 3637 et
1047 3585 1423 3652 ptenitentiam
1459 3598 1632 3654 tuam;
1666 3602 1720 3646 et
1752 3609 1830 3648 ναξ

242 3667 338 3722 tibi
373 3669 478 3721 erit
520 3670 636 3724 sine
668 3670 795 3737 fine,
827 3672 952 3740 quia
990 3674 1206 3728 noluisti
1242 3676 1443 3732 habere
1483 3680 1682 3735 bonum
1713 3684 1829 3740 sine

243 3765 366 3820 ﬁne.

314 3857 663 3926 Recognosce
695 3861 908 3930 itaque,
956 3863 1152 3927 homo,
1204 3878 1534 3934 recognosce
1584 3869 1829 3938 temetip-

241 3965 381 4005 sum.
415 3950 672 4020 Recogita
699 3952 844 4021 quod
871 3953 1001 4008 nihil
1026 3953 1178 4009 facis.
1207 3955 1442 4010 Attende
1471 3956 1612 4026 quod
1636 3958 1758 4013 vilis
1775 3968 1830 4014 et

243 4042 417 4097 malus
445 4057 525 4096 es.
558 4043 777 4114 Plange,
831 4045 993 4102 homo
1038 4047 1224 4113 miser,
1272 4047 1494 4119 plange,
1529 4049 1830 4104 incessabi-

243 4134 368 4188 liter
392 4143 610 4203 peceata
643 4145 754 4190 tua.
788 4137 918 4193 Dele
949 4137 1203 4210 lacrymis
1229 4140 1466 4195 malitias
1493 4150 1548 4196 et
1578 4142 1827 4200 miserias

244 4233 388 4288 tuas,
415 4225 539 4294 quia
573 4225 848 4282 voluntate
869 4229 1086 4298 propria
1117 4231 1374 4298 peccasti.
1400 4232 1694 4302 Displiceat
1727 4235 1824 4290 tibi

247 4333 410 4387 super
440 4319 645 4373 omnia.
675 4319 971 4390 Displiceat
999 4321 1093 4377 tibi
1129 4331 1241 4379 toto
1268 4324 1448 4389 corde,
1477 4335 1533 4381 et
1569 4327 1825 4384 continue

1955 930 2114 1002 ligis;
2145 940 2199 986 et
2226 932 2353 1001 quia
2382 944 2598 984 carnem
2623 931 2891 999 sequeris,
2907 945 3071 999 opera
3099 930 3282 984 carnis
3312 929 3538 994 .facis,et

1953 1038 2075 1078 cum
2109 1023 2224 1092 ipsa
2269 1023 2535 1092 punieris.
2571 1021 2765 1078 Carnis
2819 1031 2924 1076 tua:
2965 1021 3176 1078 fructus
3215 1032 3298 1076 est
3351 1022 3534 1087 libido,

1952 1116 2415 1187 Concupiscentia,
2446 1115 2759 1180 infirmitas,
2787 1114 3056 1186 fragilitas
3093 1125 3148 1170 ct
3202 1116 3374 1169 dolor.
3406 1116 3537 1169 Ver-

1953 1211 2057 1266 mis
2083 1219 2136 1265 et
2162 1210 2424 1280 putredo,
2455 1218 2652 1279 puteus
2693 1216 2747 1264 et
2786 1208 2984 1264 fetidus
3015 1209 3172 1264 fetor.
3212 1210 3290 1262 Tu
3338 1210 3451 1278 ipse
3476 1226 3536 1264 es

1955 1300 2198 1356 tenebris
2229 1299 2551 1370 ignorantiae
2588 1299 2668 1353 sic
2697 1307 3026 1364 excaecatus,
3050 1307 3121 1352 'ut
3169 1300 3377 1353 nescias
3405 1300 3535 1368 quid

1949 1395 2043 1450 sis.
2061 1391 2176 1449 Non
2207 1393 2443 1448 attendis
2463 1408 2569 1463 quo
2594 1393 2766 1458 vadis,
2792 1408 2892 1449 nec
2916 1393 3302 1447 animadvertis
3334 1390 3533 1445 factum

1952 1493 2102 1538 tuum
2125 1523 2140 1548 ,
2185 1495 2362 1550 neque
2394 1482 2618 1536 insidias
2650 1482 2854 1537 inimici
2885 1492 2937 1536 et
2965 1482 3293 1536 tentationes
3316 1481 3537 1535 fraudu-

1929 1570 2125 1643 ‘lentas
2172 1566 2454 1636 intelligis,
2503 1575 2646 1622 totus
2697 1566 2998 1638 negligens,
3028 1582 3129 1620 nec
3179 1567 3386 1633 cogitas
3424 1582 3533 1636 quo

1949 1663 2170 1718 tendere
2198 1661 2415 1714 debeas.
2445 1659 2602 1714 Viam
2640 1661 2838 1723 nescis,
2861 1668 2916 1714 et
2945 1675 3051 1714 non
3089 1658 3338 1728 inquiris,
3368 1673 3530 1727 grau-

1944 1753 2028 1809 dis
2072 1764 2310 1820 namque
2342 1749 2435 1803 tibi
2466 1758 2634 1804 restat
2666 1749 2787 1817 via;
2839 1751 3067 1806 sollicite
3098 1751 3295 1819 quaeris
3328 1749 3529 1810 cibum,

1945 1847 2198 1902 vestitum
2219 1884 2233 1906 ,
2265 1851 2322 1897 et
2350 1844 2590 1911 requiem
2611 1885 2625 1909 ,
2660 1853 2716 1898 et
2742 1858 2934 1900 omnes
2960 1844 3143 1899 carnis
3179 1844 3533 1897 necessitates

1944 1942 2162 2009 quando
2198 1935 2439 2004 indiges;
2474 1937 2539 1990 de
2563 1937 2672 1990 vita
2713 1952 2842 1991 vero
2885 1946 2940 1991 et
2984 1936 3160 1991 salute
3190 1935 3384 1988 animae
3429 1944 3532 1988 tum

1944 2047 2162 2102 semper
2192 2042 2378 2102 tepens
2411 2045 2518 2084 non
2541 2043 2722 2094 curas,
2743 2027 2873 2081 licet
2899 2041 3114 2096 semper
3142 2023 3531 2094 imligcas,ple-

1942 2143 2042 2180 nus
2094 2126 2298 2180 malitia
2331 2134 2386 2179 et
2408 2123 2668 2192 nequitia.
2718 2120 2881 2176 Miser
2931 2120 3094 2175 homo
3146 2128 3205 2171 ut
3254 2119 3510 2172 miserum

1941 2233 2136 2286 corpus
2168 2232 2358 2286 pascas
2383 2225 2437 2270 et
2457 2215 2677 2279 vestias,
2707 2222 2760 2267 et
2782 2212 2964 2268 carnis
2993 2211 3382 2280 voluptatibus,
3401 2224 3520 2277 qua:

1941 2319 2063 2379 post
2092 2323 2294 2378 paucos
2319 2308 2436 2362 dies
2459 2322 2487 2359 a
2515 2305 2792 2360 vermibus
2821 2298 3527 2366 devorabitur,satisfacias,

1944 2400 2211 2455 sollicitus
2239 2399 2456 2454 laboras
2477 2438 2490 2462 ,
2524 2397 2700 2451 curris
2741 2403 2796 2450 et
2824 2394 3107 2458 discurris,
3140 2393 3351 2462 vigilas,
3377 2407 3526 2447 soru-

1942 2507 2071 2546 num
2112 2506 2217 2546 non
2254 2489 2402 2558 capis
2439 2487 2615 2544 oculis
2661 2494 2723 2541 ut
2769 2485 2983 2556 repleas
3037 2493 3302 2547 ventrem,
3331 2492 3385 2537 et
3430 2499 3527 2552 pro

1941 2582 2120 2636 anima
2154 2591 2242 2635 tua
2265 2621 2278 2642 .
2307 2596 2422 2650 qua:
2455 2580 2563 2634 Deo
2602 2576 2980 2648 praesentanda
3012 2584 3095 2631 est
3131 2576 3183 2629 in
3213 2575 3366 2629 coelis
3387 2615 3401 2639 ,
3432 2590 3529 2627 cur

1941 2689 2047 2727 non
2076 2671 2337 2727 sollicitus
2375 2669 2639 2741 fatigaris;
2673 2676 2732 2722 ut
2770 2668 2940 2738 ipsam
2983 2681 3178 2736 pascas
3207 2665 3362 2720 bonis
3399 2679 3527 2732 ope—

1943 2765 2114 2830 ribus,
2145 2773 2201 2819 et
2254 2763 2449 2818 induas
2498 2761 2814 2826 virtutibus,
2865 2775 2933 2815 ne
2980 2766 3238 2829 appareat
3280 2756 3527 2811 confusio

1941 2857 2206 2910 nuditatis
2229 2852 2380 2924 ejus?
2414 2853 2585 2909 llomo
2616 2852 2787 2908 tristis
2825 2851 3023 2920 quaeris
3064 2863 3278 2919 semper
3303 2847 3527 2918 implere

1942 2955 2208 3008 ventrem,
2242 2953 2295 2998 et
2322 2959 2420 2998 cur
2446 2957 2553 2998 non
2584 2941 2764 3011 pascis
2789 2941 3023 2995 animam
3053 2939 3416 2994 esurientem?
3447 2937 3524 2990 De

1941 3056 2069 3096 vase
2090 3049 2394 3095 stercorum
2425 3052 2642 3106 semper
2665 3051 2844 3101 curas,
2871 3043 2925 3088 et
2949 3035 3013 3088 de
3039 3033 3134 3087 Dei
3169 3033 3405 3102 imagine
3427 3046 3525 3084 cur

1939 3147 2044 3186 non
2079 3131 2278 3185 curas?
2309 3129 2497 3183 Pascis
2524 3127 2788 3192 sterilem,
2821 3134 2876 3179 et
2917 3140 3035 3193 qua:
3062 3139 3166 3178 non
3210 3123 3373 3191 parit,
3401 3122 3522 3176 ani-

1937 3238 2080 3275 mam
2109 3221 2439 3275 esurientem
2469 3233 2576 3272 non
2610 3217 2778 3271 satias
2809 3214 3004 3268 bonis?
3026 3213 3116 3268 Vae
3147 3212 3238 3266 tibi
3263 3221 3366 3275 est,
3396 3213 3522 3279 quia

1937 3315 2114 3368 anima
2141 3321 2230 3366 tua
2263 3320 2486 3382 propter
2514 3310 2711 3364 famem
2740 3309 2791 3362 in
2825 3315 2877 3362 te
2899 3306 3099 3362 deﬁcit.
3115 3305 3207 3360 ναξ
3231 3305 3344 3370 tibi,
3371 3313 3424 3358 et
3445 3320 3524 3358 va:

1935 3406 2028 3459 tibi
2074 3405 2200 3467 erit,
2230 3403 2370 3473 quod
2417 3401 2598 3456 reddis
2626 3417 2744 3470 quze
2786 3408 2912 3455 Sunt
2958 3397 3187 3452 Ctesaris
3217 3395 3437 3454 Caesari,
3466 3403 3522 3449 et

1933 3514 2038 3553 non
2072 3498 2253 3552 reddis
2283 3512 2404 3566 qua:
2435 3504 2562 3550 sunt
2587 3495 2678 3549 Dei
2709 3494 2845 3560 Deo;
2879 3502 2933 3548 et
2964 3493 3084 3547 ideo
3111 3491 3432 3546 maledictus
3461 3505 3520 3545 es

1933 3607 1961 3644 a
1995 3592 2132 3652 Deo,
2182 3599 2238 3644 et
2295 3587 2650 3644 confunderis
2703 3587 2770 3640 ab
2819 3602 2902 3642 eo.
2939 3583 3099 3649 Vide,
3135 3585 3298 3638 miser
3333 3583 3519 3650 homo,

1937 3681 2074 3742 vide,
2109 3681 2236 3748 quia
2270 3688 2443 3733 totum
2481 3688 2565 3733 est
2587 3679 2824 3746 vanitas,
2867 3686 3036 3732 totum
3066 3675 3320 3739 stultitia,
3348 3682 3517 3728 totum

1931 3770 2225 3835 dementia,
2266 3770 2530 3839 quidquid
2559 3769 2787 3838 cogitas,
2821 3768 3082 3837 quidquid
3130 3768 3233 3830 vis,
3257 3763 3520 3834 quidquid

1932 3865 2192 3932 loqueris,
2245 3862 2506 3933 quidquid
2555 3861 2688 3916 facis
2739 3861 2792 3914 in
2830 3861 2934 3914 hoc
2986 3859 3212 3921 mundo,
3243 3866 3438 3928 praeter
3466 3855 3519 3910 id

1931 3954 2105 4008 solum
2136 3953 2280 4024 quod
2312 3953 2365 4007 in
2394 3953 2584 4014 Deum,
2617 3961 2671 4005 et
2693 3959 2916 4021 propter
2948 3949 3139 4011 Deum,
3168 3957 3224 4002 et
3259 3947 3324 4000 ad
3349 3947 3521 4000 hono-

1931 4061 2044 4100 rem
2093 4047 2184 4100 Dei
2214 4045 2368 4101 facis.
2422 4044 2694 4114 Quidquid
2739 4044 2856 4099 sine
2885 4043 2995 4097 Deo
3027 4040 3181 4105 facis,
3217 4048 3388 4094 totum
3434 4047 3518 4094 est

1929 4137 2134 4192 malitia
2166 4147 2220 4191 et
2245 4137 2478 4202 vanitas,
2507 4137 2632 4206 quia
2661 4137 2796 4191 nihil
2827 4143 2908 4191 est
2939 4135 3138 4191 bonum
3166 4133 3283 4188 sine
3305 4148 3517 4187 summo

1928 4231 2091 4286 bono.
2124 4229 2285 4284 Certe
2311 4229 2484 4300 magis
2514 4229 2733 4284 miseria
2757 4226 2993 4282 hominis
3022 4234 3106 4280 est
3134 4240 3256 4281 cum
3291 4224 3382 4280 illo
3410 4239 3517 4278 non

1927 4335 2072 4383 esse,
2103 4320 2222 4374 sine
2245 4335 2352 4389 quo
2377 4334 2498 4374 esse
2521 4334 2626 4373 non
2654 4325 2850 4388 potest.

245 4409 533 4479 displiceat
561 4411 680 4478 tibi,
711 4413 854 4481 quod
886 4414 1171 4469 Dominum
1200 4415 1478 4471 immensae
1501 4419 1824 4489 majestatis,
1854 4419 1905 4479 D
2002 4411 2160 4476 Vide,
2191 4411 2356 4465 ¹¹οηιο
2396 4409 2587 4474 miser.
2615 4409 2743 4479 (illia
2773 4408 2840 4463 ad
2865 4407 3158 4478 imaginem
3183 4418 3238 4461 ει
3263 4403 3516 4461 Similitu-

245 4500 532 4556 habentem
553 4511 870 4572 potestatem
892 4506 1070 4560 omnis
1090 4506 1292 4573 carnis,
1313 4515 1367 4562 et
1394 4507 1609 4564 mittere
1631 4526 1826 4580 corpus

243 4602 297 4646 et
345 4594 582 4648 animam
636 4595 691 4650 in
738 4596 1074 4666 gehennam,
1118 4611 1282 4652 ausus
1336 4597 1484 4653 fuisti
1529 4599 1822 4656 oﬂ‘endere.

243 4686 565 4742 Amarescat
609 4688 704 4742 tibi
752 4689 1095 4744 amarissime
1142 4705 1239 4745 cor
1287 4700 1456 4754 tuum,
1487 4694 1628 4760 quod
1656 4693 1822 4747 Deum

242 4791 509 4830 summum
539 4777 752 4833 Patrem
778 4779 1342 4850 incomprehensibilis
1370 4781 1685 4850 maiestatis,
1727 4782 1824 4835 mi-

243 4866 551 4922 sericordize
605 4867 930 4935 inefl‘abilis,
973 4871 1064 4938 qui
1117 4869 1382 4938 benignus
1418 4879 1471 4925 et
1508 4871 1823 4927 misericors

240 4964 322 5010 est
344 4972 509 5026 super
535 4959 778 5030 ingratos
806 4971 862 5015 et
893 4961 1081 5026 malos,
1113 4960 1371 5027 faciliter,
1401 4963 1720 5029 voluntarie,
1753 4964 1820 5018 li-

241 5050 428 5106 benter
469 5061 524 5107 et
562 5051 951 5108 delectabiliter
997 5052 1288 5108 offendisti.
1335 5053 1502 5110 Totus
1535 5056 1822 5124 displiccas

239 5140 352 5204 tibi,
379 5151 436 5196 ut
457 5142 632 5212 possis
656 5152 798 5198 totus
827 5143 1037 5214 placere
1063 5143 1184 5203 sibi,
1212 5144 1302 5212 qui
1331 5154 1414 5199 est
1434 5161 1698 5211 summus,
1731 5163 1818 5201 ve-

237 5247 330 5285 rus
359 5241 414 5287 et
433 5233 580 5289 solus
611 5234 771 5299 Deus,
795 5236 880 5289 cui
908 5251 1063 5292 nemo
1090 5237 1287 5306 placet,
1308 5237 1409 5293 nisi
1443 5233 1538 5306 qui
1572 5237 1820 5292 sibimet-

238 5320 336 5388 ipsi
369 5321 644 5390 displicet;
690 5333 744 5380 et
779 5340 937 5379 nemo
966 5326 1232 5396 displicet,
1262 5328 1362 5382 nisi
1391 5329 1478 5395 qui
1518 5328 1816 5396 sihimetpsi

236 5411 430 5481 placet.
449 5412 682 5484 Dissipat
714 5431 946 5486 namque
972 5416 1112 5471 Deus
1144 5433 1265 5472 ossa
1290 5433 1476 5472 eorum
1511 5417 1600 5486 qui
1635 5418 1816 5472 homi-

242 5504 404 5559 nibus
434 5505 666 5573 placent,
696 5517 748 5562 et
778 5509 919 5576 quod
962 5508 1128 5562 altum
1165 5517 1219 5562 et
1249 5509 1531 5579 pulchrum
1568 5519 1650 5564 est
1677 5510 1818 5580 apud

237 5596 506 5661 homines,
526 5598 886 5654 abominabile
911 5608 992 5654 est
1024 5601 1164 5670 apud
1201 5600 1392 5655 Deum.
1421 5599 1614 5654 Mirum
1648 5611 1730 5656 est
1752 5601 1817 5656 de

243 5701 310 5752 te,
331 5690 491 5746 homo
508 5690 693 5756 miser;
715 5691 780 5744 ad
800 5691 937 5745 mala
969 5691 1167 5762 quippe
1192 5699 1334 5749 totus
1355 5706 1413 5747 es
1441 5691 1649 5760 avidus,
1671 5702 1816 5750 totus

1929 4505 2107 4558 (linem
2136 4503 2227 4557 Dei
2255 4509 2478 4557 creatus
2505 4510 2655 4563 es,et
2675 4509 2900 4570 propter
2932 4501 3154 4554 nimiam
3185 4498 3514 4554 eharitatem

1927 4595 2140 4650 Domini
2170 4595 2338 4650 nostri
2355 4593 2480 4648 Jesu
2503 4593 2708 4649 Christi
2746 4602 2923 4649 morte
2960 4591 3272 4662 turpissima
3307 4591 3518 4646 redem-

1926 4697 2048 4758 ptus
2069 4696 2118 4741 et
2145 4687 2403 4740 liberatus
2431 4700 2512 4752 es,
2551 4693 2605 4740 et
2632 4689 2698 4740 ad
2714 4685 3000 4741 videndam
3032 4684 3332 4740 claritatem
3365 4699 3515 4739 sum-

1926 4781 1997 4833 mi
2017 4780 2107 4833 Dei
2141 4779 2256 4833 sola
2283 4777 2646 4833 inaestimabili
2672 4778 3045 4833 misericordia
3063 4793 3158 4832 sua
3189 4784 3510 4840 vocatuses,

1924 4881 1979 4926 et
2001 4871 2247 4941 plurimis
2276 4872 2557 4927 beneficiis
2598 4887 2660 4926 ex
2694 4885 2803 4940 quo
2832 4883 2955 4926 esse
2993 4869 3229 4939 coepisti,
3261 4866 3330 4921 ab
3358 4866 3514 4920 altis-

1924 4965 2062 5019 simo
2103 4963 2269 5025 Patre
2311 4964 2477 5020 totius
2502 4964 2754 5019 veritatis
2783 4963 2849 5017 ad
2884 4963 3052 5016 vitam
3093 4970 3353 5016 aeternam
3385 4974 3508 5013 cum

1925 5056 2040 5125 ipso
2067 5055 2376 5110 habendam
2405 5071 2504 5126 per
2523 5055 2742 5109 unicum
2771 5053 2938 5107 filium
2961 5068 3116 5108 suum
3143 5051 3401 5105 invitatus
3426 5063 3507 5103 es.

1921 5145 2085 5201 Miser
2107 5147 2293 5212 homo,
2317 5161 2641 5218 recognosce
2669 5146 2814 5200 hunc
2843 5146 3123 5199 honorem.
3155 5139 3399 5210 lntellige
3422 5140 3506 5193 di-

1921 5240 2178 5311 gnitatem
2207 5250 2262 5296 et
2290 5242 2548 5296 honorem
2597 5249 2777 5305 tuum,
2814 5252 2921 5307 quo
2955 5250 2987 5288 a
3027 5243 3174 5290 tanta
3220 5233 3506 5302 majestate

1921 5332 2223 5387 honoratus
2273 5345 2351 5386 es.
2391 5331 2649 5386 Eternus
2696 5329 2840 5386 enim
2893 5327 3035 5382 Deus
3093 5334 3149 5380 et
3209 5323 3506 5379 immensus

1920 5425 2129 5479 creavit
2184 5432 2256 5488 te,
2315 5423 2570 5479 formavit
2609 5431 2683 5487 te,
2729 5431 2784 5477 et
2833 5419 3082 5474 invitavit
3121 5427 3190 5473 te.
3236 5415 3504 5471 Maximus

1921 5516 2190 5580 honor,et
2214 5514 2577 5586 amplissimus
2604 5528 2780 5568 amor.
2808 5511 3105 5580 Cognosce,
3128 5523 3160 5564 ο
3187 5508 3368 5585 homo,
3398 5506 3499 5562 bo-

1922 5621 2108 5661 norem
2136 5615 2376 5672 tuum,et
2404 5620 2582 5668 curre,
2600 5605 2806 5675 gratias
2829 5617 3015 5675 agens,
3038 5602 3103 5658 ad
3133 5601 3495 5662 invitatorem,

1923 5713 1988 5752 ne
2021 5698 2156 5752 forte
2201 5698 2244 5753 si
2291 5699 2533 5767 ingratus
2560 5697 2638 5751 ire
2671 5695 2926 5760 nolueris,
2957 5695 3048 5751 sed
3093 5703 3183 5750 aut
3223 5692 3366 5756 villa,
3405 5699 3496 5746 aut
