3898 6052
394 184 527 243 H355

389 394 512 444 heat
544 399 596 443 te
623 385 894 451 succendi,
925 393 984 438 et
1011 383 1106 438 tibi
1139 384 1338 437 ostium
1364 384 1486 437 vitae
1512 391 1728 438 aeterna:
1763 387 1814 439 in
1841 403 1967 457 per-

389 490 611 548 petuum
639 477 941 530 claudatur.
971 474 1248 544 Cognosce
1277 488 1478 544 ergo,o
1507 474 1971 543 homo,honorem

387 577 560 628 tutun,
592 572 643 618 et
673 565 876 616 honora
913 560 1225 615 Creatorem
1282 570 1452 615 tuum.
1485 560 1591 616 Sed
1642 565 1780 618 heu!
1815 565 1975 621 hodie

390 665 541 709 recte
568 661 744 722 potest
767 653 870 706 dici
903 654 968 706 de
995 661 1068 717 te,
1099 654 1260 706 homo
1295 671 1308 706 :
1346 653 1517 706 llomo
1549 670 1665 707 cum
1697 655 1749 708 in
1780 657 1974 712 honore

387 755 521 800 esset
552 761 655 798 non
679 743 965 806 intellexit;
990 755 1325 812 comparatus
1348 751 1425 798 est
1446 744 1700 813 jumentis
1727 747 1975 816 insipien—

389 837 526 890 tibus
551 845 599 889 et
618 835 804 888 similis
834 834 1006 902 factus
1027 849 1099 887 est
1128 833 1252 887 illis.
1275 833 1502 902 Dignum
1528 844 1678 890 certe
1695 846 1749 890 et
1766 835 1972 904 justum

391 936 476 980 est
505 934 562 979 ut
592 925 684 994 qui
711 923 885 978 noluit
915 939 1038 979 esse
1081 923 1258 978 socius
1283 923 1594 994 angelorum
1618 965 1630 988 ,
1665 925 1758 979 ﬂat
1781 925 1980 982 similis

385 1016 780 1085 iumentorum,
815 1022 868 1066 et
897 1013 987 1081 qui
1020 1012 1289 1066 destruxit
1319 1013 1372 1066 in
1409 1029 1467 1068 se
1494 1014 1782 1084 imaginem
1807 1025 1862 1070 et
1899 1016 1975 1070 si-

390 1107 754 1162 militudinem
788 1106 904 1173 Dei,
936 1105 1154 1174 dignum
1179 1114 1261 1160 est
1292 1117 1350 1160 ut
1380 1106 1556 1174 imago
1594 1117 1650 1162 et
1677 1107 1973 1163 similitudo

384 1197 754 1267 iumentorum
789 1199 1064 1253 adhaereat
1101 1199 1172 1253 ei.
1209 1199 1488 1269 Cognosce
1528 1214 1659 1270 ergo
1689 1209 1774 1267 te,
1805 1201 1974 1257 miser

386 1290 569 1356 homo,
602 1305 868 1361 cognosce
901 1300 952 1345 te
981 1289 1256 1345 meliorem
1289 1305 1409 1346 esse
1435 1292 1645 1356 avibus,
1672 1291 1970 1362 digniorem

385 1382 595 1436 cunctis
626 1381 1014 1435 animantibus.
1040 1380 1158 1436 Noli
1192 1380 1386 1436 similis
1413 1395 1534 1436 esse
1560 1381 1819 1450 iumentis
1842 1383 1974 1437 insi-

386 1473 681 1542 pientibus,
713 1488 834 1543 quze
879 1481 1088 1527 tantum
1123 1471 1290 1525 vitam
1342 1480 1664 1540 praesentem
1708 1473 1969 1542 cogitant,

386 1579 508 1632 quae
534 1571 742 1617 tantum
771 1563 1013 1617 carnalia
1044 1571 1100 1616 et
1123 1561 1428 1631 corporalia
1453 1570 1733 1631 appetunt,
1754 1573 1970 1619 terrena

389 1662 443 1706 et
473 1652 789 1720 temporalia
822 1652 1076 1722 diligunt,
1107 1652 1233 1721 quia
1265 1665 1365 1706 nec
1392 1651 1496 1706 alia
1526 1652 1724 1706 sciunt.

464 1741 654 1806 Homo,
704 1757 811 1796 non
869 1749 922 1795 te
965 1741 1220 1811 subjicias
1264 1740 1440 1807 carni,
1487 1756 1594 1795 non
1635 1741 1711 1796 sis
1764 1751 1974 1799 amator

393 1834 597 1888 mundi.
633 1833 743 1889 Nec
774 1843 824 1888 te
852 1834 1120 1889 sustineas
1148 1848 1270 1890 esse
1297 1833 1467 1888 lilium
1497 1833 1722 1899 diaboli,
1753 1843 1975 1905 propter

388 1923 648 1977 honorem
674 1923 1460 1992 potentissimi,sapientissimi
1485 1931 1538 1978 et
1563 1923 1976 1994 incomprehen-

388 2013 564 2068 sibilis
608 2013 785 2068 Patris
820 2015 893 2068 tui
924 2013 1175 2070 altissimi
1225 2014 1346 2070 Dei.
1377 2013 1610 2084 Propter
1659 2015 1976 2072 admirabile

391 2118 586 2158 nomen
622 2105 712 2159 Dei
736 2105 923 2159 aeterni
955 2121 1062 2161 non
1097 2114 1149 2161 te
1181 2107 1484 2172 constituas
1517 2107 1890 2162 adversarium
1923 2117 1976 2162 et

390 2194 719 2251 homicidam
759 2197 856 2252 tui.
897 2196 1128 2268 Propter
1173 2214 1414 2256 amorem
1465 2201 1838 2274 benignissimi
1882 2200 1974 2256 Dei

922 181 976 236 S.
1018 179 1318 236 ANSELMI
1351 179 1701 236 CANTUAR.
1733 179 2050 234 Αιιειιιει).
2088 179 2237 236 OPP.
2283 177 2460 234 PARS
2493 177 2578 231 Ill.
2609 206 2681 216 —
2722 159 3096 227 EPISTOL'AS.

288 308 297 316 '
388 301 579 360 imbus,
609 296 690 352 vel
721 309 888 350 uxore
923 303 972 348 te
999 294 1325 362 impedieris,
1360 293 1530 347 iratus
1560 293 1816 347 Dominus
1851 297 1940 365 ju-
1969 297 2019 351 Α
2068 306 2170 343 non
2201 299 2252 343 te
2277 287 2446 342 facias
2486 285 2762 340 inimicum
2807 291 2863 336 et
2907 280 3238 337 contrarium
3275 281 3666 352 omnipotentis

3524 169 3666 225 1038

2074 381 2190 436 Dei.
2219 381 2444 449 Propter
2473 377 2898 450 magnitudinem
2933 384 2987 430 et
3030 374 3287 429 dilectum
3324 375 3518 430 Filium
3568 379 3666 434 Dei

2073 471 2345 527 Christum
2361 471 2646 525 Dominum
2681 483 2786 523 non
2817 477 2870 521 te
2895 466 3063 521 facias
3086 466 3294 521 socium
3325 467 3660 533 dmmonum,

2075 571 2132 618 et
2164 561 2595 618 combustiouem
2653 560 2793 629 ignis
2843 559 3030 613 aeterni
3029 598 3065 636 θ
3109 559 3200 627 qui
3254 559 3564 629 redemptus
3603 576 3663 615 es

2074 653 2471 726 pretiosissimo
2511 651 2775 720 sanguine
2811 650 2950 718 Agni
2999 649 3509 705 immaculatissimi.
3543 650 3661 706 Noli

2076 755 2286 801 tantum
2311 745 2545 815 pretium
2579 742 2913 813 vilipendere
2935 781 2950 808 ,
2979 742 3120 811 quod
3148 758 3244 812 pro
3277 751 3327 796 te
3361 742 3527 799 Filius
3565 744 3659 800 Dci

2076 839 2330 907 dignatus
2357 848 2442 893 est
2469 837 2770 900 exsolvere,
2809 849 2876 888 ne
2907 833 3252 902 sempiternis
3279 833 3662 890 involvarisin-

2075 933 2304 987 cendiis.
2340 933 2491 986 Tunc
2515 931 2661 985 enim
2692 927 3064 998 paenitentiam
3095 927 3384 982 maximam
3415 929 3658 992 habebis.

2074 1021 2167 1076 sed
2198 1021 2318 1075 sine
2361 1019 2622 1075 remedio.
2661 1017 2813 1071 Tunc
2863 1014 3104 1070 dolorem
3153 1015 3538 1085 inopinabilem
3565 1033 3660 1086 pa-

2075 1109 2250 1173 tieris,
2282 1109 2374 1163 sed
2399 1109 2519 1163 sine
2551 1108 2658 1162 fine
2693 1104 2978 1160 tormentis
3007 1103 3196 1173 plenus
3224 1105 3355 1170 eris,
3386 1122 3658 1176 nunquam

2075 1209 2254 1256 tamen
2283 1199 2640 1254 alleviaberis.
2677 1198 2814 1266 Quia
2857 1197 3104 1267 quisquis
3135 1211 3238 1250 non
3291 1196 3462 1263 ﬂebit,
3502 1198 3657 1254 ﬂendi

2075 1294 2201 1349 dum
2235 1303 2446 1361 tempus
2474 1291 2717 1354 habebit,
2739 1299 2948 1346 aeterno
2981 1290 3128 1345 luctu
3166 1289 3392 1358 lugebit,
3422 1290 3517 1345 sed
3545 1291 3660 1347 sine

2075 1383 2276 1438 fructu.
2313 1382 2445 1436 Redi
2475 1397 2604 1452 ergo
2634 1381 2699 1434 ad
2725 1389 2796 1445 te,
2821 1380 2962 1445 redi,
3001 1394 3101 1436 nec
3123 1378 3301 1433 tardes
3330 1379 3570 1434 converti
3595 1380 3659 1435 ad

2076 1474 2223 1529 illum
2251 1475 2341 1542 qui
2381 1483 2433 1528 te
2467 1489 2564 1527 sua
2597 1480 2869 1541 potestate
2893 1470 3048 1537 fecit,
3079 1488 3175 1528 sua
3205 1471 3473 1542 sapientia
3509 1471 3661 1527 rede-

2075 1566 2192 1629 mit,
2247 1580 2344 1619 sua
2399 1564 2749 1619 inenarrabili
2802 1564 3051 1619 bonitate
3106 1565 3171 1620 ad
3222 1580 3280 1620 se
3323 1565 3555 1629 vocavit,
3605 1574 3662 1618 et

2013 1664 2055 1722 Β
2084 1664 2364 1725 exspectat
2389 1643 2567 1710 adhuc
2589 1655 2856 1724 quotidie,
2882 1662 2938 1709 et
2963 1656 3261 1710 coronabit.
3297 1655 3436 1722 Quid
3464 1656 3660 1724 quaeris

2080 1757 2236 1802 extra
2284 1747 2470 1801 illum?
2500 1746 2676 1814 Quid?
2721 1747 2860 1814 Quid
2892 1747 3170 1802 desideras
3215 1756 3411 1818 praeter
3455 1747 3661 1817 ipsum!

2082 1837 2220 1904 Quid
2246 1837 2341 1892 tibi
2363 1837 2544 1907 placet
2567 1818 2684 1893 sine
2709 1837 2862 1904 ipso?
2891 1837 3008 1905 lpse
3035 1837 3161 1892 fecit
3187 1839 3392 1903 omnia,
3425 1839 3541 1908 ipse
3571 1838 3664 1892 ba-

2082 1929 2174 1984 bet
2196 1928 2404 1996 omnia,
2436 1929 2549 1998 ipse
2577 1935 2660 1984 est
2700 1928 2903 1983 omnia.
2937 1927 3209 1997 Quidquid
3247 1929 3446 1984 bonum
3487 1928 3662 1998 cupis,

2083 2019 2342 2089 quidquid
2391 2019 2674 2090 pulchrum
2705 2020 2924 2089 quzeris,
2955 2019 3214 2088 quidquid
3251 2020 3407 2076 dulce
3438 2029 3493 2074 et
3518 2020 3662 2074 dele-

2086 2109 2282 2164 ctabile
2335 2109 2588 2178 requiris,
2621 2118 2792 2163 totum
2831 2109 2881 2162 in
2915 2108 3029 2176 ipso
3055 2107 3318 2175 invenies,
3345 2118 3401 2165 et
3446 2110 3500 2162 in
3546 2109 3664 2180 ipso

2087 2201 2412 2272 perfrueris;
2441 2201 2485 2256 si
2517 2200 2756 2272 gaudere
2783 2201 2886 2264 vis,
2925 2201 3040 2272 ipse
3069 2202 3322 2274 gaudium
3352 2211 3457 2267 est,
3485 2208 3592 2256 etc.

931 2422 1312 2502 Exponente
1367 2426 1672 2505 magistro
1701 2425 2048 2494 Anselmo,
2079 2425 2210 2486 haec
2246 2421 2507 2500 collegit
2550 2423 2624 2481 Νι
2659 2421 3119 2483 Amanuensis.

1620 2567 1738 2637 (Ea:
1761 2584 1887 2624 mss.
1911 2566 2234 2623 Corbeiensi.
2267 2585 2311 2622 ε.
2344 2565 2496 2637 596.)

460 2705 603 2760 Deus
633 2702 747 2759 solo
776 2703 942 2759 verbo
965 2702 1049 2758 vel
1072 2701 1352 2759 voluntate
1372 2701 1660 2774 plasmavit
1678 2703 1974 2770 hominem,

390 2811 497 2851 non
525 2811 622 2867 per
653 2795 1004 2866 angelum,ut
1025 2796 1246 2865 quidam
1275 2795 1484 2851 volunt.
1511 2795 1578 2850 Et
1602 2803 1728 2851 nota
1757 2795 1900 2865 quod
1924 2795 1976 2850 in

389 2888 512 2942 aliis
534 2886 788 2956 operibus
809 2886 883 2940 ait
912 2887 1141 2942 Genesis
1171 2905 1184 2940 :
1211 2885 1359 2942 Dixit
1387 2885 1559 2955 Deus,
1587 2897 1636 2942 et
1669 2887 1811 2956 facta
1833 2897 1974 2942 sunt.

395 2977 502 3032 Sed
533 2993 655 3032 cum
681 2977 748 3032 de
777 2978 1058 3033 creatione
1090 2977 1331 3034 hominis
1355 2977 1672 3048 loqueretur
1701 2978 1775 3033 ait
1810 2995 1824 3032 :
1854 2977 1976 3032 Ma-

390 3085 488 3122 nus
517 3067 611 3121 Dei
646 3067 875 3137 fecerunt
903 3068 1206 3134 hominem;
1227 3067 1312 3124 vel
1348 3085 1360 3122 :
1388 3066 1677 3122 Faciamus
1714 3067 1974 3121 hominem

2084 2716 2217 2772 pore
2245 2717 2344 2772 pro
2372 2717 2478 2771 quo
2506 2700 2696 2768 inciso,
2727 2716 2834 2757 non
2861 2700 3146 2766 inciditur;
3174 2711 3666 2772 augmentato,non

2086 2800 2497 2865 augmentatur;
2541 2792 2847 2856 imminuto,
2875 2807 2983 2847 non
3016 2791 3389 2859 imminuitur;
3422 2802 3478 2848 et
3501 2797 3582 2851 sic
3612 2808 3669 2851 ut

2085 2884 2153 2938 ad
2179 2883 2587 2940 similitudinem
2607 2883 2702 2938 Dei
2728 2882 2868 2938 istud
2899 2882 3357 2952 sciendum,quod
3385 2883 3667 2954 Scriptura

2087 2990 2214 3032 raro
2239 2976 2370 3032 dicit
2397 2975 2670 3031 hominem
2694 2974 2983 3044 imaginem
3009 2974 3121 3039 Dei,
3158 2975 3298 3043 quod
3323 2973 3421 3030 soli
3461 2990 3668 3031 conve-

2087 3068 2166 3122 nit
2191 3067 2330 3122 Filio
2357 3067 2477 3132 Dei,
2504 3065 2600 3122 sed
2628 3066 2696 3120 ad
2724 3065 3038 3135 imaginem.
3083 3065 3407 3135 Augustinus
3435 3082 3448 3118 :
3481 3062 3668 3120 Omnis

389 3158 459 3212 ad
483 3158 760 3230 imaginem
795 3167 843 3212 et
863 3157 1259 3213 similitudinem
1290 3168 1544 3224 nostram,
1576 3173 1683 3214 non
1711 3158 1858 3227 quod
1884 3167 1968 3210 ta-
2001 3119 2046 3180 C
2077 3159 2269 3225 Adam,
2293 3160 2419 3213 dum
2449 3158 2554 3214 uult
2589 3175 2825 3228 perverse
2846 3173 2957 3212 esse
2983 3155 3186 3221 similis,
3208 3155 3342 3209 cadit
3370 3155 3425 3209 in
3457 3155 3670 3224 captivi-

391 3264 514 3305 men
549 3250 719 3320 magis
753 3248 929 3305 factus
961 3249 1032 3305 sit
1060 3263 1224 3319 quam
1261 3249 1400 3316 alia;
1429 3249 1525 3305 sed
1570 3257 1630 3303 ut
1657 3249 1970 3305 ostendatur

392 3341 628 3410 dignitas
674 3341 934 3410 hominis,
966 3341 1056 3416 qui
1088 3343 1157 3398 ab
1205 3342 1322 3412 ipso
1366 3357 1577 3398 summo
1603 3341 1714 3398 Deo
1763 3339 1970 3396 artiﬁce

389 3450 497 3488 non
548 3435 615 3488 ab
657 3433 942 3503 epiﬂcibus
969 3432 1106 3502 ejus,
1152 3445 1206 3489 et
1255 3449 1379 3489 cum
1422 3434 1648 3489 consilio
1671 3448 1864 3504 magno
1892 3433 1971 3487 sic

389 3520 588 3576 factus.
621 3523 703 3577 Ad
727 3523 1018 3592 imaginem
1052 3523 1147 3577 Dei
1175 3523 1373 3578 dicitur
1399 3539 1540 3588 esse,
1579 3523 1704 3592 quia
1736 3523 1977 3578 rationa—

390 3613 460 3670 lis
485 3623 541 3668 et
571 3613 788 3684 sapiens
812 3623 871 3668 ut
902 3614 1072 3669 Deus.
1117 3615 1197 3668 Ad
1247 3615 1655 3670 similitudinem
1711 3615 1806 3670 ita.
1839 3615 1982 3669 Deus

393 3722 536 3761 unus
569 3714 672 3772 est,
708 3720 817 3761 non
844 3715 906 3762 ut
931 3721 1030 3761 nos
1056 3707 1110 3761 in
1142 3707 1338 3778 quibus
1367 3707 1603 3773 diversa,
1634 3715 1696 3762 ut
1731 3706 1983 3762 substan-

393 3796 483 3852 tiae
510 3796 591 3852 vel
619 3797 922 3852 accidentia
950 3797 1216 3853 uniuntur
1263 3798 1316 3853 in
1368 3813 1555 3864 unum,
1583 3799 1678 3853 sed
1724 3795 1982 3852 ineffabili

396 3889 558 3943 modo
585 3897 639 3944 et
668 3889 721 3944 in
751 3889 999 3944 omnibus
1020 3898 1124 3956 εει,
1150 3897 1204 3944 ει
1225 3889 1407 3944 omnia
1437 3889 1690 3958 complet,
1725 3896 1780 3942 et
1804 3897 1982 3942 tamen

393 3995 494 4050 pro
548 3982 710 4037 rebus
764 3982 1103 4037 immutatur.
1133 3982 1242 4037 lllis
1294 3981 1500 4046 incisis,
1538 3996 1642 4034 non
1689 3980 1978 4044 inciditur;

397 4073 684 4138 truncatis,
717 4088 824 4128 non
855 4081 1162 4139 truncatur;
1183 4073 1568 4143 augmentatis,
1594 4087 1698 4127 non
1724 4086 1985 4142 augmen-
2017 4139 2025 4149 .

397 4169 580 4227 tatur;
629 4164 930 4229 diminutis,
970 4179 1079 4219 non
1122 4165 1472 4230 diminuitur;
1508 4163 1819 4226 sordidatis,
1876 4176 1980 4215 non

404 4253 737 4308 sordidatur.
766 4255 917 4322 Quod
959 4255 1003 4310 si
1035 4263 1313 4324 qumratur
1357 4253 1628 4324 quomodo
1668 4255 1768 4309 hoc
1807 4264 1985 4325 potest

401 4344 552 4412 sciri,
593 4347 774 4402 anima
805 4357 889 4404 est
918 4347 1044 4404 inde
1075 4346 1394 4413 similitudo,
1423 4347 1605 4401 anima
1656 4356 1716 4401 ut
1763 4347 1979 4416 in,cor-

2077 3261 2258 3317 tatem,
2293 3252 2431 3306 unde
2461 3250 2648 3305 clamet
2686 3251 2754 3303 ad
2775 3266 2892 3304 eum
2923 3266 2956 3302 a
2981 3265 3083 3319 quo
3106 3248 3288 3302 cecidit
3320 3264 3338 3301 :
3366 3247 3498 3314 Quis
3523 3249 3669 3301 simi-

2079 3345 2144 3400 lis
2173 3347 2306 3400 tibi?
2325 3347 2423 3401 Est
2451 3354 2631 3400 autem
2661 3345 2824 3400 homo
2863 3345 3042 3414 justus
3071 3343 3161 3412 qui
3199 3341 3370 3412 diligit
3401 3342 3667 3422 inimicos.

2079 3444 2134 3490 et
2165 3436 2437 3493 benefacit
2466 3436 2570 3501 eis,
2595 3435 2788 3490 similis
2811 3443 2895 3489 est
2936 3434 3046 3488 Deo
3079 3433 3146 3487 ad
3174 3431 3327 3500 cujus
3375 3432 3668 3499 imaginem

2084 3530 2259 3584 factus
2287 3536 2391 3592 est,
2421 3527 2513 3597 qui
2549 3527 2721 3582 solem
2776 3541 2931 3580 suum
2966 3525 3096 3580 facit
3119 3524 3248 3578 oriri
3309 3539 3472 3593 super
3491 3521 3671 3590 iustos

2085 3629 2140 3676 et
2188 3619 2438 3689 injustos,
2472 3628 2526 3672 et
2581 3618 2717 3686 pluit
2767 3632 2928 3686 super
2965 3617 3140 3686 justos
3188 3627 3243 3669 et
3288 3614 3546 3683 iniustos;
3577 3616 3672 3671 sed

2088 3713 2205 3767 hare
2234 3710 2545 3767 obedientia
2572 3719 2676 3775 est,
2707 3725 2813 3764 non
2845 3709 3119 3778 superbia.
3159 3709 3255 3764 Est
3284 3721 3414 3777 ergo
3434 3705 3574 3762 bene
3599 3708 3672 3762 si-

2091 3806 2234 3859 milis
2261 3805 2352 3874 qui
2385 3803 2562 3859 credit
2590 3803 2757 3857 Deum
2788 3816 3056 3857 summum
3087 3815 3227 3864 esse,
3252 3800 3397 3855 nullo
3418 3813 3672 3868 egere,se

2090 3909 2220 3948 vero
2243 3909 2348 3949 non
2380 3905 2476 3961 per
2501 3906 2581 3957 se,
2615 3889 2709 3945 sed
2739 3889 2879 3958 apud
2908 3888 3076 3943 Deum
3102 3903 3223 3943 esse
3250 3905 3262 3941 :
3305 3888 3397 3956 qui
3425 3902 3553 3942 vero
3574 3901 3674 3956 per

2089 4002 2146 4042 se
2170 3986 2281 4040 vult
2308 3999 2429 4039 esse
2453 3993 2514 4038 ut
2536 3983 2699 4048 Deus,
2731 3996 2761 4035 a
2795 3979 2943 4035 nullo
2970 3980 3350 4036 est.Perverse
3376 3979 3489 4033 vult
3524 3979 3675 4034 simi-

2086 4080 2153 4134 lis
2173 4091 2316 4144 esse,
2339 4084 2400 4130 ut
2431 4074 2678 4130 diabolus
2700 4072 2792 4143 qui
2825 4073 2998 4129 noluit
3019 4073 3118 4128 sub
3154 4087 3220 4128 eo
3247 4087 3395 4136 esse;
3431 4078 3488 4128 et
3511 4072 3673 4126 homo

2090 4169 2276 4240 qui....
2308 4181 2499 4223 servus
2537 4163 2712 4220 noluit
2738 4163 2908 4218 teneri
2936 4162 3409 4234 prmeepto,voluit
3437 4172 3498 4216 ut
3525 4161 3675 4216 nullo

2088 4261 2188 4316 sibi
2214 4259 2529 4314 dominante
2557 4264 2700 4311 esset
2726 4255 2879 4326 quasi
2904 4255 3068 4310 Deus.

400 4548 701 4626 Magister
730 4549 1073 4612 Anselmus
1103 4567 1297 4628 super
1324 4566 1578 4611 versum
1613 4549 1793 4610 illum
1832 4570 1844 4607 :
1873 4548 2130 4609 Decebat
2156 4547 2315 4606 enim
2340 4563 2472 4604 eum
2505 4561 2616 4622 per
2651 4559 2826 4621 quem
2869 4541 3074 4616 omnia
3111 4548 3162 4599 et
3193 4558 3269 4599 ex
3297 4556 3417 4618 quo
3458 4538 3676 4596 omnia

1893 4650 1987 4710 br.
2022 4668 2103 4710 ιι.
2148 4650 2269 4710 10).

1893 4650 1929 4710 b
1973 4695 1987 4710 .
2022 4668 2064 4709 ιι
2148 4650 2220 4708 10
2253 4691 2269 4708 .

476 4746 620 4801 Deus
643 4745 987 4817 omnipotens
1015 4749 1060 4804 si
1095 4748 1293 4804 nullam
1321 4748 1538 4820 penitus
1565 4649 1886 4805 crcatufgne
1917 4669 1992 4800 ΤΣ·
2024 4753 2068 4808 D
2089 4647 2450 4815 pori)indidit,
2506 4743 2736 4814 qualiter
2782 4744 2922 4798 bene
2982 4741 3215 4812 regendo
3268 4738 3443 4808 ipsum
3465 4778 3481 4802 ,
3514 4738 3680 4792 simul

402 4837 591 4902 cisset,
648 4836 704 4890 in
757 4839 936 4908 seipse
983 4839 1141 4908 plene
1180 4841 1370 4896 beatus
1398 4854 1519 4895 esse
1563 4840 1758 4909 potuit,
1791 4839 1987 4908 quippe

406 4929 562 4984 nullo
592 4929 860 5001 indigens,
886 4931 980 4986 sed
1008 4929 1226 4985 sibimet
1270 4945 1658 5002 usquequaque
1689 4925 1980 4986 suﬂiciens.

407 5021 608 5078 Volens
646 5033 823 5077 autem
865 5038 928 5077 ea
956 5039 1167 5080 summa
1195 5025 1438 5080 bonitate
1475 5031 1782 5078 creaturam
1814 5021 1986 5074 beati-

409 5113 582 5179 licari,
613 5113 754 5183 quod
798 5114 967 5184 ipsius
1016 5124 1222 5171 tantum
1257 5115 1564 5185 cognitione
1601 5122 1656 5168 et
1685 5128 1872 5168 amore
1900 5111 1984 5164 fu-

410 5221 590 5260 turum
618 5215 756 5271 erat,
776 5209 1044 5280 angelicas
1073 5218 1349 5264 creaturas
1371 5207 1497 5262 fecit
1521 5222 1550 5260 a
1577 5207 1772 5276 quibus
1799 5205 1984 5260 lauda-

411 5304 586 5365 retur,
614 5312 722 5352 non
752 5299 875 5354 utei
899 5300 965 5355 de
991 5300 1149 5355 laude
1180 5314 1367 5354 eorum
1397 5297 1600 5367 aliquid
1629 5306 1988 5364 accresceret,

411 5389 506 5442 sed
536 5389 684 5457 ipsis.
707 5388 878 5448 Porro
915 5392 1103 5448 eadem
1143 5391 1406 5459 bonitate,
1429 5399 1488 5446 ut
1525 5391 1643 5446 laus
1673 5389 1991 5460 imperfecta

415 5495 524 5534 non
567 5481 736 5549 esset,
764 5499 1078 5555 corpoream
1109 5495 1416 5540 creaturam
1447 5485 1687 5542 condidit
1717 5500 1781 5539 ac
1815 5485 1988 5540 beati-

417 5567 584 5626 tlcare
611 5573 796 5630 voluit.
827 5575 940 5632 llac
969 5576 1035 5634 de
1054 5592 1216 5634 causa
1245 5578 1493 5650 spiritum
1517 5577 1840 5634 rationalem
1867 5591 1990 5632 cor-

2097 4851 2219 4891 cum
2244 4848 2471 4904 corpore
2495 4834 2548 4887 in
2574 4833 2683 4888 Deo
2705 4821 3134 4896 beatiﬁcarctur’;
3163 4838 3219 4884 et
3243 4829 3316 4883 ita
3347 4827 3462 4883 laus
3492 4827 3588 4880 Dei
3614 4827 3682 4880 ab

2095 4927 2242 4984 omni
2265 4935 2515 4982 creatura
2539 4925 2695 4996 plena
2727 4924 3038 4980 esset.lnde
3067 4931 3149 4978 est
3174 4922 3316 4992 quod
3343 4919 3529 4975 omnia
3565 4918 3684 4971 lau-

2097 5020 2227 5074 dare
2254 5018 2422 5074 Deum
2466 5018 2739 5084 dicuntur,
2768 5017 2893 5072 dum
2937 5015 3232 5070 rationales
3260 5022 3546 5075 creaturae,
3577 5028 3680 5064 an-

2096 5110 2199 5181 geli
2249 5109 2458 5165 scilicet
2486 5118 2542 5164 et
2576 5109 2845 5170 homines,
2893 5108 3085 5162 miram
3138 5107 3230 5160 Dei
3270 5103 3570 5176 potentiam
3629 5113 3685 5156 et

2099 5202 2394 5257 bonitatem
2429 5209 2537 5256 tam
2571 5201 2624 5256 in
2655 5216 2734 5266 se,
2766 5215 2927 5270 quam
2957 5200 3009 5253 in
3041 5198 3253 5253 caeteris
3293 5195 3561 5250 creaturis
3593 5193 3684 5247 ni-

2096 5303 2280 5349 tantur
2304 5302 2359 5348 et
2389 5293 2628 5347 laudant.
2657 5291 2750 5347 Sic
2800 5307 2928 5363 ergo
2962 5289 3250 5361 Apostolus
3299 5289 3374 5341 ait
3402 5305 3416 5341 :
3455 5283 3684 5347 Propter

2095 5401 2213 5441 eum
2240 5385 2439 5450 omnia,
2480 5383 2688 5440 scilicet
2712 5382 3036 5438 laudandum
3079 5390 3135 5436 et
3163 5378 3598 5451 gloriﬁcandum,
3634 5385 3684 5428 et

2096 5492 2189 5546 per
2207 5491 2324 5530 eum
2347 5475 2523 5529 omnia
2547 5473 2918 5538 nihil,scilicet
2939 5471 3229 5543 superﬂue.
3247 5469 3397 5536 Quod
3421 5467 3464 5522 si
3487 5481 3687 5519 verum

2097 5579 2200 5638 est,
2223 5569 2332 5627 imo
2361 5569 2487 5640 quia
2521 5582 2704 5625 verum
2745 5574 2854 5635 est,
2881 5566 3156 5623 hominem
3187 5563 3251 5619 ad
3293 5560 3520 5635 gloriam
3553 5557 3686 5614 duci
