3898 6052
219 287 355 343 1057

1529 288 1657 345 LIB.
1689 291 1731 345 l.
1760 320 1829 330 —
1859 288 2199 348 MONITUM.

3349 290 3491 346 1058

219 421 439 464 necesse
468 412 553 460 est
585 424 597 460 :
629 419 748 475 quae
777 420 899 461 cum
926 404 1225 460 necessitas
1254 419 1358 459 non
1383 404 1602 463 aliunde
1629 421 1790 476 quam
1819 407 1869 466 Α
1896 403 1980 457 lus
2001 403 2176 458 victus
2217 402 2381 457 etiam
2405 398 2680 456 hominem
2706 401 3000 467 amitteret,
3018 399 3157 456 ratio
3183 413 3289 455 non
3324 414 3488 456 esset.

217 516 284 555 ex
316 500 551 554 maxima
579 499 700 565 Dei,
728 514 889 569 quam
916 496 1286 567 praediximus,
1301 498 1546 580 bonitate
1569 500 1799 555 descen-

219 580 315 655 dit,
334 593 494 646 homo
516 607 542 645 a
567 600 789 661 peccato
816 605 914 646 suo
941 588 1186 661 perditus
1207 597 1308 644 est.
1324 589 1467 660 Ergo
1490 591 1556 645 ad
1575 591 1799 661 gloriam

220 699 324 739 non
370 684 604 749 ducitur,
642 698 771 754 ergo
819 684 934 753 ipse
984 698 1092 738 non
1146 681 1362 748 laudat;
1407 694 1802 753 consequenter

220 777 384 848 igitur
427 790 691 846 corporea
732 785 981 833 creatura
1015 792 1125 831 non
1169 776 1380 845 laudat;
1418 778 1592 833 otiose
1642 779 1805 848 igitur

221 867 364 924 facta
387 876 491 924 est.
517 868 671 935 Quod
697 869 744 924 si
779 869 853 923 ita
880 877 983 936 est,
1015 884 1145 941 ergo
1174 885 1274 925 nec
1314 871 1417 940 ipsi
1441 869 1616 940 angeli
1647 870 1806 940 plene

223 959 468 1028 laudant,
492 975 618 1015 cum
644 975 905 1016 numerus
951 976 1140 1017 eorum
1164 962 1236 1016 sit
1259 962 1581 1017 diminutus.
1609 962 1680 1017 Ut
1709 979 1806 1017 au-

226 1059 334 1106 tem
367 1051 486 1107 haec
511 1051 693 1106 omnia
741 1052 1179 1106 inconvenientia
1207 1052 1276 1109 ab
1304 1054 1422 1122 ipso
1463 1068 1572 1123 quo
1621 1069 1808 1129 procef

200 1142 360 1213 ldunt
390 1142 540 1199 fonte
560 1143 959 1213 supprimamus
980 1144 1256 1204 hominem
1284 1145 1552 1215 perditum
1585 1145 1651 1200 ad
1686 1146 1805 1218 glo-

226 1235 365 1289 riam
396 1234 520 1290 duci
561 1235 987 1299 constituamus,
1017 1235 1171 1305 cujus
1214 1235 1461 1306 gloriosa?
1491 1236 1809 1294 salvationis

225 1325 502 1391 ordinem,
548 1325 668 1395 ipso
724 1334 949 1380 auctore
1000 1325 1640 1394 adjuvante,’videamus.
1666 1329 1811 1384 Deus

226 1414 498 1469 hominem
522 1414 697 1484 ipsum
719 1415 798 1470 sic
822 1415 875 1490 in
902 1417 1080 1471 medio
1109 1417 1369 1482 condidit,
1387 1427 1446 1473 ut
1471 1419 1517 1473 si
1548 1420 1813 1475 ohediens

229 1506 279 1560 ei
331 1507 617 1573 existeret,
662 1514 885 1576 paracta
942 1507 1268 1575 obedientia,
1325 1510 1442 1565 sine
1493 1510 1813 1581 interposita

229 1604 405 1651 morte
455 1595 523 1650 de
572 1596 793 1651 mortali
840 1597 1164 1653 immortalis
1208 1598 1383 1667 ﬁeret,
1420 1601 1505 1655 sin
1538 1609 1719 1656 autem
1746 1601 1815 1657 de

233 1686 451 1744 mortali
477 1686 533 1742 in
555 1699 788 1744 mortem
821 1690 1271 1760 praecipitaretur.
1306 1691 1606 1749 Persuasus
1628 1709 1757 1764 ergo
1783 1709 1813 1749 a

232 1779 480 1845 diabolo,
530 1778 686 1849 juxta
736 1781 1032 1837 terribilem
1082 1783 1175 1838 Dei
1227 1785 1702 1842 comminationem
1750 1788 1816 1844 de

231 1871 445 1925 mortali
480 1880 726 1927 mortuus
754 1872 931 1928 factus
960 1884 1064 1939 est,
1096 1883 1153 1929 et
1188 1875 1333 1947 juste
1379 1893 1409 1931 a
1439 1877 1651 1933 diabolo
1691 1894 1817 1949 pos-

232 1976 414 2016 sessus
465 1961 552 2015 cui
597 1970 791 2031 sponte
827 1955 1198 2019 consenserat.
1234 1964 1415 2021 Voluit
1465 1976 1644 2021 tamen
1689 1984 1815 2024 eum

232 2050 375 2107 Deus
404 2052 711 2122 requirere,
745 2054 871 2122 quia
918 2054 1045 2109 licet
1071 2064 1284 2126 sponte,
1308 2057 1483 2112 aliena
1516 2066 1694 2114 tamen
1725 2074 1817 2116 ce-

232 2140 366 2196 cidit
392 2142 765 2212 persuasione.
799 2144 1053 2201 Diabolus
1088 2160 1216 2202 vero
1257 2148 1459 2219 requiri
1483 2166 1587 2204 non
1611 2150 1814 2217 debuit,

232 2233 359 2301 quia
414 2222 468 2287 in
514 2243 723 2289 natura:
768 2251 879 2290 sna-
918 2236 1176 2293 ﬁrmitate
1225 2253 1323 2308 per
1351 2254 1410 2303 se
1443 2240 1636 2309 ipsum,
1671 2240 1818 2296 nulla

233 2325 574 2382 extrinsecus
618 2329 973 2397 persuasione
1018 2329 1234 2385 cecidit.
1291 2328 1545 2401 Oportuit
1590 2348 1720 2404 ergo
1759 2342 1821 2388 ut

234 2426 510 2473 auctorem
539 2418 731 2476 salutis
759 2421 1002 2487 haberet,
1037 2438 1136 2493 per
1154 2439 1314 2494 quem
1345 2424 1491 2495 justa
1517 2426 1724 2482 ratione
1751 2427 1817 2481 ad

239 2510 410 2564 Deum
436 2511 656 2567 rediret.
690 2512 984 2568 Videamus
1010 2529 1143 2585 ergo
1180 2516 1303 2585 quis
1346 2516 1433 2571 ille
1479 2526 1671 2573 auctor
1699 2531 1824 2574 esse

233 2602 495 2669 potuerit.
536 2601 593 2656 Si
632 2604 773 2660 Deus
814 2606 1135 2675 simpliciter
1162 2615 1327 2675 esset,
1356 2618 1566 2678 poterat
1602 2611 1816 2679 quidem

238 2694 509 2749 diabolum
554 2696 792 2765 vincere,
842 2698 1119 2755 hominem
1168 2702 1410 2771 eripere;
1439 2703 1531 2757 sed
1557 2703 1675 2759 haec
1702 2703 1818 2759 sola

228 2784 340 2853 jam
369 2795 514 2841 esset
534 2789 799 2857 potentia,
830 2804 938 2844 non
964 2790 1102 2845 ratio
1117 2792 1364 2862 justitiae,
1401 2793 1444 2848 si
1468 2793 1706 2860 diabolo,
1725 2794 1818 2864 qui

236 2864 681 2934 mortis'habebat
707 2879 1015 2948 imperium,
1044 2884 1184 2938 sicut
1209 2885 1286 2939 ait
1311 2885 1819 2957 Apostolus,qnam-

235 2966 322 3021 vis
367 2981 482 3022 rem
538 2968 768 3025 alienam
813 2972 1011 3042 injuste
1056 2975 1365 3040 invasisset,
1396 2988 1585 3034 tamen
1631 2991 1821 3051 sponte

1907 492 2012 546 Sed
2056 505 2157 546 nec
2208 489 2432 561 angelus
2453 489 2514 544 in‘
2546 489 2767 545 homine
2809 490 2912 545 hoc
2943 499 3175 561 poterat,
3203 491 3329 561 quia
3357 493 3401 546 si
3435 492 3491 546 in

1903 598 1998 640 sua
2046 582 2289 653 simplici
2336 590 2392 638 et
2419 581 2544 637 forti
2601 589 2794 636 natura
2843 581 3363 637 inﬁrmusinventus
3387 592 3490 644 est,

1902 674 2072 729 multo
2098 672 2273 744 magis
2300 672 2529 729 inﬁrmae
2548 672 2675 727 huic
2702 681 2931 740 naturze,
2949 674 3204 728 humanae
3221 673 3492 739 videlicet,

1905 767 2169 822 admistus
2195 765 2389 822 debilis
2417 762 2773 821 inveniretur.
2800 763 3030 836 Oportet
3069 779 3201 835 ergo
3227 774 3288 819 ut
3306 776 3499 819 auctor

1905 857 1996 913 ille
2015 856 2205 913 salutis
2225 857 2369 912 Deus
2392 857 2444 911 in
2472 857 2694 913 homine
2725 856 2816 922 sit,
2841 856 2934 927 qui
2959 871 3025 911 ex
3053 856 3154 911 hoc
3186 856 3330 926 quod
3356 857 3498 911 Deus

1907 958 2013 1015 est,
2043 949 2248 1019 possit;
2272 961 2338 1002 ex
2364 949 2468 1003 hoe
2496 949 2640 1019 quod
2664 949 2856 1013 homo,
2883 947 3079 1004 debeat
3102 964 3341 1019 congruo
3366 947 3501 1002 mul-

1908 1048 2020 1095 tum
2052 1042 2275 1107 ordine;
2303 1049 2364 1096 ut
2398 1040 2539 1097 sicut
2567 1040 2814 1095 diabolus
2859 1040 3000 1094 mala
3031 1040 3223 1096 fraude
3260 1041 3499 1111 primum

1911 1148 2030 1188 rem
2057 1132 2259 1187 invasit
2282 1132 2543 1197 alienam,
2582 1131 2655 1186 ita
2683 1132 2826 1187 Deus
2850 1132 3015 1198 bona,
3040 1140 3102 1186 ut
3131 1132 3205 1186 ita
3232 1132 3498 1197 dicamus,

1913 1224 2099 1281 fraude
2126 1241 2240 1281 rem
2265 1241 2419 1281 suam
2443 1225 2677 1282 eﬂiceret
2697 1240 2791 1297 per
2810 1227 3071 1297 gratiam:
3094 1236 3149 1281 et
3171 1228 3313 1281 sicut
3341 1227 3503 1282 homo

1911 1316 2001 1371 ille
2049 1317 2273 1386 propria
2301 1316 2580 1372 libertate
2610 1318 2917 1382 succubuit,
2969 1319 3042 1372 ita
3090 1319 3253 1374 homo
3304 1318 3409 1374 iste
3436 1334 3502 1374 ex
3598 1373 3603 1379 .

1913 1408 2130 1462 arbitrii
2183 1407 2437 1463 libertate
2483 1408 2698 1463 diabolo
2734 1408 3017 1464 resisteret
3059 1423 3265 1479 :quem
3307 1418 3362 1465 et
3391 1410 3504 1480 pati

1913 1499 2178 1569 oportuit,
2207 1508 2269 1554 ut
2303 1498 2552 1555 diabolus
2584 1500 2638 1553 in
2665 1516 2731 1556 eo
2758 1508 3011 1568 peccaret
3037 1500 3092 1555 in
3141 1515 3247 1569 quo
3294 1499 3506 1571 culpam

1916 1606 2024 1645 non
2052 1591 2260 1660 reperit
2288 1590 2438 1646 illum
2469 1592 2761 1660 puniendo.
2810 1591 2969 1646 llunc
3009 1592 3225 1661 quippe,
3263 1590 3407 1647 sicut
3449 1598 3507 1645 et

1917 1683 2325 1749 ca:teros,omni
2348 1698 2546 1755 genere
2577 1683 2892 1739 tentationis
2921 1698 3209 1754 aggressus
3235 1682 3510 1747 est,hlan-

1919 1775 2005 1831 dis
2030 1776 2291 1846 primum,
2320 1784 2382 1830 ut
2432 1775 2618 1842 draco,
2673 1776 2869 1831 deinde
2914 1777 3145 1845 asperis,
3173 1785 3233 1831 ut
3282 1775 3367 1831 leo
3396 1791 3410 1829 :
3443 1775 3510 1829 ad

1918 1866 2165 1921 ultimum
2188 1866 2418 1931 occidit;
2450 1874 2505 1925 et
2526 1865 2606 1920 sic
2638 1866 2939 1934 justissime
2962 1881 3124 1924 omne
3150 1882 3304 1922 suum
3339 1867 3390 1920 in
3413 1866 3511 1921 ho-

1918 1957 2097 2013 mines
2150 1956 2446 2013 dominium
2492 1955 2769 2026 perdidit,
2821 1957 2948 2011 dum
2991 1971 3050 2013 se
3108 1956 3252 2011 ultra
3308 1956 3512 2012 licitum

1918 2046 2182 2101 extendit.
2214 2044 2368 2101 Unde
2401 2044 2579 2100 adhuc
2617 2043 2703 2099 lex
2730 2044 3037 2099 communis
3071 2044 3253 2109 habet,
3283 2053 3344 2099 ut
3363 2044 3511 2099 debi-

1881 2132 1891 2141 ’
1922 2147 2035 2192 ιιιιη
2060 2135 2255 2207 perdat
2285 2136 2375 2205 qui
2397 2135 2518 2206 plus
2541 2150 2704 2206 quam
2735 2134 2974 2189 debitum
2999 2135 3185 2207 exigit.
3204 2134 3359 2190 Sicut
3384 2150 3514 2206 ergo

1921 2229 1974 2283 in
2034 2230 2207 2300 ipsum
2250 2228 2344 2298 qui
2391 2228 2441 2282 ei
2490 2242 2596 2281 non
2628 2227 2924 2291 consensit,
2958 2224 3049 2294 jus
3084 2226 3288 2291 amisit,
3334 2227 3407 2280 ita
3463 2227 3515 2280 in

1921 2333 2113 2374 omnes
2161 2317 2300 2373 ﬁlios
2348 2316 2466 2386 ejus
2503 2317 2594 2387 qui
2642 2315 2759 2385 ejus
2803 2316 3167 2371 innocentiam
3217 2313 3515 2371 imitantur.

1921 2410 2075 2466 Nunc
2101 2425 2232 2464 vero
2270 2409 2372 2463 iste
2404 2408 2458 2462 in
2488 2414 2665 2462 morte
2708 2420 2993 2460 remanere
3016 2420 3123 2461 non
3156 2404 3361 2468 debuit,
3390 2405 3518 2473 quia

1923 2504 2029 2557 hoc
2065 2500 2227 2555 modo
2255 2513 2356 2554 nec
2382 2499 2484 2555 sibi
2512 2513 2613 2554 nec
2641 2498 2797 2552 alteri
2822 2491 3145 2567 profuisset.
3176 2496 3278 2551 Per
3306 2495 3517 2566 passio-

1923 2608 2045 2648 nem
2076 2607 2207 2662 ergo
2235 2590 2697 2647 consummandns
2724 2597 2863 2656 erat,
2892 2597 2953 2643 ut
2985 2588 3059 2642 ita
3083 2603 3211 2644 suos
3258 2602 3519 2658 sequaces

1926 2691 2361 2749 consummaret;
2390 2691 2443 2737 et
2474 2682 2576 2737 hoc
2603 2690 2686 2736 est
2711 2680 2854 2750 quod
2879 2678 3169 2749 Apostolus
3201 2679 3277 2733 ait
3309 2696 3322 2732 :
3353 2677 3518 2732 Dece-

1924 2775 2037 2839 bat,
2064 2780 2174 2828 etc.
2209 2770 2464 2843 Singulos
2493 2785 2688 2840 passus
2728 2778 2876 2824 nota.
2900 2767 3124 2822 Decebal
3154 2767 3347 2821 multos
3378 2765 3519 2836 ﬁlios

1921 2867 1978 2921 in
2027 2865 2252 2937 gloriam
2309 2864 2570 2918 adducere
2613 2879 2755 2928 eum,
2802 2860 3010 2917 scilicet
3040 2859 3275 2925 Patrem,
3312 2867 3522 2928 propter

1922 2973 2095 3028 quem,
2127 2955 2334 3012 scilicet
2354 2954 2682 3010 laudandum
2712 2961 2767 3008 et
2785 2951 3220 3024 gloriﬁcandum,
3239 2949 3378 3018 facta
3400 2955 3521 3001 sunt

235 3059 618 3115 assentientem
646 3060 794 3130 juste
821 3037 1084 3119 obtinenti
1121 3037 1395 3122 hominem
1442 3069 1522 3124 sic
1549 3037 1819 3126 subditum
1850 3050 2150 3140 c‘omni“;
2198 3057 2253 3103 ει
2307 3047 2411 3103 hoc
2457 3045 2638 3101 dando
2668 3053 2999 3140 γενειοηῗηι-
3037 3040 3254 3140 εδιυίίξο
3314 3037 3522 3093 “mea

232 3148 490 3205 auferret.
527 3150 583 3206 Si
608 3152 771 3210 homo
798 3153 1025 3225 simplex
1051 3167 1217 3223 esset,
1246 3161 1516 3228 quomodo
1548 3164 1601 3215 in
1625 3171 1819 3217 natura

190 3284 193 3285 ν
238 3252 493 3311 corrupta
542 3245 841 3311 resisteret,
875 3247 968 3316 qui
1029 3246 1085 3301 in
1140 3248 1351 3304 meliori
1403 3259 1546 3305 statu
1591 3253 1817 3322 positus,

240 3338 349 3383 tam
379 3330 536 3386 facile
564 3335 886 3389 succubuit?
920 3335 1018 3392 Hic
1047 3338 1342 3393 notandum
1370 3350 1453 3394 est
1491 3342 1617 3411 quia
1646 3345 1818 3413 gratia

240 3419 329 3473 Dei
366 3420 473 3474 vim
523 3437 630 3478 non
662 3423 826 3479 infert
863 3424 1035 3481 libero
1063 3427 1307 3484 arbitrio.
1345 3430 1579 3496 Rursus,
1608 3432 1651 3486 si
1680 3434 1817 3489 hanc

235 3525 468 3581 pugnam
506 3516 726 3585 angelus
760 3517 1076 3588 insumeret,
1108 3538 1277 3593 quare
1306 3532 1587 3593 propterea
1637 3525 1824 3579 diabo-

249 3735 593 3752 ᾗ

1927 3142 2202 3198 Christum
2223 3181 2238 3207 ,
2263 3150 2319 3195 et
2348 3143 2493 3195 hunc
2537 3139 2717 3194 dando
2764 3136 3024 3207 passioni,
3056 3143 3113 3189 et
3162 3134 3244 3189 sic
3269 3144 3524 3187 consum-

1926 3235 2148 3290 mando.
2174 3234 2344 3300 Quem
2370 3233 2620 3287 ordinem
2651 3229 2695 3284 si
2719 3229 3007 3298 diligenter
3028 3224 3285 3290 attendis,
3313 3220 3525 3277 videbis

1928 3326 2204 3381 hominem
2265 3324 2518 3381 debuisse
2566 3321 2784 3386 salvari,
2814 3320 3028 3377 etiamsi
3081 3317 3260 3373 nullus
3300 3314 3526 3386 angelus

1927 3416 2231 3472 cecidisset.

2051 3724 3504 3764 ——_——_-——VW__—_—.—“(

1067 3905 1751 4023 SANC'I'I
1874 3907 2706 4022 ANSELMI

1299 4190 1871 4248 CANTUARIENSIS
1910 4189 2442 4246 ARCIIIEPISCOPI

404 4415 407 4418 ί
539 4416 1461 4568 OPERUM
1585 4386 2174 4573 PARS.
2316 4320 3188 4563 TERTIA
3321 4380 3327 4384 ’

906 4740 1724 4899 EPISTOLARUM
1840 4749 2163 4899 LIBRI
2276 4740 2841 4917 QUM‘UMl.

1513 5075 1672 5147 3n
1713 5089 2245 5171 MONITUM.

315 5267 546 5342 Sanctus
578 5268 867 5342 Anselmus
887 5270 1062 5342 egisse
1083 5285 1141 5328 se
1168 5270 1495 5327 monachum
1539 5281 1636 5339 per
1679 5282 1853 5323 annos
1884 5266 2103 5342 triginta
2133 5274 2245 5342 tres
2266 5258 2692 5342 curnﬁaldrico
2715 5258 2904 5342 priori
2946 5255 3200 5342 .B_ec_cen-si
3241 5256 3355 5339 ipse
3400 5254 3516 5342 jam

241 5339 648 5412 Cantuariensis
687 5326 1133 5412 archiepiscopus
1151 5326 1436 5408 scriberet,
1470 5326 1697 5412 ipsemet
1745 5326 1985 5412 testatur?
2003 5338 2055 5412 in
2087 5336 2313 5406 epistola
2353 5334 2386 5412 7_
2425 5334 2546 5412 libri
2578 5346 2683 5412 m,‘
2710 5326 2890 5412 tribus
2910 5326 3163 5412 videlicet
3192 5326 3357 5412 annis,
3390 5329 3517 5412 abs-

240 5426 359 5482 que
397 5408 736 5482 prailatione,
765 5397 1072 5481 quindecim
1100 5412 1154 5467 in
1186 5397 1451 5482 prioratu',
1481 5397 1819 5482 totidemwin
1842 5409 2077 5482 abbatia,
2110 5397 2141 5462 ὁ
2169 5423 2273 5482 qua
2320 5406 2388 5482 ad
2428 5402 2848 5482 Cantuarienses
2878 5397 3076 5482 infit-las
3108 5399 3378 5482 abductus
3407 5405 3510 5482 est.

241 5466 320 5535 Eo
351 5466 530 5555 itaque
561 5466 755 5555 ordine
780 5466 960 5555 ipsius
979 5466 1261 5555 epistolas
1282 5466 1527 5555 quatuor
1558 5481 1644 5535 his
1677 5478 1852 5555 _lib_ris
1886 5466 2111 5555 s_e_orsim
2151 5466 2442 5555 dispositas
2504 5475 2691 5555 habes.
2742 5466 3515 5555 Primoul‘ibroAcontincntttr

240 5566 376 5616 quas
403 5537 621 5618 scripsit
661 5537 895 5607 nondum
942 5537 1157 5619 abbas;
1185 5537 1444 5617 secnhdo,
1480 5566 1615 5620 quas
1660 5549 1808 5603 dedit
1867 5547 2064 5620 abbas;
2096 5537 2259 5620 tertio
2312 5554 2369 5601 et
2420 5553 2637 5620 quarto,
2668 5556 2803 5620 quas
2858 5537 3512 5620 misitarchiepiscopus.

240 5609 691 5694 Quartumﬁunc,
714 5637 875 5694 quem
902 5609 1222 5694 adjecim'us,
1246 5609 1442 5679 librum
1473 5609 1697 5690 implent
1727 5618 1970 5691 epistola:
1988 5633 2108 5688 quae
2144 5618 2406 5675 hactenus
2437 5609 2663 5671 "inedita:
2687 5609 2951 5677 ’fuerunt,
2988 5616 3042 5664 et
3071 5624 3205 5680 quas
3246 5624 3312 5664 ex
3341 5609 3515 5664 diver-

244 5693 320 5746 sis
341 5705 470 5748 mss.
496 5691 948 5763 deprompsimus.
