3898 6052
281 301 408 358 1061

1589 300 1712 354 LIB.
1745 299 1786 366 Ι,
1823 295 2035 351 EPIST.
2079 295 2117 349 1.

3397 299 3536 354 1069.

277 425 818 488 vestra,qn:ecunque
843 425 989 482 sunt,
1023 431 1141 470 csse
1165 430 1267 468 non
1299 423 1482 468 nostra
1517 425 1852 480 nequaquam
1882 415 1928 468 Α
1959 426 2058 479 stis
2089 423 2276 492 fugere
2303 442 2315 476 ε
2349 425 2534 496 ωίηηο
2577 425 2742 490 enim,
2775 425 2863 493 qui
2911 441 3006 480 v05
3037 441 3360 496 quocunque
3401 429 3540 482 emis

277 518 544 578 ptttamus.
569 509 826 576 Quamvis
851 523 1078 577 namque
1109 517 1186 562 tot
1211 521 1390 560 rerum
1421 503 1710 573 inopinata?
1735 516 1854 554 mu-

277 600 509 654 tationes
555 615 694 668 saepe
731 615 823 654 vos
856 600 983 653 mihi
1017 607 1278 654 conentur
1313 595 1650 659 subtrahere,
1679 592 1854 647 nulla-

277 699 436 746 tenus
491 701 670 745 tatnen
719 700 972 760 poterunt
1030 701 1089 744 ut
1133 705 1236 744 non
1286 689 1462 743 dicam
1519 688 1854 742 cohaerentes

277 783 485 838 animas
515 791 732 838 nostras
769 783 836 837 ab
867 783 1096 838 invicem
1138 781 1459 842 distrahere,
1491 787 1640 834 certe
1668 777 1852 832 adlue-

278 883 486 930 rentem
516 875 750 929 animam
787 891 960 930 meam
1003 889 1032 927 a
1061 871 1208 928 vobis
1243 871 1577 927 abstrahere.
1607 869 1853 936 Quapro-

277 973 417 1033 pter,
449 973 509 1020 ut
539 973 744 1020 taceam
774 967 917 1036 quod
954 980 1052 1021 vos
1096 963 1267 1030 scitis,
1295 973 1348 1018 et
1385 977 1484 1034 ego
1511 978 1617 1016 non
1646 961 1876 1024 dubito,-

277 1055 402 1125 quia
432 1072 592 1128 quem
622 1058 934 1114 interiorem
967 1057 1010 1113 si
1043 1073 1148 1113 non
1195 1055 1404 1128 geritis,
1435 1055 1654 1108 minime
1700 1064 1852 1124 pote-

1957 521 2322 586 prosequitur,
2349 523 2402 569 et
2435 513 2740 583 ubicunque
2779 523 2994 570 maneat
3040 515 3408 584 amplectitur,
3433 533 3540 570 non

1955 603 2170 674 penitus
2215 605 2408 659 valetis
2452 605 2721 658 deserere.
2775 603 3049 674 Scyphum
3094 607 3336 670 charum,
3378 621 3539 676 quem

1958 695 2192 750 chariori
2237 695 2544 750 cbarissimi
2599 695 2860 760 dedistis,
2917 694 3056 748 sicut
3107 693 3353 749 dominus
3407 695 3540 750 Iler-

1957 795 2148 842 nostus
2187 786 2316 840 mihi
2349 787 2550 850 retulit,
2595 785 2731 840 velle
2760 801 2856 840 vos
2895 785 3055 839 hilari
3107 785 3440 856 benignitate
3487 797 3541 844 et

1957 879 2128 933 amica
2181 878 2506 933 conﬁdentia
2553 877 2784 932 dixistis.
2831 877 3038 931 Donum
3089 877 3254 946 igitur
3299 886 3539 932 vestrum

1957 983 2296 1038 nequaquam
2345 968 2493 1022 vobis
2536 969 2722 1032 reddo,
2765 983 2833 1022 ne
2871 969 3140 1037 quomodo
3185 969 3364 1024 minus
3389 969 3542 1024 vobis

1965 1057 2162 1110 reddar
2189 1056 2482 1123 obnoxius;
2516 1058 2610 1112 sed
2647 1057 3004 1112 libentissime
3035 1057 3186 1112 vobis
3210 1055 3374 1124 dono,
3397 1057 3540 1128 quod

1477 1165 1762 1224 JOANNIS
1801 1167 2074 1222 PICARDI
2113 1167 2341 1224 NOTAE.

279 1295 428 1340 turos
457 1285 850 1356 porrigeretur;
883 1284 948 1338 ad
977 1287 1118 1356 quod
1151 1283 1536 1356 destruendum
1568 1282 1854 1356 pramomi-
1891 1287 1930 1343 Β
1962 1281 2355 1356 (ΙοΙριιιιιεηερμΙ
2411 1298 2474 1336 ex
2531 1283 2727 1356 fructu,
2753 1297 2912 1350 quem
2934 1281 3214 1356 ΔΕςίιιςεεςῑω
3255 1283 3312 1356 in
3371 1299 3538 1354 regno

276 1365 434 1410 natus
457 1352 699 1410 veritatis
719 1355 970 1410 defensor
989 1352 1269 1424 epistolam
1293 1355 1462 1408 edidit
1483 1355 1594 1424 sive
1609 1352 1846 1406 libellum

277 1425 509 1496 dilucido
535 1426 674 1496 style
699 1423 1033 1496 venustoque
1059 1425 1229 1478 sacris
1260 1423 1684 1496 auctoritatibus
1712 1438 1847 1496 pon-

276 1495 530 1548 derosum
551 1538 566 1562 ,
590 1493 602 1496 ’
621 1495 888 1548 rationum
949 1493 1350 1563 consequentiis
1409 1493 1852 1546 indissolubiliter

275 1574 638 1619 constantem.
697 1565 919 1634 Opimus
973 1565 1116 1619 enim
1162 1563 1513 1634 plenitudine
1572 1563 1851 1634 cltaritatis

277 1635 604 1690 resuscitare
627 1633 906 1704 satagebat
931 1649 1027 1704 per
1051 1633 1591 1704 ﬁdeirectitudinem
1633 1633 1686 1686 in
1743 1633 1851 1686 ha:-

277 1705 383 1758 resi
412 1715 674 1768 mortuos,
701 1703 1036 1772 cuilibet’per
1057 1703 1382 1771 baptismum
1409 1703 1558 1756 fratri
1589 1717 1685 1754 suo
1709 1717 1850 1756 vera:

277 1773 646 1844 intelligentim
683 1774 748 1844 de
777 1774 1102 1827 eucharistia
1128 1773 1516 1844 astructionem
1549 1773 1850 1844 relinquere

277 1841 652 1908 sufﬁcientem,
685 1843 1033 1904 luculentam,
1069 1858 1168 1896 nec
1193 1843 1464 1897 taediosam
1519 1841 1846 1912 prolixitate.

278 1913 561 1984 Sapientes
591 1914 932 1984 religiosique
979 1914 1222 1972 abbates,
1262 1929 1378 1984 nec
1419 1914 1849 1984 non_pontiﬁces

277 1981 1100 2052 metropolitanifettimuerunt
1158 1983 1474 2051 sapientiam
1533 1981 1846 2046 Lanfranci,

277 2061 438 2120 atque
471 2053 898 2122 religiositatem,
926 2063 982 2107 et
1005 2053 1308 2106 auctoritati
1340 2063 1499 2121 atque
1521 2053 1848 2120 correptioui

277 2123 479 2176 habere
508 2124 674 2188 gavisi
703 2135 846 2177 sunt.
881 2123 1058 2193 Ipsum
1084 2131 1297 2188 quantae
1327 2123 1574 2176 Ecclesia:
1602 2123 1848 2176 abbatem

275 2193 358 2248 vel
391 2194 695 2260 pontiﬁcem
735 2194 834 2246 sibi
874 2193 1174 2248 incredibili
1221 2194 1490 2246 desiderio
1527 2195 1798 2260 petierunt
1829 2195 1850 2246 ‘3

277 2262 574 2316 Christiani
604 2265 750 2318 orbis
800 2273 960 2332 caput
993 2262 1162 2316 Roma
1215 2263 1522 2316 sollicitavit
1572 2279 1692 2332 eum
1733 2264 1850 2330 epi-

278 2333 450 2394 stolis,
492 2341 708 2401 precatu
743 2331 976 2388 retinere
1023 2345 1216 2386 conata
1269 2343 1373 2396 est,
1429 2343 1482 2386 ct
1533 2334 1603 2386 vi.
1646 2331 1852 2401 Quippe

278 2413 644 2470 cognoverant
675 2419 796 2456 eum
827 2403 1212 2473 peritissimum
1255 2405 1478 2456 honesta
1519 2403 1770 2471 quaelibet
1799 2413 1853 2454 et

277 2487 462 2526 eorum
503 2474 772 2528 contraria
809 2487 1108 2536 secernere,
1147 2474 1610 2542 diligentissimum
1661 2473 1852 2540 cuique

277 2557 434 2611 suum
449 2543 684 2598 tribuere
697 2544 1075 2611 perpendiculo
1093 2543 1546 2602 rationabilitatis,
1563 2543 1850 2610 promptis-

277 2610 475 2666 simum
518 2610 962 2681 ardua'duraqne
1009 2613 1280 2680 suscipere
1325 2613 1636 2680 perpetique
1685 2627 1868 2670 causa.

277 2681 390 2734 veri
419 2681 570 2744 boui;
613 2681 860 2735 similiter
889 2683 1260 2736 cautissimum
1314 2683 1611 2748 gubernare
1637 2697 1850 2734 manum

275 2760 332 2804 et
357 2751 588 2818 linguam
619 2751 1049 2806 consideratione
1077 2761 1132 2804 et
1155 2753 1424 2806 comitate.
1479 2751 1852 2818 Cognoverant

279 2821 362 2891 (ut
389 2820 622 2891 breviter
646 2831 700 2873 et
727 2831 911 2890 aperte
961 2821 1167 2889 loquar)
1199 2823 1336 2875 hanc
1370 2821 1484 2888 ejus
1505 2821 1692 2884 vitam,
1735 2836 1854 2888 qua:

277 2890 472 2942 merito
501 2890 712 2943 dicatur
733 2892 976 2958 quaadam
1009 2891 1366 2944 directissima
1393 2906 1458 2942 ac
1484 2891 1746 2942 tutissima
1783 2891 1848 2941 ad

275 2959 532 3028 perennis
565 2959 684 3012 vitze
711 2969 922 3028 portum
951 2961 1054 3013 via.
1086 2959 1175 3012 Ille
1197 2975 1324 3014 vero
1356 2960 1516 3013 nimis
1547 2959 1709 3012 altum
1750 2959 1852 3012 sibi

277 3029 428 3082 (luxit
459 3045 692 3098 praeesse
742 3030 997 3084 fratribus
1029 3029 1144 3083 loco
1197 3031 1456 3092 secundo,
1489 3031 1727 3082 infimam
1759 3045 1853 3082 ex-

279 3099 602 3154 tremitatem
659 3100 820 3154 corde
860 3114 964 3154 non
1017 3101 1292 3153 deserens.
1353 3100 1632 3152 Abhatiam
1683 3100 1854 3152 Cade-

276 3185 535 3232 mensem,
560 3183 722 3239 quam
744 3181 964 3224 coactus
987 3179 1287 3238 acceperat,
1313 3170 1482 3224 libens
1505 3169 1848 3232 deseruisset,

277 3239 342 3292 ad
375 3241 730 3294 anachoretas
761 3241 842 3293 vel
881 3241 1064 3308 procul
1119 3249 1356 3294 remotos
1387 3241 1684 3292 ctenebitas
1724 3255 1852 3292 cun-

275 3308 506 3376 fugiens,
539 3309 638 3362 nisi
695 3307 891 3364 multa!
921 3311 1258 3364 obstitissent
1301 3307 1658 3372 diﬂicultatcs,
1718 3325 1852 3378 quas

275 3378 420 3448 nulla
445 3379 614 3447 potuit
659 3381 866 3434 ratione
924 3381 1148 3435 eluctari
1196 3390 1350 3434 extra
1387 3381 1578 3432 animae
1633 3395 1850 3448 gravem

275 3447 568 3503 lmsionem.
599 3447 720 3502 Fuit
758 3460 934 3504 autem
983 3451 1280 3504 consolatio
1313 3447 1718 3504 sanetedolenti
1755 3463 1852 3516 pro

275 3517 362 3570 illa
391 3519 702 3587 praelatiene
730 3520 1056 3574 laboriosum
1087 3535 1250 3584 onus;
1286 3537 1408 3572 nam
1435 3519 1720 3574 aediﬁcatio
1747 3519 1850 3573 loci

278 3597 388 3658 tum
419 3589 650 3658 pvimum
685 3592 1062 3658 consurgebat.
1105 3589 1356 3643 Scientiaa
1383 3601 1546 3658 atque
1593 3590 1848 3642 virtutem

273 3655 434 3728 hujus
456 3657 636 3728 Patris
663 3655 976 3712 memoriale
999 3660 1120 3713 istic
1167 3655 1476 3713 inserimus.
1511 3658 1852 3728 Quapropter

273 3727 464 3780 eadem
493 3727 810 3797 productius
855 3744 960 3782 non
992 3739 1316 3797 repetamus.
1357 3727 1706 3784 luvitatusiad
1734 3727 1851 3783 cul-

273 3811 396 3849 men
427 3796 899 3864 areltiprmsulattts
931 3796 1156 3852 Incestus
1187 3809 1334 3853 trans
1361 3815 1508 3852 mare
1533 3810 1848 3853 excusatum

273 3879 332 3919 se
363 3867 528 3932 vadit,
565 3881 787 3936 sperans
830 3868 1219 3936 jucumlitatem
1265 3869 1316 3920 in
1375 3871 1712 3934 reversione;
1753 3885 1849 3922 rex

273 3943 592 3990 tamencum
623 3939 816 4006 gaudio
843 3939 1044 4006 recepit
1072 3937 1369 4006 adjutorem
1391 3937 1707 3992 Christianae
1739 3939 1850 3992 cul-

277 4013 429 4069 turae,
453 4007 652 4060 devicit
685 4008 1036 4062 reluctantem
1065 4009 1483 4070 recusationem,
1509 4009 1850 4062 adducuntur

271 4075 427 4128 hilari
463 4075 758 4148 festivoqne
783 4079 934 4148 jussu
979 4079 1385 4133 Cantuariensis
1433 4079 1682 4134 Ecclesia:
1705 4080 1848 4146 prio-
1881 4079 1926 4137 D

273 4159 380 4208 res,
407 4155 463 4219 ei
490 4147 651 4219 multa
685 4147 832 4219 regni
861 4149 1135 4203 saecularis
1161 4159 1320 4218 atque
1371 4148 1646 4219 religionis
1677 4149 1850 4218 digni-

273 4222 376 4288 tas.
416 4217 698 4288 Praefatus
739 4217 918 4286 abbas
951 4235 1014 4272 ac
1067 4217 1416 4288 archipraasul
1469 4217 1846 4275 honestissima

269 4283 534 4341 electione
588 4283 1160 4354 inthrOnizatur,cum
1219 4283 1438 4342 honoris
1502 4291 1848 4343 adornamlus

269 4355 454 4428 pailio,
477 4369 630 4428 antea
659 4359 924 4428 spirituali
954 4369 1060 4412 tam
1093 4359 1430 4428 pallioquam
1454 4360 1697 4413 rationali
1719 4360 1846 4412 insi-

269 4425 472 4546 ﬁnitus.
495 4425 830 4482 Ordinationi
887 4425 1180 4484 interfuere
1207 4425 1360 4482 multi
1387 4431 1646 4496 praesules
1671 4439 1724 4482 et
1751 4432 1846 4484 ab-

307 4503 460 4546 ates:
499 4501 730 4546 maxima
770 4499 976 4546 eleriet
1005 4500 1182 4546 nonnli
1239 4499 1524 4546 multitudo
1563 4499 1846 4546 eelehratm

307 4503 463 4568 ales;
499 4501 730 4552 maxima
770 4499 898 4554 cleri
921 4509 976 4554 et
1005 4500 1182 4568 populi
1239 4499 1524 4554 multitudo
1563 4499 1846 4554 celebrata:

270 4579 324 4616 ιγ
349 4563 634 4638 __Kaleudas
659 4569 907 4638 Decemb.
947 4589 964 4620 ι
1006 4563 1296 4638 ἸΙιίρηείιυθ
1327 4580 1536 4624 veteres
1566 4571 1756 4624 tabula:
1779 4585 1844 4622 ex

269 4635 466 4714 quibus
497 4639 608 4692 haac
632 4629 920 4714 decerpere
951 4641 1126 4710 coegit
1153 4629 1846 4714 mecbaracter_obscurus

269 4703 626 4772 palliatusque
691 4703 994 4778 proximum
1043 4703 1366 4766 deunntians
1419 4710 1732 4773 interitum,
1790 4710 1844 4762 ni

269 4777 632 4856 typpgraphim
653 4777 926 4856 salutifera
955 4791 1330 4856 succurrerent
1359 4781 1772 4856 medicamenta.

341 4843 662 4901 Fuitautem
691 4850 1028 4904 Laufrancus
1079 4853 1130 4905 in
1169 4853 1612 4906 Cantuariensem
1652 4861 1846 4906 unctus

267 4915 578 4996 pontificem
609 4919 866 4996 a__Gisone
915 4920 1172 4996 Willetise
1201 4931 1275 4996 et
1301 4922 1551 4996 Walterq
1593 4921 1845 4996 H_erefor-

269 4985 418 5058 densi
447 4989 782 5054 praesulibus,
834 5007 976 5046 anno
1029 4993 1185 5058 1070,
1246 4993 1494 5048 decollati
1525 4993 1586 5046 D.
1618 4991 1846 5046 Joannis

266 5051 520 5122 Baptistae
553 5073 706 5113 sacra
735 5051 872 5116 luce.

335 5127 495 5180 Atne
521 5129 644 5196 quis
690 5133 1106 5200 exaggeratione
1141 5134 1406 5189 rhetorica
1463 5131 1710 5202 superius
1762 5132 1844 5202 di-

267 5203 612 5276 ctum'putet,
638 5203 780 5276 quod
809 5203 975 5256 Itonia
1006 5205 1248 5276 epistolis
1302 5201 1844 5276 Laufraneumsolli-

267 5269 468 5344 citavit,
499 5269 1119 5344 legat'Alexandrum'll,
1157 5289 1350 5344 papam
1383 5278 1446 5328 ad
1479 5274 1842 5328 Cuilhclmum

265 5331 512 5413 Nothutn
533 5331 714 5409 r'egem
739 5343 1034 5413 Anglorum
1057 5331 1134 5400 sic
1157 5331 1486 5400 sciilientettt
1517 5363 1529 5398 :
1571 5365 1586 5395 ε
1625 5345 1702 5396 Ad
1737 5345 1844 5396 vir-

266 5413 442 5488 iutum
469 5407 853 5488 “incrementa?
873 5417 1236 5488 percipienda,
1273 5414 1481 5488 fratris
1503 5416 1670 5488 nostri
1701 5415 1839 5488 Lan-

265 5475 438 5529 franci
463 5475 888 5556 Cantuariensis'
907 5475 1296 5556 archiepiscopi
1341 5487 1580 5548 Inttnilis,
1613 5485 1838 5554 gloriam

264 5557 498 5602 vestram
551 5550 831 5625 hortamur
892 5550 1262 5625 acquiescere.
1301 5556 1470 5623 Quem
1505 5550 1840 5609 utcharissio

265 5623 767 5699 ninniipembru_m,
790 5633 846 5678 et
871 5623 1034 5680 unum
1061 5643 1126 5680 ex
1153 5627 1340 5696 primis
1367 5625 1624 5699 [tentante
1655 5626 1840 5679 Eccle-

264 5689 356 5742 site
384 5689 510 5746 ﬁliis
546 5689 700 5747 lateri
753 5707 936 5751 nostro
985 5689 1196 5751 assidue
1246 5713 1350 5751 non
1382 5698 1690 5766 adjunctutn
1721 5711 1838 5750 esse

1961 1362 2138 1406 vestro
2177 1353 2380 1414 tribuit,
2433 1353 2854 1406 consolationem
2899 1353 3014 1420 ejus
3059 1353 3316 1406 absentia:
3369 1353 3536 1408 suini-

1955 1437 2093 1476 mus.
2135 1442 2152 1473 ι
2187 1422 2452 1474 llactcnus
2475 1423 2798 1477 Alexander.
2829 1421 3068 1476 Alterum
3095 1437 3306 1491 quoque
3326 1425 3532 1478 scilicet

1954 1491 2134 1561 plures
2161 1493 2429 1546 Ecclesias
2452 1509 2572 1546 cum
2606 1493 2910 1560 pontiﬁcem
2963 1494 3277 1562 expetiisse,
3329 1497 3530 1549 conﬁr-

1955 1571 2064 1616 mat
2105 1562 2232 1615 illud
2265 1564 2517 1616 Beccens.
2543 1563 2743 1617 Clu-on.
2787 1563 2838 1616 in
2899 1564 3012 1628 ejus
3069 1563 3208 1618 Vita.
3241 1583 3256 1614 ‹
3297 1565 3366 1618 Ea
3393 1575 3534 1620 tem-

1954 1641 2158 1701 pestate
2215 1635 2326 1702 (an.
2365 1633 2526 1702 1066)
2566 1633 2758 1686 civitas
2804 1633 3272 1702 liothomagcnsis
3319 1636 3532 1690 viduata

1955 1712 2037 1756 est
2064 1701 2252 1756 sancto
2274 1703 2632 1756 etvenerabili
2665 1701 3046 1768 archipraasule
3089 1701 3356 1757 Maurilio.
3385 1705 3534 1762 'l‘unc

1955 1771 2130 1826 clerus
2182 1773 2356 1826 omnis
2391 1781 2446 1826 et
2474 1773 2651 1840 populi
2707 1773 3018 1840 congregati
3061 1771 3534 1828 volcbantsubsti-

1956 1843 2210 1896 tuendum
2243 1843 2441 1911 eligere
2465 1841 2848 1894 Lanfrancum.
2889 1842 3082 1894 Verum
3117 1853 3226 1896 toto
3255 1847 3540 1898 conamine

1955 1912 2044 1966 ille
2066 1913 2169 1966 tale
2199 1927 2334 1966 onus
2363 1911 2566 1965 vitabat
2587 1911 2792 1982 subire,
2826 1911 3100 1982 humiliter
3123 1914 3292 1981 magis
3316 1913 3540 1982 cupiens

1955 1984 2182 2037 subesse
2211 1997 2656 2050 quaurpraeesse.
2720 1981 2870 2046 Quod
2907 1997 2996 2034 rex
3040 1983 3328 2034 advertens
3361 1981 3542 2050 prnvi-

1955 2053 2031 2106 dit
2057 2049 2351 2116 subrogare
2376 2049 2661 2118 JOannem,
2693 2067 2852 2120 quem
2889 2049 3321 2104 Abricatensium
3340 2049 3540 2107 consti-

1955 2131 2132 2176 tuerat
2155 2121 2487 2190 pontiﬁcem.
2529 2121 2634 2175 Sed
2683 2131 2740 2174 ut
2771 2122 2872 2174 hoc
2902 2123 3160 2174 canonice
3187 2123 3338 2175 ﬁeret
3367 2121 3534 2177 licen-

1957 2194 2084 2246 tiam
2117 2193 2328 2260 petendi
2351 2191 2522 2260 gratia
2551 2191 2772 2245 Romam
2799 2191 2994 2243 direin
3014 2193 3260 2246 eumdem
3289 2191 3536 2248 abbatem

1955 2262 2344 2332 Cadomenscm
2372 2261 2763 2332 Lanfrancnm;
2797 2261 2886 2332 qui
2915 2275 3082 2332 ouus_
3111 2263 3332 2328 hujusce
3388 2262 3536 2332 lega-

1957 2331 2118 2386 tionis
2145 2331 2423 2401 perferens
2459 2332 2622 2400 (sicut
2657 2331 2912 2384 Ecclesiis
2965 2330 3214 2400 cupiebat
3261 2347 3382 2384 esse
3405 2330 3538 2386 ceu-

1955 2401 2180 2472 sultum)
2211 2418 2240 2454 a
2263 2417 2400 2470 papa
2427 2401 2734 2472 Alexandro
2767 2403 3043 2472 impetrat,
3091 2415 3302 2472 sacrum
3327 2417 3540 2472 quaque

1955 2470 2174 2540 pallium
2203 2487 2326 2525 cum
2375 2472 2590 2526 licentia
2623 2470 2783 2538 hujus
2816 2471 3172 2539 promotionis
3203 2470 3536 2540 deportavit;

1955 2542 2098 2594 unde
2114 2551 2168 2594 et
2195 2541 2294 2610 ipsi
2325 2543 2418 2595 toti
2471 2541 2734 2594 Neustria:
2760 2542 3013 2610 gaudium
3053 2541 3174 2594 fuit.
3210 2561 3228 2592 ι
3271 2541 3542 2598 Fortassis

1956 2611 2308 2686 insimulabor
2323 2615 2389 2676 ἐξ
2409 2613 2720 2686 ὀρᾷολργὶας,
2739 2626 2838 2664 nec
2852 2611 2918 2664 ab
2937 2626 2992 2663 re
3008 2611 3148 2679 quod
3169 2613 3542 2686 exscripturus

1953 2681 2522 2750 hypomnematum'de
2551 2681 2852 2734 Lanl'ranco
2875 2695 2939 2733 ex
2989 2683 3253 2734 monacho
3287 2681 3540 2736 Becceusi

1955 2749 2262 2804 Cantuarize
2319 2751 2730 2818 archipraasnle,
2785 2767 2812 2803 a
2875 2751 3248 2805 monachismo
3289 2767 3392 2804 non
3431 2753 3535 2806 sim

1955 2835 2210 2884 exorsus;
2232 2830 2284 2873 at
2303 2820 2706 2874 tumultam'inm
2729 2821 3035 2888 quempiam
3059 2831 3180 2874 lexo
3203 2832 3539 2876 commenta-

1955 2889 2128 2962 ijnm;
2188 2891 2280 2962 scd
2329 2905 2426 2962 nec
2465 2893 2662 2962 serius,
2691 2891 2732 2944 si
2771 2893 2933 2944 serio.
2983 2889 3318 2962 Laufraucus
3379 2891 3540 2962 igitur

1955 2959 2150 3030 Ticini,
2181 2959 2340 3028 vulgo
2367 2961 2564 3030 Papia),
2595 2960 2894 3013 Insubrium
2920 2961 3102 3030 Voppidi
3130 2961 3178 3014 in
3211 2961 3383 3014 Gallia
3404 2959 3538 3018 Cis-

1957 3029 2158 3102 alpina,
2182 3031 2409 3102 geuitus
2433 3029 2516 3086 est
2553 3031 2862 3102 parentibus
2909 3029 3288 3084 Ticinensihus
3318 3047 3534 3102 quoque

1954 3099 2224 3172 indigenis
2246 3108 2300 3152 et
2325 3099 2674 3172 primoribus.
2709 3101 2925 3172 Etenim
2953 3110 3104 3172 pater
3138 3103 3222 3154 vir
3253 3099 3536 3172 eratjuris

1952 3170 2334 3240 peritissimus,
2397 3170 2763 3240 senatoriique
2814 3170 3044 3232 ordinis,
3094 3187 3253 3239 quem
3313 3170 3534 3240 quidem

1953 3253 2100 3294 mors
2125 3253 2267 3294 caeca
2299 3237 2604 3294 Lanfranco
2652 3237 2816 3293 etiam
2860 3237 3184 3293 adolescenti
3207 3237 3407 3308 eripuit
3439 3243 3540 3295 ini-

1953 3310 2129 3376 quius.
2163 3309 2212 3363 ls
2246 3319 2423 3363 autem
2480 3325 2602 3362 cum
2665 3310 2716 3362 iu
2777 3311 3040 3362 demortui
3105 3317 3342 3378 parentis
3393 3321 3538 3366 esset

1954 3380 2435 3450 succenturiandus
2485 3381 2702 3450 locum.
2735 3379 2912 3432 natale
2947 3380 3164 3450 reliquit
3192 3382 3364 3435 solum
3395 3421 3408 3444 ,
3429 3383 3536 3436 alio

1952 3449 2208 3517 abreptus
2231 3451 2420 3504 insano
2443 3449 2682 3504 discendi
2711 3465 2915 3502 amore.

2021 3521 2150 3574 Post
2178 3537 2314 3590 qum,
2357 3531 2592 3590 tempore
2618 3519 2830 3573 Henrici
2865 3520 2880 3571 Ι
2913 3520 3156 3574 Francius
3181 3522 3342 3590 regis.
3379 3521 3536 3590 hujus

1953 3605 2099 3644 nom.
2167 3599 2222 3644 et
2277 3590 2562 3644 Guilhelmi
2599 3607 2846 3660 cognoui.
2881 3590 3299 3658 Couquaastoris,
3337 3593 3538 3647 North-

1953 3676 2275 3714 maunornm
2309 3661 2482 3722 ducis,
2525 3661 2674 3714 venit
2707 3661 2970 3714 Abrincas
3013 3661 3388 3731 Lugdunensis
3447 3679 3536 3717 se-

1951 3731 2354 3802 cundas,7vulgo
2399 3731 3124 3802 Nerthmannizecivitatem,
3151 3733 3238 3802 ubi
3263 3733 3386 3800 quid
3417 3749 3538 3802 ges-

1951 3801 2104 3870 serit,
2169 3799 2400 3870 hincque
2457 3815 2672 3868 egresso
2727 3799 3224 3870 quidﬂcontigerit,
3276 3799 3532 3869 quoniam

1953 3869 2199 3924 Vincent.
2231 3869 2432 3922 Bellon.
2459 3871 2494 3920 l.
2525 3885 2646 3922 xxvi
2681 3885 2826 3938 spec.
2879 3869 3038 3936 llist.,
3070 3869 3116 3923 ὸ.
3151 3871 3238 3932 56,
3275 3887 3358 3926 me
3383 3883 3536 3926 ante.

1950 3941 2134 4002 vertit,
2157 3955 2262 3992 non
2291 3954 2510 4002 revoco,
2565 3949 2673 3990 tum
2729 3939 2984 4003 maxime,
3017 3955 3136 3992 cum
3161 3955 3452 4008 agnoscam
3479 3953 3536 3996 et

1951 4011 2200 4082 paucula,
2234 4010 2374 4078 quod
2393 4010 2560 4082 habet
2589 4009 2705 4082 ipse
2716 4010 3038 4082 deprompta
3070 4025 3133 4064 ex
3167 4011 3336 4082 gestis
3387 4011 3536 4082 ejus-

1954 4077 2074 4134 dem
2103 4077 2262 4132 latins
2287 4078 2584 4148 explanatis
2613 4081 2663 4131 in
2689 4079 2892 4132 Chron.
2921 4077 3075 4132 Becc.
3122 4077 3222 4132 ms.
3260 4077 3533 4134 Lanfran-

1954 4165 2048 4204 cus
2077 4151 2287 4204 tandem
2327 4149 2582 4218 periculo,
2605 4149 2748 4218 quod
2781 4149 2930 4202 Viue.
2957 4164 3106 4218 supr.
3135 4149 3323 4218 refert,
3345 4167 3532 4206 exem-

1952 4219 2524 4291 ptusvenitBuccum,
2581 4220 2760 4291 hujus
2795 4222 3052 4291 temporis
3100 4229 3156 4291 et
3195 4223 3369 4291 gentis
3419 4231 3534 4274 tum

1953 4289 2237 4358 ignobilius
2284 4289 2588 4362 emnobiuin
2641 4289 2799 4362 quale
2854 4303 2910 4362 a_
2941 4289 3236 4362 viatoribus
3298 4293 3534 4362 petierat

1951 4362 2280 4430 edoctusque
2307 4359 2677 4430 fuerat._Tunc
2711 4359 2848 4412 forte
2893 4358 2990 4428 (ait
3045 4358 3313 4414 Bcccens.‘
3338 4363 3532 4430 codex)

1950 4429 2116 4501 abbas
2148 4428 2473 4501 castruendo
2497 4428 2700 4483 fornaci
2743 4439 3040 4498 occupatus
3087 4431 3311 4498 ipsemet
3335 4428 3529 4501 Opera-

1949 4498 2106 4552 batur
2127 4500 2395 4554 manibus.
2429 4499 2492 4552 Et
2522 4501 2786 4552 accedens
2831 4503 2894 4550 ad
2925 4515 3045 4552 eum
3083 4501 3218 4553 dixit
3250 4518 3262 4552 :
3307 4498 3446 4555 Deus
3475 4511 3528 4554 te

1950 4569 2150 4632 salvet;
2189 4581 2242 4625 et
2269 4570 2452 4630 abbas,
2483 4571 2690 4624 Deuste
2719 4569 3021 4632 benediCat,
3052 4571 3243 4637 inquit.
3271 4571 3340 4624 Es
3373 4573 3530 4624 Lom-

1949 4640 2180 4695 hardus"
2203 4640 2397 4703 Atille,
2422 4643 2550 4692 Sum
2577 4657 2588 4691 :
2617 4639 2753 4706 Quid
2783 4639 2901 4692 vis?
2923 4639 3218 4695 Monachus
3240 4641 3352 4695 ﬁeri
3386 4643 3525 4696 voto.

1951 4708 2100 4763 Tunc
2127 4713 2292 4764 abbas
2323 4711 2576 4778 pnecepit
2603 4711 2818 4764 cuidam
2860 4711 3143 4772 monacho,
3172 4715 3386 4764 nomine
3421 4712 3524 4764 lto-

1949 4781 2118 4847 gerio,
2153 4792 2210 4852 ut
2241 4780 2312 4833 illi
2340 4785 2653 4852 ostenderet
2685 4781 2876 4852 librum
2909 4779 3102 4849 regulae
3128 4798 3140 4831 :
3167 4799 3269 4848 qua
3295 4781 3532 4852 perlecta

1949 4851 2228 4920 respondit
2249 4851 2426 4904 omnia
2479 4863 2538 4902 se
2587 4849 2936 4918 Deojuvante
2987 4849 3347 4920 servatum}.
3403 4851 3530 4905 Haec

1948 4919 2178 4976 audiens
2234 4921 2423 4982 abbas,
2451 4929 2504 4972 et
2531 4920 2706 4973 sciens
2733 4923 2854 4987 quis
2887 4931 3030 4974 esset
3058 4919 3140 4973 vel
3185 4922 3348 4984 unde,
3397 4935 3528 4974 cou-

1947 4993 2110 5044 cessit
2141 5007 2188 5045 et
2245 4989 2386 5060 quod
2426 4991 2638 5057 petebat
2677 4993 2934 5060 gaudens.
2977 4991 3045 5043 At
3077 4991 3183 5052 ille,
3229 4993 3280 5044 in
3333 4992 3530 5045 faciem

1944 5063 2256 5128 procideus,
2279 5063 2556 5114 osculatus
2601 5071 2683 5114 est
2723 5063 2882 5128 pedes
2910 5061 3042 5126 ejus.
3073 5060 3406 5116 Lanfrancus
3429 5061 3528 5114 hu-

1947 5131 2230 5186 militatem
2259 5129 2423 5184 animi
2473 5130 2846 5199 sermonisque
2906 5131 3220 5199 dignitatem
3249 5131 3301 5185 in
3333 5133 3530 5186 abbate

1944 5203 2233 5272 plurimmn
2263 5211 2548 5254 veneratus
2576 5209 2643 5272 et
2681 5217 2871 5254 amans
2935 5203 3232 5256 monachus
3265 5203 3334 5254 ibi
3365 5201 3524 5272 edici-

1947 5271 2063 5336 tur;
2098 5283 2216 5326 erat
2245 5273 2287 5325 is
2321 5286 2493 5324 annus
2531 5271 2764 5338 1042,ut
2787 5280 2937 5324 notat
2961 5272 3118 5339 epist.
3145 5273 3340 5325 Clu-on.
3363 5271 3524 5326 Becc.

1947 5341 2240 5411 Postquam
2295 5357 2422 5396 vero
2464 5342 2726 5396 euenllam
2759 5342 2949 5406 induit,
3005 5341 3294 5410 ludumque
3323 5343 3526 5396 littera-

1911 5457 1918 5464 .
1947 5415 2086 5468 rium
2119 5415 2240 5468 licet
2259 5421 2478 5482 gravate
2507 5411 2868 5482 aperuit,jam
2913 5412 3030 5480 ejus
3062 5427 3256 5466 nornen
3313 5429 3406 5481 per
3427 5427 3524 5465 ora

1948 5486 2228 5538 doctorum
2261 5481 2544 5537 celerrime
2579 5481 2806 5536 volitare
2833 5485 3016 5550 cwpit,
3055 5491 3112 5534 ut
3159 5484 3224 5534 ad
3259 5485 3416 5551 epist.
3461 5482 3528 5536 16

1948 5555 2108 5622 hujus
2135 5556 2226 5608 lib.
2251 5551 2570 5623 patefaciam
2625 5551 2946 5606 testimoniis
2977 5567 3336 5620 :equazvnragn
3385 5553 3524 5606 scri-

1947 5635 2382 5750 p‘giilin.attnun't
2447 5693 2614 5757 1065,
2655 5691 2996 5749 Guilbclmus
3049 5689 3255 5744 Nothus
3307 5689 3530 5746 Cadmei
