3872 6028
367 234 507 292 1065

909 231 963 288 S.
998 229 1309 305 ANSELMI.
1337 225 1685 283 CANTUAR.
1720 223 2040 281 ARCHIEP.
2091 220 2241 278 OPP.
2286 218 2467 277 PARS
2497 219 2582 275 Ill.
2616 248 2686 262 --
2715 219 3096 316 EPISTQLE.

3498 216 3652 278 1064

355 346 406 400 id
430 342 632 400 mundo
661 339 876 398 cbarius
914 341 1185 411 possideo.
1215 341 1420 410 Legam
1458 342 1796 398 dilectissimi
1825 342 1932 395 fra-
1958 348 2006 402 Δ
2035 349 2133 405 per
2171 349 2324 390 suam
2353 334 2718 404 przesentiam,
2751 334 2831 389 sic
2851 349 2970 388 eam
3004 334 3105 390 sibi
3135 334 3315 389 anima
3344 348 3469 390 mea
3500 337 3654 391 clm-

354 443 472 489 tres
497 432 690 497 nostri,
716 432 807 501 qui
836 431 1113 487 vobiscum
1159 439 1306 497 sunt,
1353 441 1476 501 post
1502 432 1711 488 litteras
1743 441 1937 487 vestra:

353 524 669 582 sublimitati
695 523 951 590 directas,
985 524 1127 583 hanc
1166 523 1540 580 brevissimam
1577 537 1631 582 et
1663 525 1933 583 sufﬁcien-

356 627 465 672 tem
488 618 588 672 sibi
615 617 835 671 missam
866 624 1107 670 nostram
1134 617 1422 686 epistolam
1453 636 1466 672 :
1492 619 1819 675 desiderium
1844 633 1936 674 ve-

354 707 452 762 stri
485 706 617 761 mihi
645 721 861 776 semper
888 706 1123 769 crescit;
1156 719 1212 764 et
1232 724 1406 774 amor,
1440 709 1593 781 cujus
1628 708 1756 765 olim
1800 710 1933 766 mibi

353 797 557 852 conscii
580 796 780 865 fuistis,
806 813 1083 868 nunquam
1125 799 1412 857 decrescit.

802 910 964 981 312
996 910 1335 968 EPISTOLA
1360 912 1457 967 ut.

743 1018 812 1056 ΑΙ)
857 1018 1070 1058 ΟΒΟΝΕΙ
1120 1018 1189 1058 ΕΪ
1234 1020 1534 1059 ιΑΝΖοΝΕιι.

487 1088 787 1145 Sanctior-is
821 1091 943 1144 vita:
977 1106 1277 1213 normambn
1309 1090 1555 1145 Lanzone
1579 1100 1791 1160 rogatus

992 1176 1203 1213 vra’scrt
1243 1172 1300 1213 tt.

991 1172 1300 1228 praescribit.

424 1248 684 1312 Dominis,
732 1248 944 1315 amicis,
989 1248 1247 1304 fratribus
1291 1250 1662 1317 charissimis,
1713 1250 1931 1305 Ouom‘

351 1346 407 1392 et
431 1337 691 1404 Lmzoxr,
723 1338 890 1393 frater
918 1338 1202 1394 Ausswus
1246 1339 1556 1408 Bcecensis,
1594 1343 1704 1396 vita
1736 1357 1932 1411 pecca-

352 1430 671 1496 tor,habitu
719 1431 1061 1498 monachus;
1106 1448 1203 1502 pro
1247 1434 1466 1489 aeternis
1507 1434 1820 1504 temporalia
1843 1434 1935 1490 de-

352 1521 585 1590 spicere,
617 1536 715 1591 pro
740 1521 1125 1592 temporalibus
1154 1531 1354 1577 aeterna
1382 1524 1681 1592 percipere.

421 1608 686 1676 Quoniam
710 1626 869 1665 verus
902 1627 1076 1677 amor,
1108 1612 1246 1666 sicut
1284 1612 1628 1666 laudabiliter
1666 1613 1930 1684 impendi-

2037 424 2215 481 ritatis
2270 424 2523 496 amplexu
2560 424 2668 480 alte
2698 425 2973 496 impressit
3013 425 3399 496 astringendo,
3426 436 3491 480 ut
3516 424 3652 494 eius

2036 518 2328 589 imaginem
2363 517 2417 571 in
2449 533 2507 573 se
2557 518 2903 588 perspicuam
2955 518 3289 588 exprimeret
3330 504 3646 589 diligendo.

2034 622 2132 679 per
2164 623 2327 678 quam
2376 622 2475 662 vos
2520 622 2734 676 semper
2786 616 3079 677 praesentes
3124 617 3272 663 tenet
3316 610 3493 663 etiam
3541 611 3649 663 ab.

2035 700 2279 756 sistendo
2318 717 2331 752 :
2370 698 2514 753 unde
2542 697 2671 753 licet
2694 713 2851 752 rarus
2890 699 2960 753 sit
3002 698 3279 768 aspectus,
3304 714 3412 754 non
3444 707 3644 752 tamen
3693 736 3696 743 .

2036 805 2212 854 rarus,
2245 789 2340 844 sed
2370 788 2660 843 continuus
2699 796 2783 844 est
2828 787 3077 844 affectus.
3110 784 3389 843 Hactenus
3414 789 3645 844 duobus

2034 889 2331 952 spontanea
2363 878 2646 934 Charilaus
2693 887 2777 932 est
2806 879 3011 949 digesta
3063 878 3342 944 salutatio,
3375 878 3645 947 deinceps

2035 973 2126 1027 uni
2151 970 2490 1043 persolvetur
2536 969 2714 1023 debita
2761 968 3068 1023 exhortatio
3099 984 3114 1034 ;
3145 969 3239 1023 uni
3280 966 3510 1039 quidem
3541 983 3644 1022 ve-

2034 1070 2230 1127 strum,
2260 1060 2384 1129 quia
2417 1059 2485 1114 ab
2512 1070 2621 1113 uno
2650 1066 2734 1112 est
2759 1058 3051 1127 postulata,
3076 1058 3373 1124 addicitur,
3399 1058 3500 1114 sed
3530 1056 3642 1112 dn—

2032 1151 2158 1220 pliei
2188 1152 2553 1206 emolumento
2576 1148 2780 1204 laboris
2806 1148 3050 1217 gaudebo
3068 1191 3082 1215 ,
3109 1148 3249 1216 si_ab
3278 1157 3520 1218 utroque
3544 1165 3645 1205 ve-

2035 1245 2113 1298 lut
2137 1243 2239 1298 sibi
2280 1243 2424 1298 dicta
2463 1241 2750 1311 accipitur.
2792 1240 3055 1310 Equidem
3110 1240 3355 1305 memini,
3410 1241 3643 1295 domine

2036 1335 2129 1400 mi,
2152 1343 2204 1388 et
2236 1333 2408 1387 amice
2430 1342 2484 1387 et
2505 1331 2711 1396 Lanzo,
2741 1340 2989 1386 sanctum
3034 1339 3183 1385 tuum
3226 1331 3369 1385 bene
3412 1331 3641 1386 vivendi

2036 1424 2303 1481 fervorem
2325 1463 2340 1489 ,
2371 1421 2556 1477 multis
2603 1416 2799 1476 meum
2832 1419 3084 1490 precibus
3130 1418 3443 1490 postulasse
3486 1429 3645 1490 tepo-

2037 1531 2173 1582 rem,
2205 1524 2474 1585 quatenus
2525 1515 2638 1569 suis
2686 1528 2810 1568 eum
2855 1511 3283 1568 commonitoriis
3326 1510 3532 1567 litteris
3565 1512 3640 1566 ad

2036 1605 2372 1676 spiritualem
2413 1606 2735 1660 accenderet
2778 1618 3045 1659 amorem.
3073 1602 3229 1669 Quod
3255 1603 3523 1673 quoniam
3552 1605 3635 1657 in—

352 1709 461 1764 tur,
495 1700 575 1755 sic
624 1701 1171 1772 irreprehensibiliter
1226 1703 1455 1758 amando
1504 1704 1767 1775 exigitur,
1809 1712 1939 1775 puto
1970 1696 2014 1752 B
2039 1700 2368 1754 conveniens
2392 1697 2796 1763 existimabam,
2830 1706 2888 1750 ut
2912 1695 3142 1767 frigidus
3167 1694 3407 1751 calidum
3434 1695 3639 1751 calefa—

351 1805 439 1844 me
478 1791 844 1859 impudentem
872 1808 978 1848 non
999 1807 1140 1860 esse,
1168 1794 1210 1848 si
1244 1809 1420 1850 meum
1448 1809 1575 1865 erga
1601 1811 1700 1851 .vos
1730 1796 1939 1866 aliqua-

354 1889 510 1936 tenus
536 1883 687 1937 vobis
707 1884 933 1939 ostendo
956 1895 1292 1952 amorem,ut
1315 1896 1551 1941 vestrum
1576 1888 1704 1945 mihi
1734 1888 1936 1959 possim

356 1977 451 2023 aut
473 1972 775 2040 acquirere,
804 1983 898 2027 aut
923 1975 1246 2044 acquisitum
1281 1976 1507 2031 reddere
1535 1974 1936 2044 perfectiorem.

352 2060 458 2117 Sed
490 2063 742 2131 quoniam
768 2074 990 2134 propter
1024 2066 1186 2121 nimis
1212 2065 1534 2134 disjunctam
1567 2069 1938 2123 conversatio-

349 2169 473 2208 nem
499 2155 658 2209 nullis
680 2166 772 2210 aut
792 2158 1090 2228 obsequiis,
1115 2169 1207 2212 aut
1235 2159 1427 2214 saltem
1455 2159 1736 2229 colloquiis
1759 2161 1937 2230 ipsum

349 2244 415 2298 de
438 2245 592 2300 bonis
634 2260 728 2300 cor
764 2261 939 2301 meum
973 2249 1197 2317 potestis
1239 2250 1537 2319 percipere,
1571 2250 1653 2304 vel
1684 2249 1937 2320 cpistola-

284 2398 285 2401 η
350 2337 426 2391 ris
448 2337 705 2393 salutatio
733 2339 803 2394 sit
833 2340 986 2394 vobis
1010 2341 1222 2411 signum
1268 2340 1574 2395 dilectionis
1601 2352 1795 2396 vestrm
1827 2356 1940 2395 me-

349 2429 581 2483 moriam
629 2429 681 2484 in
732 2444 820 2484 me
854 2430 1058 2501 vigere.
1100 2430 1234 2485 Cum
1280 2431 1424 2484 enim
1468 2431 1701 2500 primum
1759 2438 1939 2485 vestra

347 2519 646 2575 reverenda
692 2518 1007 2575 fraternitas
1038 2518 1291 2588 parvitati
1330 2533 1463 2574 mete
1503 2533 1561 2573 se
1595 2525 1779 2574 notam
1808 2518 1941 2574 fecit

2040 1804 2166 1845 cere
2190 1796 2445 1854 tentaret,
2478 1788 2663 1856 utique
2690 1787 2836 1842 volui
2860 1800 3139 1853 recusare,
3162 1786 3256 1840 sed
3290 1801 3484 1842 rursus
3505 1801 3641 1841 con-

2040 1880 2288 1936 siderans
2333 1881 2460 1950 quia
2510 1879 2706 1950 frigido
2747 1878 2873 1932 flatu
2925 1877 3141 1934 fervens
3190 1879 3330 1947 ignis
3371 1888 3635 1949 augetur,

2040 1986 2147 2026 non
2179 1971 2404 2026 omnino
2442 1970 2583 2040 quod
2612 1970 2836 2039 petebas
2874 1970 3030 2040 potui
3079 1983 3354 2025 recusare.
3385 1970 3639 2041 Quapro-

2039 2075 2161 2135 pter
2186 2080 2309 2121 cum
2346 2066 2470 2129 hoc,
2499 2065 2641 2134 quod
2667 2080 2698 2119 a
2739 2078 2827 2119 me
2858 2064 3058 2135 poscis,
3096 2062 3298 2133 ubique
3348 2064 3404 2117 in
3460 2064 3640 2118 sacris

2039 2156 2253 2226 paginis
2286 2155 2455 2210 multo
2502 2156 2696 2211 melius
2735 2155 2914 2226 possis
2946 2153 3213 2217 invenire,
3242 2161 3298 2208 et
3333 2161 3638 2207 mansuetae

2041 2248 2294 2319 gravitati
2347 2257 2454 2302 tua:
2500 2248 2685 2313 veliin,
2715 2247 2784 2302 ob
2812 2247 2895 2302 sui
2941 2244 3327 2311 reverentiam,
3370 2252 3638 2313 quantum

2042 2339 2095 2392 in
2134 2354 2222 2394 me
2248 2347 2351 2404 est,
2383 2338 2617 2394 libenter
2649 2338 2891 2405 obedire,
2934 2338 3015 2393 sic
3040 2338 3187 2392 inter
3224 2346 3520 2405 utrumque
3551 2335 3636 2388 in-

2044 2428 2253 2495 cedam,
2283 2437 2344 2483 ut
2377 2429 2608 2499 primum
2638 2428 2888 2484 studendi
2930 2428 2985 2483 in
3027 2442 3187 2483 sacra
3219 2425 3505 2496 Scriptura
3540 2425 3638 2480 tibi

2044 2534 2233 2574 curam
2285 2519 2593 2592 injungam;
2635 2521 2827 2579 deinde
2863 2523 2916 2576 in
2968 2534 3084 2576 mea
3135 2534 3364 2590 persona
3412 2535 3517 2574 non
3566 2535 3636 2573 cx

1623 2630 1853 2686 vanum
1886 2615 2288 2687 LECTiONES.

419 2721 443 2753 ⁸
462 2721 675 2796 ggllata
705 2723 1049 2796 cumduoltus
1072 2722 1601 2796 mss_._¢xempla_ribus
1619 2726 1681 2796 in
1708 2725 1887 2796 eodem
1916 2741 2015 2780 ms.
2047 2724 2182 2780 Vict.
2207 2742 2367 2796 supra
2388 2737 2602 2792 notato,
2638 2737 2686 2781 et
2725 2726 2922 2781 bonan.
2951 2714 3067 2781 cum
3096 2744 3192 2782 ms.
3241 2731 3368 2783 Vict.
3412 2728 3512 2781 Bd.
3546 2730 3633 2784 18.

348 2792 421 2847 al.
452 2790 570 2847 EE.
605 2795 691 2848 15.
765 2793 787 2825 ³
815 2793 977 2849 Sooni
1005 2810 1129 2849 mss.
1170 2793 1304 2847 Vict.
1340 2790 1386 2848 et
1429 2792 1557 2849 Lov.
1601 2794 1774 2850 0doni

1567 2883 1856 2942 JOANNIS
1906 2885 2183 2944 PICABDI
2211 2886 2444 2945 NOTAE.

348 2974 738 3035 monasterium
784 2975 1020 3047 condidit
1057 2976 1120 3047 _in
1173 2977 1490 3032 memoriam
1542 2977 1607 3032 D.
1662 2970 1927 3047 Stephani
1954 2986 1999 3043 (ζ
2032 2979 2178 3035 niam
2210 2979 2548 3037 Guilhelmus
2596 2978 3113 3045 Malmesburiensis,
3171 2977 3446 3034 Matthams
3483 2980 3636 3035 Par-

347 3047 779 3119 protomartyris,
816 3047 903 3102 cui
933 3045 1290 3119 Lanfrancum
1318 3048 1661 3112 renitentem,
1693 3045 1789 3104 sed
1814 3058 1930 3104 tan-

350 3117 472 3173 dem
518 3130 616 3171 sua
652 3117 1050 3188 procerumque
1079 3117 1571 3188 Northtnannorum
1602 3119 1929 3188 importuni-

351 3197 466 3243 tate
502 3197 864 3257 expugnatum
903 3187 1212 3256 praeposuit.
1252 3187 1466 3243 Conditi
1503 3187 1691 3242 autem
1712 3188 1936 3254 hujusce

348 3258 580 3328 emnobii
607 3271 800 3313 causas
828 3258 1084 3328 ettodabit
1113 3259 1318 3312 notatio
1340 3258 1409 3313 ad
1431 3259 1715 3328 epistolam
1745 3260 1811 3313 l5
1834 3260 1935 3314 hu-

346 3326 436 3396 jus
462 3326 609 3381 libri.
652 3328 763 3396 iVix
796 3326 1078 3382 efﬂuxerat
1107 3329 1419 3393 triennium,
1466 3326 1580 3383 'hoc
1618 3336 1702 3384 est
1761 3345 1935 3385 annus

353 3397 514 3467 1067,
543 3395 721 3467 latifer
742 3398 804 3449 D.
835 3397 1079 3467 Maurilio
1127 3398 1642 3467 Riothomageusium
1695 3399 1931 3467 praesuli,

352 3466 408 3520 in
478 3464 632 3533 cujus
691 3465 866 3521 locum
926 3465 1095 3521 sufﬁci
1158 3464 1519 3522 Lanfranéum
1584 3464 1934 3533 postulabant

350 3535 879 3607 Northmanni,_sed
928 3550 1022 3607 eos
1064 3546 1380 3607 constanter
1409 3535 1760 3607 .postulautes
1799 3552 1932 3592 con-

350 3605 512 3660 stanti
550 3603 792 3673 fatigavit
859 3602 1203 3676 refutatione.
1256 3602 1444 3661 Annus
1490 3609 1706 3661 tandem
1765 3608 1927 3676 1070,

353 3677 615 3746 honorem
660 3687 906 3744 onusque
934 3673 1068 3746 alias
1095 3676 1173 3746 ab
1203 3690 1268 3729 eo
1298 3677 1554 3746 rejectum
1605 3676 1788 3745 injecit
1834 3673 1933 3732 hu;

352 3743 542 3808 meris,
567 3742 693 3797 licet
735 3742 833 3812 pro
862 3758 1009 3797 more
1031 3745 1259 3800 firmiter
1306 3742 1678 3802 detrectantisl
1704 3748 1779 3802 Ea
1804 3762 1933 3803 vero

352 3816 421 3870 de
470 3829 635 3885 causa
686 3813 1020 3885 Guilhelmus
1061 3815 1356 3885 Anglorum
1412 3833 1504 3872 rex
1530 3816 1584 3870 in
1609 3815 1935 3873 Nortlnnan-

353 3885 498 3939 niam
546 3884 768 3938 miserat
805 3884 1006 3952 legatos
1032 3927 1047 3950 ,
1095 3884 1191 3939 sed
1224 3895 1280 3941 et
1307 3886 1733 3941 Hermenfrodus
1757 3887 1932 3942 Sedu-

354 3954 601 4008 neusium
640 3953 876 4027 pontifex
905 3955 1071 4027 redux
1093 3956 1375 4027 ex_Anglia
1415 3957 1491 4027 (in
1515 3973 1679 4025 quam
1711 3958 1933 4026 naviga-

346 4032 505 4077 verat
559 4038 680 4077 cum
710 4024 919 4077 duobus
958 4023 1016 4076 S.
1050 4027 1112 4078 lt.
1147 4025 1211 4078 E.
1234 4023 1601 4080 cardinalibus
1641 4027 1821 4080 missis
1846 4023 1932 4082 ‘ab

351 4093 663 4167 Alexandro
701 4108 837 4162 papa
866 4094 1312 4167 ut_Gttilltelntutn
1343 4095 1575 4149 Nothum
1604 4095 1815 4167 Anglici
1848 4111 1931 4150 re-

390 4162 1181 4234 nidiadeutateredimerent,
1214 4166 1265 4219 id
1315 4167 1459 4219 enim
1490 4162 1740 4234 petleral)
1792 4164 1934 4219 Lan-

381 4249 557 4304 rauco
580 4232 917 4304 denuntiavit
960 4234 1011 4286 in
1037 4234 1265 4289 concilio
1291 4232 1665 4304 episcoporum
1689 4244 1743 4290 et
1765 4236 1934 4290 abba—

352 4310 469 4375 tum
515 4301 921 4356 Nortbmauuize
971 4304 1284 4375 petitionem
1325 4301 1491 4375 regis,
1542 4306 1808 4375 simulque
1844 4322 1935 4360 vo-

352 4372 618 4445 luntatem
646 4387 820 4435 suam,
850 4373 1253 4445 etreliquorum
1284 4372 1429 4430 sedis
1455 4372 1765 4444 apostolica:
1789 4377 1936 4445 lega-

352 4441 635 4514 torumals
670 4456 794 4495 vero
819 4442 973 4512 petiit
1004 4441 1265 4500 inducias.
1313 4441 1662 4514 Perspectum
1704 4441 1936 4513 namque

351 4521 407 4590 et
438 4511 799 4590 indubitatum
824 4511 1070 4590 tenebat,
1102 4516 1263 4590 simul
1309 4517 1387 4570 ire
1411 4511 1516 4571 non
1548 4530 1726 4590 posse
1766 4511 1933 4585 nego-

354 4581 486 4634 tium
547 4580 963 4701 archipraesulis,
1017 4595 1073 4637 et
1116 4587 1287 4639 otium
1351 4580 1624 4641 monachi.
1677 4580 1937 4640 Precaiur

354 4650 538 4701 regina
556 4664 678 4701 cum
715 4650 1003 4701 ilio:iubet
1031 4654 1197 4701 abbas
1220 4654 1532 4701 Herlninns-
1568 4655 1930 4701 licetinvitne

351 4650 538 4730 regina
556 4664 678 4701 cum
698 4650 806 4730 lilio
824 4652 1003 4730 ,jubet
1030 4654 1197 4730 abbas
1218 4654 1535 4730 Herluinus.
1566 4655 1692 4730 licet
1712 4656 1932 4721 invitus,

351 4721 439 4774 cui
474 4728 728 4787 tanquam
750 4721 964 4773 Christo
992 4721 1213 4778 obedire
1255 4725 1443 4780 solitus
1467 4735 1611 4781 erat.
1639 4726 1935 4781 Hortamur

352 4788 612 4869 etiamad
645 4788 745 4842 hoc
769 4790 1032 4869 studiose
1057 4793 1266 4869 collecti
1285 4798 1583 4869 __majores.
1608 4796 1742 4851 Nam
1766 4797 1934 4869 _hanc

349 4867 633 4939 urgentem
654 4860 907 4941 'undique
929 4861 1239 4941 violentiam
1266 4860 1565 4941 dictaverat
1585 4936 1596 4941 Δ
1618 4866 1931 4941 man_datu_m

353 4932 538 4999 regis,
569 4932 811 5001 scicntis
873 4932 1282 4989 restimationem
1341 4936 1677 4992 dilectissimi
1729 4936 1930 5001 Patris,

356 4997 479 5079 enin
513 4998 580 5053 ad
610 4997 812 5079 altiora
848 5004 1191 5079 invitaretur.
1240 5004 1354 5061 Non
1392 5005 1582 5079 abnuit
1618 5006 1706 5079 ille
1736 4997 1930 5079 praei;

352 5069 450 5141 piti
474 5069 742 5124 sententia
794 5069 895 5141 (sic
920 5086 1080 5126 omne
1115 5074 1310 5129 factum
1347 5085 1401 5131 et
1422 5077 1625 5131 dictum
1650 5069 1934 5130 discretio-

352 5139 649 5212 itisnorma
683 5139 925 5211 regebat)
965 5144 1351 5212 obedientiam,
1379 5146 1654 5202 olfendere
1677 5156 1831 5200 cavet
1858 5147 1933 5200 si-

352 5209 463 5264 mul
500 5219 555 5265 et
582 5216 759 5264 tantos
787 5209 1344 5285 quiiogautJavent,
1368 5217 1672 5271 hortantur.
1709 5216 1959 5281 Maestus

352 5293 488 5359 ergo
519 5289 670 5359 trans
697 5295 846 5335 utare
868 5295 1182 5359 excusatum
1217 5301 1276 5340 se
1298 5288 1475 5359 vadit,
1496 5286 1933 5359 speransjueun-j

353 5348 580 5404 ditatem
609 5349 1023 5429 inreversione.
1076 5355 1343 5429 Cmteqtm
1374 5348 1566 5411 divina:
1587 5348 1929 5429 dispositioni

353 5434 461 5486 quo
490 5418 716 5498 consilio
747 5424 922 5476 resisti
969 5426 1166 5498 poterit
1187 5425 1354 5498 Hic}
1382 5442 1506 5498 eum
1535 5418 1747 5498 gaudio
1769 5436 1931 5498 atque

355 5489 681 5566 cumﬂdigna
720 5489 1020 5566 reverentia
1060 5496 1260 5566 recepit
1291 5489 1618 5552 Christiana:
1656 5489 1930 5565 religionis

357 5558 750 5637 coadjntorem,
804 5561 1000 5637 devicit
1034 5558 1634 5637 relucialiteiitjtnlclirc
1686 5558 1931 5636 pugnans

361 5624 662 5680 humilitate
684 5636 738 5681 et
768 5629 1068 5699 majestate.
1117 5636 1173 5690 In
1219 5624 1535 5706 pontificatu
1566 5624 1738 5706 gesta,
1758 5624 1930 5708 *ιιυο-

2036 3050 2189 3107 ltirus
2227 3052 2283 3105 in
2338 3049 2724 3120 Antiquitatib.
2783 3050 3086 3105 ecclesiast.
3133 3050 3370 3120 Britann.
3398 3057 3455 3102 et
3493 3063 3640 3119 post

2036 3136 2132 3176 eos
2154 3121 2450 3177 cardinalis
2480 3118 2816 3177 Baroniusin
2847 3120 3096 3175 Annalib.
3127 3118 3432 3173 minutatim
3464 3136 3639 3174 corn-

2036 3200 2313 3266 putarunt,
2347 3190 2569 3266 minimc
2598 3190 2831 3266 repjico?
2877 3190 3044 3266 Unum
3075 3198 3274 3266 tantum
3297 3189 3634 3266 et_altc_rnm

2037 3258 2484 3334 complicaturus,
2501 3258 2829 3334 deprompta
2884 3276 2970 3334 e_x_
2993 3261 3103 3330 ejus
3127 3261 3297 3334 gestis
3317 3299 3333 3323 ,
3362 3258 3435 3334 in_
3451 3259 3635 3315 Chro-

2038 3329 2174 3386 nic.’
2199 3332 2460 3387 Beccens.
2516 3329 2808 3396 enarratis,
2855 3330 2923 3383 ad
2960 3329 3103 3384 hunc
3127 3330 3371 3384 modum.
3400 3329 3630 3395 Quando

2035 3403 2304 3472 gloriosus
2327 3416 2418 3455 rex
2457 3400 2797 3472 Guilhelmus
2852 3403 3170 3455 morabatur
3199 3401 3267 3472 in_
3290 3399 3625 3472 Nortbman-

2037 3469 2147 3536 nia,
2176 3472 2511 3526 Lanl'raucns
2536 3480 2654 3525 erat
2683 3469 2935 3539 princeps
2955 3480 3010 3525 et
3034 3481 3217 3540 custos
3243 3470 3464 3540 Anglice,
3495 3474 3630 3526 sui»

2030 3541 2191 3610 jectis
2226 3542 2327 3596 sibi
2352 3541 2603 3595 omnibus
2653 3538 2989 3611 principibus
3027 3550 3083 3596 et
3130 3538 3444 3609 iuvantibus
3471 3542 3523 3594 in
3557 3542 3627 3596 iis

2036 3627 2157 3682 qua:
2178 3613 2261 3682 ad,
2294 3611 2663 3665 defensionem
2710 3620 2766 3665 et
2806 3611 3269 3682 dispositionem,
3304 3611 3396 3682 vel
3436 3626 3628 3678 pacem

2035 3680 2381 3753 pertinebant
2412 3682 2587 3749 regni,
2619 3680 2916 3753 secundum
2951 3682 3096 3751 leges
3138 3680 3625 3753 patrimaLectioni

2035 3751 2157 3806 erat
2184 3753 2437 3806 assiduus
2464 3760 2520 3806 et
2538 3759 2664 3806 ante
2693 3751 3086 3821 episcopatum,
3123 3760 3181 3805 et
3204 3752 3257 3804 in
3285 3751 3623 3821 episcopatu,

2035 3832 2295 3891 quantum
2324 3829 2554 3891 poterat.
2590 3821 2657 3875 Et
2675 3822 2803 3890 quia
2825 3820 3120 3891 Scriptura:
3141 3821 3470 3890 scriptorum
3496 3824 3627 3874 vitio

2035 3902 2193 3947 erant
2231 3892 2457 3945 nimium
2488 3901 2779 3960 corrupta),
2820 3906 3010 3945 oumes
3043 3900 3150 3944 tam
3203 3891 3420 3945 Veteris
3463 3906 3622 3959 quam

2034 3962 2169 4017 Novi
2198 3962 2530 4015 Testamenti
2562 3962 2752 4027 libros,
2782 3977 2883 4016 nec
2913 3977 3021 4016 non
3058 3963 3223 4016 etiam
3247 3962 3453 4029 scripta
3498 3975 3622 4014 san-

2033 4042 2244 4086 ctorum
2277 4031 2494 4085 Patrum
2520 4034 2815 4086 secundum
2840 4032 3203 4087 orthodoxam
3233 4030 3395 4085 fidem
3413 4032 3623 4086 studuit

2035 4104 2312 4170 corrigere
2338 4109 2394 4154 et
2423 4101 2584 4154 etiam
2638 4102 2804 4155 multa
2867 4103 2935 4157 de
2997 4103 3102 4164 his,
3164 4101 3363 4170 quibus
3420 4104 3625 4155 utimur

2036 4182 2197 4226 necte
2229 4187 2292 4225 ac
2321 4172 2406 4225 die
2428 4171 2479 4224 in
2512 4173 2735 4225 servitio
2766 4173 3040 4237 Ecclesiae,
3069 4172 3135 4226 ad
3180 4184 3416 4241 unguem
3442 4186 3627 4226 emen-

2037 4242 2205 4307 davit,
2231 4251 2285 4295 et
2314 4243 2415 4311 hoc
2440 4256 2543 4295 non
2578 4251 2782 4298 tantum
2803 4256 2898 4311 per
2917 4257 2996 4307 se,
3017 4244 3109 4297 sed
3138 4245 3303 4296 etiam
3333 4256 3434 4308 per
3463 4242 3626 4295 disci-

1962 4339 2012 4399 υ
2038 4310 2534 4399 remansisse.
2556 4314 2828 4399 Ωξιξιειιειιει
2874 4323 3085 4394 Poterat
3130 4320 3507 4399 ρφυικξτιξιξεῐη
3544 4328 3630 4395 τεο

2039 4384 2246 4437 tinebat
2283 4383 2335 4435 in
2366 4381 2573 4437 vilitate
2606 4382 2842 4447 habitus,
2866 4384 3255 4452 parciutuniam
3293 4390 3487 4436 tenens
3548 4385 3630 4436 in-

2039 4460 2122 4523 ter
2166 4452 2516 4507 multimodas
2549 4452 2799 4523 delicias;
2837 4453 3005 4507 multa
3058 4467 3273 4522 quoque
3330 4460 3389 4506 et
3429 4468 3628 4523 magna

2034 4522 2402 4577 offerebantur
2428 4522 2528 4576 sibi
2559 4522 2725 4587 dona,
2761 4538 2881 4591 quae
2905 4523 2992 4576 ille
3023 4523 3269 4577 hilariter
3304 4522 3629 4592 rogantibus

2035 4606 2113 4659 se,
2146 4592 2232 4663 vel
2263 4593 2628 4663 indigentibus
2659 4594 2957 4663 tribuebat.

2103 4662 2347 4717 Alterum
2399 4663 2541 4729 quod
2582 4662 2811 4729 promisi
2861 4665 3029 4718 hocce
3059 4672 3144 4717 est
3190 4677 3220 4715 a
3273 4662 3631 4732 biograpltaeo

2033 4731 2324 4787 Lanfranci
2354 4734 2422 4787 ad
2447 4747 2547 4786 nos
2573 4734 2950 4787 transmissum
3009 4735 3094 4787 bis
3123 4748 3348 4802 prorsus
3376 4731 3629 4788 ’verbis:

2032 4802 2089 4856 in
2118 4804 2350 4870 quadam
2374 4802 2669 4857 festivitate
2699 4803 2764 4856 de
2801 4802 2976 4858 tribus
3002 4803 3191 4872 Magis,
3219 4804 3271 4857 in
3302 4803 3504 4872 quibus
3528 4818 3633 4859 nx

2032 4883 2327 4927 coronatus
2375 4872 2585 4927 solebat
2643 4881 2829 4927 tenere
2884 4874 3117 4937 curiam,
3165 4874 3254 4928 die
3307 4874 3634 4929 festivitatis

2034 4943 2208 4996 sancti
2241 4942 2488 5007 Martini,
2539 4957 2662 4997 cum
2714 4958 2810 4997 rex
2870 4944 3173 4999 diademate
3210 4950 3266 4998 et
3289 4943 3638 5000 indumentis

2033 5012 2306 5081 regalibus
2335 5014 2549 5067 sederet
2579 5014 2645 5065 ad
2674 5027 2941 5079 mensam,
2972 5022 3029 5067 et
3075 5012 3414 5068 Lanfraucus
3456 5012 3629 5080 juxta

2032 5096 2177 5155 eum,
2216 5083 2435 5147 quidam
2485 5098 2673 5155 scurra
2700 5083 2904 5155 videns
2930 5098 3113 5155 regem
3142 5092 3369 5155 auro‘et
3389 5086 3635 5152 gemmis

2036 5152 2362 5224 radiantem,
2394 5152 2665 5224 exclamat
2696 5154 2755 5224 in
2778 5153 2901 5224 aula
2926 5152 3117 5224 magna
3171 5153 3504 5208 adulationis
3532 5169 3637 5209 vo-

2033 5237 2096 5276 ce
2126 5239 2139 5275 :
2173 5222 2312 5277 Ecce
2337 5223 2503 5277 Deum
2525 5222 2700 5286 video,
2739 5222 3079 5278 Lanfrancus
3098 5238 3400 5279 conversus
3444 5224 3500 5277 in
3541 5240 3636 5278 re-

2000 5328 2004 5332 -
2033 5307 2161 5364 gem,
2185 5293 2259 5346 ait
2291 5312 2305 5346 ς
2340 5293 2455 5347 Noli
2506 5293 2635 5364 talia
2685 5294 2888 5364 imponi
2917 5295 3053 5359 tibi;
3085 5309 3191 5350 non
3220 5295 3501 5364 sunthaec
3526 5294 3632 5350 bo-

2035 5362 2215 5427 minis,
2246 5364 2341 5417 sed
2382 5364 2496 5417 Dei.
2528 5361 2665 5418 lube
2690 5361 2816 5419 euin
2858 5364 3057 5419 acriter
3101 5363 3400 5426 verberari,
3433 5377 3505 5419 ne
3524 5380 3636 5418 uu-

2033 5446 2194 5504 quam
2220 5432 2355 5504 talia
2377 5434 2574 5504 audeat
2609 5435 2825 5504 iterare.
2874 5434 3025 5500 Quod
3056 5449 3152 5488 rex
3187 5432 3345 5504 juxta
3390 5436 3633 5489 verbum

2338 5502 2521 5627 jussit.
2546 5503 2675 5571 Quae
2704 5504 2771 5560 de
2791 5503 3098 5560 Lanfranco
3118 5501 3438 5576 supersunt,
3464 5518 3634 5577 appo-

2277 5589 2289 5626 l
2316 5590 2348 5629 i.
2433 5611 2446 5626 .
