3872 6028
417 274 554 334 1θ67

945 389 1271 456 EPISTULA
1308 390 1372 444 Ill
1387 391 1454 445 ν’.

823 518 891 559 ΔΙ)
930 516 1215 560 κοθεκτυυ
1257 516 1562 560 ΙΙΟΝΔϐιίυΗ.

442 593 579 669 Ejus
624 610 830 665 preces,
877 603 924 649 et
972 593 1240 676 Anastasii
1262 595 1636 676 'commonachi
1674 595 1960 649 amicitiam

1079 676 1314 735 requirit.

476 756 705 810 Domino
719 754 1068 811 dilectissimo
1108 756 1404 810 reverenda
1418 757 1679 811 monacho
1703 755 1985 823 Romano,

405 849 574 903 frater
599 852 885 903 Aussnuus
916 847 1229 913 Beccensis,
1265 847 1405 902 inter
1444 858 1631 903 sancte
1662 863 1990 904 conversan-

403 950 484 994 tes
507 950 715 995 tantum
745 940 1022 1003 minimus,
1049 939 1127 994 sic
1153 940 1207 994 in
1248 940 1631 1010 temporalibus
1662 941 1799 996 velle
1825 952 1985 998 teter-

401 1032 649 1096 nitatem,
675 1031 806 1085 utin
844 1032 1065 1085 aeternis
1092 1030 1227 1087 nolit
1255 1031 1733 1100 temporalitatem.

467 1124 602 1181 Cum
637 1124 943 1189 considero,
965 1134 1187 1181 strenue
1213 1125 1371 1182 miles
1406 1125 1523 1194 Dei,
1547 1136 1601 1181 et
1625 1128 1756 1183 mihi
1777 1129 1986 1185 charis-

399 1216 562 1281 sime,
580 1229 704 1269 cum
737 1214 1021 1270 considero
1051 1223 1156 1269 tua:
1181 1224 1470 1285 provectus
1497 1217 1838 1273 strenuitatis
1868 1218 1911 1250 “
1931 1230 1986 1275 et

395 1323 529 1363 mete
554 1307 896 1363 sterilitatem
923 1308 1154 1374 inertiae,
1169 1310 1254 1363 vix
1272 1323 1563 1382 suggerere
1583 1313 1854 1366 sanctitati
1882 1324 1984 1368 tuae

394 1415 661 1470 presumo
691 1409 890 1457 mutuae
937 1388 1501 1458 nostrae’mentionem
1538 1405 1811 1460 amicitiae.
1844 1407 1980 1473 Quia

391 1492 537 1547 enim
567 1493 620 1547 in
667 1494 876 1550 cunctis
929 1493 1124 1565 tepidae
1167 1495 1289 1550 vita:
1326 1509 1461 1550 meae
1502 1497 1807 1552 actionibus
1849 1499 1982 1553 nihil

390 1594 475 1640 est
500 1584 645 1654 quod
678 1585 954 1642 beneﬁciis
978 1595 1082 1641 tuze
1107 1586 1413 1643 dilectionis
1432 1588 1975 1658 possitcompensari,

390 1680 551 1751 313
581 1680 843 1735 erubesco
872 1679 955 1735 vel
1001 1696 1031 1735 a
1062 1687 1117 1736 te
1145 1678 1385 1734 debitum
1414 1681 1573 1734 amici
1617 1682 1867 1752 exigere,
1894 1682 1977 1737 vel

952 276 1009 331 S.
1052 275 1352 331 ANSELMI
1391 274 1738 331 CANTUAR.
1775 274 1967 329 ARCIII

2078 318 2092 331 .
2134 272 2279 329 OPP.
2325 274 2502 331 PARS
2542 274 2621 332 ΙΙΙ,
2662 307 2734 318 --
2767 277 3145 336 EPISTOLAE.

2092 591 2200 647 quo
2227 578 2387 632 vitam
2414 576 2530 647 ejus
2553 577 2760 642 audivi,
2789 577 2961 632 habeo
2980 589 3037 632 et
3061 578 3383 648 amplector,
3412 592 3701 648 quantum

2090 680 2329 735 possum;
2345 675 2400 720 et
2420 681 2519 720 oro
2532 674 2722 721 oretet
2740 667 2856 734 ipse
2871 682 3106 731 mecum,
3124 678 3182 720 ut
3203 676 3354 723 tanto
3380 670 3550 725 nobis
3574 687 3699 726 crc-

2090 767 2529 828 scaut,quautum
2545 759 2597 812 in
2616 759 2724 813 Deo
2741 772 2990 813 crescere
3002 769 3245 828 possunt.
3257 762 3460 825 Ambo,
3475 763 3695 817 charis-

2089 848 2236 912 simi,
2260 848 2450 903 valete.
2477 848 2737 914 Obsecro,
2786 850 2838 903 in
2873 849 3163 921 Babylonia
3195 852 3393 907 sentite
3420 854 3688 921 idipsum,

2089 950 2147 996 ut
2170 944 2222 995 in
2249 940 2579 996 Hierusalem
2599 942 2935 1012 participctis
2955 944 3008 996 iu
3035 944 3287 1013 idipsum.
3304 944 3421 999 Non
3439 947 3545 1000 hoc
3561 949 3689 1001 dim

2087 1034 2240 1103 quasi
2273 1037 2469 1089 timens
2498 1033 2653 1089 vobis
2675 1033 2964 1103 aliquando
2984 1037 3310 1090 discordiam
3340 1038 3557 1102 venire,
3588 1041 3685 1091 sed

2087 1142 2215 1182 vere
2251 1129 2473 1198 cupiens
2513 1142 2543 1181 a
2587 1128 2737 1183 vobis
2770 1143 3043 1196 nunquam
3096 1131 3446 1184 concordiam
3500 1133 3682 1186 abire.

2651 1236 2981 1293 EPISTOLA
3023 1237 3110 1291 ιν.

2577 1343 2654 1383 ΑΙ)
2693 1343 3168 1384 ϐοαυυιιιιευιι.

2082 1418 2198 1472 Etsi
2228 1417 2608 1488 infrequentius
2650 1417 2864 1491 scribat,
2915 1434 3017 1472 non
3057 1429 3229 1491 tamen
3269 1418 3511 1473 oblivisci
3536 1422 3672 1491 ejus,

2293 1491 2363 1543 ad
2389 1505 2540 1559 quem
2579 1497 2709 1542 esset
2739 1488 3065 1558 frequentius
3093 1490 3451 1542 scribendum.

2153 1581 2359 1637 Domuo
2388 1580 2703 1647 reverendo,
2750 1578 2912 1635 fratri
2954 1581 3296 1645 charissima,
3330 1582 3519 1637 unico
3554 1597 3669 1637 cer.

2083 1675 2317 1740 tissimo,
2344 1674 2544 1730 domno
2573 1672 2886 1741 Gonnuu‘o,
2915 1673 3086 1730 frater
3103 1676 3387 1730 ANSELIIUS
3409 1675 3662 1732 salutem.

389 1769 583 1824 saltem
614 1771 848 1824 amicum
880 1779 1029 1824 tuum
1062 1770 1350 1825 nominari.
1391 1768 1497 1825 Sed
1529 1786 1739 1837 rursus,
1778 1787 1900 1827 cum
1924 1774 1976 1828 in
2011 1768 2053 1824 Β
2149 1766 2284 1823 Cum
2340 1768 2432 1822 tibi
2477 1783 2718 1838 propono
2770 1767 3031 1831 scribere,
3077 1767 3259 1821 anima
3305 1768 3666 1823 dilectissima

391 1859 623 1914 reditum
653 1860 841 1930 patria:
862 1874 1111 1929 superna:
1132 1859 1266 1915 alios
1291 1859 1448 1915 facile
1469 1875 1713 1924 currere.
1741 1877 1826 1916 me
1845 1877 1976 1918 vero

385 1950 626 2019 peccatis
660 1958 715 2004 et
741 1959 926 2019 tepore
954 1959 1235 2021 gravatum
1266 1951 1309 1984 "
1337 1951 1389 2006 iu
1421 1953 1607 2008 eadem
1632 1953 1715 2005 via
1745 1954 1832 2006 vix
1864 1967 1979 2007 mo-

385 2042 502 2109 veri
547 2043 792 2108 intueor,
843 2057 1035 2111 magna
1083 2043 1409 2099 necessitate
1452 2053 1699 2113 cogente,
1733 2045 1798 2098 ad
1838 2059 1977 2113 pric-

385 2144 673 2188 currentcs
700 2148 785 2189 me
822 2148 887 2187 ex
936 2135 1129 2189 intimo
1174 2136 1337 2191 corde
1371 2136 1610 2191 clamare
1648 2135 1972 2205 compellor;

384 2242 491 2279 non
525 2234 584 2280 ut
612 2224 873 2281 velocitas
902 2240 1089 2280 eorum
1119 2228 1425 2296 przestolata
1458 2228 1683 2294 lentum,
1719 2231 1975 2285 reddatur

384 2317 622 2383 tardior;
669 2316 764 2373 sed
804 2327 861 2372 ut
907 2319 1136 2373 tarditas
1182 2335 1299 2375 mea
1332 2335 1362 2374 a
1409 2321 1752 2377 currentibus
1796 2333 1970 2393 rapta,

383 2407 480 2463 ﬁat
520 2408 778 2464 velocior.
811 2407 1152 2480 Quapropter
1190 2426 1312 2467 cum
1355 2413 1630 2468 orationes
1661 2428 1799 2468 mete
1839 2414 1973 2471 tales

381 2498 512 2564 sint,
551 2507 611 2552 ut
637 2498 717 2553 vel
753 2499 882 2552 nihil
911 2498 993 2553 vel
1021 2515 1208 2570 parum
1251 2502 1461 2571 prosint
1492 2502 1646 2568 mihi,
1683 2517 1821 2573 quas
1853 2515 1972 2562 tuas

384 2604 507 2644 esse
527 2590 782 2659 proposui
813 2588 1011 2645 olTerre
1039 2606 1143 2643 non
1175 2606 1443 2659 praesumo
1470 2592 1595 2658 tibi;
1628 2595 1721 2648 sed
1755 2609 1967 2664 precor,

381 2667 683 2735 nt'fervore
708 2689 921 2734 tuarum
955 2682 1346 2747 accendantur,
1378 2693 1648 2752 quatenus
1675 2684 1970 2743 ellicaciter

378 2769 510 2825 mihi
539 2770 750 2839 prosint
774 2770 821 2801 “
842 2780 897 2826 et
931 2771 1047 2826 tibi.
1081 2770 1173 2826 Sic
1195 2773 1340 2828 enim
1363 2789 1550 2829 coram
1593 2774 1704 2832 Deo
1735 2777 1848 2833 vult
1872 2795 1968 2835 cor

378 2875 583 2927 meum,
606 2870 659 2915 et
687 2862 767 2917 sic
798 2862 864 2916 ad
910 2862 1077 2917 Deum
1111 2874 1234 2918 orat
1263 2880 1326 2920 os
1353 2881 1530 2921 meum
1561 2885 1575 2922 :
1618 2878 1678 2925 ut
1702 2872 1966 2944 quidquid

378 2956 423 2989 ⁸⁸
453 2956 716 3026 prodesse
742 2957 904 3013 debet
935 2959 1091 3026 mihi,
1130 2975 1234 3015 non
1268 2962 1444 3018 minus
1475 2966 1643 3034 prosit
1676 2967 1770 3023 tibi
1801 2984 1962 3039 quam

377 3047 531 3102 mihi.
562 3047 675 3119 Age
720 3063 876 3120 ergo,
906 3050 993 3104 vir
1030 3052 1415 3108 venerabiliter
1444 3056 1693 3113 amabilis
1725 3070 1778 3114 et
1815 3075 1965 3115 ama-

2079 1859 2273 1913 animm
2320 1874 2486 1926 meae,
2527 1876 2650 1915 cum
2689 1861 2785 1916 tibi
2832 1874 3073 1930 propono
3110 1860 3387 1923 scribere,
3424 1861 3669 1916 incertus

2077 1965 2196 2004 sum
2228 1950 2371 2004 unde
2398 1951 2738 2021 potissimum
2769 1952 3031 2007 exordiar
3051 1950 3433 2005 allocutionem
3460 1967 3663 2007 meam.

2076 2042 2347 2112 Quidquid
2371 2044 2516 2098 enim
2563 2046 2631 2099 de
2662 2053 2714 2098 te
2738 2044 2938 2108 sentio,
2978 2043 3135 2098 dulce
3163 2053 3219 2098 et
3248 2044 3555 2113 jucundum
3583 2054 3667 2098 est

2075 2133 2220 2188 cordi
2253 2149 2371 2188 meo
2397 2150 2412 2187 :
2441 2134 2701 2204 quidquid
2734 2133 2828 2188 tibi
2852 2144 3000 2203 Opto,
3034 2134 3086 2187 id
3113 2136 3364 2204 estquod
3394 2136 3663 2204 optimum

2074 2227 2346 2296 excogitat
2385 2242 2538 2281 mens
2565 2244 2706 2281 mea.
2740 2227 2923 2281 Talem
2960 2227 3105 2282 enim
3141 2239 3194 2280 te
3231 2229 3376 2293 vidi,
3422 2240 3485 2283 ut
3526 2244 3665 2298 quo-

2075 2318 2233 2372 modo
2287 2328 2340 2372 tu
2371 2319 2479 2374 scis
2509 2329 2560 2373 te
2589 2320 2887 2389 diligerem;
2923 2319 3085 2373 talem
3136 2327 3187 2373 te
3220 2322 3411 2387 audio,
3440 2332 3499 2375 ut
3527 2337 3662 2392 quo-

2072 2410 2232 2463 modo
2260 2410 2362 2464 scit
2410 2411 2550 2465 Deus
2576 2422 2629 2465 te
2653 2411 2953 2465 desiderem
2971 2428 2984 2463 :
3002 2410 3147 2465 unde
3175 2409 3235 2463 tit
3259 2422 3316 2464 ut
3335 2427 3660 2483 quocunque

2076 2507 2131 2553 tu
2163 2502 2347 2568 vadas,
2376 2516 2531 2555 amor
2559 2516 2711 2557 meus
2742 2510 2793 2555 te
2823 2511 3215 2571 prosequatur;
3254 2514 3307 2558 et
3349 2505 3660 2574 ubicunque

2070 2603 2171 2656 ego
2203 2605 2532 2655 remaneam,
2565 2590 2892 2645 desiderium
2928 2607 3106 2645 meum
3149 2601 3203 2646 te
3244 2593 3659 2662 complectatur.

2069 2679 2137 2732 Et
2163 2693 2285 2732 cum
2318 2679 2522 2747 rogitas
2553 2694 2639 2732 me
2687 2678 2791 2733 luis
2829 2680 3066 2743 nuntiis,
3122 2680 3361 2736 hortaris
3416 2698 3503 2737 me
3550 2685 3662 2738 tuis

2068 2771 2297 2835 litteris,
2341 2769 2523 2839 pulsas
2554 2786 2640 2825 me
2683 2771 2789 2825 tuis
2828 2771 3020 2835 donis,
3051 2780 3111 2825 ut
3153 2788 3364 2827 utemur
3393 2774 3497 2827 sim
3542 2775 3654 2829 tui:

2067 2858 2345 2912 Adhaereat
2383 2858 2567 2927 lingua
2607 2875 2723 2913 mea
2779 2859 3023 2928 faucibus
3067 2861 3195 2914 sucis
3245 2862 3292 2915 si
3334 2879 3438 2915 non
3477 2864 3662 2917 menti-

2068 2964 2192 3004 nero
2217 2949 2293 3002 lui
2321 2945 2495 3020 (Psal.
2525 2963 2741 3012 cxxxv't,
2771 2948 2826 3014 6)
2852 2967 2867 3003 :
2904 2949 2952 3004 si
2985 2966 3091 3005 non
3119 2952 3367 3021 pr0posni
3402 2950 3661 3005 Goudul-

2066 3038 2177 3094 l'um
2206 3040 2257 3093 iu
2291 3040 2581 3110 praecipuis
2607 3041 2865 3096 amicitia:
2893 3057 3045 3096 meae.
3082 3043 3195 3097 Non
3223 3044 3309 3096 hic
3337 3044 3459 3097 dico
3491 3041 3661 3098 Gott-

374 3135 557 3192 biliter
576 3139 969 3205 venerabilior;
1002 3150 1186 3197 certus
1225 3152 1371 3209 esto,
1397 3145 1525 3200 dum
1556 3148 1681 3202 vivo
1702 3188 1718 3214 ,
1762 3150 1834 3206 de
1863 3152 1964 3206 hac

2071 3129 2274 3182 dull‘utn
2308 3130 2507 3186 laicum
2529 3145 2707 3187 meum
2739 3133 3074 3201 patrem,sed
3100 3132 3424 3187 Gondulfum
3455 3150 3658 3189 monta-

372 3240 560 3284 nostra
597 3230 979 3296 voluntate,et
1003 3233 1269 3290 sollicitus
1294 3245 1412 3291 esto
1449 3238 1519 3292 de
1550 3239 1878 3309 perficienda
1905 3243 1959 3295 in

371 3335 481 3384 me,
511 3337 630 3390 quae
659 3330 750 3377 tua
795 3325 926 3389 erit,
963 3325 1253 3382 charitste.
1303 3327 1361 3383 Si
1400 3330 1546 3384 enim
1585 3333 1829 3388 oraveris
1862 3349 1961 3404 pro

370 3416 642 3480 proximo,
672 3415 790 3471 scio
818 3430 1005 3470 verum
1045 3432 1166 3473 esse
1203 3421 1347 3489 quod
1382 3420 1477 3477 tibi
1520 3424 1875 3491 retribuetur;
1905 3437 1961 3482 et

370 3504 414 3557 si
445 3504 841 3574 impetraveris,
872 3507 1011 3561 scito
1034 3515 1182 3562 tuum
1211 3526 1332 3565 esse
1367 3513 1628 3584 quidquid
1674 3517 1806 3571 mihi
1856 3519 1957 3573 tri-

372 3593 589 3647 liuetur.
638 3594 793 3661 Quod
824 3605 882 3649 ut
912 3596 1185 3654 efﬁcacius
1214 3600 1416 3659 efﬁcias
1435 3644 1449 3667 ,
1488 3620 1700 3674 precor,
1732 3609 1959 3666 obsecro

371 3691 430 3736 ut
465 3682 537 3737 illi
583 3695 772 3741 sancto
812 3687 932 3743 viro
959 3689 1283 3757 Anastasio;
1306 3693 1461 3762 cuius
1494 3696 1835 3754 desiderabili
1869 3716 1959 3757 so-

368 3774 567 3830 cietate
589 3774 806 3840 frueris,
831 3793 916 3833 me
937 3782 1364 3839 commendando
1388 3793 1650 3855 quantum
1678 3789 1954 3846 absentem

368 3874 549 3934 potes,
594 3877 782 3922 notum
810 3870 855 3902 “
899 3869 1085 3934 facias,
1133 3880 1192 3928 ut
1232 3882 1289 3929 et
1340 3874 1489 3931 illum
1531 3878 1763 3933 amicum
1805 3889 1954 3936 tuum

367 3970 580 4012 mecum
610 3960 999 4025 communices,
1033 3970 1088 4019 ct
1118 3977 1203 4018 me
1248 3979 1464 4020 servum
1511 3975 1659 4021 tuum
1703 3984 1826 4023 eum
1867 3971 1955 4027 illo

364 4049 676 4119 participes.
702 4050 983 4117 Quatenus
1006 4068 1074 4107 ex
1103 4055 1204 4110 hac
1234 4056 1322 4111 die
1357 4057 1484 4112 dum
1516 4059 1750 4115 vivimus
1778 4075 1878 4131 per
1903 4071 1957 4118 te

364 4147 421 4191 et
463 4147 662 4203 tecum,
712 4150 760 4194 et
809 4156 907 4213 ego
954 4143 1104 4197 illum
1153 4159 1380 4201 venerer
1436 4150 1668 4203 amicum
1723 4150 1955 4206 alterum

368 4226 703 4291 ltobcrtum;
732 4242 785 4285 et
811 4232 898 4286 ille
930 4234 1201 4302 possideat
1235 4251 1450 4290 servum
1484 4240 1734 4295 euuulem
1763 4241 1955 4297 Ausel-

363 4336 533 4374 nium.
559 4320 693 4388 Quia
718 4323 859 4377 enim
892 4340 997 4379 non
1026 4340 1146 4381 sum
1174 4327 1390 4398 dignus,
1416 4345 1523 4384 non
1552 4331 1725 4386 audeo
1745 4343 1951 4403 petere,

363 4411 508 4481 quod
549 4421 726 4471 tamen
756 4416 892 4472 velle
939 4433 1229 4487 pra:smuo.
1265 4431 1324 4475 ut
1357 4436 1457 4492 cgo
1486 4422 1636 4478 velut
1676 4424 1815 4480 alter
1845 4426 1952 4480 Ro-

2063 3222 2250 3287 chum,
2277 3231 2521 3277 nostrum
2553 3221 2802 3278 fratrem.
2835 3223 3071 3291 Qualiter
3094 3240 3333 3293 namque
3352 3225 3654 3281 obliviscar

2064 3307 2176 3368 tui?
2225 3314 2274 3369 1s
2318 3315 2465 3369 enim
2510 3315 2601 3384 qui
2675 3316 2823 3371 cordi
2875 3330 2996 3371 meo
3039 3315 3185 3372 velut
3234 3317 3474 3387 sigillum
3512 3332 3649 3372 cer:

2061 3406 2410 3475 imprimitur,
2443 3406 2714 3476 quomodo
2761 3408 3037 3465 men-.orite
3083 3423 3218 3463 mea:
3267 3409 3650 3463 subtrahetur?

2059 3500 2330 3556 Praeterea
2365 3514 2493 3564 cur,
2523 3500 2665 3554 sicut
2709 3500 2901 3564 audio,
2947 3510 3097 3554 tanto
3140 3513 3379 3557 IIIUEI‘OIC
3405 3501 3650 3570 quereris

2058 3591 2202 3662 quod
2234 3605 2512 3660 nunquam
2542 3591 2753 3645 litteras
2780 3607 2931 3646 meas
2960 3593 3169 3658 videas,
3198 3603 3251 3647 et
3292 3604 3439 3647 tanto
3462 3608 3651 3648 amore

2058 3684 2260 3755 quaeris
2289 3694 2349 3738 ut
2376 3698 2472 3757 eas
2502 3698 2646 3753 saepe
2672 3684 2939 3753 accipias,
2982 3700 3107 3739 cum
3156 3700 3330 3738 meam
3370 3687 3650 3739 conscien-

2022 3810 2025 3813 -
2062 3778 2191 3832 tiam
2225 3786 2403 3831 tecum
2433 3791 2650 3845 semper
2691 3776 2926 3832 habeas?
2964 3777 3040 3830 Te
3066 3776 3268 3847 quippe
3302 3778 3517 3842 silente,
3549 3793 3649 3848 ego

2058 3869 2183 3922 novi
2213 3868 2339 3937 quia
2363 3866 2543 3936 diligis
2569 3883 2686 3931 me;
2712 3876 2769 3923 et
2800 3883 2885 3921 me
2912 3876 3144 3932 tacente,
3174 3878 3232 3921 tu
3255 3872 3358 3922 scis
3377 3858 3505 3938 quia
3529 3885 3645 3922 anno

2054 3967 2106 4011 te
2126 3957 2307 4028 (Joan.
2334 3972 2450 4024 xxI,
2482 3957 2588 4025 i6).
2630 3957 2708 4010 'l‘u
2740 3958 2872 4012 mihi
2903 3959 3158 4013 conscius
3183 3961 3393 4030 esquia
3418 3975 3521 4031 ego
3541 3978 3642 4015 non

2055 4048 2241 4104 dubito
2263 4048 2330 4103 de
2356 4057 2441 4113 te;
2471 4057 2527 4103 et
2554 4064 2654 4120 ego
2679 4049 2771 4103 tibi
2804 4050 2958 4104 testis
2978 4067 3098 4105 sum
3125 4054 3253 4121 quia
3287 4063 3342 4106 tu
3372 4066 3560 4108 certus
3586 4070 3644 4109 cs

2054 4140 2124 4195 de
2176 4154 2281 4194 me.
2332 4138 2597 4206 Quoniam
2651 4141 2816 4209 igitur
2861 4143 3020 4197 nobis
3067 4154 3379 4199 nostrarum
3439 4148 3642 4201 conscii

2055 4245 2245 4287 sumus
2290 4230 2767 4287 conscientiarium
2826 4232 2892 4287 de
2945 4233 3213 4302 invicem,
3274 4236 3377 4290 hoc
3437 4246 3645 4291 tantum

2054 4332 2225 4378 restat
2256 4331 2314 4377 ut
2341 4337 2402 4377 ea
2430 4336 2552 4390 qua:
2579 4335 2706 4392 erga
2749 4336 2848 4377 nos
2894 4332 3022 4377 sunt
3051 4325 3370 4379 mandemus
3404 4328 3474 4380 ad
3510 4328 3645 4386 invi-

2054 4430 2193 4477 cem,
2223 4422 2280 4468 ut
2321 4413 2528 4482 pariter
2569 4411 2653 4468 vel
2691 4413 3053 4484 gaudeamus,
3090 4416 3176 4469 vel
3224 4416 3441 4473 solliciti
3472 4419 3644 4473 sinms

363 4502 550 4558 bertus
583 4515 706 4560 utar
751 4509 941 4562 eodem
984 4508 1302 4573 Anastasio,
1352 4523 1409 4566 et
1452 4512 1565 4582 ipse
1612 4528 1697 4568 me
1740 4512 1950 4570 fruatur
1982 4493 2026 4552 θ
2053 4524 2157 4578 pro
2177 4506 2425 4562 ἱεινίοθω·
2456 4506 2585 4572 Qua?
2603 4514 2789 4569 autem
2815 4521 2943 4577 erga
2974 4523 3058 4562 me
3081 4510 3214 4573 Sim.
3242 4519 3299 4564 el
3327 4526 3424 4579 pro
3448 4513 3645 4579 qml’us

363 4594 518 4660 quasi
572 4595 744 4649 altero
792 4596 1072 4655 Ruberto:
1115 4601 1270 4669 cujus
1318 4602 1490 4656 bonus
1534 4605 1803 4672 odorjatn
1851 4621 1947 4675 per

365 4684 566 4738 multos
605 4685 762 4755 hujus
785 4688 976 4756 patria:
1002 4691 1244 4745 suaviter
1270 4692 1496 4750 diﬂ'usus
1513 4735 1527 4761 ,
1555 4707 1756 4766 quanto
1799 4699 1946 4754 delc-

2055 4611 2109 4655 te
2136 4598 2293 4655 velim
2342 4611 2553 4652 mecum
2593 4596 2860 4667 gaudere,
2898 4599 2982 4652 vel
3007 4616 3128 4655 esse
3172 4601 3492 4668 sollicitum,
3531 4620 3645 4658 me-

2053 4696 2156 4749 lius
2197 4693 2373 4749 disces
2413 4706 2508 4762 per
2544 4689 2704 4761 hujus
2740 4691 3013 4748 schcdula:
3047 4693 3298 4760 latorem,
3337 4712 3503 4764 quam
3548 4713 3643 4765 per

1643 4807 1875 4865 VARIIE
1912 4807 2312 4864 LECTIONES.

436 4886 477 4919 ⁵⁷
525 4887 734 4973 Callata
787 4910 903 4948 cum
954 4912 1075 4973 una
1108 4914 1207 4973 tus.
1252 4903 1536 4971 exemplari
1584 4901 1715 4958 Cod.
1790 4903 1926 4958 Vict.
1977 4904 2064 4973 ΙξῙ.
2115 4904 2208 4957 9.0.
2260 4913 2306 4956 et
2354 4901 2552 4956 ιυυαη.

2688 4899 2738 4933 ¹⁸
2780 4899 3112 4973 Qharissime
3141 4943 3156 4967 ,
3203 4910 3307 4957 tute
3349 4917 3642 4973 provectus

366 4963 751 5016 strenuitatem
784 4980 884 5018 ms.
924 4967 1277 5045 charissime,
1322 4963 1443 5026 cum
1481 4975 1768 5029 considero
1802 4988 1905 5031 tuae
1943 4963 2231 5045 provecms
2271 4972 2735 5045 strenuitatisins.
2781 4970 2908 5045 Lav.
2987 4966 3037 5045 ’ξ
3071 4963 3312 5043 tempore
3352 4963 3639 5044 gravatum

360 5046 461 5113 ms.
491 5045 1024 5115 corporegravatum
1050 5053 1149 5092 ms.
1183 5038 1309 5095 Lov.
1342 5051 1583 5111 tempore
1607 5056 1891 5114 gravatmu
1945 5038 2013 5077 ’π
2039 5044 2168 5099 Mihi
2200 5044 2399 5115 prosim
2424 5059 2523 5096 ms.
2553 5042 2682 5097 mihi
2717 5042 2927 5110 prosint
2999 5044 3042 5074 “
3081 5045 3145 5097 Et
3170 5038 3426 5113 quicquid
3454 5061 3554 5098 ms.
3589 5058 3643 5097 at

358 5102 617 5170 quicquid
691 5102 966 5162 "'Postea
1006 5118 1194 5164 notum
1231 5127 1327 5165 ms.
1355 5102 1531 5181 potes,
1574 5102 1783 5180 notum,
1829 5126 1935 5171 etc.

1552 5225 1670 5281 JOA
1680 5226 1838 5283 NNIS
1876 5226 2146 5290 PICARDI
2177 5223 2409 5280 NOTAE.

358 5302 855 5387 nisi_spl_e_ndidum
905 5313 1019 5367 suis
1066 5323 1303 5387 ostentat
1355 5319 1709 5387 amatoribus,
1745 5321 1837 5375 sed
1868 5321 1921 5375 in

356 5374 530 5455 cauda
550 5374 830 5455 alligatum
854 5393 1030 5451 gestat
1078 5383 1452 5455 feuum,quod
1506 5388 1558 5442 in
1606 5374 1763 5455 hujus
1804 5374 1928 5444 vine

358 5444 467 5529 tiae
502 5460 596 5529 per
621 5444 1121 5529 caudam'animalis
1169 5444 1494 5529 postremam
1524 5444 1729 5526 partem
1761 5461 1927 5529 signi-

356 5521 502 5599 ea‘to,
532 5518 791 5599 decoquet
812 5524 1081 5599 sordidam
1122 5518 1182 5580 et
1234 5528 1430 5599 luteam
1480 5518 1753 5599 hominum
1778 5518 1929 5599 cupi-

360 5582 605 5670 ditatem.
634 5582 819 5670 Δνοτε-ς)
868 5593 954 5670 hic
1012 5597 1490 5670 versusAusehni
1528 5582 1751 5670 argute
1779 5582 1926 5655 eain-

361 5659 550 5722 pactus
570 5666 651 5708 est
677 5672 743 5711 ex
776 5661 984 5716 duobus
1012 5664 1370 5723 hemistichiis
1395 5659 1678 5725 lloratii‘Et
1717 5669 1926 5743 Virgilii

2032 5317 2332 5373 conversis.
2356 5317 2449 5371 llle
2475 5318 2617 5371 enim
2642 5333 2659 5371 ι
2692 5316 2833 5383 Sat.,
2861 5328 2967 5373 sat.
3000 5318 3056 5385 4,
3085 5332 3233 5373 vers.
3265 5320 3374 5383 54,
3396 5321 3521 5375 ait:

2246 5405 2450 5463 Fenum
2476 5408 2626 5462 habet
2665 5409 2718 5462 in
2757 5425 2940 5464 cornu.

2036 5502 2133 5558 ilic
2163 5511 2366 5566 autem,
2412 5500 2605 5571 Ecloga
2633 5518 2710 5570 Ix,
2734 5518 2874 5557 vers.
2900 5503 2992 5568 24,
3020 5504 3097 5558 ait
3123 5523 3137 5558 :
3191 5483 3202 5495 ’

2213 5589 2506 5646 Occursare
2533 5606 2725 5659 capra,
2758 5608 2919 5646 cornu
2953 5594 3073 5661 {erit
3098 5594 3211 5662 ille,
3246 5605 3451 5651 careto.

3562 282 3711 341 ams

2019 392 2063 447 Α
2093 387 2341 445 ctahilius
2363 390 2555 444 anima:
2579 404 2711 445 mea:
2742 391 2975 462 fragrat;
3009 400 3153 447 tantc
3174 395 3287 462 ipsa
3308 395 3377 449 ad
3398 394 3525 463 ejus
3549 402 3703 454 anui-

2093 484 2277 537 citium
2309 492 2358 539 et
2398 484 2644 539 notitiam
2682 485 2964 539 ardentius
3005 484 3213 555 ﬂagrat.
3263 486 3415 554 Quas
3436 488 3589 557 jam,
3633 508 3704 546 ex
