3898 6052
285 339 425 400 ρι’ὒϐθ

1645 329 1770 380 L123.
1806 319 1860 390 Ol,
1897 325 2113 379 Ei‘lST.
2161 321 2243 375 Vl.

3417 319 3554 370 1070

283 453 526 528 epistola:
569 447 911 517 scriptorem.
953 443 1135 498 Saluta
1177 441 1454 496 dominum
1499 437 1858 493 Lanfrancum
1893 447 1937 500 Α
1966 443 2342 503 obtemperare
2378 435 2441 488 ".
2495 433 2739 502 Denique
2785 431 3040 500 quouian
3103 433 3318 502 utrique
3372 433 3552 502 plures

285 553 530 623 juvenem
571 551 821 613 nepotem
855 537 1136 594 reverendi
1175 535 1375 590 domini
1415 544 1468 587 et
1495 531 1669 586 Patris
1701 533 1867 584 nostri

285 621 576 695 Lanfrauci
618 629 1046 699 archiepiscopi,
1095 636 1150 682 et
1197 623 1330 678 offer
1365 623 1446 677 eis
1489 621 1659 676 lidelis
1701 621 1868 674 nostri

287 730 496 785 servitii
525 726 884 780 voluntatem.
915 721 1182 786 Quoniam
1214 718 1358 771 enim
1395 725 1501 768 tam
1536 714 1870 783 propinquus

287 831 340 877 et
383 820 614 872 dilectus
655 825 739 870 est
764 815 884 884 ejus
930 825 1087 880 quem
1131 809 1208 862 sic
1249 805 1486 860 (amando
1529 819 1783 869 veneror,
1817 813 1871 857 et

283 909 596 965 venerando
623 921 765 962 amo.
797 912 856 956 ut
884 917 1057 956 amem
1083 899 1226 968 quod
1253 905 1401 950 amat
1425 937 1440 962 ,
1471 905 1525 950 et
1547 895 1669 964 quia
1693 909 1870 949 mores

285 1001 405 1071 ejus
433 997 692 1052 amabiles
737 994 896 1048 audio
945 1010 958 1044 :
1007 991 1050 1044 si
1098 990 1349 1058 dignatur
1380 997 1435 1040 et
1472 987 1519 1040 ci
1553 986 1866 1040 ﬁdelitatem

285 1103 532 1146 nostram
561 1088 758 1152 offero,
799 1095 852 1140 et
881 1084 995 1153 ejus
1017 1081 1312 1135 amicitiam
1337 1079 1643 1148 expostulo.
1680 1077 1866 1132 Saluta

287 1184 541 1238 doumum
566 1179 864 1234 Osbernum
891 1176 980 1245 qui
1004 1174 1278 1230 vobiscum
1306 1183 1410 1238 est,
1443 1173 1584 1228 sicut
1609 1169 1866 1226 dilectum

285 1273 508 1328 fratrem
537 1279 778 1324 nostrum
809 1283 906 1338 pro
945 1267 1190 1324 Osbcrno
1226 1267 1479 1320 defuncto
1505 1264 1860 1320 dilectissimo

239 1387 242 1392 ·
287 1379 429 1428 meo,
459 1373 516 1416 ut
545 1377 726 1432 rogem
759 1370 812 1414 te
845 1370 898 1414 et
922 1375 1112 1414 omnes
1136 1359 1342 1413 amicos
1371 1373 1541 1420 meos,
1568 1373 1726 1426 quam
1756 1358 1868 1410 scio

273 1467 534 1509 sermone
573 1451 798 1515 minori,
840 1461 894 1504 et
935 1465 1096 1519 quam
1147 1463 1367 1517 possum
1417 1447 1610 1501 all'ectu
1654 1445 1864 1514 majori,

283 1546 592 1614 ubicunque
620 1541 892 1598 Osberuus
921 1549 1020 1601 est,
1053 1541 1232 1594 anima
1256 1538 1371 1608 ejus
1401 1539 1578 1590 anima
1615 1555 1731 1590 mea
1761 1547 1863 1592 cst.

285 1635 562 1704 Accipiam
593 1633 756 1702 igitur
797 1631 849 1684 in
895 1631 986 1684 illo
1027 1630 1181 1683 vivus
1223 1629 1484 1699 quidquid
1515 1630 1582 1682 ab
1631 1627 1866 1681 amicitia

285 1737 528 1795 poteram
580 1737 798 1793 sperare
845 1722 1158 1784 defunctus,
1199 1727 1259 1774 ut
1300 1721 1409 1774 sint
1447 1719 1604 1773 otiosi
1651 1735 1735 1772 me
1773 1721 1866 1773 de-

1977 538 2290 599 prreseutcs,
2315 545 2449 596 quos
2472 527 2538 579 ab
2563 527 2628 580 iis
2654 525 2831 580 dilecti
2851 540 2913 594 pa
2925 526 3052 578 riter
3075 523 3240 598 31E,
3262 525 3554 596 diligimus,

1977 619 2270 682 habemus;
2301 617 2433 687 ipsis
2468 631 2588 670 cum
2632 613 2941 668 rationabili
2980 612 3333 666 delectatione
3373 614 3556 668 fruen-

1975 719 2078 774 tes,
2120 709 2320 763 eisdem
2364 723 2466 762 non
2514 722 2638 761 cum
2685 705 2988 759 delectabili
3045 705 3251 757 ratione
3303 704 3556 759 fruendos

1973 811 2224 870 aptemus
2271 817 2284 853 ε
2342 810 2396 853 et
2447 807 2506 853 ut
2552 799 2874 874 quandoque
2922 813 3042 850 cum
3091 797 3443 866 praesentibus
3500 808 3554 850 et

1975 891 2290 946 absentibus
2313 892 2506 945 amicis
2531 889 2692 945 simul
2722 899 3016 960 prmsentes
3053 889 3169 957 ipso
3197 887 3304 942 Deo
3340 887 3550 942 cunfrui

1973 981 2274 1050 possimus,
2329 981 2592 1036 instanter
2641 995 2878 1034 oremus.
2925 980 3058 1034 Cum
3117 979 3262 1032 enim
3319 993 3553 1047 superna

1973 1071 2203 1126 ducente
2225 1072 2508 1126 clementia
2539 1073 2604 1124 ad
2637 1071 2889 1142 patriam,
2918 1071 2983 1123 ad
3016 1086 3178 1140 quam
3210 1071 3554 1132 anhelamus,

1974 1162 2136 1216 veluti
2171 1179 2276 1216 non
2311 1164 2499 1216 eodem
2535 1163 2747 1216 tramite
2775 1161 3175 1230 perveniemus,
3215 1178 3279 1216 eo
3324 1161 3556 1215 ltetiores

1971 1271 2077 1322 quo
2104 1255 2258 1326 quasi
2287 1272 2350 1309 ex
2383 1256 2612 1310 diversis
2640 1254 2846 1310 eXsiliis
2877 1253 3116 1308 revocati
3144 1255 3552 1310 conveniemus.

1971 1345 2086 1400 Non
2117 1346 2195 1400 sic
2249 1346 2434 1400 hortor
2479 1347 2830 1401 serenitatem
2880 1355 3048 1410 tuam,
3101 1346 3457 1408 charissime,
3492 1347 3558 1400 ti-

1970 1437 2168 1492 mendo
2196 1437 2340 1506 quod
2370 1437 2440 1491 ila
2478 1453 2580 1490 non
2611 1435 2809 1504 facias,
2853 1437 2948 1491 sed
2982 1436 3250 1506 cupiendo
3291 1447 3557 1506 quatenus

1971 1532 2035 1583 ad
2069 1529 2118 1583 id
2149 1529 2292 1600 quod
2325 1531 2460 1584 bene
2483 1529 2639 1594 facis,
2675 1529 3048 1585 indelicienter
3077 1529 3348 1599 proficias.
3400 1531 3560 1586 Com-

1975 1622 2169 1675 mendo
2203 1621 2295 1675 tibi
2325 1621 2581 1675 domuum
2611 1619 2924 1676 Hcrluinum
2962 1622 3218 1678 dilectum
3248 1631 3301 1676 ct
3331 1623 3556 1678 dilecto-

1971 1727 2085 1764 rem
2117 1720 2382 1775 uostrmu,
2409 1712 2549 1764 sicut
2574 1725 2640 1766 ex
2665 1709 2781 1779 ejus
2803 1713 3217 1766 conversatione
3240 1727 3554 1782 cogno-ces,

277 1819 492 1872 functo.
527 1815 674 1880 Vale,
707 1815 854 1877 vale,
901 1815 972 1868 mi
1001 1813 1352 1878 charissime,
1393 1820 1448 1864 et
1477 1819 1534 1864 ut
1571 1813 1866 1866 secundum
1902 1795 1944 1848 Β
1973 1805 2062 1872 qui
2115 1805 2308 1858 melius
2361 1803 2454 1857 tibi
2483 1819 2607 1874 quae
2645 1805 2754 1858 sint
2801 1817 2925 1873 erga
2968 1817 3076 1868 me,
3112 1813 3166 1858 et
3215 1819 3311 1874 pro
3362 1805 3558 1872 quibus

277 1907 750 1976 importunitatem
783 1912 928 1958 tuam
961 1903 1256 1957 retribuam
1281 1901 1405 1964 tibi,
1435 1915 1625 1970 precor
1667 1911 1722 1954 et
1748 1915 1868 1969 pre-

277 2013 400 2062 cor,
451 2007 510 2051 et
559 2011 775 2066 precor,
819 2002 1090 2048 memento
1145 1993 1278 2057 tnei,
1318 2001 1372 2046 et
1412 2009 1479 2046 ne
1533 1991 1872 2046 obliviscaris

285 2089 479 2143 anith
501 2087 732 2144 Osberni
766 2088 944 2144 dilecti
979 2088 1104 2142 mei.
1152 2085 1304 2152 Quod
1341 2084 1384 2139 si
1417 2093 1464 2138 te
1504 2085 1665 2139 nimis
1691 2084 1872 2139 videor

275 2197 534 2246 ornet-are,
565 2183 670 2236 mei
699 2181 1042 2244 obliviscere,
1065 2191 1122 2235 et
1149 2179 1292 2234 illius
1320 2193 1637 2235 tumuerare.
1667 2178 1872 2232 Domno

279 2275 520 2330 llettrico
564 2275 686 2329 misi
735 2273 960 2328 alteram
1006 2271 1327 2341 epistolam;
1380 2271 1473 2325 sed
1526 2269 1872 2324 commutatis

281 2367 485 2420 vestris
517 2366 825 2421 nominibus
855 2379 952 2434 per
979 2365 1181 2427 omnia,
1226 2373 1280 2417 et
1311 2373 1400 2416 tua
1428 2363 1501 2416 sit
1533 2377 1652 2428 sua,
1686 2371 1740 2415 et
1771 2377 1868 2418 sua

285 2461 356 2511 sit
383 2467 495 2512 tua.

827 2543 1161 2602 EPISTOLA
1203 2545 1242 2598 V
1271 2545 1336 2598 ".

881 2673 948 2711 AD
973 2673 1265 2712 HENRICUII.

277 2769 354 2824 Se
387 2769 669 2824 Ilenricmn
713 2770 992 2838 impensius
1029 2787 1207 2822 amare
1251 2780 1461 2838 propter
1499 2768 1659 2822 bonos
1693 2784 1866 2822 more:

358 2851 404 2894 et
438 2841 735 2908 religiosam
765 2841 1236 2892 conversutiorwm:
1258 2849 1306 2891 et
1335 2839 1473 2908 quod
1505 2839 1660 2892 amici
1688 2839 1872 2890 absen-

359 2913 432 2963 tia
460 2925 550 2978 per
573 2911 916 2962 obedientiam
947 2909 1251 2962 sustinenda
1279 2919 1374 2960 est.

361 3003 589 3057 Domino
617 3011 671 3056 et
715 3003 868 3058 fratri
894 3003 1218 3057 charissituo
1259 3001 1520 3064 llssmco,
1557 2999 1726 3054 frater
1755 3001 1868 3052 Att-

279 3109 488 3150 ssutus
515 3094 768 3147 salutem.

357 3187 604 3252 Quanto,
638 3183 1024 3246 dilectissime,
1053 3181 1522 3236 conversationem
1565 3190 1710 3234 tuam
1741 3195 1869 3250 erga

277 3289 512 3333 cunctos
541 3278 586 3308 ³⁵
609 3277 674 3331 ad
703 3291 911 3330 morum
942 3276 1281 3329 honestatem
1309 3289 1429 3328 cum
1454 3273 1713 3343 religione
1742 3287 1870 3326 san-

279 3373 494 3426 ctitatis
534 3370 586 3423 in
619 3371 734 3424 dies
775 3383 1022 3424 crescere
1069 3367 1200 3422 mihi
1230 3365 1374 3420 fama
1405 3373 1636 3419 testatur
1670 3381 1684 3418 :
1721 3372 1870 3419 tanto

289 3463 474 3531 utique
502 3477 596 3516 cor
620 3461 780 3516 amici
821 3461 895 3514 tui
924 3460 1194 3515 desiderio
1223 3457 1439 3512 videndi
1469 3458 1611 3528 quod
1641 3459 1872 3522 amando

283 3554 457 3618 audit,
486 3561 540 3606 et
569 3551 779 3605 fruendi
805 3550 852 3582 ⁸³
880 3549 1022 3619 quod
1060 3548 1330 3602 audiendo
1369 3557 1538 3613 amat,
1569 3547 1870 3602 inﬂamma-

281 3655 398 3700 tur.
428 3644 692 3712 Quoniam
726 3651 908 3696 autem
956 3657 1053 3696 nos
1097 3641 1164 3695 ad
1213 3640 1445 3696 invicem
1485 3655 1591 3694 non
1629 3639 1868 3695 dissimi-

287 3735 412 3790 liter
443 3735 613 3788 amari
649 3749 756 3788 non
782 3733 1025 3802 ambigo,
1065 3741 1276 3788 nosmet
1299 3747 1513 3804 quoque
1542 3732 1608 3785 ab
1639 3732 1870 3785 invicem

289 3827 542 3882 similiter
566 3823 864 3878 desiderari
893 3837 1000 3877 non
1031 3821 1234 3877 dubito.
1277 3821 1514 3888 Quorum
1544 3819 1688 3873 enim
1717 3835 1870 3872 tuen-

289 3928 372 3973 tes
396 3918 448 3970 in
483 3931 643 3970 uuam
692 3914 832 3985 ignis
861 3912 1162 3968 dilectionis
1185 3911 1232 3944 "
1255 3909 1471 3977 conﬁat,
1509 3910 1591 3964 bis
1627 3923 1732 3963 non
1773 3907 1873 3962 itu-

287 4010 484 4064 merito
513 4007 796 4063 molestum
819 4017 922 4072 est,
945 4006 986 4061 si
1011 4021 1196 4061 eorum
1221 4019 1448 4075 corpora
1477 4003 1626 4058 locus
1651 4017 1875 4058 conver-

291 4102 518 4155 sationis
546 4099 838 4170 disjuugat.
895 4098 999 4152 Sed
1049 4099 1305 4166 quoniam
1349 4097 1453 4151 sive
1482 4096 1722 4161 vivimus,
1767 4096 1872 4148 sive

289 4194 564 4256 morimur,
586 4205 690 4246 non
711 4191 1010 4255 nostri,sed
1039 4189 1250 4244 Domini
1268 4205 1448 4242 sumus
1465 4186 1646 4258 (Rom.
1662 4201 1772 4252 xrv,
1791 4185 1868 4254 8),

287 4283 411 4353 plus
455 4291 538 4338 est
583 4283 966 4336 attendendum
1021 4281 1206 4342 nobis,
1249 4279 1390 4349 quod
1431 4277 1564 4333 facit
1605 4279 1669 4333 de
1716 4277 1870 4331 nobis

293 4375 551 4428 Dominus
583 4376 734 4442 cujus
762 4389 969 4436 sumus,
1003 4387 1162 4440 quam
1191 4373 1332 4440 quod
1359 4387 1458 4425 nos
1485 4371 1753 4436 volumus,
1779 4369 1868 4440 qui

1973 1903 2119 1948 tuam
2151 1909 2332 1964 rogem
2372 1893 2746 1956 dilectionem,
2781 1903 2980 1962 potent
3021 1895 3231 1962 dicere,
3265 1911 3425 1964 quam
3459 1912 3558 1966 ego

1970 1983 2242 2054 epistulari
2273 1985 2555 2040 brevitate.
2585 1983 2840 2049 Litteras,
2869 2001 3006 2056 quas
3061 1986 3260 2040 donmo
3289 1987 3558 2042 Gundulfo

1974 2077 2118 2141 misi,
2151 2086 2360 2130 mutato
2387 2077 2627 2148 nomine,
2661 2085 2782 2130 tuas
2810 2085 2866 2130 et
2894 2086 3012 2130 tuas
3042 2077 3186 2130 illius
3213 2087 3362 2146 puta.
3394 2075 3558 2142 Quid-

1975 2169 2104 2238 quid
2137 2169 2280 2222 enim
2313 2168 2534 2222 dilectio
2565 2176 2751 2224 nostra
2793 2178 2886 2222 aut
2933 2181 3052 2222 sese
3098 2168 3422 2232 iutimando,
3466 2179 3560 2222 aut

1975 2263 2178 2332 aliquid
2217 2263 2452 2332 rogando
2481 2261 2670 2316 scribit
2710 2269 2803 2315 aut
2829 2261 2955 2326 tibi,
2984 2272 3078 2315 aut
3113 2261 3209 2326 illi,
3248 2261 3349 2314 hoc
3381 2262 3554 2330 ipsum

1973 2354 2103 2408 dicit
2145 2363 2200 2407 et
2249 2353 2342 2406 libi
2390 2361 2445 2406 et
2486 2352 2590 2417 illi;
2638 2351 2730 2407 sed
2773 2351 3025 2420 quoniam
3070 2367 3168 2422 pro
3207 2351 3555 2406 tlilectiSsitna

1975 2445 2102 2498 mihi
2151 2446 2330 2498 anima
2391 2443 2620 2498 Osberni
2669 2443 2907 2498 defuncti
2959 2443 3149 2498 fratris
3197 2445 3401 2510 nostri,
3456 2462 3556 2498 urc

1971 2537 2142 2592 Deum
2170 2551 2352 2601 orare,
2387 2551 2486 2590 nec
2519 2535 2764 2590 homines
2791 2550 2982 2604 rogare
3009 2549 3226 2606 possum
3258 2537 3400 2605 quod
3427 2538 3554 2592 mibi

1971 2624 2232 2689 Sulliciat;
2280 2625 2474 2680 iterum
2505 2623 2717 2680 inculco
2755 2624 2850 2678 tibi
2899 2625 3024 2694 quia
3062 2625 3324 2695 quidquid
3359 2629 3556 2680 domno

1969 2715 2242 2772 Gondnll'o
2291 2729 2390 2784 pro
2436 2730 2498 2770 ea
2546 2714 2756 2782 scribo,
2816 2716 2910 2770 tibi
2962 2715 3102 2770 dico.
3149 2713 3363 2770 Salutat
3400 2725 3450 2770 te
3501 2729 3556 2769 et

1970 2807 2226 2861 domuum
2259 2805 2588 2862 Gondulfum
2621 2805 2852 2860 domnus
2888 2805 3056 2862 abbas
3084 2815 3138 2860 et
3177 2815 3288 2861 tota
3327 2807 3555 2864 fratrum

1971 2907 2282 2952 nostrorum
2315 2897 2684 2968 congregatio,
2712 2897 2917 2965 gratias
2941 2911 3164 2967 magnas
3193 2907 3418 2968 agentes
3461 2915 3555 2965 pro

1971 2989 2169 3042 vestris
2194 2989 2370 3053 donis,
2399 2989 2492 3042 sed
2525 2987 2693 3042 multo
2719 2986 2954 3055 majores
2977 3004 3075 3058 pro
3097 2989 3339 3042 moribus
3365 2993 3554 3043 vestes

1975 3088 2030 3132 ct
2059 3079 2252 3134 studiis
2281 3080 2454 3133 bouis.
2487 3078 2638 3144 Vale,
2671 3088 2726 3134 et
2769 3080 3008 3133 animam
3059 3077 3290 3134 Osberui
3331 3082 3554 3141 alteram

1975 3186 2176 3236 meam,
2207 3187 2313 3225 non
2343 3179 2402 3224 ut
2431 3170 2566 3240 ejus,
2599 3171 2692 3226 sed
2735 3181 2792 3225 ut
2825 3187 3000 3225 tneam
3039 3171 3198 3226 habe.

2497 3284 2830 3341 EPISTOLA
2867 3283 2934 3340 Vl
2966 3285 3036 3338 ³⁸.

2550 3394 2617 3431 AD
2651 3393 2924 3434 IIUGONEH.

1972 3469 2200 3524 Instruit
2247 3469 2521 3538 "agonem
2566 3480 2617 3522 ut
2657 3467 2865 3538 pra'lati
2906 3469 2989 3522 sui
3026 3468 3140 3522 licet
3179 3469 3558 3540 indissiplitmti

2249 3557 2379 3594 onus
2413 3542 2692 3603 sustineat,
2725 3555 2817 3592 nec
2839 3541 2901 3592 ab
2934 3555 2993 3592 eo
3024 3539 3275 3592 discedat.

2047 3647 2269 3702 Domino
2310 3647 2503 3702 merito
2555 3647 2860 3702 sanctitatis
2919 3648 3250 3712 reverendo,
3299 3659 3353 3700 ct
3403 3646 3556 3700 fratri

1973 3736 2155 3790 debito
2189 3735 2474 3787 charitatis
2512 3737 2784 3803 diligendo
2822 3735 3028 3789 llocosr
3080 3735 3249 3790 frater
3277 3737 3555 3790 ANSEI.ML‘S

1975 3825 2026 3876 iu
2060 3824 2160 3876 hac
2187 3826 2292 3876 vita
2319 3833 2505 3876 Sancte
2537 3825 2714 3877 vivere
2742 3839 2861 3876 cum
2890 3827 3270 3894 prosperitate,
3303 3826 3352 3880 itt
3375 3827 3554 3882 futura

1976 3913 2206 3966 feliciter
2236 3927 2359 3964 cum
2388 3913 2712 3965 aeternitate.
3443 3927 3450 3934 ·

2043 4005 2266 4058 Litteris
2317 4015 2509 4058 vestrae
2554 4003 2905 4059 beatitudinis
2941 4005 3182 4066 brctiter
3229 4009 3554 4074 respondeo,

1973 4098 2100 4168 quia
2134 4099 2184 4150 iu
2217 4096 2467 4166 pra-senti
2497 4098 2952 4166 opportunitaten‘t
2983 4098 3150 4152 multa
3181 4099 3418 4154 dictandi
3451 4117 3554 4153 non

1975 4191 2168 4245 habeo.
2203 4189 2260 4244 Si
2297 4205 2420 4244 cum
2451 4205 2518 4244 eo
2558 4206 2680 4244 cum
2711 4205 2816 4258 quo
2850 4191 3000 4246 vobis
3031 4207 3117 4247 res
3147 4201 3228 4246 est
3255 4208 3391 4246 onus
3429 4209 3556 4246 con-

1974 4281 2213 4336 corditer
2244 4279 2387 4334 ferre
2416 4297 2520 4335 non
2549 4283 2808 4351 potestis,
2841 4280 3108 4336 salubrius
3145 4283 3412 4338 ambobus
3449 4293 3550 4346 est,

1975 4384 2035 4428 ut
2063 4387 2155 4426 vos
2187 4371 2460 4426 humiliter
2479 4372 2546 4425 ab
2577 4389 2640 4426 eo
2672 4371 2937 4440 postulata
2963 4381 3018 4426 et
3037 4387 3295 4428 concessa
3327 4373 3551 4428 licentia

293 4469 464 4520 nostri
513 4481 620 4520 non
670 4481 875 4521 sumus.
929 4464 1020 4520 Sic
1065 4479 1194 4534 ergo
1240 4479 1518 4518 servemus
1541 4462 1867 4516 desiderium
1903 4484 1948 4544 ι)
1975 4465 2044 4519 ab
2070 4465 2236 4534 ipsius
2267 4465 2451 4518 oneris
2499 4462 2862 4516 sollicitudine
2897 4464 3211 4532 quiescatis,
3247 4479 3406 4533 quam
3454 4465 3554 4516 sub

293 4559 548 4612 fraterna:
587 4558 904 4622 cbaritatis,
941 4565 998 4610 ut
1027 4556 1329 4610 serviamus
1371 4555 1596 4624 imperio
1625 4567 1868 4622 superate

293 4649 623 4712 voluntatis,
672 4659 726 4702 et
757 4650 832 4702 sic
874 4647 1232 4702 exhibeamus
1283 4645 1642 4701 obedientiam
1689 4644 1869 4713 subje-

291 4740 511 4807 ctionis,
535 4755 694 4808 quam
725 4740 896 4810 exigit
923 4739 1267 4807 omnipotens
1294 4737 1575 4810 dispositio
1595 4779 1610 4802 ,
1644 4747 1706 4804 ut
1741 4737 1871 4790 reti-

291 4845 521 4884 neamus
551 4829 800 4885 allectum
829 4830 879 4883 di
889 4829 1168 4894 lectioais,
1209 4845 1370 4898 quam
1420 4829 1648 4899 largitur
1689 4827 1867 4882 divina

291 4921 624 4978 distributio.
649 4923 766 4977 Non
797 4924 942 4978 enim
985 4923 1178 4978 melius
1209 4923 1300 4978 Dei
1338 4925 1732 4978 ordinationem
1779 4939 1869 4977 no-

294 5024 422 5070 stra!
451 5015 668 5069 utilitati
699 5017 742 5048 ⁸⁷
769 5016 1066 5070 valebimus
1090 5023 1521 5085 coutemperare,
1551 5031 1711 5084 quam
1737 5016 1780 5069 si
1815 5018 1866 5068 itt

295 5117 480 5162 nostra
545 5107 898 5177 dispositione
945 5109 990 5138 ³⁸
1042 5107 1158 5178 ejus
1211 5107 1472 5160 voluntati
1535 5107 1870 5160 voluerimus

1976 4559 2093 4627 ipso
2141 4557 2378 4627 pondere
2427 4555 2803 4610 discordantes
2845 4555 3116 4617 invicem,
3177 4571 3270 4608 vos
3319 4556 3555 4626 graviter

1977 4649 2202 4704 lat-datis.
2241 4650 2394 4714 Quod
2427 4648 2470 4701 si
2499 4645 2612 4714 ipse
2639 4647 2791 4702 vobis
2829 4663 2934 4700 non
2979 4649 3332 4711 concesserit,
3366 4648 3554 4702 melius

1977 4753 2060 4798 est
2102 4743 2252 4797 vobis
2289 4757 2426 4796 onus
2471 4739 2632 4794 etiaut
2686 4739 2948 4794 inutiliter
2998 4743 3262 4794 sustinete
3293 4757 3389 4809 per
3427 4743 3550 4795 obe-

1976 4835 2268 4899 dientiam,
2307 4849 2466 4901 quam
2525 4831 2788 4900 projicere
2843 4833 3187 4904 impatienter
3237 4850 3332 4902 per
3368 4834 3554 4886 inube—

1977 4926 2256 4980 dientiam.
2312 4923 2374 4978 Et
2420 4924 2466 4978 si
2511 4926 2718 4993 experti
2763 4925 2894 4978 estis
2925 4925 3052 4992 quia
3104 4925 3332 4978 consilio
3371 4935 3554 4978 Vt'Slt't)

1981 5036 2082 5071 nou
2115 5015 2422 5086 corrigitur,
2462 5015 2556 5070 sed
2597 5015 2834 5078 lteditur,
2871 5016 3060 5069 tnelius
3090 5017 3251 5068 etiam
3285 5023 3339 5066 ut
3365 5013 3554 5067 obmu-

1979 5103 2234 5162 tescenth
2264 5118 2318 5162 ct
2369 5107 2578 5160 silendo
2625 5126 2654 5158 a
2705 5107 2858 5160 bonis
2904 5123 3025 5160 cum
3075 5103 3334 5173 l‘rOpbcta
3377 5101 3548 5175 tl’sul.

1607 5262 1840 5318 VARUE
1879 5262 2054 5317 LECT
2059 5263 2166 5317 1ολ
2175 5261 2280 5318 ES.

371 5381 416 5412 ”
441 5381 644 5436 Collata
685 5403 802 5438 cum
831 5385 1032 5438 duobus
1063 5401 1162 5437 ms.
1209 5383 1590 5452 exemplaribus
1637 5386 1792 5437 unius
1838 5384 2048 5438 Codicis
2099 5385 2226 5436 Vict.
2258 5402 2418 5452 supra
2451 5385 2664 5438 notatis.

1680 5454 1726 5484 ³⁵
1773 5455 1912 5522 Ignis
1965 5455 2271 5508 dilectionis
2307 5447 2404 5508 ms.
2457 5457 2548 5507 2U.
2580 5455 2634 5506 in
2673 5471 2774 5505 uno
2803 5447 3084 5518 exemplar.
3129 5449 3210 5502 \is
3246 5447 3551 5522 dilectionis

299 5464 524 5507 Cunctos
631 5455 674 5485 ⁸⁸
706 5455 768 5508 Et
819 5455 1035 5508 finiendi
1085 5471 1188 5506 mss
1267 5463 1321 5506 et
1363 5455 1568 5506 fruendi

2769 5385 2814 5413 "‘
2847 5383 2982 5451 Erga
3015 5391 3239 5451 cunctas
3265 5393 3388 5451 mss.
3413 5391 3548 5451 erga

299 5523 343 5554 ³⁷
371 5522 579 5578 Nostra!
606 5525 818 5579 utilitati
847 5541 942 5577 ms.
973 5527 1061 5576 20.
1089 5525 1143 5576 in
1171 5525 1220 5594 l7.
1255 5525 1474 5590 exempl.
1503 5535 1696 5594 vestra:
1721 5519 1936 5590 utilitati
1967 5593 1971 5594 ν
2011 5527 2056 5556 ³⁸
2081 5525 2272 5594 Nostra
2307 5525 2660 5594 dispositione
2699 5541 2795 5576 ms.
2827 5523 2917 5575 ‘20.
2946 5527 2997 5574 in
3043 5523 3086 5574 ι.
3117 5519 3336 5594 exetttpl.
3367 5527 3548 5570 vestra

301 5594 648 5664 dispositione
721 5596 762 5626 ’ν
797 5594 1130 5648 Voluerimns
1160 5593 1550 5662 obtemperare.
1591 5591 1688 5646 Hic
1720 5595 1906 5646 desint!
1953 5593 2186 5660 Epistula
2213 5596 2270 5648 in
2303 5590 2408 5647 uno
2435 5595 2724 5664 exemplari
2763 5609 2859 5646 ms.
2887 5593 2979 5644 ‘20.
3015 5603 3068 5644 ut
3103 5590 3352 5664 inultero
3377 5603 3548 5640 εινεηι-

300 5666 434 5784 pleri
472 5667 702 5736 ejmdem
728 5665 920 5718 codicis
945 5682 1039 5718 ms.
1065 5674 1138 5718 est
1165 5665 1364 5734 integro
1385 5703 1400 5728 ,
1445 5674 1495 5716 ut
1527 5663 1580 5718 in
1606 5664 1778 5720 tdttis.

327 5751 509 5784 ιοαηιι.

327 5767 338 5781 ι
348 5753 406 5786 θα
416 5751 430 5788 ι
439 5756 488 5788 ιἰ]
500 5776 509 5786 .

1855 5665 1900 5696 ³⁰
1927 5665 2134 5720 Collum
2157 5682 2274 5719 cum
2311 5665 2512 5718 duobus
2547 5661 2681 5716 Vict.
2716 5681 2817 5717 mss
2841 5665 2844 5668 ’
2869 5661 3246 5730 exctttpluribus
3290 5661 3342 5712 in
3367 5667 3543 5712 eodem
