3898 6052
267 242 407 300 10⁸15

1604 249 1728 303 LIB.
1771 249 1811 310 l.
1849 249 2070 308 EPIST.
2109 252 2172 308 Χ.

3397 265 3530 319 ιθτι

267 357 430 425 hujus
458 353 662 408 smculi.
716 353 936 409 Amicus
963 365 1142 410 autem
1176 357 1356 412 smculi
1392 357 1548 428 hujus
1578 369 1680 426 est,
1722 361 1840 429 qui—
1876 370 1920 432 Α
1953 365 2092 418 nihil
2124 367 2424 423 retribuere
2456 371 2656 440 potem)
2691 371 2984 440 quidquam
3017 389 3112 428 sua
3142 375 3534 448 Intercessione

268 461 484 516 cunque
535 446 811 501 saecularis
862 447 1239 504 delectationis
1285 452 1492 505 amicus
1544 460 1643 505 est.
1693 451 1844 520 Rogo

261 549 393 602 ergo
423 546 496 600 te,
547 537 745 605 amice,
799 552 865 591 ne
900 553 1050 592 ames
1092 539 1375 594 saecularia
1425 541 1841 597 obiectamenta.

253 627 395 682 Cum
419 630 636 694 absunt,
667 629 773 683 noli
806 631 870 683 ad
898 646 960 685 ea
992 647 1087 685 cor
1107 635 1435 699 extendere;
1469 650 1589 688 cuin
1624 636 1840 700 adsunt,

259 719 368 774 noli
427 719 532 775 illis
576 737 668 774 cor
713 737 971 791 apponere
1015 723 1190 789 (Psat.
1241 739 1352 789 ut,
1407 725 1494 794 il)
1528 744 1540 777 :
1575 727 1667 780 sed
1717 741 1841 782 cum

258 814 480 877 absunt,
521 822 722 868 etcum
753 817 970 884 adsunt,
1008 833 1223 888 semper
1247 828 1298 873 te
1338 820 1471 874 velis
1501 823 1568 874 ab
1608 819 1712 876 illis
1743 823 1842 876 ab-

257 903 544 958 scondere.
577 903 637 958 Si
679 907 936 968 mundus,
983 907 1068 960 vel
1114 908 1316 978 aliquid
1346 925 1532 965 eorum
1563 927 1684 981 qua:
1717 921 1842 967 sunt

258 995 469 1060 mnuili,
501 994 640 1049 ridet
687 995 816 1062 tibi;
852 997 956 1049 noli
995 997 1241 1054 arridere
1274 998 1368 1052 illi.
1413 999 1594 1064 Certe,
1651 1002 1838 1070 frater,

257 1101 362 1139 non
390 1087 527 1141 ridet
557 1087 676 1154 tibi,
709 1088 840 1148 utin
867 1089 970 1142 line
995 1089 1136 1142 risus
1167 1099 1220 1142 tu
1253 1090 1458 1156 rideas;
1495 1093 1586 1146 sed
1621 1092 1842 1148 simulat

259 1177 452 1240 risnm,
479 1186 537 1234 ut
571 1189 620 1232 te
643 1177 887 1237 irrideat.
919 1179 1050 1234 Esto
1080 1181 1261 1250 igitur,
1297 1181 1669 1248 dilectissime,
1695 1199 1842 1238 sem-

255 1281 352 1334 per
379 1278 589 1332 cautus,
621 1275 676 1320 ut
700 1268 964 1338 anticipes
993 1285 1137 1334 eum,
1167 1279 1222 1326 et
1243 1281 1564 1342 retorquens
1593 1272 1838 1329 fraudem

251 1353 372 1424 ejus
411 1357 462 1409 in
499 1372 652 1422 cum;
682 1367 736 1414 et
765 1373 887 1413 cum
919 1359 1005 1414 ille
1027 1361 1121 1415 tibi
1147 1361 1414 1418 fallaciter
1445 1363 1602 1430 ridet,
1648 1373 1702 1419 tu
1741 1381 1840 1420 ve-

257 1448 458 1503 raciter
503 1449 672 1504 irride
735 1466 878 1505 eum.
933 1453 1000 1507 Et
1055 1461 1203 1508 certe
1256 1471 1528 1526 nunquam
1591 1457 1842 1512 veracius

256 1539 508 1596 irridebis
533 1541 706 1606 illum,
737 1557 898 1612 quam
932 1543 998 1610 si,
1028 1559 1149 1598 cum
1180 1545 1295 1616 ipse
1325 1546 1506 1601 riserit
1543 1557 1731 1604 contra
1766 1557 1836 1612 te,

253 1641 310 1686 tu
352 1631 564 1686 ﬂeveris
611 1642 800 1686 contra
849 1633 1020 1686 illum.
1056 1635 1135 1689 Ad
1178 1637 1276 1690 has
1303 1637 1520 1706 quidem
1571 1637 1838 1709 laerytuas

255 1732 410 1779 tanto
451 1725 748 1780 studiosius
791 1736 842 1781 te
879 1725 1043 1781 debes
1093 1743 1372 1793 exercere,
1412 1739 1618 1800 quanto
1645 1732 1838 1790 melius

253 1825 551 1872 estventra
601 1817 796 1872 falsum
841 1819 1008 1874 risum
1043 1820 1110 1875 ad
1157 1821 1429 1877 modicum
1460 1838 1524 1878 ex
1555 1823 1836 1880 voluntate

253 1907 406 1970 flere,
455 1923 622 1980 quam
654 1911 753 1965 sub
791 1923 920 1964 vera
969 1912 1222 1967 irrisione
1258 1915 1310 1968 in
1351 1923 1612 1968 attentum
1650 1924 1703 1970 et
1743 1931 1836 1968 ne-

251 2001 507 2052 cessitate
533 1999 578 2030 ⁸⁹
607 1999 810 2071 lugere.
861 2000 1032 2073 Legat
1077 2004 1218 2059 hanc
1273 2004 1557 2074 epistolam
1606 1999 1836 2058 domnus

247 2091 555 2148 Condulfus
593 2095 674 2159 ⁸ος
710 2111 818 2149 non
852 2106 913 2150 ut
943 2095 1109 2152 faciat
1137 2097 1279 2168 quod
1300 2097 1450 2170 legit,
1485 2097 1578 2152 sed
1607 2107 1668 2152 ut
1691 2098 1836 2167 legat

245 2183 392 2250 quod
443 2181 592 2238 facit.
642 2183 798 2251 Quod
847 2185 891 2241 si
922 2185 1104 2242 fervor
1168 2187 1286 2257 ejus
1333 2187 1638 2242 devotionis
1693 2189 1834 2243 hanc

245 2275 529 2342 epistolam
581 2277 699 2332 vult
737 2293 858 2334 esse
905 2294 1090 2345 suam,
1135 2295 1234 2350 pro
1283 2287 1374 2336 tuo
1403 2281 1622 2337 nomine
1669 2291 1835 2352 ponat

245 2381 428 2431 suum,
455 2375 512 2422 et
541 2369 614 2422 sit
643 2383 762 2422 sua.
789 2369 964 2424 Ambo
993 2369 1192 2424 valete.

762 2477 1096 2538 EPISTULA
1135 2481 1205 2538 IX
1244 2483 1311 2538 “.

674 2587 740 2625 AD
781 2588 1101 2630 GEBBEBTUM
1142 2591 1386 2631 ΔΒΒΔΤΕΙΙ
1399 2619 1410 2632 .

317 2657 630 2715 Gratulatur
657 2663 834 2717 abbati
861 2665 1000 2734 quod
1027 2683 1122 2720 suo
1149 2677 1334 2748 rogatu
1365 2667 1534 2732 vidua:
1559 2669 1761 2747 ιιᾶῖῑείω

877 2747 1216 2792 succurrerit.

319 2823 546 2881 Domino
563 2835 616 2880 et
637 2825 782 2880 Patri
796 2827 1094 2890 venerabili
1116 2829 1298 2885 abbati
1321 2829 1638 2896 GEBBERTO,
1665 2828 1833 2886 frater

248 2915 533 2976 Asseuws
559 2933 708 2972 suus.

315 3008 470 3070 Sicut
526 3009 680 3072 nobis
730 3009 1063 3065 credendum
1105 3019 1192 3068 est
1237 3011 1364 3084 quia
1427 3014 1515 3068 ubi
1545 3015 1832 3071 abundavit

1949 456 2172 510 concedi
2207 465 2434 528 quaerat.
2467 457 2522 511 Si
2557 460 2696 514 adeo
2737 471 2939 516 mulum
2965 463 3266 519 dilectionis
3305 467 3530 523 immen-

1945 545 2080 600 sitas
2101 561 2206 611 me,
2225 557 2279 602 et
2301 549 2618 618 pranlictnm
2641 547 2866 605 fratrem
2889 552 3055 607 tilium
3081 551 3317 621 ejusdem
3331 557 3526 622 viduae,

1945 637 2056 690 vita
2087 638 2202 707 ejus
2231 640 2333 693 hoc
2361 640 2636 710 exigente,
2661 643 2797 696 duos
2823 643 3076 698 videlicet
3103 647 3526 718 conglutinavit,

1947 738 2005 779 ut
2029 741 2094 780 eo
2126 727 2404 792 defuncto,
2463 731 2622 783 matri
2653 731 2769 801 ejtis
2810 747 2896 786 me
2927 733 3090 786 velim
3131 733 3296 788 ﬁlium
3339 749 3437 804 pro
3462 751 3538 792 eo

1945 817 2308 886 substituere;
2357 829 2626 890 quatenus
2659 837 2758 892 pro
2811 833 2986 878 matre
3013 840 3134 878 mea
3164 825 3273 896 jam
3305 841 3392 882 me
3419 845 3526 882 non

1943 912 2160 981 pmleat,
2189 914 2272 968 vel
2305 914 2612 984 importune
2655 913 2942 970 Sollicitum
2983 929 3127 972 esse.
3173 919 3369 973 Verum
3409 931 3528 976 esto

1943 1019 2002 1062 ut
2039 1009 2154 1062 inec
2198 1009 2628 1077 importunitatis
2684 1025 2817 1064 mete
2877 1011 3204 1080 impudentia
3233 1027 3261 1064 a
3285 1013 3528 1081 quoliba

1936 1098 2253 1168 judieetur:
2286 1101 2416 1154 dum
2451 1109 2646 1155 vestrae
2683 1101 3036 1172 benignitatis
3076 1102 3358 1162 clementia
3387 1123 3414 1158 a
3449 1105 3528 1160 vi-

1942 1191 2063 1246 duis
2092 1199 2148 1246 ct
2195 1190 2455 1259 orpbauis
2509 1191 2872 1260 praedicetur,
2903 1199 2958 1245 et
2987 1207 3016 1244 a
3041 1191 3283 1255 Christo,
3336 1195 3426 1262 qui
3467 1195 3524 1250 iu

1941 1283 2050 1338 illis
2079 1283 2305 1354 recipiet
2339 1291 2394 1338 et
2417 1298 2516 1354 pro
2541 1283 2646 1339 illis
2675 1285 2965 1349 retribuet,
2995 1287 3324 1355 approbelur
3351 1288 3415 1342 “.

2473 1395 2802 1453 EPISTOLA
2849 1397 2898 1452 Χ
2927 1395 2994 1452 ⁵⁸.

2521 1503 2589 1542 AD
2629 1503 2930 1543 ιιουυιῖωι.

1939 1577 2006 1634 Se
2035 1595 2292 1649 nusquam
2317 1577 2510 1632 dixisse
2540 1578 2678 1649 quod
2726 1594 2828 1630 non
2872 1577 3096 1647 amplius
3129 1579 3175 1632 ei
3205 1595 3325 1634 suos
3364 1579 3526 1636 libro:

2009 1647 2316 1719 prwstarent
2349 1661 2367 1698 :
2395 1649 2500 1700 imo
2531 1647 2598 1700 ad
2635 1650 2814 1701 omnia
2841 1649 2888 1702 ei
2917 1649 3218 1718 prmiand
3244 1649 3443 1705 abicere
3467 1667 3540 1705 ιο.

1871 1719 1912 1778 Β
2009 1736 2120 1774 esse
2141 1737 2206 1788 pa
2215 1729 2406 1772 ratum.

2011 1807 2222 1862 Meritis
2251 1817 2308 1863 et
2351 1806 2596 1862 moribus
2635 1807 2936 1863 reverenda
2979 1808 3224 1876 domino,
3255 1810 3548 1868 charitate.

1938 1909 1994 1954 et
2023 1898 2300 1969 proposito
2327 1897 2642 1954 dulcissimo
2669 1896 2850 1964 fratri,
2887 1899 3088 1955 domno
3115 1901 3390 1968 “annuo,
3411 1900 3524 1956 fra-

1939 1999 2022 2044 ter
2049 1989 2352 2044 Ausuwus.

2005 2079 2238 2136 Litteras
2249 2079 2726 2160 veqrasJitteras,
2739 2081 2978 2150 inquam,
2993 2096 3120 2138 vere
3132 2082 3312 2138 dilecti
3327 2092 3524 2138 etvere

1936 2173 2212 2229 dilectoris
2236 2172 2342 2236 mei
2369 2172 2498 2228 olim
2513 2173 2720 2243 accepi,
2745 2188 2866 2242 quae
2892 2187 2958 2226 ex
2988 2171 3072 2228 his
3101 2189 3222 2242 qua:
3243 2173 3468 2228 interius
3488 2188 3534 2230 ι

1934 2265 2074 2321 facie
2105 2265 2374 2328 ferebant,
2405 2264 2490 2334 pia
2513 2263 2894 2334 compassione
2939 2277 3024 2318 me
3049 2273 3481 2333 compunxerunt
3501 2281 3540 2336 ς’,

1933 2357 2028 2412 sed
2051 2371 2118 2410 ex
2147 2355 2254 2418 his,
2279 2369 2400 2425 quae
2432 2355 2676 2410 exterius
2697 2369 2727 2408 a
2758 2362 2912 2426 tergo
2947 2355 3231 2425 gerebant,
3259 2353 3518 2410 intolera-
3591 2391 3594 2397 -

1934 2446 2026 2501 bili
2055 2461 2291 2502 Inmmre
2315 2461 2402 2502 me
2422 2445 2864 2500 vulneraverunt.
2889 2444 3054 2512 Cujus
3069 2443 3255 2500 livoris
3275 2445 3538 2502 dolerent.

1935 2538 2038 2594 nisi
2093 2538 2245 2608 prius
2292 2551 2388 2608 per
2431 2536 2859 2592 satisfactionem
2901 2539 3198 2606 detersero,
3243 2546 3298 2592 et
3334 2547 3538 2596 noster-

1933 2629 2148 2684 animus
2177 2629 2244 2684 ad
2271 2643 2361 2693 ea,
2391 2643 2510 2698 qua:
2536 2629 2711 2684 amica
2733 2629 3010 2684 desiderat
3027 2631 3354 2700 compassio,
3381 2645 3522 2686 mte-

1937 2733 2058 2774 rore
2085 2717 2371 2789 languidus
2417 2728 2473 2774 et
2517 2720 2726 2790 pudore
2765 2729 2952 2776 mutus
2981 2721 3215 2784 deficiet,
3243 2731 3300 2778 et
3335 2734 3540 2786 nostra,

1936 2821 2094 2866 mens
2145 2809 2482 2866 sinceritatis
2529 2811 2894 2876 dicta,-velut
2951 2811 3316 2870 simulationis
3373 2814 3516 2880 ficta.

1935 2904 2092 2972 quasi
2115 2903 2242 2975 jure
2289 2904 2571 2975 despiciet.
2602 2902 2836 2959 Omnino
2882 2904 3026 2960 enim
3067 2905 3174 2975 pati
3209 2921 3316 2962 non
3342 2915 3532 2976 potest

1935 3008 2090 3050 meus
2119 2995 2292 3061 vobis,
2315 3003 2370 3049 et
2399 2994 2612 3050 caeteris
2641 2995 2876 3050 dominis
2903 2996 3106 3052 nostris
3129 2997 3530 3064 dilectissimis,

243 3066 534 3166 ροσεξηηηι,
569 3066 1014 3170 superabundavit
1058 3066 1480 3174 graia?
1859 3066 1905 3127 (ἶ
1936 3096 2131 3139 veStrae
2155 3085 2284 3151 imo,
2311 3085 2453 3178 quod
2481 3085 2737 3178 libentius
2759 3086 2879 3178 dico
2908 3087 2952 3178 si
2978 3087 3292 3158 dignamini,
3319 3099 3530 3146 nostrat-

245 3191 402 3244 nobis
433 3191 733 3247 faciendum
759 3200 866 3257 est,
893 3199 951 3248 ut
970 3195 1060 3248 ubi
1091 3195 1330 3250 abundat
1359 3193 1576 3250 miseria
1603 3189 1650 3222 δ’
1674 3211 1834 3268 supe-

247 3283 515 3339 rnbundet
544 3285 938 3340 misericordia.
973 3285 1028 3341 Si
1057 3289 1204 3342 enim
1237 3287 1308 3342 ibi
1347 3288 1608 3344 dilatatur
1629 3291 1829 3361 gratia,

243 3374 336 3428 ubi
372 3375 546 3444 major
567 3385 648 3429 est
689 3373 940 3442 oﬂ‘ensio,
966 3377 1236 3445 quomodo
1253 3379 1834 3436 contraheturmiseri-

239 3467 448 3530 cordia,
467 3467 554 3521 ubi
581 3467 996 3536 majordebetur
1025 3469 1372 3539 compassio?
1402 3469 1664 3536 Quoniam
1693 3472 1830 3525 enim

239 3561 699 3630 quaeseminaverit
725 3560 878 3613 homo
907 3561 1016 3613 Iure
1041 3569 1087 3614 et
1115 3570 1264 3615 metet
1281 3561 1424 3631 (Gal.
1455 3577 1534 3628 Vl,
1557 3563 1652 3632 7):
1679 3561 1830 3616 Beati

245 3651 630 3716 misericordes,
663 3652 910 3717 quoniam
939 3650 1040 3719 ipsi
1064 3651 1482 3705 misericordiam
1516 3667 1832 3722 consequen-

243 3739 562 3810 tur(.ilattlz.
585 3757 638 3804 v,
669 3740 744 3808 7).
769 3740 881 3794 ilac
904 3741 1087 3810 itaque
1109 3741 1544 3798 consideratione
1563 3741 1630 3797 de
1651 3752 1832 3796 vestra

247 3831 585 3902 benignitate
608 3829 888 3887 confidens
917 3833 984 3887 ad
1016 3833 1322 3888 sanctitatis
1345 3844 1542 3888 vestra:
1568 3847 1654 3888 me
1676 3834 1836 3888 vesti-

245 3925 330 3993 gia
371 3933 552 3979 mente
599 3934 887 3994 prosterno
941 3925 1288 3981 intercedens
1315 3940 1414 3995 pro
1447 3925 1638 3980 eadem
1667 3923 1831 3978 vidua

245 4007 592 4088 paupercula,
621 4016 774 4086 cujus
814 4017 1052 4071 animam
1095 4017 1148 4071 in
1183 4016 1530 4072 tribulatione
1557 4014 1834 4070 viduitatis

249 4093 303 4158 et
334 4107 670 4175 paupertatis
701 4107 1128 4162 misericorditer
1151 4113 1375 4177 propter
1403 4105 1572 4160 Deum
1609 4104 1833 4175 refrige-

249 4197 593 4263 rastis;cum
624 4198 674 4254 ei
715 4199 853 4253 illud
912 4198 958 4231 ⁸³
1015 4197 1278 4252 tantillum
1325 4197 1553 4262 servitii,
1603 4198 1745 4267 quod
1800 4213 1832 4252 a

245 4289 574 4357 paupercula
605 4299 798 4345 vestrae
827 4287 1528 4360 magnitudinisolvebatur,
1553 4305 1637 4344 me
1661 4291 1830 4344 inter-

1933 3177 2378 3246 eongregatiouis
2404 3173 2668 3231 fr'atribus
2691 3175 3044 3232 devotissima
3065 3179 3133 3244 “,
3161 3179 3404 3244 omnino,
3437 3180 3521 3234 in-

1933 3283 2122 3340 quam,
2165 3269 2280 3340 pati
2323 3285 2429 3324 non
2459 3278 2660 3340 potest,
2693 3279 2750 3324 ut
2795 3271 2878 3325 vel
2923 3271 3274 3341 suspicemini
3323 3287 3392 3328 ex
3422 3289 3520 3328 ore

1936 3377 2058 3416 meo
2079 3362 2302 3428 exiisse,
2334 3361 2480 3430 quod
2517 3377 2626 3416 non
2656 3361 2888 3432 amplius
2926 3363 3078 3418 vobis
3106 3362 3273 3418 libros
3303 3372 3520 3420 nostros

1934 3456 2349 3524 prtestabimus:
2380 3455 2482 3510 hoc
2523 3468 2758 3526 namque
2787 3456 2832 3512 si
2855 3472 3096 3527 unquam
3123 3458 3306 3516 dicere
3333 3459 3518 3529 potui,

1933 3555 1987 3601 et
2014 3561 2108 3602 vos
2135 3545 2364 3610 credite,
2389 3553 2444 3600 et
2469 3560 2570 3616 ego
2609 3546 2910 3602 confitebor
2941 3563 3029 3604 me
3055 3563 3332 3620 nunquam
3361 3549 3518 3608 vobis

1933 3639 2166 3692 amicum
2193 3637 2362 3694 fuisse
2381 3649 2668 3706 Veracem,
2697 3638 2792 3694 sed
2831 3640 3202 3698 simulatorem
3242 3639 3516 3698 fallacem.

1934 3729 2214 3795 Quomodo
2235 3731 2404 3794 enim,
2437 3739 2702 3798 quantum
2726 3731 2794 3784 ad
2817 3745 2906 3786 me
2934 3733 3152 3798 attinet,
3183 3732 3386 3802 aliquid
3413 3733 3538 3790 illis.

1936 3836 2156 3890 possum
2185 3833 2408 3890 negare,
2469 3834 2570 3888 pro
2608 3819 2808 3890 quibus
2854 3823 3092 3878 animam
3139 3839 3247 3878 non
3277 3823 3520 3882 dubitent

1937 3914 2102 3969 dare?
2127 3912 2282 3980 Quod
2313 3922 2493 3968 tamen
2528 3915 2574 3970 si
2601 3931 2706 3985 qua
2737 3931 2856 3971 mea
2884 3930 2992 3970 non
3015 3915 3262 3972 cruditas
3283 3917 3532 3982 ventris._

1936 4005 2030 4060 sed
2053 4005 2352 4061 crudelitas
2377 4005 2574 4060 mentis
2601 4005 2964 4071 evomuisset,
2993 4014 3100 4066 tam
3132 4004 3350 4061 sublimi
3383 4004 3518 4066 illud

1937 4093 2267 4161 lmmilitate,
2298 4103 2406 4150 tam
2438 4093 2750 4151 admirabili
2789 4097 3072 4166 patientia,
3105 4103 3214 4156 tam
3247 4095 3519 4158 submissa

1935 4185 2314 4242 satisfactione
2361 4195 2417 4242 et
2450 4188 2812 4245 satisfacienti
2839 4187 3204 4246 s'ubmissione
3233 4186 3518 4254 retulistis,

1935 4291 1996 4337 ut
2021 4297 2109 4338 me
2140 4282 2275 4338 nihil
2305 4297 2544 4354 unquam
2573 4282 2752 4338 simile
2779 4282 2986 4338 dixisse
3012 4279 3330 4349 profundius
3351 4283 3520 4349 pude.

245 4378 520 4443 veniente,
541 4377 1237 4448 relaxastis.Prccorigitur
1257 4378 1442 4448 quanti
1461 4379 1613 4432 valeo
1627 4380 1830 4449 suppli-
1859 4405 1908 4464 υ
1938 4387 2042 4442 ret,
2067 4375 2148 4430 vel
2177 4375 2340 4432 altius
2363 4377 2670 4446 pmniteret.
2693 4374 2928 4429 Litteras
2945 4388 3190 4444 quoque,
3221 4389 3340 4445 qua:
3365 4373 3522 4434 vobis

245 4471 572 4533 cationibus,
601 4477 660 4524 ut
689 4486 906 4524 manum
949 4471 1358 4536 consolationis,
1404 4485 1566 4541 quam
1607 4471 1655 4525 ei
1703 4486 1826 4540 por-

245 4559 464 4614 rexistis
487 4575 608 4613 cum
637 4567 845 4616 tantum
865 4561 1124 4617 viduitate
1143 4553 1528 4632 etpaupertate
1556 4579 1830 4632 premere-

247 4659 356 4712 tur,
389 4667 532 4706 nunc
564 4667 634 4707 ne
657 4653 977 4718 retrahatis;
1009 4669 1132 4710 cum
1157 4655 1524 4725 multiplicatis
1550 4656 1828 4718 aerumnis,

242 4739 407 4794 etiam
438 4741 621 4798 dolore
647 4743 885 4798 defuncti
915 4743 1034 4812 filii,
1065 4745 1248 4799 anima
1301 4744 1419 4814 ejus
1447 4745 1830 4801 miserabiliter

248 4839 552 4901 torquetur.
585 4833 652 4887 Et
677 4832 893 4902 quidem
914 4834 1030 4888 scio
1049 4835 1174 4904 quia
1193 4835 1626 4904 praesumptionis
1647 4835 1832 4889 existi-

243 4923 381 4976 mari
407 4932 588 4992 queat,
615 4923 761 4993 quod
787 4923 1083 4980 homuncio
1103 4925 1213 4996 (cui
1239 4925 1374 4980 nihil
1395 4925 1642 4989 debetur,
1669 4923 1828 4994 etqui

1934 4481 2032 4536 pro
2061 4467 2408 4521 remittendis
2431 4466 2586 4520 libris
2609 4467 2790 4520 missa:
2817 4477 2964 4531 sunt,
2993 4481 3094 4522 nec
3111 4467 3186 4522 ita
3213 4465 3328 4521 fieri
3344 4465 3515 4536 jussi;

1935 4573 2034 4611 nec
2065 4565 2192 4611 ante
2227 4555 2612 4611 recitationem
2639 4569 2854 4621 eorum,
2881 4557 2972 4626 qui
2997 4555 3166 4611 libros
3191 4553 3516 4620 attulerunt,

1933 4647 2008 4700 ita
2049 4646 2219 4701 factas
2243 4659 2366 4700 esse
2411 4645 2566 4700 scivi.
2607 4643 2838 4702 Domino
2865 4646 3030 4717 igitur
3079 4645 3280 4700 abbate
3325 4659 3520 4700 conce-

1933 4736 2114 4801 dente,
2143 4751 2228 4792 me
2253 4736 2496 4803 volente,
2521 4737 2668 4792 nullo
2697 4737 2922 4796 fratrum
2975 4738 3284 4804 resistente,
3305 4745 3515 4802 nostro,

1935 4829 2142 4898 pariter
2193 4836 2251 4884 et
2298 4837 2483 4886 vestro
2536 4839 2888 4900 compensate
2925 4832 3230 4892 commodo,
3279 4831 3517 4884 libenter

1933 4921 2086 4979 vobis
2113 4935 2468 4992 quoscunque
2493 4921 2682 4988 libros,
2713 4921 2796 4978 vel
2831 4924 3010 4993 potius
3031 4936 3368 4994 quaecunque
3415 4921 3514 4976 ba-

1554 5059 1784 5116 VARIIE
1821 5059 2225 5118 LECTIONES.

318 5196 363 5226 "
399 5195 654 5250 irrisione
684 5195 735 5248 in
775 5204 1036 5252 :rternum
1061 5213 1126 5250 ex
1151 5197 1472 5252 necessitate
1503 5213 1631 5252 mss.
1662 5197 1912 5252 irrisione
1933 5210 1998 5250 ex
2019 5196 2364 5249 lneeessuate
2437 5193 2480 5224 ⁸⁸
2521 5192 2778 5246 Dominus
2814 5190 3166 5260 Gundnlpbus
3201 5207 3324 5260 mss.
3355 5191 3518 5247 Dom-

241 5283 342 5322 nus
370 5265 722 5334 GOIllillipilllS
793 5266 834 5298 “
863 5267 1069 5321 Collnta
1091 5285 1209 5322 cum
1249 5269 1514 5335 praedictis
1552 5272 1755 5321 duobus
1795 5267 1930 5320 Vict.

1141 5337 1188 5369 “
1214 5331 1574 5406 A'pprobetur.
1618 5355 1718 5390 ms.
1751 5339 1802 5391 i.
1855 5337 1967 5390 Ιιιιό
2007 5337 2154 5388 addit
2191 5349 2209 5386 :
2240 5351 2357 5402 qum
2387 5343 2508 5386 sunt
2537 5349 2660 5406 pars
2690 5333 2842 5399 epist.
2887 5331 2940 5406 7_.
2999 5331 3264 5406 U_t_igitur
3298 5334 3516 5406 laudent

241 5339 288 5391 ei
337 5337 463 5388 illud
494 5351 592 5390 ms.
623 5336 673 5389 1.
717 5353 840 5390 cum
901 5337 1028 5391 illud

2005 5265 2050 5296 ⁵³
2079 5265 2328 5319 Abundet
2351 5263 2568 5317 miseria
2593 5277 2719 5315 mss.
2755 5261 2994 5316 abundat
3019 5259 3236 5316 miseria
3308 5259 3354 5294 ⁸³
3383 5265 3515 5316 (lum

241 5415 488 5482 nostram
513 5415 568 5458 et
593 5415 650 5482 ut
676 5409 838 5482 credo
869 5418 1018 5482 tuam
1047 5401 1374 5482 sententiam
1399 5423 1560 5482 super
1586 5417 1802 5482 luort_uu_
1825 5417 2040 5460 actuum
2068 5401 2386 5482 acceptione
2411 5401 2757 5482 propaletpus
2791 5401 3092 5482 :ﬁtticquid
3131 5417 3279 5482 e_rga_
3307 5417 3404 5482 nos
3431 5403 3517 5482 vel

242 5477 539 5546 quemlibet
572 5475 733 5548 alium
764 5477 1102 5548 laudabiliter
1129 5479 1274 5548 agis,
1305 5471 1674 5548 gratissimum
1721 5478 2000 5548 habemus,
2028 5476 2133 5548 sed
2161 5471 2351 5528 laudes
2378 5471 2494 5544 ejus
2514 5471 2584 5528 'in
2615 5471 2962 5548 illum__dietn,
2991 5487 3114 5526 cutn
3157 5471 3520 5534 laudabuntur

241 5545 455 5618 manus
473 5545 606 5600 recti
631 5548 816 5618 corde,
847 5555 901 5600 et
930 5563 1054 5602 eum
1083 5545 1198 5602 laus
1236 5545 1342 5618 erit
1371 5547 1665 5618 unicuique
1689 5563 1718 5602 a
1747 5547 1874 5609 Deo.
1906 5545 2202 5608 servandas
2223 5559 2512 5604 censemus

240 5620 377 5684 pturi
421 5616 552 5673 Vict.
627 5615 674 5650 “
701 5617 1073 5675 Devotissimis
1101 5633 1200 5673 ms.
1228 5615 1580 5684 devotissima

2611 5543 2656 5575 ⁸⁵
2685 5539 2892 5603 Collata
2919 5558 3040 5606 cum
3072 5557 3306 5608 unquis.
3336 5557 3516 5598 exem-
