3872 6028
381 125 520 191 {675

878 132 934 184 S.
969 131 1267 187 ANSELMI
1305 136 1654 196 CANI‘UAB.
1691 129 2008 187 ARCIIIEP.
2045 127 2193 184 OPP.
2235 127 2413 182 PARS
2451 127 2538 182 Ill.
2568 126 3034 183 --ιῖΡΙΒΤΟΙλᾹί⁸

3511 123 3676 184 ιοτσ

379 241 592 305 bemus,
628 243 906 298 mittemus
961 247 1178 314 quando
1233 247 1492 318 exigetis;
1538 262 1675 317 quos
1719 259 1844 299 vero
1889 244 2029 302 (ιο-Α
2057 241 2228 310 possit
2257 256 2394 295 esse.
2429 239 2531 307 Qui
2561 239 2603 294 si
2639 255 2736 294 nos
2770 239 2958 293 audire
3001 237 3345 307 dignabitur,
3388 237 3522 316 talis
3562 242 3672 307 sit,

381 333 580 387 nostris
633 346 729 385 vos
779 333 1008 400 habetis,
1043 335 1377 391 dimittemus
1407 336 1640 406 quandiu
1683 334 1952 404 indigetis.

381 422 756 478 Delectabilius
778 424 1114 491 scripsissem
1133 427 1455 482 charissima
1481 443 1602 481 meo
1627 427 1677 480 iu
1694 424 1956 496 spirituali

379 515 676 570 certamine
730 516 1026 583 anhelanti,
1059 527 1117 571 et
1165 519 1325 573 amici
1362 519 1792 587 compassionem
1856 517 1959 587 piis

379 608 668 676 gemitibus
699 611 1044 676 provocanti,
1070 609 1322 665 licet'non
1345 611 1626 679 indigenti,
1655 612 1748 664 sed
1780 620 1955 664 tamen

379 700 611 768 cupienti
644 701 854 768 qualem
888 717 1099 771 possem
1156 702 1608 769 confortatioaem
1629 741 1642 768 ,
1675 691 1959 772 quampne

378 791 469 858 qui
496 792 506 842 l
537 791 601 846 de
639 807 724 846 me
773 792 1052 848 inimicum
1106 796 1314 850 amicus
1343 797 1610 858 crederet,
1653 795 1756 848 mei
1793 808 1955 848 excu—

375 881 657 936 sationem.
697 881 802 936 Sed
856 885 1110 951 quoniam
1165 894 1220 940 et
1251 886 1377 938 illud
1407 885 1513 940 erit
1566 885 1956 954 recuperahilc,

375 978 429 1022 et
465 971 566 1026 hoc
598 972 706 1038 pati
739 973 916 1028 amico
941 983 1060 1029 erat
1111 975 1473 1040 intolerabile,
1505 989 1604 1030 nec
1653 974 1957 1044 epistolaris

373 1062 418 1092 ν’
448 1064 694 1134 angustia
721 1072 934 1132 poterat
973 1067 1023 1120 in
1057 1074 1285 1134 utroque
1311 1065 1536 1122 afl'cetus
1562 1082 1752 1136 capere
1783 1067 1958 1119 latitu-

373 1155 574 1216 dinem,
594 1151 762 1226 316
795 1156 978 1211 distuli
1005 1160 1147 1226 quod
1172 1158 1497 1220 delectabat,
1523 1167 1582 1211 ut
1609 1157 1954 1212 excluderem

372 1247 514 1314 quod
548 1247 793 1302 hedebat.
821 1249 970 1302 Adeo
995 1250 1159 1312 enim,
1187 1248 1354 1304 frater
1377 1250 1741 1311 dilectissime,
1768 1249 1832 1302 de
1855 1258 1956 1302 tuae

370 1337 610 1404 puritate
642 1326 1104 1394 charitatisomni
1161 1339 1320 1394 modo
1351 1357 1468 1394 sum
1495 1351 1698 1404 certus,
1727 1350 1786 1394 ut
1816 1340 1858 1393 si
1889 1341 1955 1394 de

370 1443 488 1482 mea
517 1443 642 1498 erga
683 1441 733 1483 te
773 1430 1064 1499 quidquam
1089 1431 1389 1485 credideris
1423 1432 1783 1490 imminutum,
1819 1431 1873 1483 id
1905 1440 1955 1483 te

369 1522 487 1574 sine
516 1523 734 1578 tristitia
768 1522 848 1577 vel
876 1524 1116 1593 cogitare
1145 1539 1248 1576 nou
1277 1538 1435 1592 posse
1476 1523 1619 1574 nullo
1660 1523 1818 1576 modo
1848 1522 1950 1575 sim

2060 347 2127 387 eo
2149 331 2392 401 juvante,
2417 329 2612 387 'nostra
2635 331 2986 395 cohabitatio,
3012 339 3071 383 ut
3099 339 3206 384 tota
3236 331 3289 384 in
3320 330 3430 384 vita
3461 341 3677 389 nostra

2062 424 2133 479 sit
2164 424 2236 478 illi
2267 423 2584 493 gratiarum
2634 422 2794 477 actio.
2848 421 3116 487 Quoniam
3165 429 3346 476 autem
3398 437 3507 476 nec
3533 435 3672 492 ego,

2063 530 2162 569 nec
2196 523 2251 568 tu
2284 513 2453 568 nostri
2485 527 2693 574 sumus,
2741 513 2849 565 sive
2887 512 3025 565 enim
3063 511 3302 576 vivimus,
3342 513 3452 566 sive
3496 515 3675 566 mori-

2061 623 2199 668 mur,
2239 605 2452 659 Domini
2473 622 2652 658 sumus
2687 603 2867 672 (llam.
2907 618 3020 670 xtv,
3047 603 3134 674 8);
3162 604 3208 657 si
3252 603 3439 668 aliter,
3490 620 3671 674 quam

2062 699 2311 764 velimus,
2368 697 2696 769 disposuerit
2736 712 2855 761 nos,
2905 695 3000 766 qui
3046 696 3194 751 novit
3223 696 3422 751 melius
3475 698 3670 766 nobis,

2060 788 2188 858 quid
2222 788 2431 855 placeat
2462 788 2586 851 sibi,
2626 786 2708 842 vel
2740 785 2987 856 expediat
3040 784 3228 849 nobis,
3263 786 3552 854 patienter
3586 797 3670 840 to-

2061 878 2299 932 leremus
2320 877 2582 947 quidquid
2624 876 2700 930 illi
2731 877 2796 931 de
2826 875 2982 930 nobis
3025 874 3364 929 senserimus
3406 875 3664 944 placere,

2060 972 2107 1026 si
2139 968 2411 1024 noluimus
2436 969 2537 1038 ipsi
2587 983 2694 1024 nos
2724 966 3038 1036 displicere.
3069 964 3240 1032 Quam
3275 964 3428 1018 enim
3471 963 3668 1019 brevis

2059 1074 2141 1122 est
2166 1066 2274 1120 vita
2309 1073 2520 1129 nostra,
2548 1072 2658 1116 tam
2685 1075 2849 1131 prope
2869 1069 2969 1123 est,
2999 1067 3060 1112 ut
3089 1061 3154 1114 de
3188 1058 3355 1128 ipsius
3379 1067 3438 1112 et
3467 1068 3665 1112 nostra

2060 1167 2244 1212 mutua
2283 1156 2570 1228 praasentia
2593 1155 2706 1225 jam
2758 1168 2863 1208 non
2893 1151 3124 1221 amplius
3167 1150 3477 1204 divellenda
3530 1165 3665 1204 eoa.

2057 1251 2424 1320 gratulentur;
2459 1250 2527 1315 si,
2555 1248 2675 1318 ipso
2715 1246 2897 1308 dante,
2929 1245 2984 1298 in
3024 1245 3276 1298 omnibus
3317 1242 3394 1296 illi
3431 1244 3663 1311 acquieo

2057 1340 2258 1396 scendo
2287 1341 2430 1395 hanc
2453 1340 2624 1410 ipsam
2649 1336 2972 1390 brevitatem
3005 1343 3388 1388 transcurrere
3416 1333 3662 1386 vitaacn-

2057 1449 2268 1488 remus.
2300 1433 2522 1487 Interim
2551 1440 2730 1486 tamen
2761 1441 3098 1496 quaecunque
3123 1440 3224 1480 nos
3255 1424 3543 1488 locorum,
3576 1425 3658 1480 vel

2057 1527 2432 1597 prOpiuquitas
2483 1525 2782 1590 contineat,
2811 1521 2896 1577 vel
2940 1517 3307 1587 longinquitas
3357 1517 3656 1584 distineat,

367 1622 570 1666 certus.
641 1613 921 1679 Quomodo
975 1617 1136 1684 igitur
1180 1631 1397 1686 possum
1453 1631 1558 1668 non
1589 1614 1882 1670 transferre
1908 1614 1954 1647 ⁴⁸
1987 1585 2031 1642 Β
2059 1617 2302 1672 charitas
2343 1632 2563 1687 semper
2610 1629 2777 1670 unum
2831 1613 2896 1667 de
2954 1610 3165 1664 duobus
3212 1609 3372 1663 nobis
3405 1610 3656 1663 animum

370 1702 515 1755 illum
541 1691 778 1758 dolorem
805 1705 856 1758 in
880 1707 1118 1759 animum
1144 1720 1351 1772 meum;
1389 1707 1467 1760 vel
1492 1707 1669 1775 potius
1685 1708 1956 1776 quomodo

370 1813 475 1848 ron
505 1798 680 1852 dicam
720 1797 866 1851 ῒΙΙιιιιι
901 1799 1171 1853 dolentem
1203 1800 1444 1852 anirmtm
1472 1814 1592 1853 esse
1623 1813 1824 1864 meum,
1857 1801 1948 1868 qui

373 1891 451 1941 sit:
480 1889 623 1943 dolet
646 1901 867 1958 propter
895 1908 1132 1946 amorem
1168 1894 1381 1946 meum?
1413 1893 1564 1962 Rogo
1603 1892 1789 1962 igitur,
1819 1893 1952 1948 cha-

374 1982 611 2045 rissime,
649 1993 705 2035 ut
736 1985 779 2037 si
810 1985 937 2053 quid
983 1986 1236 2056 deinceps
1278 1987 1516 2042 audieris
1547 1987 1613 2055 de
1666 2001 1771 2054 me,
1807 1989 1949 2057 quod

368 2087 495 2141 erga
526 2082 577 2127 te
605 2085 758 2128 extra
791 2075 1028 2146 regulam
1065 2077 1313 2130 videatur
1337 2077 1646 2142 charitatis,
1686 2094 1790 2132 non
1823 2093 1945 2133 cre-

368 2166 458 2218 dat
501 2165 601 2219 hoc
652 2165 1014 2221 indiseussum
1067 2169 1281 2222 animus
1335 2177 1464 2222 tuus
1511 2167 1648 2223 alter
1674 2184 1847 2237 meus,
1882 2185 1951 2224 ne

367 2256 594 2314 laniatur
622 2259 835 2312 animus
868 2274 1021 2314 meus
1072 2260 1210 2314 alter
1265 2269 1410 2314 tuus.
1440 2258 1626 2314 Saluta
1657 2277 1724 2315 ex
1764 2272 1947 2317 nostra

366 2357 520 2416 parte
543 2363 735 2403 omnes
762 2350 1010 2404 dominos
1039 2366 1190 2406 meos
1217 2351 1414 2407 fratres
1456 2365 1578 2410 tuos
1603 2372 1615 2407 :
1651 2355 1792 2408 inter
1813 2369 1950 2423 quos

364 2439 508 2492 enim
542 2440 746 2494 nullum
780 2443 1024 2497 invenire
1054 2458 1275 2512 possunt
1309 2460 1415 2499 non
1439 2445 1720 2510 dilectum,
1753 2461 1819 2500 ex
1844 2444 1950 2500 illis

366 2527 576 2581 nullum
631 2529 835 2600 eligere
889 2547 1108 2602 possum
1163 2543 1221 2588 ut
1266 2535 1543 2590 dilectum.
1595 2535 1696 2603 Qui
1767 2545 1947 2590 tamen

365 2617 698 2674 diuturniori-
728 2624 1061 2692 experientia
1086 2625 1207 2692 plus
1238 2637 1414 2681 tecum
1439 2627 1506 2682 de
1532 2642 1650 2682 mea
1677 2626 1945 2682 confidant

367 2709 648 2776 fidelitate,
680 2728 779 2768 nec
814 2724 982 2782 tuam,
1013 2732 1113 2773 nec
1135 2718 1350 2773 illorum
1381 2718 1516 2774 latet
1555 2719 1945 2774 sinceritatem.

365 2798 498 2854 Vale
529 2813 602 2866 tu,
631 2814 686 2858 et
709 2804 923 2860 valeant
957 2807 1051 2861 illi.

886 2917 1218 2976 EPISTULA
1254 2920 1326 2976 XI
1363 2920 1431 2978 δ’,

982 3028 1050 3066 AD
1090 3029 1331 3070 EUMDEM.

363 3116 876 3197 Rodullunrerigit,
925 3142 1076 3197 quem
1123 3127 1481 3194 prteposilum:
1527 3130 1733 3197 negotia
1763 3145 1794 3180 α
1823 3125 1947 3196 Ἰνε-

433 3195 716 3260 quentioris
769 3195 1003 3248 lectionis
1031 3205 1079 3248 et
1120 3199 1374 3250 orationis
1423 3195 1945 3265 oper-eirevocabam,

434 3276 480 3317 et
509 3266 598 3331 qui
623 3281 678 3316 se
706 3264 812 3318 illis
840 3268 1090 3335 imparem
1111 3266 1409 3335 judicabat.

436 3358 711 3418 Renum),
744 3355 894 3409 fratri
925 3371 1052 3410 vere
1085 3357 1304 3421 dilecto,
1335 3358 1505 3412 frater
1530 3359 1832 3413 ANSELMUS.

383 3469 392 3476 λ
440 3450 507 3500 Ut
534 3460 636 3498 nec
663 3453 874 3498 taceam
905 3446 1072 3499 animi
1103 3446 1298 3501 affectu
1334 3449 1666 3515 admonitus,
1701 3450 1842 3518 quod
1867 3450 1951 3503 di-

365 3551 492 3590 cere
541 3552 648 3591 non
694 3538 867 3589 audeo
913 3537 1111 3590 vestris
1157 3538 1354 3592 litteris
1395 3540 1732 3607 prohibitus,
1786 3555 1944 3610 quem

364 3628 518 3681 timui
549 3627 825 3683 dominum
858 3642 1034 3682 meum
1065 3641 1256 3682 vocare
1293 3629 1341 3681 in
1366 3629 1713 3694 salutatione,
1737 3632 1948 3686 audebo

366 3721 557 3773 saltem
585 3720 872 3774 ostendere
919 3735 1007 3774 me
1055 3734 1272 3773 servum
1307 3719 1422 3789 ejus
1453 3721 1505 3774 in
1545 3722 1786 3788 epistola:
1826 3738 1948 3791 pro-

363 3812 659 3866 secutione.
699 3811 755 3866 ln
783 3827 948 3881 quam
985 3812 1129 3866 enim
1162 3813 1430 3866 charitate
1474 3813 1637 3884 diligo
1671 3815 1946 3869 dondnmn

364 3901 655 3956 Rodulfum
687 3910 743 3955 ut
770 3902 993 3956 fratrem
1028 3918 1161 3957 mea:
1193 3919 1296 3956 non
1341 3905 1543 3967 carnis,
1586 3905 1682 3959 sed
1713 3907 1908 3961 anima:
1929 3947 1946 3972 ,

363 3995 416 4047 in
466 3994 582 4063 ipsa
650 3994 825 4048 eidem
902 3996 1110 4049 servire
1156 4003 1379 4064 paratus
1445 4011 1587 4062 smn,
1642 4006 1700 4050 ut
1732 4012 1944 4052 servus.

363 4085 705 4155 Quapropter
726 4086 771 4138 si
814 4087 916 4140 hoc
947 4101 1035 4139 me
1073 4085 1277 4153 iubetis
1314 4096 1516 4152 tacere,
1548 4089 1692 4157 quod
1735 4091 1942 4160 utique,

365 4187 425 4230 ut
450 4194 518 4231 ex
542 4178 872 4233 conscientia
901 4178 1111 4246 loquar,
1141 4177 1270 4232 mihi
1303 4179 1434 4232 estis
1463 4194 1531 4234 ex
1578 4197 1786 4235 morum
1814 4198 1944 4251 qua-

2055 1709 2327 1764 conficiat.
2364 1709 2448 1764 Ad
2484 1708 2613 1763 illud
2643 1723 2772 1762 vero
2798 1705 2940 1777 quod
2964 1716 3049 1756 me
3079 1711 3188 1754 tam
3225 1701 3463 1758 sollicite
3489 1719 3659 1773 rogas

2056 1801 2350 1870 impetrare
2373 1801 2442 1854 ah
2470 1799 2881 1869 archiepiscopo
2911 1795 3238 1859 Lanfranco,
3274 1810 3401 1849 cum
3435 1794 3506 1848 de
3537 1793 3657 1848 An-

2053 1893 2158 1964 glia
2190 1893 2402 1948 venerit
2424 1893 2470 1947 si
2508 1907 2720 1946 mecum
2754 1905 3002 1946 essenon
3043 1887 3248 1959 poteris
3274 1929 3290 1953 ,
3336 1886 3656 1956 respondeo

2052 1987 2179 2056 quia
2234 1986 2376 2040 sicut
2406 1985 2472 2039 de
2512 1994 2562 2039 te
2586 1983 2731 2054 quod
2783 1983 2892 2037 Deo
2935 1980 3146 2052 gratius
3171 1987 3226 2034 et
3273 1978 3367 2032 tibi
3403 1977 3658 2047 intelligo

2051 2077 2238 2132 utilius
2270 2075 2544 2141 desidero,
2594 2075 2668 2128 ita
2714 2072 2958 2128 conabor
2991 2081 3050 2126 ut
3077 2071 3191 2134 fiat,
3227 2069 3273 2124 si
3305 2080 3532 2139 potero.
3568 2068 3654 2122 In.

2053 2167 2208 2220 terim
2234 2165 2502 2234 hilariter,
2525 2164 2668 2235 quod
2697 2164 2833 2234 agis,
2862 2176 2999 2234 age:
3030 2162 3173 2232 quod
3201 2159 3479 2231 operaris,
3514 2173 3650 2230 ορατ

2053 2271 2174 2311 rare
2199 2275 2210 2310 :
2242 2256 2461 2310 hilarem
2490 2258 2626 2310 enim
2656 2255 2894 2309 datorem
2921 2254 3090 2322 diligit
3119 2253 3256 2306 Deus
3282 2250 3367 2322 (11
3394 2251 3522 2305 Cor.
3547 2253 3650 2320 Ix).

2051 2349 2204 2416 Quod
2235 2364 2364 2403 vero
2395 2363 2494 2420 per
2522 2348 2625 2402 hoc
2645 2347 2786 2416 quod
2813 2347 2948 2418 agis,
2981 2345 3337 2415 conquereris
3366 2360 3397 2398 a
3431 2343 3650 2414 legendi

2049 2441 2134 2494 vel
2162 2440 2349 2495 orandi
2404 2448 2454 2494 te
2485 2438 2770 2508 praepediri
2823 2437 3081 2492 instantia
3110 2478 3125 2501 ,
3161 2437 3234 2490 sit
3271 2435 3368 2490 tibi
3401 2436 3503 2488 hoc
3537 2451 3646 2488 non

2050 2532 2260 2587 modica
2291 2531 2616 2595 consolatio,
2646 2529 2770 2599 quia
2797 2528 3029 2582 charitas
3059 2527 3224 2597 operit
3248 2525 3650 2578 multitudinem

2048 2635 2379 2695 peccatorum
2403 2621 2453 2694 (1
2516 2619 2659 2676 Petr.
2686 2639 2758 2686 iv,
2793 2619 2870 2692 8).
2895 2619 2954 2675 In
2979 2635 3088 2690 quo
3128 2617 3274 2674 enim
3309 2626 3362 2674 tu
3392 2616 3646 2672 retrahe-

2050 2715 2146 2777 ris,
2176 2714 2316 2769 alius
2351 2712 2673 2777 attrahitur;
2709 2711 2761 2766 in
2794 2726 2902 2781 quo
2934 2719 2986 2764 tu
3017 2709 3294 2772 curvaris,
3349 2709 3487 2762 alius
3525 2709 3646 2762 eri-

2049 2807 2227 2877 gitur;
2295 2805 2346 2859 in
2404 2818 2512 2873 qoo
2593 2815 2648 2858 tu
2710 2803 2993 2872 gravaris,
3047 2801 3184 2855 alius
3267 2811 3540 2870 portatur.
3582 2799 3655 2854 Et

1975 2931 2019 2991 ρ
2053 2909 2328 2954 memento
2357 2899 2483 2969 quia
2531 2910 2745 2960 servus,
2772 2895 2864 2965 qui
2895 2910 3096 2948 vacuus
3125 2896 3335 2948 domum
3362 2893 3528 2955 redit,
3550 2907 3654 2947 ve-

2051 2992 2220 3046 locius
2236 2991 2438 3054 currit;
2468 2990 2562 3046 sed
2593 2995 2819 3043 onerato
2847 2987 3040 3040 domus
3070 2994 3172 3039 tota
3222 2983 3390 3036 laetior
3433 2997 3656 3036 occur-

2052 3084 2140 3138 rit.
2177 3081 2290 3137 Nec
2316 3081 2439 3151 quia
2469 3080 2676 3134 tardius
2703 3078 2928 3141 venit“,
2946 3093 2976 3131 a
3005 3090 3260 3146 quoquam
3284 3073 3658 3143 corripitur;

2049 3173 2143 3227 sed
2219 3172 2342 3242 quia
2392 3169 2598 3224 utiliter
2649 3177 2733 3223 est
2791 3167 3060 3236 fatigatus,
3099 3164 3384 3234 quiescere
3435 3165 3649 3233 preci-

2050 3267 2214 3333 pitur.
2265 3264 2321 3317 Si
2357 3278 2486 3318 vero
2517 3262 2654 3316 dicis
2692 3261 2814 3331 quia
2854 3261 3095 3331 injuneto
3125 3258 3218 3310 tibi
3273 3249 3453 3310 officio
3494 3265 3643 3310 stre-

2051 3359 2252 3420 nuitas,
2306 3355 2389 3410 vel
2444 3353 2711 3409 industria
2738 3362 2849 3420 ,tua
2895 3368 2999 3406 non
3028 3349 3226 3404 suflicit
3261 3389 3277 3413 ,
3334 3349 3664 3434 respondeo.

2050 3453 2345 3508 secundum
2379 3459 2526 3505 tuam
2550 3450 2616 3504 de
2641 3458 2691 3503 te
2713 3447 3192 3505 existimationem.
3213 3459 3315 3498 non
3339 3443 3644 3496 secmidum

2051 3559 2245 3605 meam,
2283 3543 2410 3612 quia
2441 3556 2540 3596 nec
2566 3539 2759 3594 oculus
2785 3540 2962 3609 lippus
3002 3548 3057 3591 et
3099 3536 3250 3591 solus
3275 3536 3329 3588 in
3356 3536 3529 3602 capite
3557 3537 3646 3585 vi-

2049 3637 2206 3692 dendi
2230 3636 2464 3690 ofﬁcium
2499 3633 2717 3703 explere
2740 3631 2938 3686 sullicit
2959 3671 2975 3696 ,
3009 3638 3064 3686 et
3095 3639 3276 3683 uitrico
3303 3627 3372 3681 ab
3399 3643 3465 3682 eo
3497 3627 3645 3695 quod

2051 3737 2274 3798 postest,
2303 3726 2428 3796 quia
2459 3725 2604 3781 solus
2628 3725 2679 3778 id
2705 3726 2758 3778 in
2782 3739 2880 3778 suo
2895 3737 3125 3791 corpore
3154 3729 3358 3790 potest,
3377 3736 3486 3773 non
3511 3721 3646 3772 defi-

2050 3819 2143 3872 cit.
2168 3817 2432 3883 Quoniam
2464 3831 2592 3869 vero
2615 3815 2729 3884 jam
2770 3813 2984 3869 modum
3025 3813 3240 3866 excedit
3268 3811 3534 3879 epistola,
3576 3820 3636 3863 et

2049 3910 2152 3962 alia
2175 3924 2294 3977 qua:
2320 3907 2608 3978 scripsisti,
2635 3906 2754 3976 plus
2775 3914 2936 3974 egent
2957 3904 3251 3973 colloquio,
3304 3918 3472 3970 quam
3500 3902 3638 3955 scri-

2049 3987 2344 4070 ptura,qua
2361 3999 2640 4052 abundant
2662 3998 2801 4052 sacri
2827 3996 2947 4050 libri
2975 4011 2989 4048 :
3015 4011 3076 4050 ea
3104 3993 3322 4048 interim
3346 3994 3460 4047 Deo
3475 3992 3644 4045 fiden-

2051 4102 2132 4147 ter
2153 4092 2578 4152 committentes,
2608 4099 2663 4143 et
2687 4089 2920 4142 assiduis
2947 4085 3288 4143 orationibus
3308 4100 3642 4154 prosequen-

2051 4193 2152 4246 tes,
2181 4182 2508 4250 colloquium
2541 4182 2657 4250 pari
2690 4189 2814 4235 voto
2840 4189 3236 4249 cXSpectcmus,
3268 4187 3327 4230 et
3353 4175 3644 4246 epistolam

362 4268 542 4334 litate,
575 4269 658 4325 vel
681 4270 782 4324 hoc
810 4270 938 4323 mihi
982 4269 1144 4324 liceat
1167 4271 1440 4335 confiteri,
1471 4274 1613 4342 quod
1643 4274 1794 4329 vobis
1823 4292 1941 4331 sum
1977 4270 2020 4328 D
2047 4272 2318 4328 communi
2356 4285 2622 4327 consensu
2653 4270 3027 4324 terminemus.

362 4375 430 4414 es
458 4361 630 4428 prima
672 4361 973 4415 voluntate.
1007 4343 1207 4415 Tacent
1250 4362 1417 4431 igitur
1461 4361 1630 4417 frater
1659 4365 1946 4422 Anselmus
1978 4399 1980 4401 >

362 4450 584 4505 domino
609 4467 706 4506 suo
729 4452 978 4517 Rodulfo,
1009 4463 1064 4507 et
1093 4454 1282 4522 loquar
1308 4453 1466 4510 fratri
1500 4457 1728 4512 Rodulfo
1756 4474 1945 4515 servus

365 4557 497 4594 suus
521 4543 808 4598 Anselmus
839 4547 904 4596 ⁵ο.
939 4545 1197 4610 Litteras,
1240 4547 1414 4602 frater
1455 4549 1798 4614 charissime,
1839 4561 1942 4605 tua:

364 4633 653 4687 rharitatis
682 4636 889 4704 accepi,
941 4649 995 4689 et
1019 4637 1071 4690 in
1101 4637 1205 4691 illis
1233 4639 1560 4696 desiderium
1593 4658 1770 4697 meum
1817 4642 1936 4713 legi.

365 4730 518 4798 Quod
542 4733 684 4786 enim
718 4741 768 4786 te
805 4735 1047 4790 charitas
1079 4747 1230 4793 tanto
1256 4741 1526 4796 desiderio
1553 4743 1852 4805 succendit,
1887 4751 1945 4796 ut

364 4825 674 4895 ubicunque
713 4842 985 4893 maneam,
1017 4840 1072 4884 tu
1111 4832 1188 4885 sis
1227 4848 1472 4894 mecum;
1513 4833 1652 4888 idem
1692 4844 1774 4890 est
1801 4837 1942 4904 quod

364 4929 461 4968 cor
491 4933 666 4972 meum
705 4918 920 4991 flagrat,
969 4931 1026 4974 ut
1082 4924 1390 4993 ubicunque
1439 4925 1539 4978 sim
1589 4941 1708 4995 ego,
1769 4925 1942 4980 vivam

367 5015 568 5062 tecum.
601 5009 667 5064 Et
696 5021 755 5064 ut
781 5021 835 5064 tu
875 5013 1014 5082 petis
1047 5029 1074 5066 a
1111 5028 1194 5067 me
1233 5013 1548 5077 consilium,
1581 5025 1639 5067 ut
1674 5017 1744 5068 ita
1775 5017 1943 5084 possit

365 5111 505 5164 esse,
535 5100 611 5156 sic
641 5118 741 5172 ego
787 5121 816 5157 a
871 5105 978 5160 Deo
1022 5120 1216 5175 precor
1257 5107 1539 5172 auxilium,
1569 5119 1626 5162 ut
1652 5111 1808 5167 aliter
1837 5125 1942 5164 non

2597 4361 2928 4418 EI’ISTOLA
2968 4361 3076 4414 XII.

2603 4473 2672 4510 AD
2710 4469 3077 4509 LANFRANCUH.

2438 4548 2652 4604 Gratias
2677 4549 2783 4619 agit
2821 4550 2884 4600 de
2918 4547 3238 4600 muneribus.

2121 4645 2347 4700 Domino
2394 4642 2712 4704 reverendo,
2766 4641 2914 4695 Patri
2980 4638 3276 4708 diligendo,
3338 4638 3649 4692 venerabili

2051 4740 2480 4808 archiepiscopo,
2514 4738 2849 4796 Laarnaaco,
2911 4733 3078 4787 frater
3105 4733 3391 4785 Axssuws
3413 4748 3582 4786 suus.

2121 4833 2339 4889 Gratias
2379 4848 2604 4904 magnas
2639 4832 2772 4885 dicit
2823 4831 2974 4884 vobis
3029 4829 3254 4897 epistola
3310 4837 3512 4880 nostra
3557 4842 3653 4897 pro

2053 4925 2262 4994 magnis
2294 4924 2606 4977 muneribus
2634 4935 2752 4990 qua:
2801 4920 3142 4988 suscepimus
3174 4919 3242 4972 de
3296 4928 3490 4970 vestra
3542 4920 3650 4969 Iar-

2049 5017 2248 5084 gitate;
2290 5014 2381 5068 sed
2416 5013 2571 5067 Valde
2601 5011 2833 5078 majores
2872 5011 2922 5063 in
2957 5009 3142 5064 cordis
3168 5025 3295 5062 arca
3321 5009 3490 5062 vobis
3537 5025 3652 5062 ser—

2050 5123 2373 5177 vamus,pro
2400 5105 2692 5175 majoribus
2717 5120 2838 5172 qua:
2867 5111 3112 5172 prompta
3143 5103 3349 5156 scimus
3369 5102 3430 5154 in
3463 5115 3651 5158 ves:ra

1667 5247 1901 5302 VAIIIZE
1931 5245 2333 5302 LECTIONES.

440 5371 481 5396 "
515 5369 590 5423 Ne
615 5372 920 5448 epistolaris
941 5375 1478 5448 ms._nccrpistolaris
1551 5379 1596 5410 *8
1620 5379 1784 5448 Igitur
1809 5396 1910 5431 non
1939 5381 2232 5432 transferre
2250 5395 2346 5432 ms.
2367 5379 2765 5448 igiturpossnm
2798 5393 2902 5448 non
2935 5376 3233 5448 transferre
3311 5376 3358 5407 δ’
3389 5375 3543 5431 Cum
3568 5387 3656 5432 εοέ

370 5436 488 5510 dna
519 5436 803 5510 “erupturi
841 5461 937 5499 ms.
970 5446 1161 5499 collata
1210 5436 1281 5478 ’⁵⁰
1311 5447 1514 5502 Servus
1553 5436 1834 5504 Ansclmus
1883 5467 1976 5504 ms.
2006 5467 2192 5505 servus
2223 5465 2350 5505 suus
2387 5436 2680 5504 'Ansel'mus

371 5506 516 5556 venit

2755 5448 2795 5477 ⁸³
2841 5447 3070 5502 Tardius
3113 5447 3262 5501 venit
3291 5463 3393 5502 ms.
3459 5454 3660 5505 tardus
