3898 6052
269 215 404 269 M77

271 419 626 488 benignitatis
651 419 1004 478 exundantia.
1043 426 1192 472 tanta
1209 433 1369 472 servo
1405 431 1587 476 vestro
1609 417 1858 484 amuant;

270 513 401 568 satis
429 512 606 566 claret
629 519 836 580 quanta
861 511 1140 580 opulentia
1179 526 1240 566 se
1271 511 1538 582 benignus
1567 526 1632 566 ex
1669 512 1860 566 intimo

269 615 452 660 vester
475 605 700 662 allectus
725 603 1048 665 eﬂ'underct.
1075 604 1120 658 si
1151 617 1256 672 qua
1287 604 1466 658 dilecti
1498 606 1688 670 vestri,
1717 603 1860 674 quod

267 713 378 752 non
405 699 752 767 impudenter
779 712 878 752 nec
907 697 1224 765 inexpertus
1245 696 1387 761 dico,
1419 698 1712 752 necessitas
1743 697 1861 752 cxi-

269 799 444 857 geret.
479 788 590 843 Nec
623 789 726 842 hoc
753 787 896 848 dico.
937 788 1092 857 quasi
1133 803 1362 842 munera
1399 786 1624 857 praelata
1671 797 1864 846 vestra:

275 881 626 950 pater-uitatis
657 879 914 934 allectum
943 893 1070 949 erga
1099 893 1186 932 me
1217 893 1362 934 nunc
1385 878 1622 948 primum
1653 893 1740 934 me
1769 879 1864 933 do-

269 982 432 1028 eeant
456 973 789 1042 intelligere;
821 973 916 1028 sed
951 973 1210 1041 quoniam
1241 971 1556 1042 ignoranter
1593 979 1858 1042 quantum

269 1065 340 1118 de
377 1079 440 1118 ea
471 1064 746 1119 conlidere
771 1062 1018 1128 debeam,
1051 1063 1178 1117 hinc
1207 1061 1410 1132 possim
1433 1076 1498 1116 ex
1527 1075 1682 1134 parte
1707 1064 1860 1120 colli-

265 1167 420 1222 gere.
449 1152 802 1223 Nequaquam
853 1151 1000 1206 enim
1045 1153 1114 1208 ad
1163 1152 1382 1223 plenum
1431 1153 1862 1212 benevolentiam

273 1253 508 1298 vestram
537 1241 824 1300 ostenditis
845 1257 940 1312 per
966 1243 1186 1313 pallium
1213 1253 1268 1302 et
1285 1259 1501 1311 aurum,
1522 1247 1590 1301 de
1609 1259 1676 1302 eo
1699 1261 1861 1317 quem

273 1347 426 1392 arcte
455 1337 686 1406 diligitis
713 1351 878 1406 super
921 1336 1144 1406 pallium
1175 1346 1234 1393 et
1265 1353 1482 1394 aurum.
1507 1336 1662 1406 Quod
1689 1353 1862 1408 quan-

263 1441 436 1494 quam
469 1441 564 1480 vos
605 1439 712 1479 non
767 1425 986 1497 ingrato
1037 1428 1222 1484 facere
1251 1429 1390 1485 bene
1435 1429 1644 1494 sciatis,
1675 1441 1858 1484 tamen

265 1529 382 1568 tum
411 1516 558 1582 piget
603 1529 688 1570 me
709 1515 980 1580 scribere,
1007 1516 1132 1586 quia
1161 1518 1262 1573 hoc
1301 1527 1448 1588 opto,
1475 1518 1714 1588 optando
1735 1515 1856 1582 oro,

263 1611 482 1660 ormido
503 1623 766 1677 propono,
813 1617 876 1661 ut
921 1623 1200 1678 nunquam
1248 1609 1602 1666 idimmerito
1627 1608 1858 1664 faciatis.

1587 213 1712 268 LIB.
1761 213 1802 276 l,
1845 209 2060 268 EP;ST.
2107 211 2238 268 Xlll.

269 334 410 384 tanta
445 327 742 384 voluntate.
777 326 912 382 Cum
935 327 1080 382 enim
1107 341 1174 380 ex
1203 326 1318 382 sola
1341 333 1638 395 spontanea
1665 337 1858 382 vcstrte
1889 327 1934 384 Α

3413 219 3548 276 1078

2468 327 2800 384 EPISTOLA
2843 330 2954 386 Xlil
2995 332 3060 386 ⁵³.

2551 436 2616 472 ΑΙ)
2667 435 2960 476 ῦιιιλῑωωι.

1963 506 2162 562 Steculi
2191 506 2518 580 relinquendi
2540 510 2787 578 cupidum
2809 521 2978 564 monet
3001 511 3148 566 odire
3175 511 3545 580 Lanfrancttm,

2175 596 2206 632 a
2237 595 2340 650 quo
2369 579 2604 648 accipiet,
2631 597 2732 650 quo
2753 597 2826 634 (es
2847 581 3074 636 alienun:
3103 582 3372 638 dissolvat.

2033 688 2280 746 thauoo
2314 692 2618 746 monetario
2647 692 2716 748 de
2765 691 3078 754 Attrebato.
3107 693 3268 750 fratri
3319 695 3558 762 Ainerli,

1963 781 2162 840 l'ratrer
2189 787 2476 842 ANSELIUS
2505 786 2762 842 salutem.

2035 877 2376 934 Venerabilis
2480 879 2926 952 archiepiscopus
3023 880 3324 951 Anglorum
3413 879 3554 936 Lan-

1965 969 2334 1043 lrancus(qui
2391 971 2492 1028 fuit
2549 975 2701 1044 prior
2756 975 2810 1029 in
2861 985 3050 1030 nostro
3105 975 3456 1041 monasterio,
3499 985 3557 1032 et

1959 1061 2128 1116 abbas
2159 1061 2238 1134 (4)
2273 1061 2342 1118 de
2389 1061 2650 1131 Cadomo,
2685 1081 2850 1135 quem
2879 1075 2934 1120 tu
2965 1065 3081 1136 ipse
3104 1075 3160 1120 ut
3192 1075 3322 1136 puto
3349 1067 3555 1136 vidisti)

1961 1155 2124 1226 317
2161 1169 2334 1226 nuper
2377 1157 2585 1212 audivit
2625 1159 2958 1214 voluntatem
3003 1169 3174 1224 tuam,
3221 1171 3276 1215 et
3323 1161 3556 1232 impedi-

1963 1258 2204 1303 mentum
2240 1262 2409 1304 tuunt.
2445 1250 2632 1322 itaque
2664 1253 2924 1308 sanctitas
2955 1253 3073 1324 ejus
3099 1263 3368 1309 coritmota
3393 1253 3559 1310 mise-

1961 1337 2174 1393 ratione
2211 1339 2316 1404 tui,
2357 1339 2634 1394 mandavit
2667 1343 2824 1396 nobis
2863 1343 2986 1412 quia
3026 1343 3069 1398 si
3105 1355 3289 1398 certus
3330 1352 3474 1398 esset
3506 1353 3558 1400 to

1961 1437 2248 1483 venturum
2295 1429 2362 1484 ad
2411 1439 2650 1486 nostram
2705 1433 3205 1496 conversationem,
3254 1433 3410 1488 daret
3461 1435 3560 1489 tibi

1961 1529 2184 1591 prepter
2211 1522 2378 1576 Deum
2409 1533 2624 1576 centum
2658 1523 2861 1578 solidos
2891 1525 2940 1558 ⁵⁸
2972 1526 3038 1580 de
3064 1525 3288 1595 Anglica
3319 1533 3556 1592 moneta,

1963 1610 2292 1680 adjutorium
2323 1613 2392 1670 ad
2431 1615 2688 1670 solvenda
2729 1616 2907 1672 debita
2945 1625 3054 1672 tua.
3087 1619 3308 1673 Addidit
3343 1635 3564 1688 quoque

277 1700 352 1752 De
373 1699 628 1762 Girardo,
652 1700 780 1770 quia
813 1708 1038 1769 propter
1059 1701 1227 1754 multa
1261 1701 1442 1758 debita
1473 1717 1502 1755 a
1532 1717 1714 1756 nosmt
1738 1697 1864 1756 con-
1897 1691 1938 1749 Β
1967 1707 2115 1774 quia,
2145 1706 2190 1760 si
2231 1721 2454 1761 necesse
2481 1718 2646 1774 esset,
2685 1709 2864 1763 adlmc
2891 1709 3284 1779 aliquantulum
3315 1711 3556 1765 adderet.

275 1797 584 1846 \‘C'S'tllOllC
615 1791 934 1858 retrahitur,
988 1799 1046 1848 et
1069 1795 1137 1847 de
1173 1807 1284 1863 quo
1315 1793 1365 1847 id
1404 1795 1546 1862 quod
1593 1794 1646 1847 in
1687 1802 1863 1848 vestra

271 1893 586 1953 proruptura
634 1895 754 1938 erat
799 1885 1212 1950 misericordia,
1257 1885 1582 1952 mandastis,
1635 1885 1866 1940 domnus

267 1977 548 2032 Robertus
575 1979 728 2034 vobis
753 1979 900 2034 dicet
923 1979 1052 2048 quid
1075 1979 1206 2034 mihi
1231 1979 1572 2042 videatur,et
1597 1979 1726 2047 quid
1765 1993 1864 2047 pro

273 2067 636 2137 possibilitate
669 2079 846 2124 vestra
897 2070 1122 2126 fecerim
1174 2078 1234 2124 ut
1297 2069 1644 2140 eleemosyua
1681 2079 1860 2124 vestra

257 2162 612 2230 'pcrliciatur.
645 2161 746 2227 Qui
797 2161 840 2217 si
891 2163 959 2216 ad
999 2177 1098 2218 vos
1120 2161 1352 2227 venerit,
1383 2173 1440 2216 et
1489 2163 1630 2216 inter
1675 2178 1770 2216 vos
1809 2171 1866 2215 ct

277 2254 456 2322 ipsum
487 2269 656 2322 usque
691 2255 756 2308 ad
787 2270 1059 2308 summum
1091 2255 1218 2309 teris
1246 2254 1498 2309 eﬂ‘cetum
1533 2269 1640 2308 non
1667 2269 1866 2308 conve-

275 2347 418 2400 nerit
439 2387 454 2410 ,
491 2347 593 2401 hoc
620 2348 836 2415 postulo
881 2363 982 2419 ego
1031 2363 1225 2405 servus
1251 2357 1432 2403 vester
1455 2348 1864 2402 misericordem

275 2447 512 2491 vestram
547 2440 960 2510 benignitatem,
1005 2449 1061 2494 ut
1091 2449 1318 2512 propter
1355 2441 1460 2495 iter
1515 2441 1660 2510 quod
1703 2439 1870 2492 l‘aciat

273 2539 456 2584 vestra
505 2529 702 2586 ﬁducia
747 2541 804 2587 et
841 2543 1027 2589 nostro
1083 2534 1333 2600 consilio,
1375 2533 1495 2604 ejus
1547 2547 1649 2587 nec
1683 2531 1866 2585 debita

271 2634 560 2688 crescant,
629 2637 728 2680 nec
777 2626 965 2681 habita
1013 2626 1365 2696 decrescant,
1415 2641 1515 2682 nec
1569 2641 1636 2681 ex
1685 2624 1870 2680 labore

279 2715 434 2771 dolor
460 2725 514 2771 et
535 2733 740 2774 maeror
780 2728 1119 2775 accrescant.

1969 1799 2308 1869 Quapropter
2347 1799 2538 1854 damus
2578 1801 2672 1856 tibi
2717 1801 2999 1856 consilium
3029 1841 3045 1868 ,
3084 1810 3144 1856 ut
3189 1817 3350 1872 quam
3399 1802 3560 1856 cilius

1967 1893 2168 1962 poteris
2199 1892 2264 1956 ⁵⁵,
2291 1907 2484 1962 pergas
2509 1892 2576 1946 ad
2617 1907 2740 1948 eum
2773 1909 2786 1946 :
2819 1903 2874 1948 et
2901 1894 2946 1950 si
2979 1893 3273 1962 quamlibet
3299 1893 3564 1948 securita-

1969 1992 2076 2038 tem
2113 1982 2389 2053 qutesierit
2418 1997 2446 2036 a
2487 1991 2558 2049 te,
2597 1989 2692 2036 aut
2724 1981 2880 2038 [idem
2923 1991 3092 2050 tuam,
3131 1993 3226 2038 aut
3255 1999 3564 2038 sacramen-

1971 2085 2078 2128 tum
2100 2116 2114 2140 ,
2150 2089 2247 2143 per
2274 2072 2522 2128 eamdem
2553 2074 2924 2134 securitatem.
2959 2072 3038 2128 vel
3069 2073 3560 2142 quomodocnnque

1967 2166 2194 2238 jusserit
2230 2179 2438 2235 expone
2477 2165 2526 2220 ei
2561 2173 2824 2234 quantum
2857 2165 3082 2230 debeas;
3128 2174 3180 2219 et
3217 2173 3476 2234 quantum
3509 2173 3566 2218 te

1975 2259 2043 2312 de
2085 2267 2176 2311 tuo
2215 2257 2416 2312 habere
2451 2255 2694 2312 confidas
2719 2297 2732 2323 ,
2769 2266 2822 2310 et
2861 2257 3133 2312 constitue
3167 2256 3218 2312 ei
3269 2255 3560 2312 terminum

1975 2363 2136 2418 quem
2171 2349 2307 2402 bene
2342 2347 2516 2417 possis
2547 2361 2794 2412 servare;
2843 2348 2985 2401 intra
3013 2359 3174 2417 quem
3217 2348 3284 2403 ad
3313 2357 3561 2402 nostrum

1979 2441 2364 2496 monasterium
2405 2439 2590 2494 venias
2627 2454 2687 2494 ea
2735 2440 3038 2496 intentione
3079 2449 3139 2495 ut
3181 2441 3478 2496 monachus
3517 2441 3566 2472 ⁸³

1979 2533 2076 2588 lias
2107 2534 2176 2588 ibi
2205 2574 2220 2596 ,
2251 2533 2294 2587 si
2335 2541 2542 2587 tantum
2581 2533 2835 2588 misertus
2870 2531 3034 2588 fuerit
3061 2533 3140 2587 tui
3185 2543 3242 2588 ut
3279 2533 3564 2604 pecuniam

1977 2641 2136 2695 quam
2183 2625 2347 2680 debes
2385 2625 2612 2680 reddere
2639 2626 2830 2696 possis.
2865 2624 2944 2680 Ne
2973 2625 3185 2681 dubites
3214 2624 3394 2681 facere
3419 2624 3574 2694 quod,

1867 2739 1884 2750 -
1979 2717 2339 2782 consulimus;
2369 2715 2494 2786 quia
2525 2715 2604 2786 (5)
2633 2715 3172 2772 misericordissimus
3205 2725 3290 2772 est
3315 2715 3456 2772 idem
3482 2731 3568 2771 re-

1587 2833 1819 2892 VARI.’E
1863 2831 2268 2889 LECTIONES.

351 2945 397 2976 ⁵⁵
448 2945 580 3002 Cum
643 2947 826 3002 eodem
873 2949 1158 3016 exemplari
1211 2965 1309 3004 ms.
1362 2949 1556 3004 collata

1689 2949 1736 2979 ⁵³
1795 2947 2016 3004 Certum
2077 2945 2277 3000 solidos
2337 2963 2434 3000 ms.

2528 2955 2746 3000 centum
2797 2945 2998 3000 solidos
3123 2945 3170 2977 “
3221 2943 3394 3002 Citius
3450 2957 3547 3013 po.

281 3018 413 3070 teris
447 3029 543 3071 etc.
584 3035 681 3071 ms.
729 3018 889 3074 citius
937 3015 1171 3090 unquam
1199 3019 1402 3090 poteris
1429 3029 1526 3074 etc.
1601 3019 1648 3050 ⁸⁵
1681 3017 1753 3073 Ut
1787 3019 2082 3074 monachus
2124 3027 2220 3069 etc.
2269 3032 2363 3068 ms.
2418 3025 2470 3068 ut
2513 3015 2582 3068 ibi
2635 3015 2937 3070 monachus
2967 3025 3066 3069 etc.

1501 3170 1786 3228 JOANNIS
1825 3169 2102 3226 PlCARDl
2143 3171 2372 3228 NO'LE.

353 3291 430 3358 (ι)
459 3291 531 3345 De
585 3291 838 3344 Cndomo.
887 3287 1239 3343 Emendatius
1288 3287 1721 3358 expressiusque,
1759 3285 1864 3358 dici
1894 3291 1940 3351 ο
1971 3283 2115 3358 mine
2135 3283 2470 3358 Berengarii,
2518 3287 2608 3356 qui
2645 3287 2712 3342 de
2754 3287 3117 3358 sacramentis
3163 3285 3350 3358 altaris
3406 3285 3564 3340 aliter

279 3357 541 3430 Cznnpido
565 3377 688 3414 cum
719 3359 934 3430 Ccnalis
961 3359 1054 3412 lib.
1083 3375 1120 3412 ιι
1154 3358 1226 3412 De
1257 3373 1316 3412 re
1345 3358 1578 3422 Gallica,
1613 3357 1868 3430 periocha

273 3428 470 3502 quarta
497 3435 852 3488 demonstrat.
885 3429 1024 3486 Usus
1073 3439 1252 3484 tamen
1297 3430 1566 3499 potentior
1613 3428 1866 3494 obtinuit,

249 3549 266 3554 ..
281 3519 488 3558 necnon
513 3503 676 3572 vulgi.

319 3573 484 3638 Quem
527 3567 680 3644 pelles
709 3571 985 3626 arbitrium
1004 3579 1084 3644 est
1115 3580 1159 3622 et
1179 3569 1346 3644 jus_ct
1379 3585 1564 3621 norma
1591 3567 1834 3644 loquendi

979 3639 1240 3708 (Housm,
1273 3639 1346 3691 De
1367 3649 1478 3691 orte
1497 3649 1658 3706 poet.,
1686 3638 1798 3708 7‘2.)

281 3713 580 3782 auctoritas
611 3709 857 3782 gravior,
897 3719 956 3762 ut
989 3707 1272 3782 reonycisjns
1315 3710 1524 3782 diceres
1548 3707 1720 3782 _Ca_i_l_o
1743 3707 1870 3761 unm

283 3799 388 3838 non
412 3777 712 3844 Cadonum,
763 3793 818 3833 ut
847 3779 897 3834 in
925 3781 1108 3832 excusi
1162 3777 1593 3832 Gemnetirensis
1641 3777 1732 3829 lib.
1775 3793 1868 3840 vit,

285 3854 480 3908 llistnr.
519 3851 840 3906 Nmtltman.
888 3851 1082 3904 ducum
1125 3865 1243 3918 cap.
1293 3847 1346 3901 2.
1397 3847 1503 3918 Εδε
1539 3861 1662 3918 vero
1693 3845 1871 3901 Cado-

281 3940 428 3978 mum
463 3921 872 3978 Nortlimannim
909 3919 1160 3989 oppidum
1193 3915 1444 3988 episcopo
1473 3915 1872 3989 Bajoeensiob-

279 3995 525 4054 noxium,
591 3987 978 4060 acad-minque
1035 4007 1137 4044 non
1198 3987 1592 4043 contemnenda
1637 3987 1870 4060 celebre,

281 4081 314 4116 ν
341 4067 442 4134 ilgo
473 4061 752 4134 Cuen.iAt_
785 4059 903 4116 hoc,
947 4062 998 4134 in
1047 4061 1166 4114 lotro
1217 4061 1504 4134 AllSBilllllS
1549 4059 1726 4134 posuit
1775 4073 1873 4128 pro

279 4129 689 4188 monasteries.
720 4131 976 4202 Stephani
1003 4131 1420 4202 protomartyris
1458 4129 1734 4202 memoriae
1763 4137 1870 4182 sta-

285 4213 442 4264 tuto.
493 4219 521 4256 a
569 4201 934 4258 Benedictinis
978 4202 1251 4256 sodalibus
1305 4201 1568 4269 hodieque
1611 4201 1871 4255 habitata.

279 4275 434 4340 Quod
462 4275 680 4344 quidem
719 4272 1000 4343 magnifice
1024 4274 1234 4326 t-m'avit
1260 4272 1622 4326 condentium.

393 4389 602 4444 Nobilis
625 4387 712 4442 ille
736 4388 924 4442 nothus
953 4387 1122 4456 (quem
1148 4387 1348 4456 pridem
1380 4385 1494 4454 fata
1523 4376 1712 4454 tulere)

396 4460 504 4512 Par
527 4468 636 4514 erat
665 4459 932 4528 Augusto;
964 4455 1214 4528 rmnjestns
1245 4455 1336 4508 illo
1364 4457 1564 4528 subegit

391 4530 608 4600 Anglos,
634 4531 710 4584 sic
739 4523 910 4598 regem
939 4523 1262 4588 dux—induit,
1291 4523 1514 4580 arborin
1545 4523 1710 4580 altum

393 4599 554 4654 Fudit
587 4601 882 4654 radicem...

1969 3355 2374 3426 dogmatizabat
2395 3355 2556 3426 quam
2584 3367 2728 3412 tenet
2747 3357 3008 3412 Ecclesia.
3038 3357 3564 3412 Lanl'rancnsautrm

1972 3425 2332 3498 locutuscum
2361 3425 2494 3496 papa
2533 3427 2754 3484 Nicolao
2801 3429 3040 3484 ostendit
3067 3429 3190 3498 quia
3255 3426 3380 3498 ejus
3435 3441 3561 3482 sen-

1973 3497 2138 3550 tentia
2173 3497 2294 3552 illos
2326 3505 2534 3552 tantum
2559 3499 2932 3592 gravabat‘qui
2964 3513 3058 3592 e25
3088 3497 3566 3592 ’necnconjnnxeo

1973 3576 2113 3632 rant,
2141 3582 2240 3622 nec
2262 3583 2516 3638 separare
2545 3567 2814 3638 poterant.
2832 3567 2963 3624 Nam
2986 3572 3091 3624 dux
3117 3567 3376 3638 puellam,
3401 3583 3564 3636 quam

1972 3647 2280 3706 acceperat,
2326 3637 2476 3693 nullo
2509 3637 2670 3707 pacto
2705 3640 2982 3697 dimittere
3021 3637 3254 3695 volebat.
3315 3638 3426 3692 lloc
3463 3654 3562 3692 au-

1971 3707 2124 3778 diens
2149 3716 2206 3760 et
2245 3723 2428 3778 verum
2470 3723 2608 3778 esse
2665 3709 2954 3778 advertens
3003 3725 3248 3764 summus
3297 3709 3564 3778 pontil'ctt,l

1972 3775 2599 3848 dispensationehabita,
2630 3777 2941 3848 conjugium
2969 3779 3262 3844 concessit,
3287 3775 3352 3832 eo
3382 3787 3560 3832 tamon

1975 3846 2133 3900 modo
2159 3855 2426 3918 quatenus
2468 3847 2587 3918 dus
2623 3855 2678 3902 et
2711 3846 2850 3900 uxor
2899 3847 3017 3918 ejus
3067 3849 3172 3902 duo
3235 3848 3563 3918 monasteria

1973 3925 2374 3990 construerent,
2401 3917 2452 3982 in
2481 3917 2678 3990 quibus
2697 3917 2937 3988 singulas
2953 3917 3397 3990 congregationes
3421 3919 3564 3973 vito.

1975 4001 2093 4058 rum
2119 3995 2212 4040 aut
2241 3987 2524 4042 mulierum
2550 3987 2940 4058 coadunarent,
2966 3987 3268 4058 qui'ibidie
3289 3997 3562 4056 noctuque

1975 4057 2076 4111 sub
2103 4071 2292 4110 norma
2322 4067 2522 4112 sanctae
2551 4057 2826 4128 religionis
2871 4057 3359 4128 Deo’deservirent,
3383 4067 3436 4112 et
3465 4075 3562 4128 pro

1975 4128 2150 4182 salute
2203 4143 2390 4182 eorum
2430 4124 2815 4198 supplicarent.
2867 4124 3053 4183 Paruit
3096 4129 3202 4182 dux
3251 4124 3562 4196 apostolicae

1976 4199 2388 4266 dispensationi,
2419 4209 2474 4253 et
2501 4199 2838 4253 aediﬁcarunt
2858 4199 2966 4254 duo
2989 4198 3315 4254 monasteria
3347 4199 3400 4253 in
3427 4215 3563 4267 prm-

1975 4267 2066 4322 dio
2123 4269 2264 4338 quod
2313 4270 2609 4338 antiquitas
2656 4269 2954 4324 Catlomum
2995 4269 3368 4338 nuncupabat;
3429 4271 3558 4335 dux,

1977 4354 2142 4392 unum
2173 4341 2562 4394 monachorum
2613 4341 2664 4393 in
2713 4339 2932 4394 nomine
2965 4339 3025 4394 S.
3069 4341 3328 4407 Stephani
3377 4349 3560 4408 prolo~

1978 4409 2234 4480 martyris
2263 4427 2277 4474 ;
2307 4419 2362 4464 et
2384 4426 2522 4464 uxor
2549 4409 2679 4480 ejus
2700 4409 2932 4464 alterum
2981 4410 3449 4465 sanctimonalium
3507 4409 3559 4464 in

1977 4479 2194 4534 nomine
2210 4491 2410 4534 sanetae
2435 4491 2492 4533 et
2521 4479 2768 4534 individua
2797 4480 3096 4534 Trinitatis.

2047 4551 2124 4621 (5)
2159 4549 2774 4621 Misericordissimusest
2815 4550 2952 4604 idem
2991 4549 3442 4621 reverendissimus
3473 4567 3563 4604 ar-

1981 4619 2360 4690 cltiepiscopua.
2437 4619 2582 4674 Sane
2657 4619 2996 4676 Guillielmus
3073 4619 3562 4676 Maltriesberiensis

281 4693 454 4764 Elogi;
479 4707 572 4746 εει.
605 4690 1012 4764 epigramma.
1038 4689 1144 4764 tot)
1173 4689 1372 4764 abhinc
1397 4703 1568 4764 πηηρε
1597 4703 1626 4741 a
1657 4685 1872 4764 nata.
1907 4669 1956 4729 υ
1983 4669 2418 4764 animum.
2438 4669 3561 4764 satisac;5;gnatas...."i:a".;a;‘aait;

285 4757 420 4818 tonsi
481 4757 748 4817 monacho
795 4759 970 4829 Anglo
1017 4762 1224 4830 scripti,
1271 4770 1326 4814 et
1377 4761 1514 4828 apud
1545 4773 1642 4814 nos
1676 4774 1776 4811 ms.
1805 4757 1874 4812 de

285 4833 578 4888 Wilhelmo
604 4831 992 4899 Conqutestore
1015 4831 1178 4885 dicto.
1219 4831 1598 4884 Suburbanum
1632 4843 1760 4882 vero
1785 4843 1874 4882 so-

285 4905 417 4967 lum,
445 4903 532 4958 ubi
565 4903 614 4956 id
642 4901 874 4957 abbatize
927 4910 1034 4956 stat
1077 4909 1436 4966 exstructum,
1473 4915 1592 4954 eam
1646 4899 1714 4953 ob
1755 4914 1870 4954 rem

285 4983 514 5030 vocatur
540 4973 766 5027 Abhatis
795 4973 1018 5042 Burgus.
1045 4971 1214 5027 Porro
1241 4973 1381 5028 sacri
1409 4971 1620 5042 mdilicii
1650 4985 1870 5042 causam

287 5047 618 5112 biographns
646 5039 933 5098 Lanl'ranci
965 5045 1168 5098 lmncce
1215 5043 1483 5112 producit.
1533 5039 1870 5112 Lttltfl'tlllCllS

291 5111 694 5169 contradicebat
722 5115 924 5184 nuptiis
973 5115 1096 5168 filia:
1121 5111 1336 5168 comitis
1383 5111 1648 5166 Flandriar
1685 5115 1866 5184 (quam

290 5188 404 5256 ipse
429 5185 532 5240 sibi
557 5189 660 5240 dux
693 5181 1043 5254 copulaverat
1072 5187 1438 5256 matrimonin
1469 5185 1596 5256 quia
1632 5181 1874 5256 proxima

289 5253 1350 5327 (armiseoIISnnguinitatcjungrbantur.
1383 5253 1534 5309 Unde
1557 5253 1876 5327 auctoritate

291 5325 522 5380 Romani
549 5321 719 5394 papa;
755 5336 862 5379 tota
921 5321 1166 5381 Netlst'ria
1227 5325 1404 5394 fuerat
1424 5327 1490 5378 ab
1517 5323 1692 5378 ollicio
1721 5321 1878 5394 Chri-

289 5393 582 5451 stianitatis
611 5393 869 5463 Suspenso
903 5405 960 5452 et
1011 5396 1315 5451 interdicta.
1341 5393 1680 5463 Quapropter
1733 5393 1875 5463 Lan-

292 5465 515 5538 l'rancus
553 5461 747 5520 iterum
801 5467 1098 5538 Romanum
1145 5483 1334 5538 papam
1370 5461 1541 5538 adiit,
1562 5461 1678 5538 jam
1712 5461 1875 5538 enim

287 5549 450 5591 antea
485 5537 708 5590 Romam
785 5535 1011 5600 petierat
1033 5534 1194 5594 causa
1215 5534 1518 5606 'cujusdam
1545 5534 1747 5601 clerici,
1781 5549 1878 5588 n0-

2019 4763 2324 4816 otissimum
2373 4763 2718 4816 commendat
2775 4762 3135 4816 Lanfrancum
3195 4763 3278 4817 his
3329 4763 3556 4816 verbis:

2009 4843 2192 4885 nterea
2243 4845 2368 4884 cum
2409 4831 2571 4885 Pater
2607 4831 2948 4887 Lanfrancus
2967 4831 3218 4886 omnibus
3267 4833 3559 4886 virtutibus

1979 4901 2238 4956 solidaret
2265 4901 2570 4972 ingenium,
2621 4912 2967 4972 componeret
2997 4904 3234 4956 animum
3265 4919 3278 4954 ε
3311 4909 3422 4972 tum
3451 4901 3560 4954 cle-

1978 4987 2200 5043 mosyna
2227 4971 2496 5042 pra-Cipus
2517 4973 2671 5028 aiunt
2694 4971 2811 5042 ejus
2859 4973 3234 5043 prognosticon
3267 4971 3342 5042 (τι)
3371 4971 3555 5043 fuisse.

1981 5041 2111 5096 Date
2139 5041 2509 5112 elemosynam,
2561 5053 2608 5097 ct
2657 5041 2772 5098 ecce
2809 5041 2986 5098 omnia
3021 5043 3218 5096 munda
3243 5041 3554 5112 sumi-abis.

1979 5115 2096 5178 Quo
2121 5113 2208 5167 ille
2247 5110 2470 5181 accepto
2505 5115 2573 5167 ab
2630 5114 3054 5168 acclamantibus
3103 5111 3258 5166 hilari
3305 5110 3452 5164 vultu
3491 5111 3558 5164 ad

1980 5184 2265 5238 Dominum
2295 5183 2434 5236 dixit
2459 5201 2472 5236 :
2497 5182 2778 5239 Certemus
2802 5199 2930 5254 ergo
2955 5192 3138 5254 mutua
3169 5181 3555 5254 \‘lCiSSlllltilllc,

1981 5263 2034 5309 tu
2059 5255 2256 5316 dando,
2297 5267 2398 5324 ego
2435 5254 2821 5322 dispertiendo.
2847 5251 3142 5324 Ιζθειιοιιᾱίι
3175 5251 3411 5324 οωιθίεῇίε
3445 5251 3555 5319 pit:-

1981 5335 2064 5379 tas
2091 5323 2450 5392 prtedicabilis
2479 5325 2578 5378 viri
2628 5334 2778 5390 voto,
2821 5323 3212 5392 allluebautque
3253 5323 3356 5376 sibi
3411 5327 3556 5374 tanta

1981 5411 2100 5464 qua:
2129 5395 2528 5464 quantumlibet
2561 5395 2822 5450 ambitum
2855 5403 3072 5463 possent
3095 5393 3316 5464 explere
3363 5401 3420 5464 et
3448 5393 3556 5464 vin-

1981 5463 2126 5521 cere.
2150 5463 2392 5536 Neciille
2415 5465 2597 5536 segnis
2633 5475 2752 5520 erat
2805 5465 2856 5518 in
2913 5463 3206 5534 eroganda,
3267 5463 3553 5520 avaritiam

1981 5537 2246 5591 familiare
2275 5535 2642 5607 Longobardis
2671 5535 2858 5590 vitium
2907 5552 2972 5592 ex
2995 5551 3088 5592 sua
3144 5551 3370 5606 persona
3429 5547 3554 5603 pro-

355 5631 432 5694 (ιι)
458 5629 586 5679 Idem
611 5637 742 5678 notat
765 5630 902 5678 Bero.
953 5631 1131 5682 Chron.
1163 5631 1532 5692 Prognostica,
1583 5645 1700 5681 vere
1725 5631 1840 5682 illud
1907 5631 2110 5694 Christi,
2136 5631 2247 5680 Luc.
2277 5645 2320 5678 si
2367 5633 2440 5680 tt.
