3872 6028
396 168 534 228 4079

915 171 971 225 S.
1012 173 1308 228 ANSELMI
1355 174 1704 233 CANTUAR.
1746 172 2069 229 ARClll'l'IP.
2096 172 2248 228 OPP.
2304 172 2485 227 PARS
2511 172 2595 226 lli.
2636 204 2701 216 -—
2734 172 3114 229 El‘lSTOlJE.

3580 170 3730 228 ωεο

396 284 665 338 verendus
694 284 1160 353 archiepiscopus,
1195 296 1250 341 et
1288 289 1557 357 przecipue
1583 304 1711 359 erga
1747 289 1973 345 salutem
2004 295 2049 351 Α
2080 287 2273 356 diligas
2301 302 2409 351 me,
2440 302 2600 355 quam
2631 288 2860 356 teipsum
2887 327 2902 352 ,
2941 288 3012 341 ita
3045 301 3147 357 ego
3176 288 3225 319 ’θ
3249 287 3470 343 studeo
3506 298 3583 342 ut
3614 303 3727 341 non

395 372 727 439 animarum,
753 384 807 427 et
833 384 916 430 est
940 376 1094 430 valde
1120 378 1331 433 deditus
1355 378 1736 451 eleemosynis,
1764 390 1813 435 et
1839 380 1985 434 sum.

395 461 606 516 eienter
619 462 854 516 abundat
872 477 1004 516 auro
1020 473 1074 518 et
1090 476 1333 533 argento.
1353 466 1419 522 Et
1443 470 1487 523 si
1508 476 1715 524 tantum
1736 470 1983 531 debes,ut

397 553 493 607 tibi
522 554 653 607 nolit
677 563 880 608 tantum
909 554 1038 610 dare
1063 558 1155 611 tibi
1181 556 1244 629 [Ῑ.
1271 559 1398 613 add.
1432 559 1603 632 quod]
1632 561 1698 615 ad
1728 569 1777 615 te
1804 560 1982 615 exsol-

395 640 626 695 vendum
655 641 890 697 sufficiat
912 684 927 708 ,
954 647 1085 699 certi
1122 662 1310 702 sumus
1339 649 1465 718 quia
1498 650 1731 719 primum
1764 660 1984 720 propter

395 729 586 796 Deum,
610 730 803 785 deinde
824 744 1043 803 propter
1061 746 1303 791 nostrum
1319 753 1581 802 amorem,
1601 739 1689 807 qui
1708 738 1985 794 conliden-

396 830 477 875 tes
495 821 541 853 "
559 824 623 876 de
647 822 766 889 ejus
787 838 974 895 magna
996 827 1366 883 misericordia
1395 830 1586 885 damus
1602 831 1696 886 tibi
1721 832 1824 887 hoc
1846 846 1949 886 con
1967 863 1982 873 -

394 911 594 975 silium,
619 922 826 968 tantum
862 915 952 968 tibi
987 916 1152 980 dabit,
1172 924 1231 971 ut
1259 918 1311 972 in
1344 918 1523 975 eundo
1550 920 1615 973 ad
1642 936 1766 974 eum
1800 936 1904 975 non
1934 931 1984 976 te

395 1005 655 1072 pamiteat
679 1007 759 1060 vel
785 1007 1083 1075 laborasse,
1115 1010 1200 1064 vel
1225 1010 1428 1079 aliquid
1455 1013 1795 1080 expendisse.
1825 1012 1985 1068 Porta

394 1097 557 1149 etiam
596 1098 673 1152 illi
718 1099 813 1155 has
847 1099 1090 1165 litteras,
1130 1112 1186 1155 ut
1224 1103 1332 1156 sint
1378 1102 1471 1157 tibi
1520 1103 1572 1157 iu
1614 1104 1985 1159 testimonium

394 1189 519 1257 quia
554 1206 651 1243 nos
692 1199 743 1243 te
786 1192 1053 1247 mittimus
1084 1194 1150 1246 ad
1188 1194 1355 1247 illum.
1391 1194 1446 1248 Si
1487 1205 1666 1249 autem
1704 1206 1755 1250 te
1782 1197 1987 1265 poteris

396 1296 423 1330 a
458 1279 653 1333 debitis
686 1281 983 1347 exsolvere,
1025 1281 1109 1337 fac
1141 1294 1199 1337 ut
1233 1284 1482 1339 dominus
1518 1285 1856 1355 Engelardus
1886 1287 1989 1344 hoc

395 1369 564 1434 sciat;
601 1382 653 1425 et
694 1381 785 1436 ut,
823 1390 944 1428 cum
985 1376 1195 1430 venerit
1234 1377 1301 1430 ad
1338 1392 1437 1431 nos
1461 1418 1474 1440 ,
1512 1378 1602 1431 det
1646 1378 1737 1431 tibi
1772 1378 1986 1448 aliquod

396 1459 632 1529 signum,
658 1478 765 1532 quo
783 1467 1051 1533 possimus
1072 1482 1366 1536 agnoscere
1388 1483 1509 1521 eum
1535 1468 1627 1523 tibi
1652 1484 1773 1523 esse
1795 1480 1986 1525 testem

395 1556 520 1622 quia
546 1558 621 1609 sis
643 1558 940 1615 exsolutus.
967 1560 1043 1615 Ne
1066 1562 1293 1622 moreris
1317 1560 1496 1616 facere
1518 1564 1658 1632 quod
1682 1579 1984 1621 monemus.

2083 375 2272 443 majori
2312 386 2550 446 tempore
2591 391 2769 432 amem
2812 386 2897 441 te,
2937 391 3097 446 quam
3128 377 3429 445 meipsum.
3477 375 3553 432 Si
3600 378 3726 448 plus

2082 466 2276 536 exigis,
2319 476 2469 522 certe
2503 483 2601 521 nec
2626 468 2804 523 minus
2834 468 2988 533 volo,
3021 484 3122 523 nec
3146 468 3266 539 plus
3293 484 3583 537 possum.
3619 469 3724 525 De-

2084 560 2245 624 nique
2272 560 2523 630 impetret
2559 561 2688 616 mihi
2715 562 2922 616 orando
2946 577 3098 617 amor
3124 570 3245 617 tuus
3268 571 3325 630 ut
3357 578 3461 617 me
3497 578 3715 628 autem,

2082 658 2343 718 quantum
2370 651 2588 719 expedit
2613 667 2628 715 ;
2660 660 2718 705 et
2743 651 2952 706 amabit
2982 661 3035 705 te
3061 661 3273 706 amator
3294 662 3463 714 tuus,
3500 661 3572 705 ut
3603 653 3718 721 ipse

2085 738 2233 793 dicas
2261 754 2407 794 nunc
2431 738 2629 795 sufﬁcit
2658 739 2724 795 ⁸³.
2757 739 3059 806 Memento,
3100 756 3206 795 non
3243 742 3371 797 dico
3394 741 3550 804 mei,
3584 742 3711 811 quia

2086 827 2138 881 id
2162 838 2219 882 te
2246 827 2427 884 facere
2453 828 2568 899 ipse
2602 844 2699 899 pro
2732 837 2785 884 te
2810 844 3030 895 assero;
3064 831 3157 886 sed
3195 843 3393 886 eorum
3421 846 3583 901 quos
3616 832 3707 886 tibi

2084 920 2209 974 olim
2238 921 2625 977 commendare
2652 922 2857 976 curavi.
2888 921 3078 979 Saluta
3100 938 3197 979 eos
3223 937 3368 991 quos
3394 936 3473 977 ex
3514 930 3706 976 nostra

2086 1024 2239 1083 parte
2278 1013 2419 1067 soles
2459 1013 2716 1069 salutare.
2751 1014 2902 1069 Scito
2940 1015 3068 1083 quia
3111 1016 3309 1069 domno
3356 1015 3567 1070 abbati
3591 1055 3609 1080 ,
3656 1028 3706 1069 et

2087 1106 2241 1160 nobis
2268 1106 2526 1161 fratribus
2555 1106 2681 1173 tuis,
2711 1116 2861 1175 grata
2891 1107 3050 1162 valde
3082 1116 3206 1163 sunt
3233 1107 3386 1161 dona
3426 1118 3530 1162 tua
3559 1150 3579 1174 ,
3614 1107 3704 1161 sed

2087 1198 2258 1252 multo
2284 1199 2492 1269 gratius
2517 1208 2605 1253 est
2630 1199 2785 1253 nobis
2809 1199 2954 1268 quod
2979 1200 3225 1255 audimus
3248 1199 3297 1231 “
3321 1201 3398 1254 de
3430 1199 3555 1253 vita
3591 1208 3699 1251 tua.

2087 1287 2348 1357 Optamus
2370 1288 2532 1358 igitur
2553 1296 2607 1342 et
2628 1303 2846 1342 oramus
2862 1328 2877 1353 ,
2906 1297 2965 1341 ut
2982 1288 3326 1357 omnipotens
3350 1288 3514 1343 Deus
3535 1289 3698 1349 bona,

2056 1392 2207 1447 .qua:
2235 1376 2288 1430 in
2320 1386 2373 1430 te
2396 1386 2672 1445 operatur,
2708 1377 2953 1445 augendo
2988 1388 3165 1431 servet
3199 1387 3256 1431 et
3280 1378 3574 1432 servando
3600 1393 3696 1430 au-

2087 1476 2234 1537 geat;
2274 1476 2332 1519 ut
2360 1467 2431 1521 sit
2461 1467 2603 1521 unde
2633 1467 2727 1521 tibi
2770 1467 3029 1521 retribuat
3066 1467 3111 1497 ⁶⁵
3147 1482 3378 1537 regnum
3421 1477 3694 1521 mternuut

2089 1556 2228 1611 idem
2272 1555 2589 1613 benedictus
2629 1556 2889 1612 Dominus
2928 1556 2983 1610 in
3026 1566 3330 1625 aeternum,
3380 1557 3484 1612 ﬁat
3512 1597 3532 1624 ,
3580 1556 3691 1611 ﬁat.

399 1645 770 1702 Maudavimus
800 1650 945 1702 enim
981 1650 1155 1704 eidem
1188 1651 1600 1722 archiepiscOpo
1632 1654 1734 1709 hoc
1778 1655 1986 1732 ipsum,
2017 1641 2064 1700 Β
2094 1648 2287 1704 Amen-

396 1737 538 1804 qnod
571 1737 665 1793 tibi
696 1739 984 1794 scribimus
1008 1740 1073 1794 ⁸⁷.
1109 1732 1334 1796 νυιριθ.’

894 1848 1219 1905 EPISTOLA
1262 1851 1378 1905 XIV
1418 1854 1482 1906 ⁵⁸.

963 1956 1030 1993 ΑΒ
1070 1956 1408 1998 GONDULFUII.

399 2022 643 2079 Testatur
665 2026 984 2097 singularem
1012 2032 1066 2084 in
1091 2029 1415 2101 Gondulfum
1438 2051 1691 2102 amorem,
1713 2048 1770 2092 ut
1788 2039 1904 2102 jam
1930 2042 1980 2093 in

915 2101 1064 2168 epist.
1094 2102 1128 2155 4
1152 2112 1200 2157 et
1230 2103 1261 2157 7
1286 2096 1468 2175 supra.
1678 2096 1687 2102 ’
1788 2096 1801 2108 ’

468 2186 676 2243 Dilecto
716 2189 995 2254 dilectori,
1038 2193 1268 2251 dilectus
1307 2196 1535 2253 dilector
1578 2199 1798 2255 domino
1835 2200 1983 2257 Gou-

394 2295 568 2337 nucro
605 2278 776 2336 frater
803 2283 1121 2349 Auseuus,
1161 2287 1303 2357 quod
1332 2287 1601 2344 Gondulfo
1638 2289 1941 2346 Anselmus.

465 2371 637 2427 Instat
682 2382 737 2428 et
776 2374 940 2431 instat
981 2377 1112 2432 mibi
1154 2381 1404 2437 conscius
1444 2382 1668 2439 alterius
1705 2399 1819 2439 sua:
1854 2400 1986 2440 con-

393 2462 664 2529 scientize,
701 2466 754 2519 id
795 2475 878 2521 est
909 2482 1043 2523 mete
1081 2470 1147 2536 δ’,
1187 2480 1245 2525 ιιι
1286 2470 1354 2525 ad
1388 2488 1446 2527 se
1483 2482 1631 2528 trans
1668 2490 1818 2530 mare
1852 2476 1988 2530 voli-

358 2624 363 2629 ι
395 2562 539 2621 teut,
578 2563 629 2611 et
664 2556 890 2613 volitent
931 2560 1129 2628 stepius
1171 2560 1366 2616 litterae
1409 2578 1574 2628 meze,
1611 2565 1765 2633 quasi
1802 2564 1986 2621 volens

394 2648 608 2706 discere
644 2660 843 2707 statum
887 2653 1140 2709 amicitiae
1177 2670 1330 2710 meas.
1372 2654 1479 2711 Sed
1512 2658 1641 2727 quid
1683 2667 1736 2713 te
1772 2657 1987 2714 docebit

394 2741 622 2810 epistola
652 2759 767 2797 mea
796 2745 939 2814 quod
972 2746 1211 2815 ignores,
1242 2763 1276 2803 ο
1308 2755 1362 2802 tu
1393 2748 1563 2803 altera
1590 2751 1806 2804 anima?
1838 2750 1983 2807 Intra

395 2832 449 2884 in
474 2832 779 2895 cubiculum
804 2835 848 2867 ⁶⁰
871 2837 1051 2893 cordis
1077 2838 1173 2904 tui,
1202 2848 1256 2893 et
1283 2841 1567 2896 considera
1591 2841 1841 2898 allectum
1871 2845 1985 2899 veri

396 2924 599 2981 amoris
640 2927 755 2991 tui;
807 2936 863 2983 et
905 2944 1199 2999 cognosces
1241 2946 1482 2988 amorem
1525 2934 1637 2987 veri
1684 2935 1845 2989 amici
1887 2936 1982 2993 tui.

2592 1739 2925 1797 EPISTOLA
2974 1740 3068 1795 XV
3108 1740 3171 1794 “.

2685 1848 2751 1889 AD
2788 1847 3078 1887 BENRICUI.

2092 1942 2242 2010 Quod
2267 1945 2315 1997 ei
2332 1958 2435 1998 non
2453 1943 2692 2012 expediat
2718 1942 2774 1995 in
2789 1941 3005 1999 Italiam
3030 1942 3342 1997 contendere
3356 1945 3431 1997 ad
3452 1961 3691 2000 sororem

2472 2014 2597 2083 iugo
2646 2014 2907 2067 servitutis
2949 2012 3301 2066 liberandam.

2159 2107 2383 2161 Domino
2430 2115 2484 2159 et
2516 2104 2671 2159 fratri
2707 2104 3059 2160 dilectissimo
3088 2103 3333 2160 Ηειειιιοο
3367 2104 3550 2161 frater
3585 2110 3691 2160 As-

2086 2214 2285 2253 ssuws
2315 2197 2568 2253 salutem.

2158 2290 2445 2357 Quoniam,
2482 2298 2617 2345 teste
2650 2288 2985 2344 conscientia
3029 2303 3176 2356 mea,
3199 2289 3380 2345 minus
3422 2301 3480 2346 te
3520 2307 3684 2363 quam

2088 2396 2174 2436 me
2220 2380 2445 2452 diligere
2487 2380 2633 2446 nolo,
2664 2379 2821 2435 valde
2852 2380 2983 2435 mihi
3016 2396 3277 2451 repugno,
3311 2381 3357 2435 si
3387 2381 3559 2436 aliter
3590 2384 3684 2437 tibi

2086 2488 2249 2543 quam
2280 2473 2410 2528 mihi
2436 2472 2721 2528 consulere
2745 2470 2886 2527 volo.
2913 2470 3211 2526 Consilium
3248 2480 3436 2525 autem
3479 2471 3685 2525 nullum

2088 2568 2273 2623 utilius
2312 2567 2395 2622 vel
2429 2565 2791 2623 universalius
2818 2565 3034 2620 invenio
3061 2580 3225 2635 quam
3258 2563 3414 2628 illud,
3450 2580 3559 2634 quo
3589 2580 3688 2619 no-

2048 2692 2057 2697 -
2088 2661 2171 2715 bis
2198 2674 2294 2731 per
2315 2659 2638 2729 sapientiam
2675 2657 2998 2722 consulitur,
3035 2666 3183 2711 utne
3217 2656 3548 2725 poenitentia
3588 2672 3687 2711 no-

2089 2758 2234 2805 siros
2259 2758 2417 2804 actus
2456 2748 2842 2817 subsequatur,
2865 2745 3048 2801 omnia
3090 2744 3361 2801 faciamus
3388 2762 3517 2800 cum
3547 2762 3683 2801 con-

2088 2842 2226 2898 silio.
2257 2841 2408 2908 Quod
2433 2841 2688 2912 quoniam
2726 2841 2867 2897 sicut
2909 2851 2991 2895 est
3026 2840 3431 2911 sapientissime
3468 2842 3685 2905 datum,

2091 2934 2162 2988 ita
2200 2944 2283 2989 est
2331 2934 2610 2989 verissime
2654 2943 2831 2989 ratum
2868 2951 2881 2988 :
2911 2933 2963 2987 iu
2990 2942 3254 3003 quantum
3287 2932 3418 2987 illud
3444 2933 3689 3001 quisque

396 3018 712 3086 Quanquam
738 3019 881 3073 enim
907 3034 1065 3089 pares
1088 3037 1193 3075 non
1215 3022 1386 3077 simus
1413 3038 1621 3077 morum
1647 3025 1983 3094 aequalitate,
2014 3002 2059 3063 Ο
2093 3030 2336 3101 negligit,
2367 3030 2419 3083 in
2470 3038 2676 3084 tantum
2711 3028 2777 3083 de
2822 3002 3032 3082 actibus
3061 3028 3169 3082 suis
3195 3041 3296 3080 non
3345 3024 3552 3089 ltetari,
3582 3025 3686 3079 sed

397 3117 576 3164 tamen
621 3127 726 3166 non
759 3113 931 3169 audeo
968 3114 1149 3170 dicere
1191 3116 1425 3186 impares
1462 3134 1474 3169 :
1506 3116 1600 3171 sed
1640 3126 1787 3173 certe
1824 3118 1986 3173 dissi-

396 3200 553 3257 miles
596 3220 701 3257 non
740 3219 927 3264 sumus
967 3207 1139 3261 mutui
1178 3207 1381 3262 amoris
1416 3207 1696 3277 qualitate.
1741 3207 1987 3278 Namque

396 3292 589 3359 fateor,
625 3298 873 3365 quamvis
912 3298 1242 3354 erubescens
1269 3340 1283 3364 ,
1333 3301 1529 3367 fateor,
1562 3301 1779 3370 inquam
1801 3339 1817 3365 ,
1859 3302 1986 3371 quia

396 3387 575 3454 tepida
611 3403 728 3443 mea
760 3391 1005 3445 cbaritas
1039 3406 1069 3444 a
1106 3401 1193 3444 tua
1224 3392 1429 3447 fervida
1464 3394 1731 3448 cbaritate
1760 3408 1986 3462 supera-

397 3485 513 3540 tur;
554 3478 645 3532 sed
685 3495 789 3533 non
829 3479 1107 3535 dissimilis
1148 3481 1216 3547 ⁸¹,
1259 3482 1384 3551 quia
1424 3485 1613 3538 eadem
1654 3483 1837 3554 regula
1880 3483 1991 3538 for-

399 3576 593 3621 matur.
635 3568 786 3624 Sicut
815 3572 958 3626 enim
992 3580 1044 3626 tu
1075 3573 1278 3644 satagis
1308 3584 1365 3631 ut
1402 3588 1509 3631 non
1545 3575 1741 3630 minori
1777 3575 1990 3631 fervore

2092 3119 2355 3189 poenitere
2380 3118 2549 3189 eligit.
2582 3117 2839 3187 Quisquis
2869 3117 3033 3187 igitur
3067 3116 3152 3170 tibi
3181 3113 3418 3170 consulit
3459 3126 3526 3169 ut
3577 3116 3687 3170 hoe

2092 3210 2264 3263 utaris
2295 3209 2544 3275 consilio,
2575 3224 2681 3263 non
2723 3207 3081 3279 negligentius
3122 3205 3411 3261 consilium
3449 3206 3574 3276 ejus
3599 3216 3679 3261 est

2093 3302 2439 3367 audiendum,
2464 3317 2626 3371 quam
2658 3301 2807 3355 illum
2837 3301 3011 3369 ipsum
3035 3299 3123 3355 cui
3154 3299 3221 3353 ab
3248 3298 3510 3353 omnibus
3534 3308 3588 3353 et
3624 3300 3678 3359 in

2090 3392 2343 3447 omnibus
2381 3400 2466 3445 est
2499 3391 2887 3447 obediendum.
2912 3390 3035 3445 ideo
3060 3402 3237 3443 tecum
3269 3389 3409 3453 haec,
3434 3388 3675 3443 dilectis-

2096 3484 2252 3547 sime,
2282 3482 2523 3551 loquitur
2538 3482 2744 3536 amicus
2771 3490 2895 3535 tuus
2931 3480 2997 3535 de
3016 3478 3268 3543 consilio,
3296 3478 3424 3549 quia
3448 3479 3513 3531 de
3540 3492 3678 3547 quo-

2096 3576 2219 3628 dam
2252 3573 2468 3645 uegotio
2496 3572 2677 3636 audio,
2711 3583 2765 3627 te
2805 3572 3095 3643 disponere
3140 3580 3331 3625 contra
3378 3570 3677 3625 amicorum

1713 3686 1949 3741 VARUE
1982 3684 2391 3742 LECTIONES.

469 3773 513 3803 ⁵⁵
542 3772 885 3830 Conﬁdenter
922 3793 1014 3829 ms.
1050 3777 1384 3833 confidentes

1483 3781 1526 3811 ⁸⁷
1562 3778 1717 3846 Quod
1742 3780 2031 3835 scribimus
2059 3790 2159 3834 etc.
2188 3790 2305 3832 ‘ms.
2338 3777 2477 3846 quod
2528 3777 2621 3831 tibi
2676 3775 2966 3846 scribimus
3000 3784 3098 3846 etc.

3207 3775 3255 3807 ⁸⁸
3302 3773 3439 3829 Cum
3478 3775 3672 3830 duobus

396 3860 519 3917 mss.
557 3843 957 3917 lixcmplrtribus
994 3846 1276 3903 Victorinis
1302 3852 1455 3903 unius
1480 3843 1715 3917 ejusdem
1744 3851 1937 3906 codicis
1962 3850 2155 3904 collata
2229 3849 2277 3880 "
2304 3843 2368 3903 Μ
2385 3858 2469 3903 est
2493 3862 2626 3903 mea:
2642 3864 2740 3900 ms.
2772 3844 3222 3917 Ezentp.l.idem
3251 3861 3391 3900 mea:
3462 3847 3509 3878 “
3536 3848 3668 3901 Intra

398 3915 450 3987 in
477 3916 782 3987 cubiculum
813 3934 911 3970 ms.
941 3917 1179 3987 Exempl.
1209 3920 1257 3971 1.
1286 3920 1426 3973 intra
1452 3915 1759 3973 cubiculum

1866 3920 1909 3950 ⁶¹
1939 3918 2052 3973 Non
2085 3918 2426 3975 dissimiliter
2448 3934 2574 3972 mss.
2602 3932 2707 3971 non
2750 3915 3027 3971 dissimilis
3116 3916 3162 3947 ⁶¹
3195 3916 3272 3969 lta
3300 3930 3434 3986 ergo
3466 3934 3587 3971 mas.
3626 3928 3671 3970 et

401 3984 544 4041 Edit.
594 3985 809 4057 Piccrdi
862 3989 932 4041 ita
977 4002 1075 4057 ego
1107 3984 1114 3987 ⁷
1150 3988 1195 4018 ⁸³
1225 3987 1379 4043 Nunc
1405 3988 1599 4043 sullicit
1628 4007 1725 4043 ms.
1760 3990 1810 4044 1.
1845 4006 1949 4043 non
1984 3989 2180 4046 snﬂicit
2277 3990 2498 4055 “Quod
2540 3985 2766 4054 adjuvas
2793 4003 2892 4040 ms.
2922 3987 2973 4040 l.
3004 3987 3150 4055 quod
3194 3984 3513 4057 audivimus
3551 4004 3667 4039 ma.

397 4058 625 4108 alterum
652 4056 793 4125 quod
823 4056 1071 4113 audimus

402 4125 801 4195 [farm-pluribus
842 4132 893 4180 in
926 4144 1028 4182 uno
1061 4128 1191 4182 Cod.
1220 4145 1318 4184 ms.
1355 4129 1551 4183 collata

1173 4059 1219 4089 ⁶⁸
1249 4058 1401 4114 Unde
1449 4060 1712 4117 retribuat
1737 4072 1834 4114 etc.
1889 4058 2273 4129 uts.‘Exempl.
2308 4060 2359 4114 1.
2407 4059 2548 4114 unde
2595 4058 2693 4112 tibi
2755 4057 3021 4112 retribuat
3070 4066 3171 4111 etc.

3249 4055 3296 4088 ⁶⁶
3324 4055 3463 4111 Cum
3493 4058 3670 4111 iisdem

1583 4238 1868 4297 JOANNIS
1898 4241 2168 4298 PICARDI
2210 4240 2443 4297 ΝΟΤᾹΞ.

398 4363 618 4433 pulsans
665 4374 721 4416 et
759 4364 1059 4419 excutiens.
1108 4364 1173 4418 Et
1215 4371 1336 4417 erat
1396 4377 1501 4417 non
1545 4362 1979 4417 inconsideratus
2006 4368 2056 4426 ι)
2084 4362 2302 4433 peribus
2328 4363 2480 4418 cibos
2513 4377 2804 4433 apponere,
2854 4373 2911 4419 et
2941 4362 3201 4418 tenuioris
3247 4360 3484 4415 fortuna!
3526 4360 3673 4433 scho-

398 4436 607 4495 doctor,
637 4450 735 4487 uec
754 4435 1035 4505 deperibat
1063 4435 1181 4505 cjns
1208 4433 1531 4505 liberalitas,
1573 4449 1736 4505 quam
1770 4433 1977 4487 discre-

2104 4450 2224 4505 ares
2262 4434 2329 4487 ad
2374 4430 2796 4504 disputationum
2838 4449 3076 4505 pugnam
3127 4432 3514 4505 committere._
3554 4430 3675 4505 Post

401 4506 475 4556 tio
502 4513 555 4557 ct
586 4504 749 4556 animi
791 4500 1373 4559 cotidiehatalaeritas.
1398 4500 1621 4572 Luxque
1648 4503 1829 4557 vultus
1864 4505 1983 4573 ejus
2080 4504 2245 4558 verba
2278 4500 2494 4573 utrique
2544 4505 2649 4558 laeti
2677 4500 2939 4568 abibant;
2955 4506 3081 4559 dum
3135 4513 3191 4558 et
3218 4502 3397 4573 victor
3434 4500 3675 4573 scientias

400 4590 503 4625 non
535 4574 760 4626 cadebat
791 4574 842 4628 in
870 4584 1093 4637 terram,
1132 4576 1225 4629 sed
1249 4583 1367 4627 erat
1418 4574 1703 4644 accipienti
1735 4574 1983 4642 gratissi-

398 4660 509 4704 ma,
536 4644 673 4695 sicut
712 4644 788 4696 sol
813 4660 976 4714 mane.
1005 4661 1144 4699 novo
1175 4644 1447 4709 exoriens,
1490 4646 1580 4714 qui
1604 4644 1866 4698 discussis
1887 4660 1985 4697 uu-

400 4716 521 4766 lnlis
572 4713 879 4777 tranquillat
938 4725 1129 4768 ventos
1169 4724 1225 4767 et
1254 4724 1474 4768 serenat
1513 4713 1669 4768 aera.
1704 4714 1985 4783 Expende-

399 4786 596 4838 hantur
621 4798 750 4854 ergo
791 4784 1115 4851 pauperibus
1166 4798 1353 4853 panes,
1408 4785 1598 4850 calcei,
1657 4794 1714 4838 et
1764 4799 1986 4854 prorsus

398 4870 519 4923 quae
550 4855 615 4907 ad
638 4852 835 4906 victum
869 4855 1137 4922 pertinent
1172 4852 1239 4907 et
1282 4856 1556 4909 vestitum.
1617 4852 1829 4908 Denarii
1876 4870 1981 4909 non

401 4926 669 4979 dabantur
711 4926 994 4977 tuaturiori
1048 4934 1304 4985 tractatu,
1354 4926 1686 4993 prol'nndiori
1731 4925 1982 4988 consilio,

399 4996 544 5064 quod
576 4994 735 5063 hujus
793 4996 1051 5065 temporis
1112 5004 1167 5049 et
1214 4995 1402 5064 vulgus
1430 4994 1778 5050 sulfurciuato
1820 4995 1985 5050 etiam

401 5065 676 5134 marsupio

547 5175 560 5189 .
596 5173 611 5189 .
646 5177 657 5188 .
686 5175 701 5190 .
733 5134 883 5191 Sicco
914 5147 1199 5207 concoquat
1226 5152 1315 5188 ore
1346 5138 1558 5203 famem.

1182 5207 1464 5273 (Paruum,
1492 5206 1631 5266 Sat.,
1663 5206 1892 5273 Lxxxtt.)

400 5277 468 5332 Et
491 5278 644 5346 quasi
671 5287 1073 5332 sacrosanctqu
1098 5278 1235 5331 vitat
1264 5279 1390 5330 dare
1405 5294 1501 5345 pro
1526 5278 1665 5331 victu
1690 5291 1992 5339 nunnnum,

404 5363 470 5401 ne
497 5348 740 5403 debilitet
788 5362 1093 5402 numerum.
1137 5346 1362 5402 Clericis
1388 5348 1692 5417 egentibus,
1724 5357 1779 5399 et
1804 5361 1992 5399 mona-

403 5419 583 5473 steriis
634 5419 957 5474 immensum
1016 5428 1278 5486 quantum
1334 5416 1677 5471 nummorum
1729 5416 1989 5479 cumulat,

405 5486 718 5555 plerumque
778 5490 1197 5544 verecundiores
1253 5489 1319 5542 ad
1383 5487 1675 5555 rogandum
1728 5487 1984 5540 invitans.

406 5505 612 5554 plerum
652 5505 718 5544 ue
778 5505 1197 5544 VCI'CCUDGIOI'CS
1253 5505 1319 5542 au
1383 5505 1675 5555 rogauuutu
1728 5505 1984 5540 ιηνιιίιηε.

406 5556 515 5614 Nec
543 5505 775 5619 augebat
823 5559 1283 5629 archiepiscopum
1329 5558 1434 5615 alte
1471 5558 1802 5614 succinctum
1853 5572 1984 5628 pau-

2082 4576 2387 4642 przcmium,
2407 4571 2479 4629 et
2516 4576 2689 4628 victus
2716 4575 2990 4643 acciperet
3020 4572 3359 4630 verecundia:
3399 4571 3672 4643 solatium,

2084 4644 2153 4698 Et
2184 4660 2397 4698 rursum
2431 4662 2445 4697 :
2481 4643 2591 4699 Nec
2617 4645 2669 4698 in
2701 4642 2874 4698 aevum
2936 4645 3237 4700 abolebitur
3286 4642 3597 4695 communis
3625 4642 3673 4695 in

2086 4730 2298 4780 omnes,
2351 4714 2637 4784 singularis
2667 4715 2720 4767 in
2752 4730 3190 4784 unumquemque
3212 4714 3458 4767 cbaritas
3516 4712 3672 4784 illius.

2092 4784 2243 4850 Quod
2276 4783 2478 4838 nullum
2527 4799 2765 4854 unquam
2823 4783 3030 4839 tristem
3089 4783 3448 4854 permitteret,
3500 4783 3592 4835 sed
3633 4783 3672 4835 si

2092 4870 2253 4923 quem
2280 4853 2629 4910 subuubilum
2651 4854 2877 4921 videret,
2926 4856 3109 4909 statim
3143 4853 3524 4909 sciscitaretur
3560 4867 3677 4923 cau-

2095 4922 2208 4979 sam
2240 4933 2292 4978 et
2344 4935 2630 4993 quaereret,
2669 4926 2897 4994 cognitas
2948 4927 3173 4994 impiger
3220 4923 3573 4977 mederetur:
3602 4922 3675 4975 ul-

2097 5006 2316 5049 troueus
2361 4996 2649 5064 jutenibus
2697 4994 2892 5050 offerre
2935 4996 3187 5050 denarios
3216 4995 3416 5063 quibus
3435 4994 3675 5064 necessi-

2099 5063 2927 5134 tudiuumpropriaruminopia:
2968 5073 3339 5120 occurrerent.
3388 5063 3449 5134 Si
3501 5073 3674 5117 autem

2097 5137 2278 5189 datum
2316 5132 2538 5190 fortuito
2565 5132 2858 5197 excideret,
2888 5136 3363 5203 geminare,idque
3389 5132 3533 5188 clam
3562 5134 3675 5186 aliis

2104 5221 2224 5259 esse
2270 5206 2578 5274 praecipere.
2613 5206 2735 5259 llaec
2775 5204 3093 5260 Guillelmus
3140 5208 3207 5259 de
3233 5203 3527 5259 Lanfrauci
3559 5218 3678 5257 tere

2100 5276 2409 5329 Christiana
2439 5288 2495 5330 et
2524 5276 2759 5340 perfecta
2792 5276 3162 5330 misericordia
3206 5276 3258 5329 in
3297 5290 3503 5344 egenos
3525 5290 3541 5327 :
3562 5290 3676 5341 qua:

2099 5347 2197 5399 etsi
2261 5346 2441 5399 forsan
2476 5347 2785 5414 prolixiora,
2844 5362 2947 5401 non
3007 5346 3191 5399 taeduit
3226 5346 3558 5404 exscribere.
3621 5354 3676 5396 ut

2098 5416 2266 5470 lector
2292 5417 2509 5470 virtutis
2536 5432 2724 5469 amans
2756 5417 2954 5470 habeat
2975 5416 3252 5485 quidpiam
3282 5416 3349 5470 de
3401 5417 3539 5470 tanti
3576 5415 3672 5467 viri

2094 5496 2147 5539 ct
2182 5486 2433 5540 catholici
2459 5488 2693 5541 doctoris
2723 5486 3082 5540 sanctimonia
3128 5496 3323 5553 praeter
3346 5501 3513 5556 quam
3540 5486 3679 5556 quod

2094 5558 2325 5615 maxime
2354 5556 2586 5617 Ausclmi
2619 5556 2796 5614 verbis
2823 5566 3138 5613 consonent.
