  <div class='ocr_page' id='page_1' title='image "/cluster/home/n/w/nwhite01/storage/ocr_20150623/158/hvd.32044054760160/547.png"; bbox 0 0 3898 6052; ppageno 0'>
   <div class='ocr_carea' id='block_1_1' title="bbox 270 4103 1160 4159">
    <p class='ocr_par' dir='ltr' id='par_1_1' title="bbox 270 4103 1160 4159">
     <span class='ocr_line' id='line_1_1' title="bbox 270 4103 1160 4159; baseline 0.009 -8"><span class='ocrx_word' id='word_1_1' title='bbox 270 4146 273 4151; x_wconf 89' lang='grc'>.</span> <span class='ocrx_word' id='word_1_2' title='bbox 367 4103 413 4136; x_wconf 78' lang='grc'><strong>³¹</strong></span> <span class='ocrx_word' id='word_1_3' title='bbox 444 4103 573 4156; x_wconf 85' lang='lat' dir='ltr'><strong>Cum</strong></span> <span class='ocrx_word' id='word_1_4' title='bbox 599 4105 784 4158; x_wconf 77' lang='lat' dir='ltr'><strong>iisdem</strong></span> <span class='ocrx_word' id='word_1_5' title='bbox 807 4121 932 4159; x_wconf 82' lang='lat' dir='ltr'><strong>mss.</strong></span> <span class='ocrx_word' id='word_1_6' title='bbox 964 4105 1160 4159; x_wconf 78' lang='lat' dir='ltr'><strong>collata</strong></span> 
     </span>
    </p>
   </div>
   <div class='ocr_carea' id='block_1_2' title="bbox 366 156 506 212">
    <p class='ocr_par' dir='ltr' id='par_1_2' title="bbox 366 156 506 212">
     <span class='ocr_line' id='line_1_2' title="bbox 366 156 506 212; baseline -0.014 -1"><span class='ocrx_word' id='word_1_7' title='bbox 366 157 389 211; x_wconf 67' lang='grc'><strong>1</strong></span> <span class='ocrx_word' id='word_1_8' title='bbox 400 156 506 212; x_wconf 76' lang='grc'><strong>085</strong></span> 
     </span>
    </p>
   </div>
   <div class='ocr_carea' id='block_1_3' title="bbox 885 138 1956 205">
    <p class='ocr_par' dir='ltr' id='par_1_3' title="bbox 885 139 1956 205">
     <span class='ocr_line' id='line_1_3' title="bbox 885 139 1956 205; baseline -0.01 0"><span class='ocrx_word' id='word_1_9' title='bbox 885 149 944 205; x_wconf 89' lang='lat' dir='ltr'><strong>S.</strong></span> <span class='ocrx_word' id='word_1_10' title='bbox 984 145 1291 203; x_wconf 81' lang='lat' dir='ltr'><strong>ANSELMI</strong></span> <span class='ocrx_word' id='word_1_11' title='bbox 1327 142 1681 202; x_wconf 65' lang='lat' dir='ltr'><strong>CANTUAR.</strong></span> <span class='ocrx_word' id='word_1_12' title='bbox 1719 139 1956 198; x_wconf 75' lang='lat' dir='ltr'><strong>ARCllllE</strong></span> 
     </span>
    </p>
   </div>
   <div class='ocr_carea' id='block_1_4' title="bbox 2067 138 3082 205">
    <p class='ocr_par' dir='ltr' id='par_1_4' title="bbox 2070 138 3082 196">
     <span class='ocr_line' id='line_1_4' title="bbox 2070 138 3082 196; baseline -0.001 -2"><span class='ocrx_word' id='word_1_13' title='bbox 2070 140 2221 195; x_wconf 78' lang='lat' dir='ltr'>OPP.</span> <span class='ocrx_word' id='word_1_14' title='bbox 2266 139 2443 194; x_wconf 73' lang='lat' dir='ltr'><strong>PARS</strong></span> <span class='ocrx_word' id='word_1_15' title='bbox 2471 139 2554 193; x_wconf 88' lang='lat' dir='ltr'><strong>lll.</strong></span> <span class='ocrx_word' id='word_1_16' title='bbox 2593 171 2660 180; x_wconf 89' lang='lat'><strong><em>—</em></strong></span> <span class='ocrx_word' id='word_1_17' title='bbox 2699 138 3082 196; x_wconf 67' lang='grc' dir='ltr'><strong>ιεριετοωῑ.</strong></span> 
     </span>
    </p>
   </div>
   <div class='ocr_carea' id='block_1_5' title="bbox 3499 140 3667 197">
    <p class='ocr_par' dir='ltr' id='par_1_5' title="bbox 3499 140 3667 197">
     <span class='ocr_line' id='line_1_5' title="bbox 3499 140 3667 197; baseline 0 -1"><span class='ocrx_word' id='word_1_18' title='bbox 3499 140 3667 197; x_wconf 72' lang='grc' dir='ltr'>ιοει</span> 
     </span>
    </p>
   </div>
   <div class='ocr_carea' id='block_1_6' title="bbox 353 259 3671 337">
    <p class='ocr_par' dir='ltr' id='par_1_6' title="bbox 353 259 3671 337">
     <span class='ocr_line' id='line_1_6' title="bbox 353 259 3671 337; baseline -0.004 -13"><span class='ocrx_word' id='word_1_19' title='bbox 353 285 471 325; x_wconf 70' lang='lat' dir='ltr'><strong>anon</strong></span> <span class='ocrx_word' id='word_1_20' title='bbox 492 265 640 337; x_wconf 72' lang='lat' dir='ltr'><strong>quill?</strong></span> <span class='ocrx_word' id='word_1_21' title='bbox 663 275 711 319; x_wconf 83' lang='lat' dir='ltr'><strong>e:</strong></span> <span class='ocrx_word' id='word_1_22' title='bbox 733 263 766 317; x_wconf 88' lang='lat' dir='ltr'><strong>ll</strong></span> <span class='ocrx_word' id='word_1_23' title='bbox 788 278 829 317; x_wconf 70' lang='grc' dir='ltr'>ιε</span> <span class='ocrx_word' id='word_1_24' title='bbox 854 265 969 331; x_wconf 87' lang='lat' dir='ltr'><strong>pari</strong></span> <span class='ocrx_word' id='word_1_25' title='bbox 1002 277 1140 317; x_wconf 79' lang='lat' dir='ltr'><strong>rosae</strong></span> <span class='ocrx_word' id='word_1_26' title='bbox 1163 260 1571 329; x_wconf 73' lang='lat' dir='ltr'><strong>fragratodore,</strong></span> <span class='ocrx_word' id='word_1_27' title='bbox 1596 259 1809 314; x_wconf 85' lang='lat' dir='ltr'><strong>etiamsi</strong></span> <span class='ocrx_word' id='word_1_28' title='bbox 1838 273 1944 312; x_wconf 88' lang='lat' dir='ltr'><strong>non</strong></span> <span class='ocrx_word' id='word_1_29' title='bbox 1981 262 2022 318; x_wconf 77' lang='grc' dir='ltr'><strong>Α</strong></span> <span class='ocrx_word' id='word_1_30' title='bbox 2051 261 2372 319; x_wconf 86' lang='lat' dir='ltr'><strong>venientem.</strong></span> <span class='ocrx_word' id='word_1_31' title='bbox 2404 269 2702 330; x_wconf 63' lang='lat' dir='ltr'><strong>vestraeque</strong></span> <span class='ocrx_word' id='word_1_32' title='bbox 2729 260 3038 315; x_wconf 65' lang='lat' dir='ltr'><strong>dilectionis</strong></span> <span class='ocrx_word' id='word_1_33' title='bbox 3061 260 3191 312; x_wconf 78' lang='lat' dir='ltr'><strong>mihi</strong></span> <span class='ocrx_word' id='word_1_34' title='bbox 3221 260 3469 313; x_wconf 76' lang='lat' dir='ltr'><strong>tiuntiunn</strong></span> <span class='ocrx_word' id='word_1_35' title='bbox 3494 261 3671 316; x_wconf 62' lang='lat' dir='ltr'><strong>dero»</strong></span> 
     </span>
    </p>
   </div>
   <div class='ocr_carea' id='block_1_7' title="bbox 350 354 1226 432">
    <p class='ocr_par' dir='ltr' id='par_1_7' title="bbox 350 354 1226 432">
     <span class='ocr_line' id='line_1_7' title="bbox 350 354 1226 432; baseline -0.011 -15"><span class='ocrx_word' id='word_1_36' title='bbox 350 362 564 432; x_wconf 72' lang='lat' dir='ltr'><strong>dispari</strong></span> <span class='ocrx_word' id='word_1_37' title='bbox 595 357 744 412; x_wconf 76' lang='lat' dir='ltr'><strong>fallat</strong></span> <span class='ocrx_word' id='word_1_38' title='bbox 773 357 994 411; x_wconf 74' lang='lat' dir='ltr'><strong>rubore.</strong></span> <span class='ocrx_word' id='word_1_39' title='bbox 1022 354 1226 409; x_wconf 80' lang='lat' dir='ltr'><strong>Valete.</strong></span> 
     </span>
    </p>
   </div>
   <div class='ocr_carea' id='block_1_8' title="bbox 833 444 1458 502">
    <p class='ocr_par' dir='ltr' id='par_1_8' title="bbox 833 444 1458 502">
     <span class='ocr_line' id='line_1_8' title="bbox 833 444 1458 502; baseline -0.003 -2"><span class='ocrx_word' id='word_1_40' title='bbox 833 444 1167 502; x_wconf 72' lang='lat' dir='ltr'><strong>EPISTOLA</strong></span> <span class='ocrx_word' id='word_1_41' title='bbox 1218 445 1354 499; x_wconf 75' lang='lat' dir='ltr'><strong>XVII</strong></span> <span class='ocrx_word' id='word_1_42' title='bbox 1392 445 1458 498; x_wconf 79' lang='grc'><strong>⁷⁵.</strong></span> 
     </span>
    </p>
   </div>
   <div class='ocr_carea' id='block_1_9' title="bbox 718 552 1587 597">
    <p class='ocr_par' dir='ltr' id='par_1_9' title="bbox 718 552 1587 597">
     <span class='ocr_line' id='line_1_9' title="bbox 718 552 1587 597; baseline -0.001 -4"><span class='ocrx_word' id='word_1_43' title='bbox 718 557 785 594; x_wconf 70' lang='grc' dir='ltr'><strong>ΑΒ</strong></span> <span class='ocrx_word' id='word_1_44' title='bbox 818 555 1165 597; x_wconf 66' lang='grc' dir='ltr'>ϐυιιιεωιυδί</span> <span class='ocrx_word' id='word_1_45' title='bbox 1195 552 1264 594; x_wconf 78' lang='lat' dir='ltr'><strong>ET</strong></span> <span class='ocrx_word' id='word_1_46' title='bbox 1298 553 1587 593; x_wconf 74' lang='grc' dir='ltr'>ιιοσειιιυιι.</span> 
     </span>
    </p>
   </div>
   <div class='ocr_carea' id='block_1_10' title="bbox 468 629 1840 699">
    <p class='ocr_par' dir='ltr' id='par_1_10' title="bbox 468 629 1840 699">
     <span class='ocr_line' id='line_1_10' title="bbox 468 629 1840 699; baseline -0.005 -9"><span class='ocrx_word' id='word_1_47' title='bbox 468 636 700 690; x_wconf 77' lang='lat' dir='ltr'><strong>Suarum</strong></span> <span class='ocrx_word' id='word_1_48' title='bbox 749 635 1051 687; x_wconf 83' lang='lat' dir='ltr'><strong>orationum</strong></span> <span class='ocrx_word' id='word_1_49' title='bbox 1097 634 1513 687; x_wconf 73' lang='lat' dir='ltr'><strong>communionem</strong></span> <span class='ocrx_word' id='word_1_50' title='bbox 1551 629 1840 699; x_wconf 76' lang='lat' dir='ltr'><strong>pollicetur.</strong></span> 
     </span>
    </p>
   </div>
   <div class='ocr_carea' id='block_1_11' title="bbox 356 722 1951 794">
    <p class='ocr_par' dir='ltr' id='par_1_11' title="bbox 356 722 1951 794">
     <span class='ocr_line' id='line_1_11' title="bbox 356 722 1951 794; baseline -0.002 -17"><span class='ocrx_word' id='word_1_51' title='bbox 356 766 363 777; x_wconf 88' lang='lat'><strong>.</strong></span> <span class='ocrx_word' id='word_1_52' title='bbox 434 728 679 783; x_wconf 82' lang='lat' dir='ltr'><strong>Dominis</strong></span> <span class='ocrx_word' id='word_1_53' title='bbox 709 734 768 780; x_wconf 86' lang='lat' dir='ltr'><strong>et</strong></span> <span class='ocrx_word' id='word_1_54' title='bbox 813 724 1076 779; x_wconf 76' lang='lat' dir='ltr'><strong>fratribus</strong></span> <span class='ocrx_word' id='word_1_55' title='bbox 1108 726 1223 779; x_wconf 88' lang='lat' dir='ltr'><strong>suis</strong></span> <span class='ocrx_word' id='word_1_56' title='bbox 1262 734 1453 794; x_wconf 68' lang='lat' dir='ltr'><strong>sponte</strong></span> <span class='ocrx_word' id='word_1_57' title='bbox 1496 722 1863 794; x_wconf 81' lang='lat' dir='ltr'><strong>diligentibus,</strong></span> <span class='ocrx_word' id='word_1_58' title='bbox 1894 728 1951 774; x_wconf 84' lang='lat' dir='ltr'><strong>et</strong></span> 
     </span>
    </p>
   </div>
   <div class='ocr_carea' id='block_1_12' title="bbox 362 812 1952 881">
    <p class='ocr_par' dir='ltr' id='par_1_12' title="bbox 362 812 1952 881">
     <span class='ocr_line' id='line_1_12' title="bbox 362 812 1952 881; baseline -0.006 -7"><span class='ocrx_word' id='word_1_59' title='bbox 362 822 559 874; x_wconf 77' lang='lat' dir='ltr'><strong>merito</strong></span> <span class='ocrx_word' id='word_1_60' title='bbox 588 818 805 873; x_wconf 82' lang='lat' dir='ltr'><strong>dilectis</strong></span> <span class='ocrx_word' id='word_1_61' title='bbox 838 816 1152 872; x_wconf 72' lang='lat' dir='ltr'><strong>GUILLELMH</strong></span> <span class='ocrx_word' id='word_1_62' title='bbox 1177 827 1231 871; x_wconf 90' lang='lat' dir='ltr'><strong>et</strong></span> <span class='ocrx_word' id='word_1_63' title='bbox 1257 816 1519 881; x_wconf 74' lang='lat' dir='ltr'><strong>ROGERIO,</strong></span> <span class='ocrx_word' id='word_1_64' title='bbox 1552 814 1719 869; x_wconf 80' lang='lat' dir='ltr'><strong>frater</strong></span> <span class='ocrx_word' id='word_1_65' title='bbox 1746 812 1952 866; x_wconf 76' lang='lat' dir='ltr'><strong>ANSEL-</strong></span> 
     </span>
    </p>
   </div>
   <div class='ocr_carea' id='block_1_13' title="bbox 358 913 750 969">
    <p class='ocr_par' dir='ltr' id='par_1_13' title="bbox 358 913 750 969">
     <span class='ocr_line' id='line_1_13' title="bbox 358 913 750 969; baseline -0.015 -1"><span class='ocrx_word' id='word_1_66' title='bbox 358 930 462 969; x_wconf 73' lang='lat' dir='ltr'><strong>nos</strong></span> <span class='ocrx_word' id='word_1_67' title='bbox 493 913 750 968; x_wconf 92' lang='lat' dir='ltr'><strong>salutem.</strong></span> 
     </span>
    </p>
   </div>
   <div class='ocr_carea' id='block_1_14' title="bbox 436 998 1946 1067">
    <p class='ocr_par' dir='ltr' id='par_1_14' title="bbox 436 998 1946 1067">
     <span class='ocr_line' id='line_1_14' title="bbox 436 998 1946 1067; baseline -0.006 -9"><span class='ocrx_word' id='word_1_68' title='bbox 436 1004 698 1058; x_wconf 78' lang='lat' dir='ltr'><strong>Dominus</strong></span> <span class='ocrx_word' id='word_1_69' title='bbox 724 1012 780 1058; x_wconf 90' lang='lat' dir='ltr'><strong>et</strong></span> <span class='ocrx_word' id='word_1_70' title='bbox 808 1003 1016 1058; x_wconf 85' lang='lat' dir='ltr'><strong>amicus</strong></span> <span class='ocrx_word' id='word_1_71' title='bbox 1042 1011 1229 1057; x_wconf 85' lang='lat' dir='ltr'><strong>noster</strong></span> <span class='ocrx_word' id='word_1_72' title='bbox 1270 1000 1526 1054; x_wconf 87' lang='lat' dir='ltr'><strong>Ermerns</strong></span> <span class='ocrx_word' id='word_1_73' title='bbox 1558 998 1625 1060; x_wconf 76' lang='grc'><strong>⁷⁸,</strong></span> <span class='ocrx_word' id='word_1_74' title='bbox 1661 1005 1946 1067; x_wconf 86' lang='lat' dir='ltr'><strong>postquam</strong></span> 
     </span>
    </p>
   </div>
   <div class='ocr_carea' id='block_1_15' title="bbox 358 1087 1947 1163">
    <p class='ocr_par' dir='ltr' id='par_1_15' title="bbox 358 1087 1947 1163">
     <span class='ocr_line' id='line_1_15' title="bbox 358 1087 1947 1163; baseline -0.007 -11"><span class='ocrx_word' id='word_1_75' title='bbox 358 1098 534 1152; x_wconf 72' lang='lat' dir='ltr'><strong>Roma</strong></span> <span class='ocrx_word' id='word_1_76' title='bbox 562 1095 744 1159; x_wconf 78' lang='lat' dir='ltr'><strong>rediit,</strong></span> <span class='ocrx_word' id='word_1_77' title='bbox 781 1105 1025 1151; x_wconf 85' lang='lat' dir='ltr'><strong>vestram</strong></span> <span class='ocrx_word' id='word_1_78' title='bbox 1058 1094 1189 1148; x_wconf 91' lang='lat' dir='ltr'><strong>mihi</strong></span> <span class='ocrx_word' id='word_1_79' title='bbox 1222 1091 1671 1163; x_wconf 79' lang='lat' dir='ltr'><strong>postulationem,</strong></span> <span class='ocrx_word' id='word_1_80' title='bbox 1697 1097 1756 1143; x_wconf 90' lang='lat' dir='ltr'><strong>ut</strong></span> <span class='ocrx_word' id='word_1_81' title='bbox 1785 1087 1947 1142; x_wconf 84' lang='lat' dir='ltr'><strong>vestri</strong></span> 
     </span>
    </p>
   </div>
   <div class='ocr_carea' id='block_1_16' title="bbox 360 1177 1951 1250">
    <p class='ocr_par' dir='ltr' id='par_1_16' title="bbox 360 1177 1951 1250">
     <span class='ocr_line' id='line_1_16' title="bbox 360 1177 1951 1250; baseline -0.007 -7"><span class='ocrx_word' id='word_1_82' title='bbox 360 1202 572 1244; x_wconf 86' lang='lat' dir='ltr'><strong>memor</strong></span> <span class='ocrx_word' id='word_1_83' title='bbox 622 1188 675 1241; x_wconf 92' lang='lat' dir='ltr'><strong>in</strong></span> <span class='ocrx_word' id='word_1_84' title='bbox 732 1187 1072 1243; x_wconf 84' lang='lat' dir='ltr'><strong>orationibus</strong></span> <span class='ocrx_word' id='word_1_85' title='bbox 1130 1185 1265 1239; x_wconf 85' lang='lat' dir='ltr'><strong>meis</strong></span> <span class='ocrx_word' id='word_1_86' title='bbox 1316 1197 1516 1249; x_wconf 76' lang='lat' dir='ltr'><strong>essem,</strong></span> <span class='ocrx_word' id='word_1_87' title='bbox 1571 1189 1716 1236; x_wconf 89' lang='lat' dir='ltr'><strong>tanta</strong></span> <span class='ocrx_word' id='word_1_88' title='bbox 1742 1177 1951 1250; x_wconf 86' lang='lat' dir='ltr'><strong>suppli—</strong></span> 
     </span>
    </p>
   </div>
   <div class='ocr_carea' id='block_1_17' title="bbox 356 1269 1949 1348">
    <p class='ocr_par' dir='ltr' id='par_1_17' title="bbox 356 1269 1949 1348">
     <span class='ocr_line' id='line_1_17' title="bbox 356 1269 1949 1348; baseline -0.006 -15"><span class='ocrx_word' id='word_1_89' title='bbox 356 1282 573 1334; x_wconf 75' lang='lat' dir='ltr'><strong>catione</strong></span> <span class='ocrx_word' id='word_1_90' title='bbox 604 1280 812 1341; x_wconf 88' lang='lat' dir='ltr'><strong>retulit,</strong></span> <span class='ocrx_word' id='word_1_91' title='bbox 844 1290 902 1332; x_wconf 90' lang='grc' dir='ltr'><strong>ιιι</strong></span> <span class='ocrx_word' id='word_1_92' title='bbox 947 1286 1002 1332; x_wconf 92' lang='lat' dir='ltr'><strong>et</strong></span> <span class='ocrx_word' id='word_1_93' title='bbox 1031 1279 1204 1348; x_wconf 91' lang='lat' dir='ltr'><strong>pudor</strong></span> <span class='ocrx_word' id='word_1_94' title='bbox 1250 1291 1334 1331; x_wconf 89' lang='lat' dir='ltr'><strong>me</strong></span> <span class='ocrx_word' id='word_1_95' title='bbox 1374 1283 1595 1345; x_wconf 75' lang='lat' dir='ltr'><strong>cogeret</strong></span> <span class='ocrx_word' id='word_1_96' title='bbox 1648 1274 1777 1328; x_wconf 87' lang='lat' dir='ltr'><strong>dare</strong></span> <span class='ocrx_word' id='word_1_97' title='bbox 1805 1269 1949 1340; x_wconf 86' lang='lat' dir='ltr'><strong>quod</strong></span> 
     </span>
    </p>
   </div>
   <div class='ocr_carea' id='block_1_18' title="bbox 359 1366 1951 1441">
    <p class='ocr_par' dir='ltr' id='par_1_18' title="bbox 359 1366 1951 1441">
     <span class='ocr_line' id='line_1_18' title="bbox 359 1366 1951 1441; baseline -0.006 -15"><span class='ocrx_word' id='word_1_98' title='bbox 359 1383 470 1427; x_wconf 86' lang='lat' dir='ltr'><strong>tam</strong></span> <span class='ocrx_word' id='word_1_99' title='bbox 493 1373 691 1428; x_wconf 76' lang='lat' dir='ltr'><strong>obnixe.</strong></span> <span class='ocrx_word' id='word_1_100' title='bbox 714 1371 1025 1441; x_wconf 83' lang='lat' dir='ltr'><strong>petebatur,</strong></span> <span class='ocrx_word' id='word_1_101' title='bbox 1045 1378 1101 1423; x_wconf 89' lang='lat' dir='ltr'><strong>et</strong></span> <span class='ocrx_word' id='word_1_102' title='bbox 1122 1369 1455 1425; x_wconf 83' lang='lat' dir='ltr'><strong>conscientia</strong></span> <span class='ocrx_word' id='word_1_103' title='bbox 1479 1366 1951 1436; x_wconf 78' lang='lat' dir='ltr'><strong>prohibercl,quo-</strong></span> 
     </span>
    </p>
   </div>
   <div class='ocr_carea' id='block_1_19' title="bbox 360 1456 1953 1531">
    <p class='ocr_par' dir='ltr' id='par_1_19' title="bbox 360 1456 1953 1531">
     <span class='ocr_line' id='line_1_19' title="bbox 360 1456 1953 1531; baseline -0.006 -13"><span class='ocrx_word' id='word_1_104' title='bbox 360 1466 506 1519; x_wconf 89' lang='lat' dir='ltr'><strong>niam</strong></span> <span class='ocrx_word' id='word_1_105' title='bbox 532 1480 637 1520; x_wconf 87' lang='lat' dir='ltr'><strong>non</strong></span> <span class='ocrx_word' id='word_1_106' title='bbox 670 1473 790 1520; x_wconf 88' lang='lat' dir='ltr'><strong>erat</strong></span> <span class='ocrx_word' id='word_1_107' title='bbox 814 1465 866 1518; x_wconf 93' lang='lat' dir='ltr'><strong>in</strong></span> <span class='ocrx_word' id='word_1_108' title='bbox 901 1478 986 1517; x_wconf 86' lang='lat' dir='ltr'><strong>me</strong></span> <span class='ocrx_word' id='word_1_109' title='bbox 1015 1464 1158 1531; x_wconf 84' lang='lat' dir='ltr'><strong>quod</strong></span> <span class='ocrx_word' id='word_1_110' title='bbox 1181 1460 1506 1530; x_wconf 88' lang='lat' dir='ltr'><strong>sperabatur</strong></span> <span class='ocrx_word' id='word_1_111' title='bbox 1531 1459 1598 1511; x_wconf 83' lang='grc'><strong>⁷⁷.</strong></span> <span class='ocrx_word' id='word_1_112' title='bbox 1628 1457 1763 1512; x_wconf 90' lang='lat' dir='ltr'><strong>Cum</strong></span> <span class='ocrx_word' id='word_1_113' title='bbox 1788 1456 1953 1526; x_wconf 83' lang='lat' dir='ltr'><strong>igitur</strong></span> 
     </span>
    </p>
   </div>
   <div class='ocr_carea' id='block_1_20' title="bbox 364 1546 1948 1620">
    <p class='ocr_par' dir='ltr' id='par_1_20' title="bbox 364 1546 1948 1620">
     <span class='ocr_line' id='line_1_20' title="bbox 364 1546 1948 1620; baseline -0.006 -10"><span class='ocrx_word' id='word_1_114' title='bbox 364 1565 418 1610; x_wconf 88' lang='lat' dir='ltr'><strong>et</strong></span> <span class='ocrx_word' id='word_1_115' title='bbox 451 1556 683 1609; x_wconf 81' lang='lat' dir='ltr'><strong>libenter</strong></span> <span class='ocrx_word' id='word_1_116' title='bbox 704 1566 759 1608; x_wconf 88' lang='lat' dir='ltr'><strong>et</strong></span> <span class='ocrx_word' id='word_1_117' title='bbox 789 1553 1099 1609; x_wconf 75' lang='lat' dir='ltr'><strong>verecunde</strong></span> <span class='ocrx_word' id='word_1_118' title='bbox 1130 1551 1341 1620; x_wconf 88' lang='lat' dir='ltr'><strong>plenius</strong></span> <span class='ocrx_word' id='word_1_119' title='bbox 1381 1552 1767 1605; x_wconf 75' lang='lat' dir='ltr'><strong>concessissem</strong></span> <span class='ocrx_word' id='word_1_120' title='bbox 1807 1546 1948 1616; x_wconf 89' lang='lat' dir='ltr'><strong>quod</strong></span> 
     </span>
    </p>
   </div>
   <div class='ocr_carea' id='block_1_21' title="bbox 2054 352 3673 420">
    <p class='ocr_par' dir='ltr' id='par_1_21' title="bbox 2054 352 3673 420">
     <span class='ocr_line' id='line_1_21' title="bbox 2054 352 3673 420; baseline 0.002 -15"><span class='ocrx_word' id='word_1_121' title='bbox 2054 360 2293 418; x_wconf 87' lang='lat' dir='ltr'><strong>rentem,</strong></span> <span class='ocrx_word' id='word_1_122' title='bbox 2328 353 2407 407; x_wconf 88' lang='lat' dir='ltr'><strong>sic</strong></span> <span class='ocrx_word' id='word_1_123' title='bbox 2442 352 2582 418; x_wconf 87' lang='lat' dir='ltr'><strong>volo,</strong></span> <span class='ocrx_word' id='word_1_124' title='bbox 2637 362 2697 406; x_wconf 89' lang='lat' dir='ltr'><strong>ut</strong></span> <span class='ocrx_word' id='word_1_125' title='bbox 2730 367 2797 407; x_wconf 76' lang='lat' dir='ltr'><strong>ex</strong></span> <span class='ocrx_word' id='word_1_126' title='bbox 2840 364 3025 406; x_wconf 82' lang='lat' dir='ltr'><strong>nostra</strong></span> <span class='ocrx_word' id='word_1_127' title='bbox 3062 361 3219 420; x_wconf 86' lang='lat' dir='ltr'><strong>parte</strong></span> <span class='ocrx_word' id='word_1_128' title='bbox 3252 352 3503 405; x_wconf 76' lang='lat' dir='ltr'><strong>salutetis</strong></span> <span class='ocrx_word' id='word_1_129' title='bbox 3529 392 3546 415; x_wconf 95' lang='lat'><strong>,</strong></span> <span class='ocrx_word' id='word_1_130' title='bbox 3594 358 3673 409; x_wconf 68' lang='grc' dir='ltr'><strong>α</strong></span> 
     </span>
    </p>
   </div>
   <div class='ocr_carea' id='block_1_22' title="bbox 2053 442 3239 511">
    <p class='ocr_par' dir='ltr' id='par_1_22' title="bbox 2053 442 3239 511">
     <span class='ocr_line' id='line_1_22' title="bbox 2053 442 3239 511; baseline -0.001 -15"><span class='ocrx_word' id='word_1_131' title='bbox 2053 443 2202 496; x_wconf 84' lang='lat' dir='ltr'><strong>illum</strong></span> <span class='ocrx_word' id='word_1_132' title='bbox 2229 443 2275 475; x_wconf 78' lang='grc' dir='ltr'><strong>⁸ο</strong></span> <span class='ocrx_word' id='word_1_133' title='bbox 2308 443 2511 498; x_wconf 83' lang='lat' dir='ltr'><strong>amoris</strong></span> <span class='ocrx_word' id='word_1_134' title='bbox 2543 443 2672 497; x_wconf 88' lang='lat' dir='ltr'><strong>mihi</strong></span> <span class='ocrx_word' id='word_1_135' title='bbox 2705 443 2919 497; x_wconf 71' lang='lat' dir='ltr'><strong>vincelo</strong></span> <span class='ocrx_word' id='word_1_136' title='bbox 2953 442 3239 511; x_wconf 73' lang='lat' dir='ltr'><strong>colligetis.</strong></span> 
     </span>
    </p>
   </div>
   <div class='ocr_carea' id='block_1_23' title="bbox 2516 530 3160 589">
    <p class='ocr_par' dir='ltr' id='par_1_23' title="bbox 2516 530 3160 589">
     <span class='ocr_line' id='line_1_23' title="bbox 2516 530 3160 589; baseline -0.005 -2"><span class='ocrx_word' id='word_1_137' title='bbox 2516 530 2850 589; x_wconf 57' lang='lat' dir='ltr'><strong>EPISTOLA</strong></span> <span class='ocrx_word' id='word_1_138' title='bbox 2892 531 3055 586; x_wconf 75' lang='lat' dir='ltr'><strong>XVIII</strong></span> <span class='ocrx_word' id='word_1_139' title='bbox 3093 531 3160 584; x_wconf 67' lang='grc' dir='ltr'><strong>ει.</strong></span> 
     </span>
    </p>
   </div>
   <div class='ocr_carea' id='block_1_24' title="bbox 2111 637 3590 679">
    <p class='ocr_par' dir='ltr' id='par_1_24' title="bbox 2111 637 3590 679">
     <span class='ocr_line' id='line_1_24' title="bbox 2111 637 3590 679; baseline 0.001 -3"><span class='ocrx_word' id='word_1_140' title='bbox 2111 639 2179 677; x_wconf 77' lang='grc' dir='ltr'><strong>Αἰ)</strong></span> <span class='ocrx_word' id='word_1_141' title='bbox 2219 639 2541 679; x_wconf 68' lang='grc' dir='ltr'>ιΑιιιιι-ῖιιτωι</span> <span class='ocrx_word' id='word_1_142' title='bbox 2582 639 2650 679; x_wconf 78' lang='grc' dir='ltr'><strong>ΕΤ</strong></span> <span class='ocrx_word' id='word_1_143' title='bbox 2688 639 3036 679; x_wconf 67' lang='grc' dir='ltr'>Ροιοι-ῑιιληωι</span> <span class='ocrx_word' id='word_1_144' title='bbox 3076 638 3384 678; x_wconf 63' lang='grc' dir='ltr'>Διἰιιςϐυιας</span> <span class='ocrx_word' id='word_1_145' title='bbox 3428 637 3590 677; x_wconf 65' lang='grc' dir='ltr'><strong>θυαε.</strong></span> 
     </span>
    </p>
   </div>
   <div class='ocr_carea' id='block_1_25' title="bbox 2048 713 3658 785">
    <p class='ocr_par' dir='ltr' id='par_1_25' title="bbox 2048 713 3658 785">
     <span class='ocr_line' id='line_1_25' title="bbox 2048 713 3658 785; baseline -0.002 -14"><span class='ocrx_word' id='word_1_146' title='bbox 2048 714 2220 784; x_wconf 79' lang='lat' dir='ltr'><strong>Rogat</strong></span> <span class='ocrx_word' id='word_1_147' title='bbox 2245 733 2302 771; x_wconf 77' lang='lat' dir='ltr'><strong>se</strong></span> <span class='ocrx_word' id='word_1_148' title='bbox 2330 718 2601 770; x_wconf 78' lang='lat' dir='ltr'><strong>certiorem</strong></span> <span class='ocrx_word' id='word_1_149' title='bbox 2624 716 2741 785; x_wconf 77' lang='lat' dir='ltr'><strong>ﬁeri</strong></span> <span class='ocrx_word' id='word_1_150' title='bbox 2762 716 2829 769; x_wconf 72' lang='lat' dir='ltr'><strong>de</strong></span> <span class='ocrx_word' id='word_1_151' title='bbox 2854 716 3232 771; x_wconf 66' lang='lat' dir='ltr'><strong>denticulorum</strong></span> <span class='ocrx_word' id='word_1_152' title='bbox 3258 713 3658 768; x_wconf 76' lang='lat' dir='ltr'><strong>incolumitate.</strong></span> 
     </span>
    </p>
   </div>
   <div class='ocr_carea' id='block_1_26' title="bbox 2124 806 3656 870">
    <p class='ocr_par' dir='ltr' id='par_1_26' title="bbox 2124 806 3656 870">
     <span class='ocr_line' id='line_1_26' title="bbox 2124 806 3656 870; baseline -0.003 -9"><span class='ocrx_word' id='word_1_153' title='bbox 2124 807 2250 861; x_wconf 85' lang='lat' dir='ltr'><strong>Suis</strong></span> <span class='ocrx_word' id='word_1_154' title='bbox 2286 807 2599 862; x_wconf 85' lang='lat' dir='ltr'><strong>reverendis</strong></span> <span class='ocrx_word' id='word_1_155' title='bbox 2636 807 2872 862; x_wconf 88' lang='lat' dir='ltr'><strong>dominis</strong></span> <span class='ocrx_word' id='word_1_156' title='bbox 2906 807 3233 861; x_wconf 81' lang='lat' dir='ltr'><strong>dulcissimis</strong></span> <span class='ocrx_word' id='word_1_157' title='bbox 3262 806 3656 870; x_wconf 79' lang='lat' dir='ltr'><strong>tmtritoribns,</strong></span> 
     </span>
    </p>
   </div>
   <div class='ocr_carea' id='block_1_27' title="bbox 2049 899 3658 967">
    <p class='ocr_par' dir='ltr' id='par_1_27' title="bbox 2049 899 3658 967">
     <span class='ocr_line' id='line_1_27' title="bbox 2049 899 3658 967; baseline 0 -13"><span class='ocrx_word' id='word_1_158' title='bbox 2049 900 2422 967; x_wconf 79' lang='lat' dir='ltr'><strong>dilectissimis</strong></span> <span class='ocrx_word' id='word_1_159' title='bbox 2468 900 2792 965; x_wconf 87' lang='lat' dir='ltr'><strong>avunculis,</strong></span> <span class='ocrx_word' id='word_1_160' title='bbox 2848 899 3144 955; x_wconf 62' lang='lat' dir='ltr'><strong>Lassare</strong></span> <span class='ocrx_word' id='word_1_161' title='bbox 3187 910 3239 955; x_wconf 84' lang='lat' dir='ltr'><strong>et</strong></span> <span class='ocrx_word' id='word_1_162' title='bbox 3287 901 3658 956; x_wconf 62' lang='lat' dir='ltr'><strong>Foccsuswo</strong></span> 
     </span>
    </p>
   </div>
   <div class='ocr_carea' id='block_1_28' title="bbox 2051 993 3655 1063">
    <p class='ocr_par' dir='ltr' id='par_1_28' title="bbox 2051 993 3655 1063">
     <span class='ocr_line' id='line_1_28' title="bbox 2051 993 3655 1063; baseline -0.002 -15"><span class='ocrx_word' id='word_1_163' title='bbox 2051 994 2223 1049; x_wconf 78' lang='lat' dir='ltr'><strong>frater</strong></span> <span class='ocrx_word' id='word_1_164' title='bbox 2262 996 2578 1055; x_wconf 69' lang='grc' dir='ltr'><strong>Ακειιωιυε,</strong></span> <span class='ocrx_word' id='word_1_165' title='bbox 2622 994 2703 1048; x_wconf 88' lang='lat' dir='ltr'><strong>sic</strong></span> <span class='ocrx_word' id='word_1_166' title='bbox 2739 993 2975 1047; x_wconf 84' lang='lat' dir='ltr'><strong>transire</strong></span> <span class='ocrx_word' id='word_1_167' title='bbox 3012 1008 3109 1063; x_wconf 88' lang='lat' dir='ltr'><strong>per</strong></span> <span class='ocrx_word' id='word_1_168' title='bbox 3154 993 3291 1047; x_wconf 85' lang='lat' dir='ltr'><strong>bona</strong></span> <span class='ocrx_word' id='word_1_169' title='bbox 3325 993 3655 1061; x_wconf 72' lang='lat' dir='ltr'><strong>texisporalia</strong></span> 
     </span>
    </p>
   </div>
   <div class='ocr_carea' id='block_1_29' title="bbox 2053 1083 3559 1155">
    <p class='ocr_par' dir='ltr' id='par_1_29' title="bbox 2053 1083 3559 1155">
     <span class='ocr_line' id='line_1_29' title="bbox 2053 1083 3559 1155; baseline -0.004 -13"><span class='ocrx_word' id='word_1_170' title='bbox 2053 1087 2468 1151; x_wconf 85' lang='lat' dir='ltr'><strong>contemnendo,</strong></span> <span class='ocrx_word' id='word_1_171' title='bbox 2503 1097 2562 1141; x_wconf 91' lang='lat' dir='ltr'><strong>ut</strong></span> <span class='ocrx_word' id='word_1_172' title='bbox 2592 1094 2848 1140; x_wconf 86' lang='lat' dir='ltr'><strong>maneant</strong></span> <span class='ocrx_word' id='word_1_173' title='bbox 2878 1085 2929 1139; x_wconf 89' lang='lat' dir='ltr'><strong>in</strong></span> <span class='ocrx_word' id='word_1_174' title='bbox 2959 1087 3178 1139; x_wconf 72' lang='lat' dir='ltr'><strong>teternis</strong></span> <span class='ocrx_word' id='word_1_175' title='bbox 3204 1083 3559 1155; x_wconf 81' lang='lat' dir='ltr'><strong>perfruendo.</strong></span> 
     </span>
    </p>
   </div>
   <div class='ocr_carea' id='block_1_30' title="bbox 2127 1176 3659 1248">
    <p class='ocr_par' dir='ltr' id='par_1_30' title="bbox 2127 1176 3659 1248">
     <span class='ocr_line' id='line_1_30' title="bbox 2127 1176 3659 1248; baseline -0.005 -14"><span class='ocrx_word' id='word_1_176' title='bbox 2127 1179 2347 1234; x_wconf 80' lang='lat' dir='ltr'><strong>Utinam</strong></span> <span class='ocrx_word' id='word_1_177' title='bbox 2376 1179 2430 1233; x_wconf 92' lang='lat' dir='ltr'><strong>in</strong></span> <span class='ocrx_word' id='word_1_178' title='bbox 2456 1178 2682 1248; x_wconf 81' lang='lat' dir='ltr'><strong>legendo</strong></span> <span class='ocrx_word' id='word_1_179' title='bbox 2702 1176 2989 1247; x_wconf 84' lang='lat' dir='ltr'><strong>epistolam</strong></span> <span class='ocrx_word' id='word_1_180' title='bbox 3011 1190 3189 1231; x_wconf 84' lang='lat' dir='ltr'><strong>meam</strong></span> <span class='ocrx_word' id='word_1_181' title='bbox 3218 1176 3458 1230; x_wconf 83' lang='lat' dir='ltr'><strong>sentiant</strong></span> <span class='ocrx_word' id='word_1_182' title='bbox 3480 1191 3659 1227; x_wconf 80' lang='lat' dir='ltr'><strong>avun-</strong></span> 
     </span>
    </p>
   </div>
   <div class='ocr_carea' id='block_1_31' title="bbox 2052 1266 3657 1335">
    <p class='ocr_par' dir='ltr' id='par_1_31' title="bbox 2052 1266 3657 1335">
     <span class='ocr_line' id='line_1_31' title="bbox 2052 1266 3657 1335; baseline -0.005 -12"><span class='ocrx_word' id='word_1_183' title='bbox 2052 1266 2159 1323; x_wconf 87' lang='lat' dir='ltr'><strong>culi</strong></span> <span class='ocrx_word' id='word_1_184' title='bbox 2197 1267 2300 1322; x_wconf 91' lang='lat' dir='ltr'><strong>mei</strong></span> <span class='ocrx_word' id='word_1_185' title='bbox 2340 1281 2499 1335; x_wconf 87' lang='lat' dir='ltr'><strong>quem</strong></span> <span class='ocrx_word' id='word_1_186' title='bbox 2541 1267 2790 1320; x_wconf 70' lang='lat' dir='ltr'><strong>allectum</strong></span> <span class='ocrx_word' id='word_1_187' title='bbox 2834 1266 2887 1320; x_wconf 91' lang='lat' dir='ltr'><strong>in</strong></span> <span class='ocrx_word' id='word_1_188' title='bbox 2929 1266 3182 1319; x_wconf 83' lang='lat' dir='ltr'><strong>dictando</strong></span> <span class='ocrx_word' id='word_1_189' title='bbox 3212 1279 3335 1320; x_wconf 87' lang='lat' dir='ltr'><strong>eam</strong></span> <span class='ocrx_word' id='word_1_190' title='bbox 3379 1271 3657 1318; x_wconf 77' lang='lat' dir='ltr'><strong>testantur</strong></span> 
     </span>
    </p>
   </div>
   <div class='ocr_carea' id='block_1_32' title="bbox 2052 1355 3656 1425">
    <p class='ocr_par' dir='ltr' id='par_1_32' title="bbox 2052 1355 3656 1425">
     <span class='ocr_line' id='line_1_32' title="bbox 2052 1355 3656 1425; baseline -0.004 -12"><span class='ocrx_word' id='word_1_191' title='bbox 2052 1357 2195 1413; x_wconf 88' lang='lat' dir='ltr'><strong>oeuli</strong></span> <span class='ocrx_word' id='word_1_192' title='bbox 2231 1357 2337 1411; x_wconf 89' lang='lat' dir='ltr'><strong>mei</strong></span> <span class='ocrx_word' id='word_1_193' title='bbox 2364 1374 2380 1410; x_wconf 71' lang='grc' dir='ltr'><strong>ς</strong></span> <span class='ocrx_word' id='word_1_194' title='bbox 2413 1355 2674 1411; x_wconf 77' lang='lat' dir='ltr'><strong>velociter</strong></span> <span class='ocrx_word' id='word_1_195' title='bbox 2705 1356 2853 1411; x_wconf 81' lang='lat' dir='ltr'><strong>enim</strong></span> <span class='ocrx_word' id='word_1_196' title='bbox 2881 1356 2983 1410; x_wconf 86' lang='lat' dir='ltr'><strong>fuit</strong></span> <span class='ocrx_word' id='word_1_197' title='bbox 3012 1358 3066 1411; x_wconf 90' lang='lat' dir='ltr'><strong>in</strong></span> <span class='ocrx_word' id='word_1_198' title='bbox 3102 1357 3217 1425; x_wconf 82' lang='lat' dir='ltr'><strong>ipso</strong></span> <span class='ocrx_word' id='word_1_199' title='bbox 3248 1355 3400 1409; x_wconf 87' lang='lat' dir='ltr'><strong>initio</strong></span> <span class='ocrx_word' id='word_1_200' title='bbox 3431 1356 3656 1407; x_wconf 78' lang='lat' dir='ltr'><strong>animus</strong></span> 
     </span>
    </p>
   </div>
   <div class='ocr_carea' id='block_1_33' title="bbox 2055 1445 3657 1518">
    <p class='ocr_par' dir='ltr' id='par_1_33' title="bbox 2055 1445 3657 1518">
     <span class='ocr_line' id='line_1_33' title="bbox 2055 1445 3657 1518; baseline -0.003 -16"><span class='ocrx_word' id='word_1_201' title='bbox 2055 1463 2208 1504; x_wconf 86' lang='lat' dir='ltr'><strong>meus</strong></span> <span class='ocrx_word' id='word_1_202' title='bbox 2236 1448 2504 1518; x_wconf 81' lang='lat' dir='ltr'><strong>lacrymas</strong></span> <span class='ocrx_word' id='word_1_203' title='bbox 2541 1447 2588 1483; x_wconf 79' lang='grc'><strong>⁸³</strong></span> <span class='ocrx_word' id='word_1_204' title='bbox 2620 1448 2949 1518; x_wconf 75' lang='lat' dir='ltr'><strong>exprimere,</strong></span> <span class='ocrx_word' id='word_1_205' title='bbox 2978 1463 3139 1518; x_wconf 86' lang='lat' dir='ltr'><strong>quam</strong></span> <span class='ocrx_word' id='word_1_206' title='bbox 3171 1448 3346 1518; x_wconf 85' lang='lat' dir='ltr'><strong>stylus</strong></span> <span class='ocrx_word' id='word_1_207' title='bbox 3376 1461 3532 1500; x_wconf 80' lang='lat' dir='ltr'><strong>meus</strong></span> <span class='ocrx_word' id='word_1_208' title='bbox 3560 1445 3657 1498; x_wconf 84' lang='lat' dir='ltr'><strong>lit-</strong></span> 
     </span>
    </p>
   </div>
   <div class='ocr_carea' id='block_1_34' title="bbox 2058 1538 3652 1608">
    <p class='ocr_par' dir='ltr' id='par_1_34' title="bbox 2058 1538 3652 1608">
     <span class='ocr_line' id='line_1_34' title="bbox 2058 1538 3652 1608; baseline -0.004 -14"><span class='ocrx_word' id='word_1_209' title='bbox 2058 1548 2202 1594; x_wconf 87' lang='lat' dir='ltr'><strong>teras</strong></span> <span class='ocrx_word' id='word_1_210' title='bbox 2240 1538 2576 1608; x_wconf 83' lang='lat' dir='ltr'><strong>imprimere.</strong></span> <span class='ocrx_word' id='word_1_211' title='bbox 2611 1539 2765 1594; x_wconf 88' lang='lat' dir='ltr'><strong>Sicut</strong></span> <span class='ocrx_word' id='word_1_212' title='bbox 2792 1538 2937 1593; x_wconf 88' lang='lat' dir='ltr'><strong>enim</strong></span> <span class='ocrx_word' id='word_1_213' title='bbox 2970 1554 3067 1593; x_wconf 87' lang='lat' dir='ltr'><strong>nec</strong></span> <span class='ocrx_word' id='word_1_214' title='bbox 3098 1548 3399 1608; x_wconf 82' lang='lat' dir='ltr'><strong>temporum</strong></span> <span class='ocrx_word' id='word_1_215' title='bbox 3434 1538 3652 1589; x_wconf 83' lang='lat' dir='ltr'><strong>diutur-</strong></span> 
     </span>
    </p>
   </div>
   <div class='ocr_carea' id='block_1_35' title="bbox 360 1611 3655 1716">
    <p class='ocr_par' dir='ltr' id='par_1_35' title="bbox 360 1611 3655 1716">
     <span class='ocr_line' id='line_1_35' title="bbox 360 1611 3655 1716; baseline 0.002 -23"><span class='ocrx_word' id='word_1_216' title='bbox 360 1647 514 1715; x_wconf 59' lang='lat' dir='ltr'><strong>prins</strong></span> <span class='ocrx_word' id='word_1_217' title='bbox 544 1662 760 1716; x_wconf 82' lang='lat' dir='ltr'><strong>quoque</strong></span> <span class='ocrx_word' id='word_1_218' title='bbox 790 1645 1078 1706; x_wconf 87' lang='lat' dir='ltr'><strong>faciebam.</strong></span> <span class='ocrx_word' id='word_1_219' title='bbox 1121 1657 1317 1700; x_wconf 70' lang='lat' dir='ltr'><strong>vestrm</strong></span> <span class='ocrx_word' id='word_1_220' title='bbox 1351 1658 1477 1714; x_wconf 85' lang='lat' dir='ltr'><strong>erga</strong></span> <span class='ocrx_word' id='word_1_221' title='bbox 1512 1645 1678 1698; x_wconf 86' lang='lat' dir='ltr'><strong>Deum</strong></span> <span class='ocrx_word' id='word_1_222' title='bbox 1710 1641 1953 1696; x_wconf 84' lang='lat' dir='ltr'><strong>devotio-</strong></span> <span class='ocrx_word' id='word_1_223' title='bbox 1987 1611 2029 1665; x_wconf 73' lang='grc' dir='ltr'>Β</span> <span class='ocrx_word' id='word_1_224' title='bbox 2057 1634 2218 1697; x_wconf 68' lang='grc' dir='ltr'>ιιῖιτιε,</span> <span class='ocrx_word' id='word_1_225' title='bbox 2259 1646 2360 1686; x_wconf 70' lang='lat' dir='ltr'><strong>nec</strong></span> <span class='ocrx_word' id='word_1_226' title='bbox 2401 1630 2643 1685; x_wconf 61' lang='lat' dir='ltr'><strong>loc‘mlm</strong></span> <span class='ocrx_word' id='word_1_227' title='bbox 2671 1631 3039 1701; x_wconf 69' lang='grc' dir='ltr'><strong>¹⁰η8ί¹¹¹1ηῖι²¹³</strong></span> <span class='ocrx_word' id='word_1_228' title='bbox 3074 1630 3290 1699; x_wconf 55' lang='lat' dir='ltr'><strong>corpori</strong></span> <span class='ocrx_word' id='word_1_229' title='bbox 3329 1645 3450 1683; x_wconf 61' lang='lat'><strong>&quot;&#39;90</strong></span> <span class='ocrx_word' id='word_1_230' title='bbox 3484 1629 3655 1682; x_wconf 59' lang='lat' dir='ltr'><strong>“mm</strong></span> 
     </span>
    </p>
   </div>
   <div class='ocr_carea' id='block_1_36' title="bbox 360 1729 1954 1803">
    <p class='ocr_par' dir='ltr' id='par_1_36' title="bbox 360 1729 1954 1803">
     <span class='ocr_line' id='line_1_36' title="bbox 360 1729 1954 1803; baseline -0.003 -15"><span class='ocrx_word' id='word_1_231' title='bbox 360 1734 447 1795; x_wconf 88' lang='lat' dir='ltr'><strong>nis</strong></span> <span class='ocrx_word' id='word_1_232' title='bbox 470 1743 524 1788; x_wconf 88' lang='lat' dir='ltr'><strong>et</strong></span> <span class='ocrx_word' id='word_1_233' title='bbox 552 1748 682 1803; x_wconf 87' lang='lat' dir='ltr'><strong>erga</strong></span> <span class='ocrx_word' id='word_1_234' title='bbox 712 1749 796 1787; x_wconf 90' lang='lat' dir='ltr'><strong>me</strong></span> <span class='ocrx_word' id='word_1_235' title='bbox 815 1731 1133 1793; x_wconf 83' lang='lat' dir='ltr'><strong>&#39;dilectionis</strong></span> <span class='ocrx_word' id='word_1_236' title='bbox 1165 1747 1261 1802; x_wconf 89' lang='lat' dir='ltr'><strong>per</strong></span> <span class='ocrx_word' id='word_1_237' title='bbox 1298 1730 1436 1785; x_wconf 87' lang='lat' dir='ltr'><strong>alios</strong></span> <span class='ocrx_word' id='word_1_238' title='bbox 1471 1729 1604 1784; x_wconf 89' lang='lat' dir='ltr'><strong>mihi</strong></span> <span class='ocrx_word' id='word_1_239' title='bbox 1634 1729 1954 1784; x_wconf 74' lang='lat' dir='ltr'><strong>sinceritate</strong></span> 
     </span>
    </p>
   </div>
   <div class='ocr_carea' id='block_1_37' title="bbox 359 1822 1957 1894">
    <p class='ocr_par' dir='ltr' id='par_1_37' title="bbox 359 1822 1957 1894">
     <span class='ocr_line' id='line_1_37' title="bbox 359 1822 1957 1894; baseline -0.002 -18"><span class='ocrx_word' id='word_1_240' title='bbox 359 1824 471 1892; x_wconf 85' lang='lat' dir='ltr'><strong>jam</strong></span> <span class='ocrx_word' id='word_1_241' title='bbox 517 1824 732 1894; x_wconf 78' lang='lat' dir='ltr'><strong>cognita</strong></span> <span class='ocrx_word' id='word_1_242' title='bbox 759 1865 774 1888; x_wconf 93' lang='lat'><strong>,</strong></span> <span class='ocrx_word' id='word_1_243' title='bbox 833 1838 938 1877; x_wconf 90' lang='lat' dir='ltr'><strong>non</strong></span> <span class='ocrx_word' id='word_1_244' title='bbox 974 1823 1169 1877; x_wconf 86' lang='lat' dir='ltr'><strong>minori</strong></span> <span class='ocrx_word' id='word_1_245' title='bbox 1215 1822 1493 1891; x_wconf 87' lang='lat' dir='ltr'><strong>aliquanto</strong></span> <span class='ocrx_word' id='word_1_246' title='bbox 1541 1829 1783 1890; x_wconf 86' lang='lat' dir='ltr'><strong>tempore</strong></span> <span class='ocrx_word' id='word_1_247' title='bbox 1832 1828 1957 1890; x_wconf 87' lang='lat' dir='ltr'><strong>post</strong></span> 
     </span>
    </p>
   </div>
   <div class='ocr_carea' id='block_1_38' title="bbox 360 1910 1955 1980">
    <p class='ocr_par' dir='ltr' id='par_1_38' title="bbox 360 1910 1955 1980">
     <span class='ocr_line' id='line_1_38' title="bbox 360 1910 1955 1980; baseline -0.001 -16"><span class='ocrx_word' id='word_1_248' title='bbox 360 1912 504 1971; x_wconf 76' lang='lat' dir='ltr'><strong>idem</strong></span> <span class='ocrx_word' id='word_1_249' title='bbox 534 1913 742 1966; x_wconf 88' lang='lat' dir='ltr'><strong>amicus</strong></span> <span class='ocrx_word' id='word_1_250' title='bbox 768 1921 951 1967; x_wconf 87' lang='lat' dir='ltr'><strong>uoster</strong></span> <span class='ocrx_word' id='word_1_251' title='bbox 974 1921 1030 1966; x_wconf 89' lang='lat' dir='ltr'><strong>et</strong></span> <span class='ocrx_word' id='word_1_252' title='bbox 1059 1920 1240 1966; x_wconf 77' lang='lat' dir='ltr'><strong>vester</strong></span> <span class='ocrx_word' id='word_1_253' title='bbox 1260 1912 1503 1980; x_wconf 79' lang='lat' dir='ltr'><strong>poposz-it</strong></span> <span class='ocrx_word' id='word_1_254' title='bbox 1526 1910 1805 1976; x_wconf 85' lang='lat' dir='ltr'><strong>instantia,</strong></span> <span class='ocrx_word' id='word_1_255' title='bbox 1822 1924 1955 1978; x_wconf 77' lang='lat' dir='ltr'><strong>qna~</strong></span> 
     </span>
    </p>
   </div>
   <div class='ocr_carea' id='block_1_39' title="bbox 365 2001 1953 2071">
    <p class='ocr_par' dir='ltr' id='par_1_39' title="bbox 365 2001 1953 2071">
     <span class='ocr_line' id='line_1_39' title="bbox 365 2001 1953 2071; baseline -0.003 -13"><span class='ocrx_word' id='word_1_256' title='bbox 365 2015 524 2058; x_wconf 85' lang='lat' dir='ltr'><strong>lenus</strong></span> <span class='ocrx_word' id='word_1_257' title='bbox 558 2005 660 2058; x_wconf 91' lang='lat' dir='ltr'><strong>hoc</strong></span> <span class='ocrx_word' id='word_1_258' title='bbox 691 2003 842 2058; x_wconf 85' lang='lat' dir='ltr'><strong>vobis</strong></span> <span class='ocrx_word' id='word_1_259' title='bbox 873 2012 1059 2058; x_wconf 88' lang='lat' dir='ltr'><strong>nostra</strong></span> <span class='ocrx_word' id='word_1_260' title='bbox 1094 2012 1389 2059; x_wconf 87' lang='lat' dir='ltr'><strong>testaretur</strong></span> <span class='ocrx_word' id='word_1_261' title='bbox 1425 2001 1675 2071; x_wconf 86' lang='lat' dir='ltr'><strong>epistola.</strong></span> <span class='ocrx_word' id='word_1_262' title='bbox 1708 2001 1953 2071; x_wconf 77' lang='lat' dir='ltr'><strong>Superba</strong></span> 
     </span>
    </p>
   </div>
   <div class='ocr_carea' id='block_1_40' title="bbox 362 2092 1959 2166">
    <p class='ocr_par' dir='ltr' id='par_1_40' title="bbox 362 2092 1959 2166">
     <span class='ocr_line' id='line_1_40' title="bbox 362 2092 1959 2166; baseline -0.003 -17"><span class='ocrx_word' id='word_1_263' title='bbox 362 2092 528 2162; x_wconf 79' lang='lat' dir='ltr'><strong>igitur</strong></span> <span class='ocrx_word' id='word_1_264' title='bbox 545 2104 821 2150; x_wconf 86' lang='lat' dir='ltr'><strong>annuente</strong></span> <span class='ocrx_word' id='word_1_265' title='bbox 835 2094 1146 2160; x_wconf 84' lang='lat' dir='ltr'><strong>clementia,</strong></span> <span class='ocrx_word' id='word_1_266' title='bbox 1164 2109 1250 2150; x_wconf 90' lang='lat' dir='ltr'><strong>me</strong></span> <span class='ocrx_word' id='word_1_267' title='bbox 1261 2110 1359 2166; x_wconf 93' lang='lat' dir='ltr'><strong>pro</strong></span> <span class='ocrx_word' id='word_1_268' title='bbox 1374 2093 1525 2148; x_wconf 81' lang='lat' dir='ltr'><strong>vobis</strong></span> <span class='ocrx_word' id='word_1_269' title='bbox 1543 2100 1823 2147; x_wconf 86' lang='lat' dir='ltr'><strong>oraturum</strong></span> <span class='ocrx_word' id='word_1_270' title='bbox 1838 2107 1959 2162; x_wconf 55' lang='lat' dir='ltr'><strong>pro.</strong></span> 
     </span>
    </p>
   </div>
   <div class='ocr_carea' id='block_1_41' title="bbox 366 2184 1960 2255">
    <p class='ocr_par' dir='ltr' id='par_1_41' title="bbox 366 2184 1960 2255">
     <span class='ocr_line' id='line_1_41' title="bbox 366 2184 1960 2255; baseline -0.003 -15"><span class='ocrx_word' id='word_1_271' title='bbox 366 2186 544 2247; x_wconf 78' lang='lat' dir='ltr'><strong>mitto,</strong></span> <span class='ocrx_word' id='word_1_272' title='bbox 577 2194 631 2239; x_wconf 89' lang='lat' dir='ltr'><strong>et</strong></span> <span class='ocrx_word' id='word_1_273' title='bbox 672 2186 715 2241; x_wconf 88' lang='lat' dir='ltr'><strong>si</strong></span> <span class='ocrx_word' id='word_1_274' title='bbox 741 2184 869 2255; x_wconf 84' lang='lat' dir='ltr'><strong>quid</strong></span> <span class='ocrx_word' id='word_1_275' title='bbox 900 2186 1026 2240; x_wconf 89' lang='lat' dir='ltr'><strong>boni</strong></span> <span class='ocrx_word' id='word_1_276' title='bbox 1058 2186 1276 2241; x_wconf 90' lang='lat' dir='ltr'><strong>divinus</strong></span> <span class='ocrx_word' id='word_1_277' title='bbox 1307 2184 1360 2237; x_wconf 90' lang='lat' dir='ltr'><strong>in</strong></span> <span class='ocrx_word' id='word_1_278' title='bbox 1395 2199 1480 2239; x_wconf 89' lang='lat' dir='ltr'><strong>me</strong></span> <span class='ocrx_word' id='word_1_279' title='bbox 1523 2191 1801 2252; x_wconf 85' lang='lat' dir='ltr'><strong>respectus</strong></span> <span class='ocrx_word' id='word_1_280' title='bbox 1827 2196 1960 2251; x_wconf 86' lang='lat' dir='ltr'><strong>ope-</strong></span> 
     </span>
    </p>
   </div>
   <div class='ocr_carea' id='block_1_42' title="bbox 363 2270 1958 2344">
    <p class='ocr_par' dir='ltr' id='par_1_42' title="bbox 363 2270 1958 2344">
     <span class='ocr_line' id='line_1_42' title="bbox 363 2270 1958 2344; baseline -0.001 -17"><span class='ocrx_word' id='word_1_281' title='bbox 363 2287 536 2339; x_wconf 72' lang='lat' dir='ltr'><strong>ratur,</strong></span> <span class='ocrx_word' id='word_1_282' title='bbox 567 2274 682 2343; x_wconf 82' lang='lat' dir='ltr'><strong>ejus</strong></span> <span class='ocrx_word' id='word_1_283' title='bbox 710 2291 803 2329; x_wconf 80' lang='lat' dir='ltr'><strong>vos</strong></span> <span class='ocrx_word' id='word_1_284' title='bbox 824 2274 1260 2344; x_wconf 75' lang='lat' dir='ltr'><strong>memmi-pariter</strong></span> <span class='ocrx_word' id='word_1_285' title='bbox 1283 2273 1575 2342; x_wconf 84' lang='lat' dir='ltr'><strong>participes</strong></span> <span class='ocrx_word' id='word_1_286' title='bbox 1598 2272 1653 2326; x_wconf 90' lang='lat' dir='ltr'><strong>in</strong></span> <span class='ocrx_word' id='word_1_287' title='bbox 1677 2287 1743 2327; x_wconf 88' lang='lat' dir='ltr'><strong>ve</strong></span> <span class='ocrx_word' id='word_1_288' title='bbox 1754 2290 1803 2323; x_wconf 74' lang='lat' dir='ltr'><strong>t’a</strong></span> <span class='ocrx_word' id='word_1_289' title='bbox 1828 2270 1958 2325; x_wconf 71' lang='lat' dir='ltr'><strong>rha-</strong></span> 
     </span>
    </p>
   </div>
   <div class='ocr_carea' id='block_1_43' title="bbox 370 2363 1957 2436">
    <p class='ocr_par' dir='ltr' id='par_1_43' title="bbox 370 2363 1957 2436">
     <span class='ocr_line' id='line_1_43' title="bbox 370 2363 1957 2436; baseline -0.002 -15"><span class='ocrx_word' id='word_1_290' title='bbox 370 2368 530 2431; x_wconf 80' lang='lat' dir='ltr'><strong>ritate</strong></span> <span class='ocrx_word' id='word_1_291' title='bbox 556 2368 851 2435; x_wconf 81' lang='lat' dir='ltr'><strong>promitto;</strong></span> <span class='ocrx_word' id='word_1_292' title='bbox 882 2367 978 2421; x_wconf 88' lang='lat' dir='ltr'><strong>sed</strong></span> <span class='ocrx_word' id='word_1_293' title='bbox 1014 2377 1197 2420; x_wconf 88' lang='lat' dir='ltr'><strong>utrum</strong></span> <span class='ocrx_word' id='word_1_294' title='bbox 1227 2367 1379 2420; x_wconf 85' lang='lat' dir='ltr'><strong>vobis</strong></span> <span class='ocrx_word' id='word_1_295' title='bbox 1408 2363 1755 2436; x_wconf 79' lang='lat' dir='ltr'><strong>profuturum</strong></span> <span class='ocrx_word' id='word_1_296' title='bbox 1777 2364 1957 2430; x_wconf 88' lang='lat' dir='ltr'><strong>sit,illi</strong></span> 
     </span>
    </p>
   </div>
   <div class='ocr_carea' id='block_1_44' title="bbox 364 2453 1957 2531">
    <p class='ocr_par' dir='ltr' id='par_1_44' title="bbox 364 2453 1957 2531">
     <span class='ocr_line' id='line_1_44' title="bbox 364 2453 1957 2531; baseline -0.002 -22"><span class='ocrx_word' id='word_1_297' title='bbox 364 2475 395 2531; x_wconf 62' lang='grc' dir='ltr'>ξι</span> <span class='ocrx_word' id='word_1_298' title='bbox 422 2473 528 2526; x_wconf 85' lang='lat' dir='ltr'><strong>quo</strong></span> <span class='ocrx_word' id='word_1_299' title='bbox 570 2473 732 2511; x_wconf 78' lang='lat' dir='ltr'><strong>(nunc</strong></span> <span class='ocrx_word' id='word_1_300' title='bbox 761 2458 961 2512; x_wconf 85' lang='lat' dir='ltr'><strong>bonum</strong></span> <span class='ocrx_word' id='word_1_301' title='bbox 984 2465 1088 2523; x_wconf 86' lang='lat' dir='ltr'><strong>est,</strong></span> <span class='ocrx_word' id='word_1_302' title='bbox 1120 2455 1425 2512; x_wconf 88' lang='lat' dir='ltr'><strong>committo.</strong></span> <span class='ocrx_word' id='word_1_303' title='bbox 1457 2453 1651 2508; x_wconf 75' lang='lat' dir='ltr'><strong>Munus</strong></span> <span class='ocrx_word' id='word_1_304' title='bbox 1679 2463 1861 2508; x_wconf 90' lang='lat' dir='ltr'><strong>autem</strong></span> <span class='ocrx_word' id='word_1_305' title='bbox 1911 2455 1957 2486; x_wconf 79' lang='grc'><strong>⁷⁸</strong></span> 
     </span>
    </p>
   </div>
   <div class='ocr_carea' id='block_1_45' title="bbox 366 2546 1960 2618">
    <p class='ocr_par' dir='ltr' id='par_1_45' title="bbox 366 2546 1960 2618">
     <span class='ocr_line' id='line_1_45' title="bbox 366 2546 1960 2618; baseline -0.001 -16"><span class='ocrx_word' id='word_1_306' title='bbox 366 2548 654 2602; x_wconf 86' lang='lat' dir='ltr'><strong>charitalis</strong></span> <span class='ocrx_word' id='word_1_307' title='bbox 685 2546 840 2602; x_wconf 81' lang='lat' dir='ltr'><strong>vobis</strong></span> <span class='ocrx_word' id='word_1_308' title='bbox 876 2558 1220 2618; x_wconf 82' lang='lat' dir='ltr'><strong>peragentes,</strong></span> <span class='ocrx_word' id='word_1_309' title='bbox 1252 2547 1397 2616; x_wconf 87' lang='lat' dir='ltr'><strong>quod</strong></span> <span class='ocrx_word' id='word_1_310' title='bbox 1426 2561 1493 2602; x_wconf 79' lang='lat' dir='ltr'><strong>ex</strong></span> <span class='ocrx_word' id='word_1_311' title='bbox 1525 2548 1683 2602; x_wconf 86' lang='lat' dir='ltr'><strong>nobis</strong></span> <span class='ocrx_word' id='word_1_312' title='bbox 1722 2556 1828 2612; x_wconf 86' lang='lat' dir='ltr'><strong>est,</strong></span> <span class='ocrx_word' id='word_1_313' title='bbox 1865 2547 1960 2601; x_wconf 92' lang='lat' dir='ltr'><strong>hu-</strong></span> 
     </span>
    </p>
   </div>
   <div class='ocr_carea' id='block_1_46' title="bbox 365 2637 1959 2708">
    <p class='ocr_par' dir='ltr' id='par_1_46' title="bbox 365 2637 1959 2708">
     <span class='ocr_line' id='line_1_46' title="bbox 365 2637 1959 2708; baseline 0 -16"><span class='ocrx_word' id='word_1_314' title='bbox 365 2638 569 2703; x_wconf 81' lang='lat' dir='ltr'><strong>militer</strong></span> <span class='ocrx_word' id='word_1_315' title='bbox 595 2639 826 2708; x_wconf 87' lang='lat' dir='ltr'><strong>petimus</strong></span> <span class='ocrx_word' id='word_1_316' title='bbox 874 2647 931 2691; x_wconf 91' lang='lat' dir='ltr'><strong>ut</strong></span> <span class='ocrx_word' id='word_1_317' title='bbox 972 2639 1022 2691; x_wconf 72' lang='lat' dir='ltr'><strong>id</strong></span> <span class='ocrx_word' id='word_1_318' title='bbox 1053 2639 1226 2707; x_wconf 86' lang='lat' dir='ltr'><strong>ipsum</strong></span> <span class='ocrx_word' id='word_1_319' title='bbox 1260 2637 1416 2694; x_wconf 88' lang='lat' dir='ltr'><strong>nobis</strong></span> <span class='ocrx_word' id='word_1_320' title='bbox 1451 2637 1775 2708; x_wconf 86' lang='lat' dir='ltr'><strong>persolvatis</strong></span> <span class='ocrx_word' id='word_1_321' title='bbox 1814 2638 1959 2706; x_wconf 86' lang='lat' dir='ltr'><strong>quod</strong></span> 
     </span>
    </p>
   </div>
   <div class='ocr_carea' id='block_1_47' title="bbox 367 2730 1961 2800">
    <p class='ocr_par' dir='ltr' id='par_1_47' title="bbox 367 2730 1961 2800">
     <span class='ocr_line' id='line_1_47' title="bbox 367 2730 1961 2800; baseline -0.002 -15"><span class='ocrx_word' id='word_1_322' title='bbox 367 2745 432 2785; x_wconf 86' lang='lat' dir='ltr'><strong>ex</strong></span> <span class='ocrx_word' id='word_1_323' title='bbox 465 2731 618 2785; x_wconf 84' lang='lat' dir='ltr'><strong>vobis</strong></span> <span class='ocrx_word' id='word_1_324' title='bbox 638 2741 742 2786; x_wconf 76' lang='lat' dir='ltr'><strong>est.</strong></span> <span class='ocrx_word' id='word_1_325' title='bbox 770 2730 865 2786; x_wconf 86' lang='lat' dir='ltr'><strong>His</strong></span> <span class='ocrx_word' id='word_1_326' title='bbox 896 2731 1080 2800; x_wconf 83' lang='lat' dir='ltr'><strong>itaque</strong></span> <span class='ocrx_word' id='word_1_327' title='bbox 1109 2731 1407 2793; x_wconf 80' lang='lat' dir='ltr'><strong>concessis,</strong></span> <span class='ocrx_word' id='word_1_328' title='bbox 1438 2746 1559 2800; x_wconf 59' lang='lat' dir='ltr'><strong>quae</strong></span> <span class='ocrx_word' id='word_1_329' title='bbox 1585 2730 1631 2785; x_wconf 87' lang='lat' dir='ltr'><strong>si</strong></span> <span class='ocrx_word' id='word_1_330' title='bbox 1660 2730 1810 2786; x_wconf 86' lang='lat' dir='ltr'><strong>vobis</strong></span> <span class='ocrx_word' id='word_1_331' title='bbox 1836 2744 1961 2797; x_wconf 85' lang='lat' dir='ltr'><strong>pro-</strong></span> 
     </span>
    </p>
   </div>
   <div class='ocr_carea' id='block_1_48' title="bbox 369 2821 1956 2891">
    <p class='ocr_par' dir='ltr' id='par_1_48' title="bbox 369 2821 1956 2891">
     <span class='ocr_line' id='line_1_48' title="bbox 369 2821 1956 2891; baseline 0 -16"><span class='ocrx_word' id='word_1_332' title='bbox 369 2821 549 2877; x_wconf 87' lang='lat' dir='ltr'><strong>futura</strong></span> <span class='ocrx_word' id='word_1_333' title='bbox 573 2823 700 2887; x_wconf 75' lang='lat' dir='ltr'><strong>sint,</strong></span> <span class='ocrx_word' id='word_1_334' title='bbox 715 2823 967 2879; x_wconf 87' lang='lat' dir='ltr'><strong>conscius</strong></span> <span class='ocrx_word' id='word_1_335' title='bbox 989 2822 1121 2877; x_wconf 89' lang='lat' dir='ltr'><strong>mihi</strong></span> <span class='ocrx_word' id='word_1_336' title='bbox 1139 2838 1380 2877; x_wconf 85' lang='lat' dir='ltr'><strong>meorum</strong></span> <span class='ocrx_word' id='word_1_337' title='bbox 1400 2822 1716 2877; x_wconf 88' lang='lat' dir='ltr'><strong>meritorum</strong></span> <span class='ocrx_word' id='word_1_338' title='bbox 1737 2822 1956 2891; x_wconf 85' lang='lat' dir='ltr'><strong>ignoro:</strong></span> 
     </span>
    </p>
   </div>
   <div class='ocr_carea' id='block_1_49' title="bbox 366 2914 1956 2978">
    <p class='ocr_par' dir='ltr' id='par_1_49' title="bbox 366 2914 1956 2978">
     <span class='ocr_line' id='line_1_49' title="bbox 366 2914 1956 2978; baseline 0.001 -12"><span class='ocrx_word' id='word_1_339' title='bbox 366 2928 431 2967; x_wconf 87' lang='lat' dir='ltr'><strong>ea</strong></span> <span class='ocrx_word' id='word_1_340' title='bbox 460 2929 557 2969; x_wconf 87' lang='lat' dir='ltr'><strong>vos</strong></span> <span class='ocrx_word' id='word_1_341' title='bbox 575 2955 591 2978; x_wconf 97' lang='lat'><strong>,</strong></span> <span class='ocrx_word' id='word_1_342' title='bbox 616 2922 679 2968; x_wconf 90' lang='lat' dir='ltr'><strong>ut</strong></span> <span class='ocrx_word' id='word_1_343' title='bbox 705 2914 1059 2969; x_wconf 85' lang='lat' dir='ltr'><strong>charissimos</strong></span> <span class='ocrx_word' id='word_1_344' title='bbox 1086 2914 1291 2971; x_wconf 83' lang='lat' dir='ltr'><strong>amicos</strong></span> <span class='ocrx_word' id='word_1_345' title='bbox 1315 2924 1371 2970; x_wconf 89' lang='lat' dir='ltr'><strong>et</strong></span> <span class='ocrx_word' id='word_1_346' title='bbox 1405 2914 1622 2978; x_wconf 84' lang='lat' dir='ltr'><strong>fratres,</strong></span> <span class='ocrx_word' id='word_1_347' title='bbox 1653 2915 1916 2968; x_wconf 89' lang='lat' dir='ltr'><strong>admoneo</strong></span> <span class='ocrx_word' id='word_1_348' title='bbox 1939 2950 1956 2978; x_wconf 91' lang='lat'><strong>,</strong></span> 
     </span>
    </p>
   </div>
   <div class='ocr_carea' id='block_1_50' title="bbox 368 3000 1964 3076">
    <p class='ocr_par' dir='ltr' id='par_1_50' title="bbox 368 3000 1964 3076">
     <span class='ocr_line' id='line_1_50' title="bbox 368 3000 1964 3076; baseline 0.002 -19"><span class='ocrx_word' id='word_1_349' title='bbox 368 3021 489 3074; x_wconf 76' lang='lat' dir='ltr'><strong>qua:</strong></span> <span class='ocrx_word' id='word_1_350' title='bbox 527 3000 666 3059; x_wconf 84' lang='lat' dir='ltr'><strong>sicut</strong></span> <span class='ocrx_word' id='word_1_351' title='bbox 700 3005 884 3071; x_wconf 85' lang='lat' dir='ltr'><strong>noxia,</strong></span> <span class='ocrx_word' id='word_1_352' title='bbox 915 3006 960 3061; x_wconf 89' lang='lat' dir='ltr'><strong>si</strong></span> <span class='ocrx_word' id='word_1_353' title='bbox 991 3006 1365 3076; x_wconf 73' lang='lat' dir='ltr'><strong>negligantur,</strong></span> <span class='ocrx_word' id='word_1_354' title='bbox 1399 3005 1472 3058; x_wconf 89' lang='lat' dir='ltr'><strong>ita</strong></span> <span class='ocrx_word' id='word_1_355' title='bbox 1498 3003 1759 3068; x_wconf 85' lang='lat' dir='ltr'><strong>salubria,</strong></span> <span class='ocrx_word' id='word_1_356' title='bbox 1790 3003 1835 3058; x_wconf 90' lang='lat' dir='ltr'><strong>si</strong></span> <span class='ocrx_word' id='word_1_357' title='bbox 1866 3005 1964 3060; x_wconf 84' lang='lat' dir='ltr'><strong>ob-</strong></span> 
     </span>
    </p>
   </div>
   <div class='ocr_carea' id='block_1_51' title="bbox 369 3077 1960 3164">
    <p class='ocr_par' dir='ltr' id='par_1_51' title="bbox 369 3077 1960 3164">
     <span class='ocr_line' id='line_1_51' title="bbox 369 3077 1960 3164; baseline -0.002 -13"><span class='ocrx_word' id='word_1_358' title='bbox 369 3107 675 3160; x_wconf 85' lang='lat' dir='ltr'><strong>serventur,</strong></span> <span class='ocrx_word' id='word_1_359' title='bbox 709 3110 814 3152; x_wconf 88' lang='lat' dir='ltr'><strong>non</strong></span> <span class='ocrx_word' id='word_1_360' title='bbox 843 3095 1052 3150; x_wconf 91' lang='lat' dir='ltr'><strong>dubito.</strong></span> <span class='ocrx_word' id='word_1_361' title='bbox 1083 3095 1166 3149; x_wconf 85' lang='lat' dir='ltr'><strong>Ad</strong></span> <span class='ocrx_word' id='word_1_362' title='bbox 1197 3096 1302 3151; x_wconf 90' lang='lat' dir='ltr'><strong>hoc</strong></span> <span class='ocrx_word' id='word_1_363' title='bbox 1332 3095 1504 3150; x_wconf 87' lang='lat' dir='ltr'><strong>solum</strong></span> <span class='ocrx_word' id='word_1_364' title='bbox 1523 3133 1541 3164; x_wconf 87' lang='lat'><strong>,</strong></span> <span class='ocrx_word' id='word_1_365' title='bbox 1584 3077 1960 3160; x_wconf 82' lang='lat' dir='ltr'><strong>dilectissimi,</strong></span> 
     </span>
    </p>
   </div>
   <div class='ocr_carea' id='block_1_52' title="bbox 369 3185 1966 3257">
    <p class='ocr_par' dir='ltr' id='par_1_52' title="bbox 369 3185 1966 3257">
     <span class='ocr_line' id='line_1_52' title="bbox 369 3185 1966 3257; baseline 0.002 -19"><span class='ocrx_word' id='word_1_366' title='bbox 369 3186 562 3241; x_wconf 84' lang='lat' dir='ltr'><strong>discite</strong></span> <span class='ocrx_word' id='word_1_367' title='bbox 582 3225 596 3249; x_wconf 93' lang='lat'><strong>,</strong></span> <span class='ocrx_word' id='word_1_368' title='bbox 637 3194 698 3240; x_wconf 90' lang='lat' dir='ltr'><strong>ut</strong></span> <span class='ocrx_word' id='word_1_369' title='bbox 725 3186 973 3241; x_wconf 86' lang='lat' dir='ltr'><strong>veritatis</strong></span> <span class='ocrx_word' id='word_1_370' title='bbox 993 3228 1008 3253; x_wconf 95' lang='lat'><strong>,</strong></span> <span class='ocrx_word' id='word_1_371' title='bbox 1036 3201 1158 3256; x_wconf 69' lang='lat' dir='ltr'><strong>qua:</strong></span> <span class='ocrx_word' id='word_1_372' title='bbox 1187 3186 1435 3242; x_wconf 83' lang='lat' dir='ltr'><strong>Christus</strong></span> <span class='ocrx_word' id='word_1_373' title='bbox 1458 3193 1564 3251; x_wconf 86' lang='lat' dir='ltr'><strong>est,</strong></span> <span class='ocrx_word' id='word_1_374' title='bbox 1596 3185 1815 3257; x_wconf 82' lang='lat' dir='ltr'><strong>possitis</strong></span> <span class='ocrx_word' id='word_1_375' title='bbox 1841 3199 1966 3241; x_wconf 82' lang='lat' dir='ltr'><strong>esse</strong></span> 
     </span>
    </p>
   </div>
   <div class='ocr_carea' id='block_1_53' title="bbox 369 3277 1963 3351">
    <p class='ocr_par' dir='ltr' id='par_1_53' title="bbox 369 3277 1963 3351">
     <span class='ocr_line' id='line_1_53' title="bbox 369 3277 1963 3351; baseline 0.001 -20"><span class='ocrx_word' id='word_1_376' title='bbox 369 3291 629 3351; x_wconf 80' lang='lat' dir='ltr'><strong>capaces;</strong></span> <span class='ocrx_word' id='word_1_377' title='bbox 659 3286 712 3335; x_wconf 79' lang='lat' dir='ltr'><strong>et</strong></span> <span class='ocrx_word' id='word_1_378' title='bbox 747 3278 825 3333; x_wconf 87' lang='lat' dir='ltr'><strong>sic</strong></span> <span class='ocrx_word' id='word_1_379' title='bbox 859 3277 1023 3333; x_wconf 88' lang='lat' dir='ltr'><strong>vivite</strong></span> <span class='ocrx_word' id='word_1_380' title='bbox 1052 3279 1119 3345; x_wconf 78' lang='grc'><strong>⁷⁸,</strong></span> <span class='ocrx_word' id='word_1_381' title='bbox 1154 3286 1214 3333; x_wconf 84' lang='grc' dir='ltr'><strong>ιιι</strong></span> <span class='ocrx_word' id='word_1_382' title='bbox 1241 3278 1465 3345; x_wconf 86' lang='lat' dir='ltr'><strong>Christi,</strong></span> <span class='ocrx_word' id='word_1_383' title='bbox 1498 3278 1590 3348; x_wconf 85' lang='lat' dir='ltr'><strong>qui</strong></span> <span class='ocrx_word' id='word_1_384' title='bbox 1623 3277 1823 3333; x_wconf 82' lang='lat' dir='ltr'><strong>veritas</strong></span> <span class='ocrx_word' id='word_1_385' title='bbox 1859 3286 1963 3345; x_wconf 84' lang='lat' dir='ltr'><strong>est,</strong></span> 
     </span>
    </p>
   </div>
   <div class='ocr_carea' id='block_1_54' title="bbox 369 3370 1964 3441">
    <p class='ocr_par' dir='ltr' id='par_1_54' title="bbox 369 3370 1964 3441">
     <span class='ocr_line' id='line_1_54' title="bbox 369 3370 1964 3441; baseline 0.002 -20"><span class='ocrx_word' id='word_1_386' title='bbox 369 3371 609 3436; x_wconf 80' lang='lat' dir='ltr'><strong>probetis</strong></span> <span class='ocrx_word' id='word_1_387' title='bbox 636 3387 729 3425; x_wconf 86' lang='lat' dir='ltr'><strong>vos</strong></span> <span class='ocrx_word' id='word_1_388' title='bbox 762 3386 882 3426; x_wconf 88' lang='lat' dir='ltr'><strong>esse</strong></span> <span class='ocrx_word' id='word_1_389' title='bbox 916 3372 1050 3426; x_wconf 87' lang='lat' dir='ltr'><strong>velle</strong></span> <span class='ocrx_word' id='word_1_390' title='bbox 1092 3387 1376 3441; x_wconf 88' lang='lat' dir='ltr'><strong>sequaces.</strong></span> <span class='ocrx_word' id='word_1_391' title='bbox 1407 3372 1672 3437; x_wconf 0' lang='lat' dir='ltr'><strong>Dominum</strong></span> <span class='ocrx_word' id='word_1_392' title='bbox 1702 3370 1964 3425; x_wconf 84' lang='lat' dir='ltr'><strong>Lamber-</strong></span> 
     </span>
    </p>
   </div>
   <div class='ocr_carea' id='block_1_55' title="bbox 371 3462 1965 3532">
    <p class='ocr_par' dir='ltr' id='par_1_55' title="bbox 371 3462 1965 3532">
     <span class='ocr_line' id='line_1_55' title="bbox 371 3462 1965 3532; baseline 0.004 -20"><span class='ocrx_word' id='word_1_393' title='bbox 371 3473 483 3515; x_wconf 82' lang='lat' dir='ltr'><strong>tutn</strong></span> <span class='ocrx_word' id='word_1_394' title='bbox 516 3462 838 3530; x_wconf 85' lang='lat' dir='ltr'><strong>magistrum</strong></span> <span class='ocrx_word' id='word_1_395' title='bbox 866 3471 1104 3517; x_wconf 85' lang='lat' dir='ltr'><strong>vestrum</strong></span> <span class='ocrx_word' id='word_1_396' title='bbox 1138 3463 1318 3532; x_wconf 88' lang='lat' dir='ltr'><strong>(quem</strong></span> <span class='ocrx_word' id='word_1_397' title='bbox 1353 3464 1564 3518; x_wconf 87' lang='lat' dir='ltr'><strong>cunctis</strong></span> <span class='ocrx_word' id='word_1_398' title='bbox 1592 3462 1879 3517; x_wconf 87' lang='lat' dir='ltr'><strong>amabilem</strong></span> <span class='ocrx_word' id='word_1_399' title='bbox 1910 3472 1965 3519; x_wconf 81' lang='lat' dir='ltr'><strong>et</strong></span> 
     </span>
    </p>
   </div>
   <div class='ocr_carea' id='block_1_56' title="bbox 355 3553 1963 3634">
    <p class='ocr_par' dir='ltr' id='par_1_56' title="bbox 355 3553 1963 3634">
     <span class='ocr_line' id='line_1_56' title="bbox 355 3553 1963 3634; baseline 0.004 -30"><span class='ocrx_word' id='word_1_400' title='bbox 355 3553 578 3634; x_wconf 46' lang='lat' dir='ltr'><strong>.ingeuii</strong></span> <span class='ocrx_word' id='word_1_401' title='bbox 605 3554 923 3607; x_wconf 80' lang='lat' dir='ltr'><strong>sinceritate</strong></span> <span class='ocrx_word' id='word_1_402' title='bbox 941 3594 957 3614; x_wconf 86' lang='lat'><strong>,</strong></span> <span class='ocrx_word' id='word_1_403' title='bbox 982 3564 1040 3608; x_wconf 91' lang='lat' dir='ltr'><strong>ct</strong></span> <span class='ocrx_word' id='word_1_404' title='bbox 1067 3569 1280 3608; x_wconf 89' lang='lat' dir='ltr'><strong>morum</strong></span> <span class='ocrx_word' id='word_1_405' title='bbox 1307 3555 1577 3623; x_wconf 85' lang='lat' dir='ltr'><strong>probitate</strong></span> <span class='ocrx_word' id='word_1_406' title='bbox 1603 3554 1963 3625; x_wconf 87' lang='lat' dir='ltr'><strong>plurimorum</strong></span> 
     </span>
    </p>
   </div>
   <div class='ocr_carea' id='block_1_57' title="bbox 370 3642 1962 3717">
    <p class='ocr_par' dir='ltr' id='par_1_57' title="bbox 370 3642 1962 3717">
     <span class='ocr_line' id='line_1_57' title="bbox 370 3642 1962 3717; baseline 0.007 -25"><span class='ocrx_word' id='word_1_407' title='bbox 370 3642 531 3715; x_wconf 75' lang='lat' dir='ltr'><strong>didici</strong></span> <span class='ocrx_word' id='word_1_408' title='bbox 564 3644 849 3715; x_wconf 80' lang='lat' dir='ltr'><strong>relatione)</strong></span> <span class='ocrx_word' id='word_1_409' title='bbox 879 3648 970 3717; x_wconf 82' lang='lat' dir='ltr'><strong>qui</strong></span> <span class='ocrx_word' id='word_1_410' title='bbox 1004 3661 1090 3704; x_wconf 88' lang='lat' dir='ltr'><strong>me</strong></span> <span class='ocrx_word' id='word_1_411' title='bbox 1110 3646 1369 3714; x_wconf 68' lang='lat' dir='ltr'><strong>salutare,</strong></span> <span class='ocrx_word' id='word_1_412' title='bbox 1399 3657 1454 3705; x_wconf 87' lang='lat' dir='ltr'><strong>et</strong></span> <span class='ocrx_word' id='word_1_413' title='bbox 1488 3656 1548 3701; x_wconf 93' lang='lat' dir='ltr'><strong>ut</strong></span> <span class='ocrx_word' id='word_1_414' title='bbox 1576 3662 1674 3717; x_wconf 88' lang='lat' dir='ltr'><strong>pro</strong></span> <span class='ocrx_word' id='word_1_415' title='bbox 1699 3662 1765 3704; x_wconf 89' lang='lat' dir='ltr'><strong>eo</strong></span> <span class='ocrx_word' id='word_1_416' title='bbox 1786 3663 1962 3713; x_wconf 90' lang='lat' dir='ltr'><strong>orem,</strong></span> 
     </span>
    </p>
   </div>
   <div class='ocr_carea' id='block_1_58' title="bbox 371 3724 1964 3807">
    <p class='ocr_par' dir='ltr' id='par_1_58' title="bbox 371 3724 1964 3807">
     <span class='ocr_line' id='line_1_58' title="bbox 371 3724 1964 3807; baseline 0.006 -23"><span class='ocrx_word' id='word_1_417' title='bbox 371 3748 564 3802; x_wconf 83' lang='lat' dir='ltr'><strong>rogare</strong></span> <span class='ocrx_word' id='word_1_418' title='bbox 591 3734 843 3806; x_wconf 85' lang='lat' dir='ltr'><strong>dignatus</strong></span> <span class='ocrx_word' id='word_1_419' title='bbox 873 3726 957 3805; x_wconf 74' lang='lat' dir='ltr'><strong>est</strong></span> <span class='ocrx_word' id='word_1_420' title='bbox 981 3776 997 3803; x_wconf 96' lang='lat'><strong>,</strong></span> <span class='ocrx_word' id='word_1_421' title='bbox 1037 3752 1135 3807; x_wconf 85' lang='lat' dir='ltr'><strong>per</strong></span> <span class='ocrx_word' id='word_1_422' title='bbox 1177 3724 1433 3793; x_wconf 85' lang='lat' dir='ltr'><strong>clericum</strong></span> <span class='ocrx_word' id='word_1_423' title='bbox 1465 3739 1538 3794; x_wconf 78' lang='lat' dir='ltr'><strong>ab</strong></span> <span class='ocrx_word' id='word_1_424' title='bbox 1583 3737 1690 3794; x_wconf 89' lang='lat' dir='ltr'><strong>illis</strong></span> <span class='ocrx_word' id='word_1_425' title='bbox 1717 3738 1964 3807; x_wconf 76' lang='lat' dir='ltr'><strong>partibus</strong></span> 
     </span>
    </p>
   </div>
   <div class='ocr_carea' id='block_1_59' title="bbox 2057 1721 3651 1792">
    <p class='ocr_par' dir='ltr' id='par_1_59' title="bbox 2057 1721 3651 1792">
     <span class='ocr_line' id='line_1_59' title="bbox 2057 1721 3651 1792; baseline -0.003 -15"><span class='ocrx_word' id='word_1_426' title='bbox 2057 1724 2298 1777; x_wconf 81' lang='lat' dir='ltr'><strong>adimere</strong></span> <span class='ocrx_word' id='word_1_427' title='bbox 2326 1723 2467 1790; x_wconf 85' lang='lat' dir='ltr'><strong>quod</strong></span> <span class='ocrx_word' id='word_1_428' title='bbox 2494 1723 2769 1778; x_wconf 77' lang='lat' dir='ltr'><strong>nascendo</strong></span> <span class='ocrx_word' id='word_1_429' title='bbox 2794 1723 2861 1777; x_wconf 87' lang='lat' dir='ltr'><strong>de</strong></span> <span class='ocrx_word' id='word_1_430' title='bbox 2892 1734 3092 1792; x_wconf 84' lang='lat' dir='ltr'><strong>genere</strong></span> <span class='ocrx_word' id='word_1_431' title='bbox 3121 1731 3305 1776; x_wconf 74' lang='lat' dir='ltr'><strong>vestro</strong></span> <span class='ocrx_word' id='word_1_432' title='bbox 3327 1721 3376 1753; x_wconf 76' lang='grc'><strong>⁸³</strong></span> <span class='ocrx_word' id='word_1_433' title='bbox 3405 1721 3651 1789; x_wconf 73' lang='lat' dir='ltr'><strong>inc-(epit,</strong></span> 
     </span>
    </p>
   </div>
   <div class='ocr_carea' id='block_1_60' title="bbox 2055 1812 3653 1884">
    <p class='ocr_par' dir='ltr' id='par_1_60' title="bbox 2055 1812 3653 1884">
     <span class='ocr_line' id='line_1_60' title="bbox 2055 1812 3653 1884; baseline -0.004 -13"><span class='ocrx_word' id='word_1_434' title='bbox 2055 1826 2112 1871; x_wconf 89' lang='lat' dir='ltr'><strong>et</strong></span> <span class='ocrx_word' id='word_1_435' title='bbox 2136 1817 2276 1884; x_wconf 87' lang='lat' dir='ltr'><strong>quod</strong></span> <span class='ocrx_word' id='word_1_436' title='bbox 2307 1815 2603 1870; x_wconf 84' lang='lat' dir='ltr'><strong>crescendo</strong></span> <span class='ocrx_word' id='word_1_437' title='bbox 2634 1816 2701 1870; x_wconf 86' lang='lat' dir='ltr'><strong>de</strong></span> <span class='ocrx_word' id='word_1_438' title='bbox 2730 1815 3065 1870; x_wconf 82' lang='lat' dir='ltr'><strong>nutrimento</strong></span> <span class='ocrx_word' id='word_1_439' title='bbox 3091 1824 3271 1867; x_wconf 86' lang='lat' dir='ltr'><strong>vestro</strong></span> <span class='ocrx_word' id='word_1_440' title='bbox 3297 1812 3539 1884; x_wconf 70' lang='lat' dir='ltr'><strong>act-epit;</strong></span> <span class='ocrx_word' id='word_1_441' title='bbox 3572 1813 3653 1866; x_wconf 81' lang='lat' dir='ltr'><strong>sic</strong></span> 
     </span>
    </p>
   </div>
   <div class='ocr_carea' id='block_1_61' title="bbox 2058 1907 3656 1977">
    <p class='ocr_par' dir='ltr' id='par_1_61' title="bbox 2058 1907 3656 1977">
     <span class='ocr_line' id='line_1_61' title="bbox 2058 1907 3656 1977; baseline -0.003 -14"><span class='ocrx_word' id='word_1_442' title='bbox 2058 1908 2202 1963; x_wconf 90' lang='lat' dir='ltr'><strong>nulla</strong></span> <span class='ocrx_word' id='word_1_443' title='bbox 2231 1909 2557 1972; x_wconf 85' lang='lat' dir='ltr'><strong>sollicitudo,</strong></span> <span class='ocrx_word' id='word_1_444' title='bbox 2591 1908 2733 1962; x_wconf 87' lang='lat' dir='ltr'><strong>nulla</strong></span> <span class='ocrx_word' id='word_1_445' title='bbox 2766 1907 3054 1977; x_wconf 75' lang='lat' dir='ltr'><strong>occupatio</strong></span> <span class='ocrx_word' id='word_1_446' title='bbox 3078 1907 3273 1960; x_wconf 76' lang='lat' dir='ltr'><strong>anima:</strong></span> <span class='ocrx_word' id='word_1_447' title='bbox 3313 1920 3445 1960; x_wconf 42' lang='lat' dir='ltr'><strong>meai</strong></span> <span class='ocrx_word' id='word_1_448' title='bbox 3475 1913 3656 1974; x_wconf 80' lang='lat' dir='ltr'><strong>potest</strong></span> 
     </span>
    </p>
   </div>
   <div class='ocr_carea' id='block_1_62' title="bbox 2059 1996 3656 2067">
    <p class='ocr_par' dir='ltr' id='par_1_62' title="bbox 2059 1996 3656 2067">
     <span class='ocr_line' id='line_1_62' title="bbox 2059 1996 3656 2067; baseline -0.002 -15"><span class='ocrx_word' id='word_1_449' title='bbox 2059 1998 2106 2035; x_wconf 65' lang='grc'><strong>⁸⁸</strong></span> <span class='ocrx_word' id='word_1_450' title='bbox 2134 1999 2382 2053; x_wconf 89' lang='lat' dir='ltr'><strong>minuere</strong></span> <span class='ocrx_word' id='word_1_451' title='bbox 2409 2014 2650 2053; x_wconf 85' lang='lat' dir='ltr'><strong>amorem</strong></span> <span class='ocrx_word' id='word_1_452' title='bbox 2676 1999 2866 2062; x_wconf 87' lang='lat' dir='ltr'><strong>vestri,</strong></span> <span class='ocrx_word' id='word_1_453' title='bbox 2900 2010 3059 2067; x_wconf 86' lang='lat' dir='ltr'><strong>quem</strong></span> <span class='ocrx_word' id='word_1_454' title='bbox 3083 2004 3139 2051; x_wconf 89' lang='lat' dir='ltr'><strong>et</strong></span> <span class='ocrx_word' id='word_1_455' title='bbox 3168 2006 3364 2050; x_wconf 87' lang='lat' dir='ltr'><strong>natura</strong></span> <span class='ocrx_word' id='word_1_456' title='bbox 3404 2004 3460 2049; x_wconf 89' lang='lat' dir='ltr'><strong>et</strong></span> <span class='ocrx_word' id='word_1_457' title='bbox 3488 1996 3656 2049; x_wconf 79' lang='lat' dir='ltr'><strong>benc-</strong></span> 
     </span>
    </p>
   </div>
   <div class='ocr_carea' id='block_1_63' title="bbox 2060 2092 3653 2163">
    <p class='ocr_par' dir='ltr' id='par_1_63' title="bbox 2060 2092 3653 2163">
     <span class='ocr_line' id='line_1_63' title="bbox 2060 2092 3653 2163; baseline -0.002 -17"><span class='ocrx_word' id='word_1_458' title='bbox 2060 2092 2182 2148; x_wconf 82' lang='lat' dir='ltr'><strong>licio</strong></span> <span class='ocrx_word' id='word_1_459' title='bbox 2206 2092 2473 2162; x_wconf 84' lang='lat' dir='ltr'><strong>concepit.</strong></span> <span class='ocrx_word' id='word_1_460' title='bbox 2503 2092 2849 2163; x_wconf 79' lang='lat' dir='ltr'><strong>Quapropter</strong></span> <span class='ocrx_word' id='word_1_461' title='bbox 2877 2107 3105 2163; x_wconf 85' lang='lat' dir='ltr'><strong>quorum</strong></span> <span class='ocrx_word' id='word_1_462' title='bbox 3138 2106 3324 2146; x_wconf 85' lang='lat' dir='ltr'><strong>amore</strong></span> <span class='ocrx_word' id='word_1_463' title='bbox 3346 2107 3442 2147; x_wconf 87' lang='lat' dir='ltr'><strong>eor</strong></span> <span class='ocrx_word' id='word_1_464' title='bbox 3471 2106 3653 2145; x_wconf 83' lang='lat' dir='ltr'><strong>meum</strong></span> 
     </span>
    </p>
   </div>
   <div class='ocr_carea' id='block_1_64' title="bbox 2060 2184 3654 2252">
    <p class='ocr_par' dir='ltr' id='par_1_64' title="bbox 2060 2184 3654 2252">
     <span class='ocr_line' id='line_1_64' title="bbox 2060 2184 3654 2252; baseline -0.002 -13"><span class='ocrx_word' id='word_1_465' title='bbox 2060 2186 2215 2242; x_wconf 88' lang='lat' dir='ltr'><strong>ardet</strong></span> <span class='ocrx_word' id='word_1_466' title='bbox 2264 2187 2652 2250; x_wconf 81' lang='lat' dir='ltr'><strong>indesinenter,</strong></span> <span class='ocrx_word' id='word_1_467' title='bbox 2694 2199 2889 2240; x_wconf 87' lang='lat' dir='ltr'><strong>eorum</strong></span> <span class='ocrx_word' id='word_1_468' title='bbox 2931 2184 3238 2239; x_wconf 85' lang='lat' dir='ltr'><strong>felicitatem</strong></span> <span class='ocrx_word' id='word_1_469' title='bbox 3282 2197 3502 2252; x_wconf 88' lang='lat' dir='ltr'><strong>semper</strong></span> <span class='ocrx_word' id='word_1_470' title='bbox 3536 2184 3654 2236; x_wconf 68' lang='lat' dir='ltr'><strong>sitit</strong></span> 
     </span>
    </p>
   </div>
   <div class='ocr_carea' id='block_1_65' title="bbox 2061 2277 3655 2348">
    <p class='ocr_par' dir='ltr' id='par_1_65' title="bbox 2061 2277 3655 2348">
     <span class='ocr_line' id='line_1_65' title="bbox 2061 2277 3655 2348; baseline -0.002 -17"><span class='ocrx_word' id='word_1_471' title='bbox 2061 2278 2337 2334; x_wconf 82' lang='lat' dir='ltr'><strong>ardenter.</strong></span> <span class='ocrx_word' id='word_1_472' title='bbox 2381 2277 2584 2334; x_wconf 88' lang='lat' dir='ltr'><strong>Precor</strong></span> <span class='ocrx_word' id='word_1_473' title='bbox 2621 2278 2785 2346; x_wconf 79' lang='lat' dir='ltr'><strong>igitur</strong></span> <span class='ocrx_word' id='word_1_474' title='bbox 2816 2285 3086 2348; x_wconf 84' lang='lat' dir='ltr'><strong>quatenus</strong></span> <span class='ocrx_word' id='word_1_475' title='bbox 3125 2292 3224 2347; x_wconf 86' lang='lat' dir='ltr'><strong>per</strong></span> <span class='ocrx_word' id='word_1_476' title='bbox 3266 2277 3423 2344; x_wconf 77' lang='lat' dir='ltr'><strong>huius</strong></span> <span class='ocrx_word' id='word_1_477' title='bbox 3455 2287 3655 2330; x_wconf 79' lang='lat' dir='ltr'><strong>nostra:</strong></span> 
     </span>
    </p>
   </div>
   <div class='ocr_carea' id='block_1_66' title="bbox 2063 2367 3652 2439">
    <p class='ocr_par' dir='ltr' id='par_1_66' title="bbox 2063 2367 3652 2439">
     <span class='ocr_line' id='line_1_66' title="bbox 2063 2367 3652 2439; baseline -0.002 -18"><span class='ocrx_word' id='word_1_478' title='bbox 2063 2368 2289 2424; x_wconf 89' lang='lat' dir='ltr'><strong>latorem</strong></span> <span class='ocrx_word' id='word_1_479' title='bbox 2314 2369 2574 2439; x_wconf 79' lang='lat' dir='ltr'><strong>epistolae,</strong></span> <span class='ocrx_word' id='word_1_480' title='bbox 2611 2379 2806 2424; x_wconf 67' lang='lat' dir='ltr'><strong>vestra:</strong></span> <span class='ocrx_word' id='word_1_481' title='bbox 2829 2376 3029 2423; x_wconf 87' lang='lat' dir='ltr'><strong>statum</strong></span> <span class='ocrx_word' id='word_1_482' title='bbox 3065 2368 3453 2423; x_wconf 81' lang='lat' dir='ltr'><strong>incolumitatis</strong></span> <span class='ocrx_word' id='word_1_483' title='bbox 3484 2367 3652 2421; x_wconf 81' lang='lat' dir='ltr'><strong>ﬁlium</strong></span> 
     </span>
    </p>
   </div>
   <div class='ocr_carea' id='block_1_67' title="bbox 2062 2457 3654 2529">
    <p class='ocr_par' dir='ltr' id='par_1_67' title="bbox 2062 2457 3654 2529">
     <span class='ocr_line' id='line_1_67' title="bbox 2062 2457 3654 2529; baseline -0.006 -12"><span class='ocrx_word' id='word_1_484' title='bbox 2062 2471 2303 2517; x_wconf 82' lang='lat' dir='ltr'><strong>vestrum</strong></span> <span class='ocrx_word' id='word_1_485' title='bbox 2345 2461 2541 2517; x_wconf 87' lang='lat' dir='ltr'><strong>docere</strong></span> <span class='ocrx_word' id='word_1_486' title='bbox 2586 2460 2791 2524; x_wconf 87' lang='lat' dir='ltr'><strong>velitis;</strong></span> <span class='ocrx_word' id='word_1_487' title='bbox 2835 2474 2936 2529; x_wconf 88' lang='lat' dir='ltr'><strong>per</strong></span> <span class='ocrx_word' id='word_1_488' title='bbox 2964 2474 3157 2528; x_wconf 88' lang='lat' dir='ltr'><strong>quem,</strong></span> <span class='ocrx_word' id='word_1_489' title='bbox 3205 2459 3250 2513; x_wconf 89' lang='lat' dir='ltr'><strong>si</strong></span> <span class='ocrx_word' id='word_1_490' title='bbox 3296 2457 3496 2528; x_wconf 79' lang='lat' dir='ltr'><strong>placet,</strong></span> <span class='ocrx_word' id='word_1_491' title='bbox 3530 2471 3654 2526; x_wconf 67' lang='lat' dir='ltr'><strong>qua&#39;</strong></span> 
     </span>
    </p>
   </div>
   <div class='ocr_carea' id='block_1_68' title="bbox 2061 2548 3651 2624">
    <p class='ocr_par' dir='ltr' id='par_1_68' title="bbox 2061 2548 3651 2624">
     <span class='ocr_line' id='line_1_68' title="bbox 2061 2548 3651 2624; baseline -0.006 -15"><span class='ocrx_word' id='word_1_492' title='bbox 2061 2563 2190 2609; x_wconf 86' lang='lat' dir='ltr'><strong>sunt</strong></span> <span class='ocrx_word' id='word_1_493' title='bbox 2223 2569 2350 2624; x_wconf 84' lang='lat' dir='ltr'><strong>erga</strong></span> <span class='ocrx_word' id='word_1_494' title='bbox 2392 2569 2479 2608; x_wconf 89' lang='lat' dir='ltr'><strong>me</strong></span> <span class='ocrx_word' id='word_1_495' title='bbox 2513 2553 2725 2611; x_wconf 89' lang='lat' dir='ltr'><strong>discere</strong></span> <span class='ocrx_word' id='word_1_496' title='bbox 2768 2550 2980 2605; x_wconf 89' lang='lat' dir='ltr'><strong>valetis.</strong></span> <span class='ocrx_word' id='word_1_497' title='bbox 3026 2549 3348 2620; x_wconf 82' lang='lat' dir='ltr'><strong>Quanquam</strong></span> <span class='ocrx_word' id='word_1_498' title='bbox 3396 2550 3537 2602; x_wconf 80' lang='lat' dir='ltr'><strong>enim</strong></span> <span class='ocrx_word' id='word_1_499' title='bbox 3577 2548 3651 2601; x_wconf 87' lang='lat' dir='ltr'><strong>sit</strong></span> 
     </span>
    </p>
   </div>
   <div class='ocr_carea' id='block_1_69' title="bbox 2061 2637 3655 2713">
    <p class='ocr_par' dir='ltr' id='par_1_69' title="bbox 2061 2637 3655 2713">
     <span class='ocr_line' id='line_1_69' title="bbox 2061 2637 3655 2713; baseline -0.005 -14"><span class='ocrx_word' id='word_1_500' title='bbox 2061 2646 2314 2699; x_wconf 81' lang='lat' dir='ltr'><strong>dominus</strong></span> <span class='ocrx_word' id='word_1_501' title='bbox 2338 2645 2459 2708; x_wconf 85' lang='lat' dir='ltr'><strong>iste,</strong></span> <span class='ocrx_word' id='word_1_502' title='bbox 2494 2644 2588 2713; x_wconf 82' lang='lat' dir='ltr'><strong>qui</strong></span> <span class='ocrx_word' id='word_1_503' title='bbox 2616 2653 2801 2698; x_wconf 89' lang='lat' dir='ltr'><strong>noster</strong></span> <span class='ocrx_word' id='word_1_504' title='bbox 2821 2641 3076 2713; x_wconf 87' lang='lat' dir='ltr'><strong>dignatur</strong></span> <span class='ocrx_word' id='word_1_505' title='bbox 3094 2654 3217 2695; x_wconf 86' lang='lat' dir='ltr'><strong>esse</strong></span> <span class='ocrx_word' id='word_1_506' title='bbox 3237 2639 3475 2705; x_wconf 87' lang='lat' dir='ltr'><strong>nuntius,</strong></span> <span class='ocrx_word' id='word_1_507' title='bbox 3500 2637 3655 2691; x_wconf 81' lang='lat' dir='ltr'><strong>valde</strong></span> 
     </span>
    </p>
   </div>
   <div class='ocr_carea' id='block_1_70' title="bbox 2061 2731 3651 2801">
    <p class='ocr_par' dir='ltr' id='par_1_70' title="bbox 2061 2731 3651 2801">
     <span class='ocr_line' id='line_1_70' title="bbox 2061 2731 3651 2801; baseline -0.008 -9"><span class='ocrx_word' id='word_1_508' title='bbox 2061 2737 2244 2801; x_wconf 86' lang='lat' dir='ltr'><strong>dives,</strong></span> <span class='ocrx_word' id='word_1_509' title='bbox 2275 2746 2330 2791; x_wconf 90' lang='lat' dir='ltr'><strong>et</strong></span> <span class='ocrx_word' id='word_1_510' title='bbox 2356 2737 2422 2791; x_wconf 90' lang='lat' dir='ltr'><strong>de</strong></span> <span class='ocrx_word' id='word_1_511' title='bbox 2449 2735 2947 2791; x_wconf 83' lang='lat' dir='ltr'><strong>Northmannorum</strong></span> <span class='ocrx_word' id='word_1_512' title='bbox 2983 2731 3371 2794; x_wconf 83' lang='lat' dir='ltr'><strong>nobilissimis,</strong></span> <span class='ocrx_word' id='word_1_513' title='bbox 3399 2738 3547 2783; x_wconf 87' lang='lat' dir='ltr'><strong>tanta</strong></span> <span class='ocrx_word' id='word_1_514' title='bbox 3572 2736 3651 2781; x_wconf 51' lang='lat' dir='ltr'><strong>ta.</strong></span> 
     </span>
    </p>
   </div>
   <div class='ocr_carea' id='block_1_71' title="bbox 2065 2824 3656 2899">
    <p class='ocr_par' dir='ltr' id='par_1_71' title="bbox 2065 2824 3656 2899">
     <span class='ocr_line' id='line_1_71' title="bbox 2065 2824 3656 2899; baseline -0.006 -15"><span class='ocrx_word' id='word_1_515' title='bbox 2065 2845 2187 2884; x_wconf 88' lang='lat' dir='ltr'><strong>men</strong></span> <span class='ocrx_word' id='word_1_516' title='bbox 2219 2830 2332 2899; x_wconf 83' lang='lat' dir='ltr'><strong>ipse</strong></span> <span class='ocrx_word' id='word_1_517' title='bbox 2364 2844 2487 2883; x_wconf 86' lang='lat' dir='ltr'><strong>cum</strong></span> <span class='ocrx_word' id='word_1_518' title='bbox 2529 2837 2706 2881; x_wconf 86' lang='lat' dir='ltr'><strong>matre</strong></span> <span class='ocrx_word' id='word_1_519' title='bbox 2738 2836 2794 2881; x_wconf 89' lang='lat' dir='ltr'><strong>et</strong></span> <span class='ocrx_word' id='word_1_520' title='bbox 2822 2824 3080 2879; x_wconf 86' lang='lat' dir='ltr'><strong>fratribus</strong></span> <span class='ocrx_word' id='word_1_521' title='bbox 3115 2825 3231 2878; x_wconf 79' lang='lat' dir='ltr'><strong>suis</strong></span> <span class='ocrx_word' id='word_1_522' title='bbox 3264 2833 3321 2877; x_wconf 88' lang='lat' dir='ltr'><strong>et</strong></span> <span class='ocrx_word' id='word_1_523' title='bbox 3350 2836 3537 2877; x_wconf 83' lang='lat' dir='ltr'><strong>sorore</strong></span> <span class='ocrx_word' id='word_1_524' title='bbox 3569 2835 3656 2875; x_wconf 80' lang='lat' dir='ltr'><strong>me</strong></span> 
     </span>
    </p>
   </div>
   <div class='ocr_carea' id='block_1_72' title="bbox 2066 2912 3655 2985">
    <p class='ocr_par' dir='ltr' id='par_1_72' title="bbox 2066 2912 3655 2985">
     <span class='ocr_line' id='line_1_72' title="bbox 2066 2912 3655 2985; baseline -0.006 -10"><span class='ocrx_word' id='word_1_525' title='bbox 2066 2921 2169 2975; x_wconf 83' lang='lat' dir='ltr'><strong>sibi</strong></span> <span class='ocrx_word' id='word_1_526' title='bbox 2198 2918 2506 2973; x_wconf 85' lang='lat' dir='ltr'><strong>dilectionis</strong></span> <span class='ocrx_word' id='word_1_527' title='bbox 2534 2916 2905 2973; x_wconf 84' lang='lat' dir='ltr'><strong>familiaritate</strong></span> <span class='ocrx_word' id='word_1_528' title='bbox 2927 2914 3252 2985; x_wconf 77' lang='lat' dir='ltr'><strong>junxerunt,</strong></span> <span class='ocrx_word' id='word_1_529' title='bbox 3281 2923 3462 2967; x_wconf 81' lang='lat' dir='ltr'><strong>utnon</strong></span> <span class='ocrx_word' id='word_1_530' title='bbox 3494 2912 3655 2966; x_wconf 85' lang='lat' dir='ltr'><strong>aliter</strong></span> 
     </span>
    </p>
   </div>
   <div class='ocr_carea' id='block_1_73' title="bbox 2042 3005 3653 3079">
    <p class='ocr_par' dir='ltr' id='par_1_73' title="bbox 2042 3005 3653 3079">
     <span class='ocr_line' id='line_1_73' title="bbox 2042 3005 3653 3079; baseline -0.006 -14"><span class='ocrx_word' id='word_1_531' title='bbox 2042 3034 2045 3035; x_wconf 50' lang='grc' dir='ltr'><em>ν</em></span> <span class='ocrx_word' id='word_1_532' title='bbox 2070 3025 2156 3066; x_wconf 87' lang='lat' dir='ltr'><strong>me</strong></span> <span class='ocrx_word' id='word_1_533' title='bbox 2181 3025 2343 3079; x_wconf 84' lang='lat' dir='ltr'><strong>quam</strong></span> <span class='ocrx_word' id='word_1_534' title='bbox 2373 3008 2541 3063; x_wconf 90' lang='lat' dir='ltr'><strong>lilium</strong></span> <span class='ocrx_word' id='word_1_535' title='bbox 2578 3017 2775 3073; x_wconf 83' lang='lat' dir='ltr'><strong>mater,</strong></span> <span class='ocrx_word' id='word_1_536' title='bbox 2804 3016 2861 3062; x_wconf 87' lang='lat' dir='ltr'><strong>et</strong></span> <span class='ocrx_word' id='word_1_537' title='bbox 2887 3006 3110 3061; x_wconf 88' lang='lat' dir='ltr'><strong>fratrem</strong></span> <span class='ocrx_word' id='word_1_538' title='bbox 3140 3005 3315 3075; x_wconf 88' lang='lat' dir='ltr'><strong>proles</strong></span> <span class='ocrx_word' id='word_1_539' title='bbox 3338 3005 3653 3065; x_wconf 82' lang='lat' dir='ltr'><strong>nominent,</strong></span> 
     </span>
    </p>
   </div>
   <div class='ocr_carea' id='block_1_74' title="bbox 2069 3096 3655 3172">
    <p class='ocr_par' dir='ltr' id='par_1_74' title="bbox 2069 3096 3655 3172">
     <span class='ocr_line' id='line_1_74' title="bbox 2069 3096 3655 3172; baseline -0.006 -15"><span class='ocrx_word' id='word_1_540' title='bbox 2069 3103 2171 3157; x_wconf 82' lang='lat' dir='ltr'><strong>nisi</strong></span> <span class='ocrx_word' id='word_1_541' title='bbox 2199 3103 2324 3172; x_wconf 83' lang='lat' dir='ltr'><strong>quia</strong></span> <span class='ocrx_word' id='word_1_542' title='bbox 2352 3102 2468 3172; x_wconf 92' lang='lat' dir='ltr'><strong>pari</strong></span> <span class='ocrx_word' id='word_1_543' title='bbox 2490 3100 2781 3156; x_wconf 86' lang='lat' dir='ltr'><strong>concordia</strong></span> <span class='ocrx_word' id='word_1_544' title='bbox 2811 3099 3150 3169; x_wconf 82' lang='lat' dir='ltr'><strong>primogoniti</strong></span> <span class='ocrx_word' id='word_1_545' title='bbox 3179 3097 3307 3151; x_wconf 85' lang='lat' dir='ltr'><strong>mihi</strong></span> <span class='ocrx_word' id='word_1_546' title='bbox 3330 3096 3655 3167; x_wconf 78' lang='lat' dir='ltr'><strong>dignitatern</strong></span> 
     </span>
    </p>
   </div>
   <div class='ocr_carea' id='block_1_75' title="bbox 2067 3199 2474 3248">
    <p class='ocr_par' dir='ltr' id='par_1_75' title="bbox 2067 3199 2474 3248">
     <span class='ocr_line' id='line_1_75' title="bbox 2067 3199 2474 3248; baseline -0.007 0"><span class='ocrx_word' id='word_1_547' title='bbox 2067 3199 2474 3248; x_wconf 82' lang='lat' dir='ltr'><strong>concesserunt.</strong></span> 
     </span>
    </p>
   </div>
   <div class='ocr_carea' id='block_1_76' title="bbox 2557 3279 3136 3336">
    <p class='ocr_par' dir='ltr' id='par_1_76' title="bbox 2557 3279 3136 3336">
     <span class='ocr_line' id='line_1_76' title="bbox 2557 3279 3136 3336; baseline -0.002 -1"><span class='ocrx_word' id='word_1_548' title='bbox 2557 3279 2888 3336; x_wconf 78' lang='lat' dir='ltr'><strong>EPISTOLA</strong></span> <span class='ocrx_word' id='word_1_549' title='bbox 2933 3279 3053 3334; x_wconf 77' lang='lat' dir='ltr'><strong>XIX</strong></span> <span class='ocrx_word' id='word_1_550' title='bbox 3089 3280 3136 3312; x_wconf 76' lang='grc'>⁸⁸</span> 
     </span>
    </p>
   </div>
   <div class='ocr_carea' id='block_1_77' title="bbox 2626 3408 3097 3449">
    <p class='ocr_par' dir='ltr' id='par_1_77' title="bbox 2626 3408 3097 3449">
     <span class='ocr_line' id='line_1_77' title="bbox 2626 3408 3097 3449; baseline -0.006 0"><span class='ocrx_word' id='word_1_551' title='bbox 2626 3409 2695 3449; x_wconf 78' lang='grc' dir='ltr'><strong>ΑΙ)</strong></span> <span class='ocrx_word' id='word_1_552' title='bbox 2732 3408 3097 3448; x_wconf 67' lang='lat' dir='ltr'><strong>LANFRANCUII.</strong></span> 
     </span>
    </p>
   </div>
   <div class='ocr_carea' id='block_1_78' title="bbox 2070 3480 3651 3554">
    <p class='ocr_par' dir='ltr' id='par_1_78' title="bbox 2070 3480 3651 3554">
     <span class='ocr_line' id='line_1_78' title="bbox 2070 3480 3651 3554; baseline -0.005 -13"><span class='ocrx_word' id='word_1_553' title='bbox 2070 3484 2386 3541; x_wconf 80' lang='lat' dir='ltr'><strong>Grutttlntur</strong></span> <span class='ocrx_word' id='word_1_554' title='bbox 2414 3480 2716 3553; x_wconf 74' lang='lat' dir='ltr'><strong>Lunfranco</strong></span> <span class='ocrx_word' id='word_1_555' title='bbox 2744 3484 2882 3554; x_wconf 79' lang='lat' dir='ltr'><strong>quod</strong></span> <span class='ocrx_word' id='word_1_556' title='bbox 2918 3484 3136 3537; x_wconf 70' lang='lat' dir='ltr'><strong>(lectum</strong></span> <span class='ocrx_word' id='word_1_557' title='bbox 3162 3484 3332 3554; x_wconf 79' lang='lat' dir='ltr'><strong>potius</strong></span> <span class='ocrx_word' id='word_1_558' title='bbox 3364 3498 3513 3553; x_wconf 76' lang='lat' dir='ltr'><strong>quam</strong></span> <span class='ocrx_word' id='word_1_559' title='bbox 3545 3481 3651 3533; x_wconf 79' lang='lat' dir='ltr'><strong>alio</strong></span> 
     </span>
    </p>
   </div>
   <div class='ocr_carea' id='block_1_79' title="bbox 2212 3555 3510 3625">
    <p class='ocr_par' dir='ltr' id='par_1_79' title="bbox 2212 3555 3510 3625">
     <span class='ocr_line' id='line_1_79' title="bbox 2212 3555 3510 3625; baseline -0.006 -14"><span class='ocrx_word' id='word_1_560' title='bbox 2212 3557 2415 3611; x_wconf 72' lang='lat' dir='ltr'><strong>miserit</strong></span> <span class='ocrx_word' id='word_1_561' title='bbox 2439 3565 2671 3625; x_wconf 76' lang='lat' dir='ltr'><strong>nepotem</strong></span> <span class='ocrx_word' id='word_1_562' title='bbox 2689 3595 2705 3618; x_wconf 95' lang='lat'><strong>,</strong></span> <span class='ocrx_word' id='word_1_563' title='bbox 2734 3565 2780 3608; x_wconf 85' lang='lat' dir='ltr'><strong>et</strong></span> <span class='ocrx_word' id='word_1_564' title='bbox 2809 3555 3025 3609; x_wconf 77' lang='lat' dir='ltr'><strong>Girurdi</strong></span> <span class='ocrx_word' id='word_1_565' title='bbox 3051 3571 3256 3608; x_wconf 81' lang='lat' dir='ltr'><strong>moram</strong></span> <span class='ocrx_word' id='word_1_566' title='bbox 3281 3562 3510 3608; x_wconf 75' lang='lat' dir='ltr'><strong>excusat.</strong></span> 
     </span>
    </p>
   </div>
   <div class='ocr_carea' id='block_1_80' title="bbox 2142 3642 3650 3709">
    <p class='ocr_par' dir='ltr' id='par_1_80' title="bbox 2142 3642 3650 3709">
     <span class='ocr_line' id='line_1_80' title="bbox 2142 3642 3650 3709; baseline -0.005 -8"><span class='ocrx_word' id='word_1_567' title='bbox 2142 3647 2253 3702; x_wconf 85' lang='lat' dir='ltr'><strong>Suo</strong></span> <span class='ocrx_word' id='word_1_568' title='bbox 2281 3647 2531 3709; x_wconf 87' lang='lat' dir='ltr'><strong>domino,</strong></span> <span class='ocrx_word' id='word_1_569' title='bbox 2568 3661 2668 3699; x_wconf 85' lang='lat' dir='ltr'><strong>suo</strong></span> <span class='ocrx_word' id='word_1_570' title='bbox 2702 3645 2842 3699; x_wconf 83' lang='lat' dir='ltr'><strong>Patri</strong></span> <span class='ocrx_word' id='word_1_571' title='bbox 2881 3660 3002 3699; x_wconf 87' lang='lat' dir='ltr'><strong>cum</strong></span> <span class='ocrx_word' id='word_1_572' title='bbox 3043 3644 3347 3700; x_wconf 89' lang='lat' dir='ltr'><strong>reverentia</strong></span> <span class='ocrx_word' id='word_1_573' title='bbox 3385 3642 3612 3695; x_wconf 85' lang='lat' dir='ltr'><strong>amando</strong></span> <span class='ocrx_word' id='word_1_574' title='bbox 3634 3681 3650 3703; x_wconf 90' lang='lat'><strong>,</strong></span> 
     </span>
    </p>
   </div>
   <div class='ocr_carea' id='block_1_81' title="bbox 2072 3735 3652 3808">
    <p class='ocr_par' dir='ltr' id='par_1_81' title="bbox 2072 3735 3652 3808">
     <span class='ocr_line' id='line_1_81' title="bbox 2072 3735 3652 3808; baseline -0.006 -12"><span class='ocrx_word' id='word_1_575' title='bbox 2072 3756 2195 3796; x_wconf 87' lang='lat' dir='ltr'><strong>cum</strong></span> <span class='ocrx_word' id='word_1_576' title='bbox 2228 3754 2416 3794; x_wconf 90' lang='lat' dir='ltr'><strong>amore</strong></span> <span class='ocrx_word' id='word_1_577' title='bbox 2456 3737 2784 3797; x_wconf 78' lang='lat' dir='ltr'><strong>reverenda,</strong></span> <span class='ocrx_word' id='word_1_578' title='bbox 2818 3738 3227 3808; x_wconf 85' lang='lat' dir='ltr'><strong>archiepiscopo</strong></span> <span class='ocrx_word' id='word_1_579' title='bbox 3266 3736 3425 3790; x_wconf 90' lang='lat' dir='ltr'><strong>matri</strong></span> <span class='ocrx_word' id='word_1_580' title='bbox 3468 3735 3652 3788; x_wconf 84' lang='lat' dir='ltr'><strong>catho-</strong></span> 
     </span>
    </p>
   </div>
   <div class='ocr_carea' id='block_1_82' title="bbox 1651 3851 2329 3909">
    <p class='ocr_par' dir='ltr' id='par_1_82' title="bbox 1651 3851 2329 3909">
     <span class='ocr_line' id='line_1_82' title="bbox 1651 3851 2329 3909; baseline 0.003 -5"><span class='ocrx_word' id='word_1_581' title='bbox 1651 3851 1885 3908; x_wconf 66' lang='lat' dir='ltr'><strong>VARIIE</strong></span> <span class='ocrx_word' id='word_1_582' title='bbox 1926 3851 2329 3909; x_wconf 80' lang='lat' dir='ltr'><strong>LECTIONES.</strong></span> 
     </span>
    </p>
   </div>
   <div class='ocr_carea' id='block_1_83' title="bbox 394 3958 2009 4034">
    <p class='ocr_par' dir='ltr' id='par_1_83' title="bbox 394 3958 2009 4034">
     <span class='ocr_line' id='line_1_83' title="bbox 394 3958 2009 4034; baseline 0.005 -23"><span class='ocrx_word' id='word_1_583' title='bbox 394 3966 401 3991; x_wconf 67' lang='grc' dir='ltr'>ί</span> <span class='ocrx_word' id='word_1_584' title='bbox 434 3958 646 4034; x_wconf 78' lang='lat' dir='ltr'><strong>&quot;Cum</strong></span> <span class='ocrx_word' id='word_1_585' title='bbox 674 3962 740 4015; x_wconf 82' lang='lat' dir='ltr'><strong>iis</strong></span> <span class='ocrx_word' id='word_1_586' title='bbox 770 3964 976 4018; x_wconf 76' lang='lat' dir='ltr'><strong>duobus</strong></span> <span class='ocrx_word' id='word_1_587' title='bbox 1012 3961 1413 4030; x_wconf 65' lang='lat' dir='ltr'><strong>Excutplaribus</strong></span> <span class='ocrx_word' id='word_1_588' title='bbox 1444 3981 1542 4017; x_wconf 84' lang='lat' dir='ltr'><strong>ms.</strong></span> <span class='ocrx_word' id='word_1_589' title='bbox 1570 3963 1658 4034; x_wconf 77' lang='lat' dir='ltr'><strong>Ef.</strong></span> <span class='ocrx_word' id='word_1_590' title='bbox 1693 3965 1785 4020; x_wconf 74' lang='lat'><strong>20.</strong></span> <span class='ocrx_word' id='word_1_591' title='bbox 1815 3964 2009 4019; x_wconf 85' lang='lat' dir='ltr'><strong>collata</strong></span> 
     </span>
    </p>
   </div>
   <div class='ocr_carea' id='block_1_84' title="bbox 2104 3961 3644 4032">
    <p class='ocr_par' dir='ltr' id='par_1_84' title="bbox 2104 3961 3644 4032">
     <span class='ocr_line' id='line_1_84' title="bbox 2104 3961 3644 4032; baseline -0.003 -14"><span class='ocrx_word' id='word_1_592' title='bbox 2104 3965 2151 3995; x_wconf 77' lang='grc'><strong>’⁷⁸</strong></span> <span class='ocrx_word' id='word_1_593' title='bbox 2178 3964 2439 4018; x_wconf 84' lang='lat' dir='ltr'><strong>Ermerna</strong></span> <span class='ocrx_word' id='word_1_594' title='bbox 2470 3979 2575 4015; x_wconf 80' lang='lat' dir='ltr'><strong>mss</strong></span> <span class='ocrx_word' id='word_1_595' title='bbox 2623 3961 2881 4019; x_wconf 83' lang='lat' dir='ltr'><strong>Ermcrns</strong></span> <span class='ocrx_word' id='word_1_596' title='bbox 2952 3965 3000 3995; x_wconf 70' lang='grc'><strong>⁷⁷</strong></span> <span class='ocrx_word' id='word_1_597' title='bbox 3039 3963 3156 4030; x_wconf 82' lang='lat' dir='ltr'><strong>Quo</strong></span> <span class='ocrx_word' id='word_1_598' title='bbox 3184 3963 3505 4032; x_wconf 81' lang='lat' dir='ltr'><strong>sperabatur</strong></span> <span class='ocrx_word' id='word_1_599' title='bbox 3528 3980 3644 4016; x_wconf 73' lang='lat' dir='ltr'><strong>mss.</strong></span> 
     </span>
    </p>
   </div>
   <div class='ocr_carea' id='block_1_85' title="bbox 369 4033 3648 4100">
    <p class='ocr_par' dir='ltr' id='par_1_85' title="bbox 369 4033 3648 4100">
     <span class='ocr_line' id='line_1_85' title="bbox 369 4033 3648 4100; baseline 0 -16"><span class='ocrx_word' id='word_1_600' title='bbox 369 4033 510 4098; x_wconf 82' lang='lat' dir='ltr'><strong>quod</strong></span> <span class='ocrx_word' id='word_1_601' title='bbox 542 4034 862 4100; x_wconf 89' lang='lat' dir='ltr'><strong>sperabatur</strong></span> <span class='ocrx_word' id='word_1_602' title='bbox 934 4036 981 4068; x_wconf 81' lang='grc'><strong>⁷⁸</strong></span> <span class='ocrx_word' id='word_1_603' title='bbox 998 4033 1173 4089; x_wconf 87' lang='lat' dir='ltr'><strong>Minus</strong></span> <span class='ocrx_word' id='word_1_604' title='bbox 1192 4044 1369 4088; x_wconf 84' lang='lat' dir='ltr'><strong>autem</strong></span> <span class='ocrx_word' id='word_1_605' title='bbox 1398 4051 1522 4087; x_wconf 83' lang='lat' dir='ltr'><strong>mss.</strong></span> <span class='ocrx_word' id='word_1_606' title='bbox 1554 4050 1747 4090; x_wconf 84' lang='lat' dir='ltr'><strong>lllUllllS</strong></span> <span class='ocrx_word' id='word_1_607' title='bbox 1765 4046 1944 4090; x_wconf 87' lang='lat' dir='ltr'><strong>autem</strong></span> <span class='ocrx_word' id='word_1_608' title='bbox 1969 4052 1981 4065; x_wconf 73' lang='lat'><strong>&#39;</strong></span> <span class='ocrx_word' id='word_1_609' title='bbox 2004 4035 2066 4083; x_wconf 62' lang='lat'><strong>3°</strong></span> <span class='ocrx_word' id='word_1_610' title='bbox 2089 4034 2180 4089; x_wconf 86' lang='lat' dir='ltr'><strong>Sic</strong></span> <span class='ocrx_word' id='word_1_611' title='bbox 2204 4036 2385 4087; x_wconf 86' lang='lat' dir='ltr'><strong>vivere</strong></span> <span class='ocrx_word' id='word_1_612' title='bbox 2405 4049 2529 4085; x_wconf 77' lang='lat' dir='ltr'><strong>mss.</strong></span> <span class='ocrx_word' id='word_1_613' title='bbox 2553 4033 2631 4085; x_wconf 87' lang='lat' dir='ltr'><strong>sic</strong></span> <span class='ocrx_word' id='word_1_614' title='bbox 2657 4036 2818 4090; x_wconf 89' lang='lat' dir='ltr'><strong>vivite</strong></span> <span class='ocrx_word' id='word_1_615' title='bbox 2891 4034 2937 4066; x_wconf 81' lang='grc'><strong>⁸⁰</strong></span> <span class='ocrx_word' id='word_1_616' title='bbox 2963 4035 3027 4088; x_wconf 82' lang='lat' dir='ltr'><strong>Et</strong></span> <span class='ocrx_word' id='word_1_617' title='bbox 3047 4036 3195 4088; x_wconf 88' lang='lat' dir='ltr'><strong>illum</strong></span> <span class='ocrx_word' id='word_1_618' title='bbox 3222 4051 3315 4087; x_wconf 83' lang='lat' dir='ltr'><strong>ms.</strong></span> <span class='ocrx_word' id='word_1_619' title='bbox 3346 4033 3394 4086; x_wconf 87' lang='lat' dir='ltr'><strong>l.</strong></span> <span class='ocrx_word' id='word_1_620' title='bbox 3416 4043 3477 4087; x_wconf 91' lang='lat' dir='ltr'><strong>nt</strong></span> <span class='ocrx_word' id='word_1_621' title='bbox 3506 4033 3648 4085; x_wconf 88' lang='lat' dir='ltr'><strong>illum</strong></span> 
     </span>
    </p>
   </div>
   <div class='ocr_carea' id='block_1_86' title="bbox 1266 4104 3651 4177">
    <p class='ocr_par' dir='ltr' id='par_1_86' title="bbox 1266 4104 3651 4177">
     <span class='ocr_line' id='line_1_86' title="bbox 1266 4104 3651 4177; baseline -0.001 -17"><span class='ocrx_word' id='word_1_622' title='bbox 1266 4104 1312 4137; x_wconf 84' lang='grc'><strong>⁸²</strong></span> <span class='ocrx_word' id='word_1_623' title='bbox 1340 4104 1622 4177; x_wconf 79' lang='lat' dir='ltr'><strong>Lacrymis</strong></span> <span class='ocrx_word' id='word_1_624' title='bbox 1650 4122 1776 4159; x_wconf 81' lang='lat' dir='ltr'><strong>utss.</strong></span> <span class='ocrx_word' id='word_1_625' title='bbox 1822 4106 2091 4177; x_wconf 79' lang='lat' dir='ltr'><strong>laerymas</strong></span> <span class='ocrx_word' id='word_1_626' title='bbox 2113 4175 2140 4177; x_wconf 24' lang='grc' dir='ltr'><em>Η</em></span> <span class='ocrx_word' id='word_1_627' title='bbox 2160 4105 2208 4138; x_wconf 84' lang='grc'>⁸³</span> <span class='ocrx_word' id='word_1_628' title='bbox 2234 4104 2445 4159; x_wconf 81' lang='lat' dir='ltr'><strong>Gench</strong></span> <span class='ocrx_word' id='word_1_629' title='bbox 2480 4113 2659 4158; x_wconf 80' lang='lat' dir='ltr'><strong>vestro</strong></span> <span class='ocrx_word' id='word_1_630' title='bbox 2688 4122 2815 4167; x_wconf 74' lang='lat' dir='ltr'><strong>mss.</strong></span> <span class='ocrx_word' id='word_1_631' title='bbox 2866 4120 3066 4177; x_wconf 73' lang='lat' dir='ltr'><strong>genere</strong></span> <span class='ocrx_word' id='word_1_632' title='bbox 3116 4115 3300 4159; x_wconf 78' lang='lat' dir='ltr'><strong>nostro</strong></span> <span class='ocrx_word' id='word_1_633' title='bbox 3373 4104 3419 4136; x_wconf 71' lang='grc'>⁸⁵</span> <span class='ocrx_word' id='word_1_634' title='bbox 3447 4104 3651 4157; x_wconf 73' lang='lat' dir='ltr'><strong>Anima:</strong></span> 
     </span>
    </p>
   </div>
   <div class='ocr_carea' id='block_1_87' title="bbox 366 4173 2233 4247">
    <p class='ocr_par' dir='ltr' id='par_1_87' title="bbox 366 4173 2233 4247">
     <span class='ocr_line' id='line_1_87' title="bbox 366 4173 2233 4247; baseline 0.002 -21"><span class='ocrx_word' id='word_1_635' title='bbox 366 4176 544 4247; x_wconf 78' lang='lat' dir='ltr'><strong>potitit</strong></span> <span class='ocrx_word' id='word_1_636' title='bbox 566 4191 688 4228; x_wconf 76' lang='lat' dir='ltr'><strong>mss.</strong></span> <span class='ocrx_word' id='word_1_637' title='bbox 718 4175 913 4229; x_wconf 81' lang='lat' dir='ltr'><strong>anitnte</strong></span> <span class='ocrx_word' id='word_1_638' title='bbox 941 4191 1074 4232; x_wconf 67' lang='lat' dir='ltr'><strong>mea:</strong></span> <span class='ocrx_word' id='word_1_639' title='bbox 1102 4183 1282 4244; x_wconf 88' lang='lat' dir='ltr'><strong>potest</strong></span> <span class='ocrx_word' id='word_1_640' title='bbox 1352 4177 1399 4215; x_wconf 78' lang='grc'>⁸⁸</span> <span class='ocrx_word' id='word_1_641' title='bbox 1431 4173 1562 4229; x_wconf 70' lang='lat' dir='ltr'><strong>Cum</strong></span> <span class='ocrx_word' id='word_1_642' title='bbox 1587 4177 1825 4247; x_wconf 74' lang='lat' dir='ltr'><strong>prtcfatis</strong></span> <span class='ocrx_word' id='word_1_643' title='bbox 1868 4173 1994 4231; x_wconf 57' lang='lat' dir='ltr'><strong>mas.</strong></span> <span class='ocrx_word' id='word_1_644' title='bbox 2040 4175 2233 4230; x_wconf 81' lang='lat' dir='ltr'><strong>collata</strong></span> 
     </span>
    </p>
   </div>
   <div class='ocr_carea' id='block_1_88' title="bbox 1576 4302 2442 4363">
    <p class='ocr_par' dir='ltr' id='par_1_88' title="bbox 1576 4302 2442 4363">
     <span class='ocr_line' id='line_1_88' title="bbox 1576 4302 2442 4363; baseline 0 -3"><span class='ocrx_word' id='word_1_645' title='bbox 1576 4302 1690 4363; x_wconf 80' lang='grc' dir='ltr'><strong>1οΑ</strong></span> <span class='ocrx_word' id='word_1_646' title='bbox 1700 4305 1856 4362; x_wconf 80' lang='lat' dir='ltr'><strong>NNIS</strong></span> <span class='ocrx_word' id='word_1_647' title='bbox 1904 4306 2177 4363; x_wconf 78' lang='lat' dir='ltr'><strong>PICARDI</strong></span> <span class='ocrx_word' id='word_1_648' title='bbox 2210 4305 2442 4362; x_wconf 64' lang='lat' dir='ltr'><strong>NOTAE.</strong></span> 
     </span>
    </p>
   </div>
   <div class='ocr_carea' id='block_1_89' title="bbox 368 4410 3648 4492">
    <p class='ocr_par' dir='ltr' id='par_1_89' title="bbox 368 4410 3648 4492">
     <span class='ocr_line' id='line_1_89' title="bbox 368 4410 3648 4492; baseline 0.001 -17"><span class='ocrx_word' id='word_1_649' title='bbox 368 4410 571 4475; x_wconf 60' lang='lat' dir='ltr'><strong>exi-illit</strong></span> <span class='ocrx_word' id='word_1_650' title='bbox 594 4428 756 4476; x_wconf 72' lang='lat' dir='ltr'><strong>tanta:</strong></span> <span class='ocrx_word' id='word_1_651' title='bbox 785 4419 1121 4492; x_wconf 75' lang='lat' dir='ltr'><strong>celebritatis</strong></span> <span class='ocrx_word' id='word_1_652' title='bbox 1144 4428 1521 4492; x_wconf 78' lang='lat' dir='ltr'><strong>argumentum</strong></span> <span class='ocrx_word' id='word_1_653' title='bbox 1547 4419 1778 4492; x_wconf 76' lang='lat' dir='ltr'><strong>illustre,</strong></span> <span class='ocrx_word' id='word_1_654' title='bbox 1811 4421 1954 4492; x_wconf 87' lang='lat' dir='ltr'><strong>quod</strong></span> <span class='ocrx_word' id='word_1_655' title='bbox 1994 4426 2040 4481; x_wconf 87' lang='lat' dir='ltr'>D</span> <span class='ocrx_word' id='word_1_656' title='bbox 2072 4421 2572 4477; x_wconf 79' lang='lat' dir='ltr'><strong>Northmannorum</strong></span> <span class='ocrx_word' id='word_1_657' title='bbox 2604 4438 2726 4492; x_wconf 88' lang='lat' dir='ltr'><strong>cap.</strong></span> <span class='ocrx_word' id='word_1_658' title='bbox 2759 4424 2813 4492; x_wconf 86' lang='lat'><strong>8,</strong></span> <span class='ocrx_word' id='word_1_659' title='bbox 2861 4424 2946 4479; x_wconf 92' lang='lat' dir='ltr'><strong>his</strong></span> <span class='ocrx_word' id='word_1_660' title='bbox 2981 4425 3180 4479; x_wconf 86' lang='lat' dir='ltr'><strong>verbis.</strong></span> <span class='ocrx_word' id='word_1_661' title='bbox 3230 4444 3248 4475; x_wconf 80' lang='grc' dir='ltr'><strong>ι</strong></span> <span class='ocrx_word' id='word_1_662' title='bbox 3308 4424 3472 4480; x_wconf 91' lang='lat' dir='ltr'><strong>Ortus</strong></span> <span class='ocrx_word' id='word_1_663' title='bbox 3505 4424 3648 4479; x_wconf 81' lang='lat' dir='ltr'><strong>Italia</strong></span> 
     </span>
    </p>
   </div>
   <div class='ocr_carea' id='block_1_90' title="bbox 366 4490 1960 4562">
    <p class='ocr_par' dir='ltr' id='par_1_90' title="bbox 366 4490 1960 4562">
     <span class='ocr_line' id='line_1_90' title="bbox 366 4490 1960 4562; baseline 0.001 -15"><span class='ocrx_word' id='word_1_664' title='bbox 366 4492 702 4547; x_wconf 85' lang='lat' dir='ltr'><strong>Guilhelmus</strong></span> <span class='ocrx_word' id='word_1_665' title='bbox 756 4490 1244 4547; x_wconf 80' lang='lat' dir='ltr'><strong>Malmesberieusis</strong></span> <span class='ocrx_word' id='word_1_666' title='bbox 1276 4492 1442 4546; x_wconf 81' lang='lat' dir='ltr'><strong>refert</strong></span> <span class='ocrx_word' id='word_1_667' title='bbox 1488 4491 1581 4562; x_wconf 87' lang='lat' dir='ltr'><strong>lib.</strong></span> <span class='ocrx_word' id='word_1_668' title='bbox 1631 4507 1646 4544; x_wconf 94' lang='grc' dir='ltr'><strong>ι</strong></span> <span class='ocrx_word' id='word_1_669' title='bbox 1680 4491 1757 4562; x_wconf 83' lang='lat' dir='ltr'><strong>De</strong></span> <span class='ocrx_word' id='word_1_670' title='bbox 1789 4490 1960 4562; x_wconf 69' lang='lat' dir='ltr'><strong>gestis</strong></span> 
     </span>
    </p>
   </div>
   <div class='ocr_carea' id='block_1_91' title="bbox 368 4560 1959 4630">
    <p class='ocr_par' dir='ltr' id='par_1_91' title="bbox 368 4560 1959 4630">
     <span class='ocr_line' id='line_1_91' title="bbox 368 4560 1959 4630; baseline 0.003 -19"><span class='ocrx_word' id='word_1_671' title='bbox 368 4564 684 4630; x_wconf 83' lang='lat' dir='ltr'><strong>pontilicutn</strong></span> <span class='ocrx_word' id='word_1_672' title='bbox 724 4562 1020 4630; x_wconf 79' lang='lat' dir='ltr'><strong>Anglorum</strong></span> <span class='ocrx_word' id='word_1_673' title='bbox 1074 4562 1157 4615; x_wconf 90' lang='lat' dir='ltr'><strong>his</strong></span> <span class='ocrx_word' id='word_1_674' title='bbox 1188 4562 1367 4615; x_wconf 89' lang='lat' dir='ltr'><strong>verbis</strong></span> <span class='ocrx_word' id='word_1_675' title='bbox 1403 4580 1416 4616; x_wconf 90' lang='lat'><strong>:</strong></span> <span class='ocrx_word' id='word_1_676' title='bbox 1448 4580 1466 4613; x_wconf 82' lang='grc' dir='ltr'><strong>ι</strong></span> <span class='ocrx_word' id='word_1_677' title='bbox 1506 4561 1637 4616; x_wconf 73' lang='lat' dir='ltr'><strong>Erat</strong></span> <span class='ocrx_word' id='word_1_678' title='bbox 1687 4560 1959 4618; x_wconf 47' lang='lat' dir='ltr'><strong>Lau&#39;l&#39;rau-</strong></span> 
     </span>
    </p>
   </div>
   <div class='ocr_carea' id='block_1_92' title="bbox 369 4629 1957 4702">
    <p class='ocr_par' dir='ltr' id='par_1_92' title="bbox 369 4629 1957 4702">
     <span class='ocr_line' id='line_1_92' title="bbox 369 4629 1957 4702; baseline 0.004 -21"><span class='ocrx_word' id='word_1_679' title='bbox 369 4629 467 4702; x_wconf 60' lang='lat' dir='ltr'><strong>cus</strong></span> <span class='ocrx_word' id='word_1_680' title='bbox 503 4640 644 4702; x_wconf 57' lang='lat' dir='ltr'><strong>.tune</strong></span> <span class='ocrx_word' id='word_1_681' title='bbox 695 4629 954 4700; x_wconf 86' lang='lat' dir='ltr'><strong>temporis</strong></span> <span class='ocrx_word' id='word_1_682' title='bbox 979 4629 1034 4685; x_wconf 90' lang='lat' dir='ltr'><strong>in</strong></span> <span class='ocrx_word' id='word_1_683' title='bbox 1081 4632 1327 4686; x_wconf 87' lang='lat' dir='ltr'><strong>doctrina</strong></span> <span class='ocrx_word' id='word_1_684' title='bbox 1378 4641 1435 4685; x_wconf 88' lang='lat' dir='ltr'><strong>et</strong></span> <span class='ocrx_word' id='word_1_685' title='bbox 1475 4631 1657 4686; x_wconf 83' lang='lat' dir='ltr'><strong>tnuudi</strong></span> <span class='ocrx_word' id='word_1_686' title='bbox 1689 4633 1957 4702; x_wconf 80' lang='lat' dir='ltr'><strong>sapientia</strong></span> 
     </span>
    </p>
   </div>
   <div class='ocr_carea' id='block_1_93' title="bbox 369 4699 1959 4773">
    <p class='ocr_par' dir='ltr' id='par_1_93' title="bbox 369 4699 1959 4773">
     <span class='ocr_line' id='line_1_93' title="bbox 369 4699 1959 4773; baseline 0.004 -21"><span class='ocrx_word' id='word_1_687' title='bbox 369 4699 819 4773; x_wconf 65' lang='lat' dir='ltr'><strong>famosissimas,</strong></span> <span class='ocrx_word' id='word_1_688' title='bbox 872 4710 938 4773; x_wconf 70' lang='lat' dir='ltr'><strong>et</strong></span> <span class='ocrx_word' id='word_1_689' title='bbox 990 4716 1150 4773; x_wconf 80' lang='lat' dir='ltr'><strong>quem</strong></span> <span class='ocrx_word' id='word_1_690' title='bbox 1208 4702 1591 4757; x_wconf 83' lang='lat' dir='ltr'><strong>venerabiliter</strong></span> <span class='ocrx_word' id='word_1_691' title='bbox 1653 4699 1959 4773; x_wconf 82' lang='lat' dir='ltr'><strong>susciperet</strong></span> 
     </span>
    </p>
   </div>
   <div class='ocr_carea' id='block_1_94' title="bbox 367 4770 1954 4839">
    <p class='ocr_par' dir='ltr' id='par_1_94' title="bbox 367 4770 1954 4839">
     <span class='ocr_line' id='line_1_94' title="bbox 367 4770 1954 4839; baseline 0.003 -16"><span class='ocrx_word' id='word_1_692' title='bbox 367 4770 673 4825; x_wconf 80' lang='lat' dir='ltr'><strong>Alexander</strong></span> <span class='ocrx_word' id='word_1_693' title='bbox 718 4770 1063 4839; x_wconf 84' lang='lat' dir='ltr'><strong>apostolirus,</strong></span> <span class='ocrx_word' id='word_1_694' title='bbox 1098 4772 1321 4826; x_wconf 87' lang='lat' dir='ltr'><strong>honoris</strong></span> <span class='ocrx_word' id='word_1_695' title='bbox 1350 4774 1647 4826; x_wconf 82' lang='lat' dir='ltr'><strong>maximum</strong></span> <span class='ocrx_word' id='word_1_696' title='bbox 1694 4770 1954 4829; x_wconf 76' lang='lat' dir='ltr'><strong>indicium</strong></span> 
     </span>
    </p>
   </div>
   <div class='ocr_carea' id='block_1_95' title="bbox 370 4840 1952 4913">
    <p class='ocr_par' dir='ltr' id='par_1_95' title="bbox 370 4840 1952 4913">
     <span class='ocr_line' id='line_1_95' title="bbox 370 4840 1952 4913; baseline 0.003 -19"><span class='ocrx_word' id='word_1_697' title='bbox 370 4840 471 4894; x_wconf 86' lang='lat' dir='ltr'><strong>fuit</strong></span> <span class='ocrx_word' id='word_1_698' title='bbox 517 4856 639 4913; x_wconf 79' lang='lat' dir='ltr'><strong>eum</strong></span> <span class='ocrx_word' id='word_1_699' title='bbox 685 4840 915 4913; x_wconf 65' lang='lat' dir='ltr'><strong>Bonnam</strong></span> <span class='ocrx_word' id='word_1_700' title='bbox 942 4841 1178 4895; x_wconf 87' lang='lat' dir='ltr'><strong>venienti</strong></span> <span class='ocrx_word' id='word_1_701' title='bbox 1210 4853 1553 4913; x_wconf 81' lang='lat' dir='ltr'><strong>sequestrato</strong></span> <span class='ocrx_word' id='word_1_702' title='bbox 1585 4842 1675 4896; x_wconf 92' lang='lat' dir='ltr'><strong>illo</strong></span> <span class='ocrx_word' id='word_1_703' title='bbox 1718 4842 1952 4898; x_wconf 81' lang='lat' dir='ltr'><strong>Romani</strong></span> 
     </span>
    </p>
   </div>
   <div class='ocr_carea' id='block_1_96' title="bbox 368 4911 1951 4983">
    <p class='ocr_par' dir='ltr' id='par_1_96' title="bbox 368 4911 1951 4983">
     <span class='ocr_line' id='line_1_96' title="bbox 368 4911 1951 4983; baseline 0.002 -17"><span class='ocrx_word' id='word_1_704' title='bbox 368 4912 644 4980; x_wconf 69' lang='lat' dir='ltr'><strong>supercilii</strong></span> <span class='ocrx_word' id='word_1_705' title='bbox 697 4911 1176 4983; x_wconf 12' lang='lat' dir='ltr'><strong>faslurdiguanter</strong></span> <span class='ocrx_word' id='word_1_706' title='bbox 1223 4911 1578 4983; x_wconf 71' lang='lat' dir='ltr'><strong>assurgeret,</strong></span> <span class='ocrx_word' id='word_1_707' title='bbox 1631 4916 1951 4982; x_wconf 66' lang='lat' dir='ltr'><strong>professus,</strong></span> 
     </span>
    </p>
   </div>
   <div class='ocr_carea' id='block_1_97' title="bbox 372 4982 1954 5053">
    <p class='ocr_par' dir='ltr' id='par_1_97' title="bbox 372 4982 1954 5053">
     <span class='ocr_line' id='line_1_97' title="bbox 372 4982 1954 5053; baseline 0.002 -18"><span class='ocrx_word' id='word_1_708' title='bbox 372 4984 515 5053; x_wconf 82' lang='lat' dir='ltr'><strong>hanc</strong></span> <span class='ocrx_word' id='word_1_709' title='bbox 541 4994 602 5037; x_wconf 79' lang='lat' dir='ltr'><strong>se</strong></span> <span class='ocrx_word' id='word_1_710' title='bbox 631 4982 1068 5053; x_wconf 74' lang='lat' dir='ltr'><strong>venerationem,</strong></span> <span class='ocrx_word' id='word_1_711' title='bbox 1114 4997 1217 5035; x_wconf 91' lang='lat' dir='ltr'><strong>non</strong></span> <span class='ocrx_word' id='word_1_712' title='bbox 1253 4982 1394 5053; x_wconf 87' lang='lat' dir='ltr'><strong>illius</strong></span> <span class='ocrx_word' id='word_1_713' title='bbox 1421 4983 1909 5053; x_wconf 80' lang='lat' dir='ltr'><strong>archiepiscopatui</strong></span> <span class='ocrx_word' id='word_1_714' title='bbox 1938 5024 1954 5049; x_wconf 93' lang='lat'><strong>,</strong></span> 
     </span>
    </p>
   </div>
   <div class='ocr_carea' id='block_1_98' title="bbox 367 5051 1956 5125">
    <p class='ocr_par' dir='ltr' id='par_1_98' title="bbox 367 5051 1956 5125">
     <span class='ocr_line' id='line_1_98' title="bbox 367 5051 1956 5125; baseline 0.004 -21"><span class='ocrx_word' id='word_1_715' title='bbox 367 5051 472 5125; x_wconf 70' lang='lat' dir='ltr'><strong>sed</strong></span> <span class='ocrx_word' id='word_1_716' title='bbox 516 5053 828 5125; x_wconf 81' lang='lat' dir='ltr'><strong>magisterio</strong></span> <span class='ocrx_word' id='word_1_717' title='bbox 869 5052 1170 5125; x_wconf 82' lang='lat' dir='ltr'><strong>litterarum</strong></span> <span class='ocrx_word' id='word_1_718' title='bbox 1211 5051 1454 5125; x_wconf 80' lang='lat' dir='ltr'><strong>deferre;</strong></span> <span class='ocrx_word' id='word_1_719' title='bbox 1510 5051 1843 5125; x_wconf 79' lang='lat' dir='ltr'><strong>quapropter</strong></span> <span class='ocrx_word' id='word_1_720' title='bbox 1895 5069 1956 5110; x_wconf 90' lang='lat' dir='ltr'><strong>se</strong></span> 
     </span>
    </p>
   </div>
   <div class='ocr_carea' id='block_1_99' title="bbox 372 5121 1951 5194">
    <p class='ocr_par' dir='ltr' id='par_1_99' title="bbox 372 5121 1951 5194">
     <span class='ocr_line' id='line_1_99' title="bbox 372 5121 1951 5194; baseline 0.003 -20"><span class='ocrx_word' id='word_1_721' title='bbox 372 5121 569 5194; x_wconf 85' lang='lat' dir='ltr'><strong>fecisse</strong></span> <span class='ocrx_word' id='word_1_722' title='bbox 597 5121 740 5192; x_wconf 81' lang='lat' dir='ltr'><strong>quod</strong></span> <span class='ocrx_word' id='word_1_723' title='bbox 770 5131 923 5194; x_wconf 82' lang='lat' dir='ltr'><strong>esset</strong></span> <span class='ocrx_word' id='word_1_724' title='bbox 969 5124 1225 5190; x_wconf 88' lang='lat' dir='ltr'><strong>honoris,</strong></span> <span class='ocrx_word' id='word_1_725' title='bbox 1273 5124 1423 5179; x_wconf 89' lang='lat' dir='ltr'><strong>illum</strong></span> <span class='ocrx_word' id='word_1_726' title='bbox 1476 5121 1678 5181; x_wconf 78' lang='lat' dir='ltr'><strong>debere</strong></span> <span class='ocrx_word' id='word_1_727' title='bbox 1724 5121 1909 5181; x_wconf 75' lang='lat' dir='ltr'><strong>facere</strong></span> <span class='ocrx_word' id='word_1_728' title='bbox 1936 5167 1951 5194; x_wconf 87' lang='lat'><strong>,</strong></span> 
     </span>
    </p>
   </div>
   <div class='ocr_carea' id='block_1_100' title="bbox 372 5193 1955 5264">
    <p class='ocr_par' dir='ltr' id='par_1_100' title="bbox 372 5193 1955 5264">
     <span class='ocr_line' id='line_1_100' title="bbox 372 5193 1955 5264; baseline 0.004 -21"><span class='ocrx_word' id='word_1_729' title='bbox 372 5193 519 5264; x_wconf 82' lang='lat' dir='ltr'><strong>quod</strong></span> <span class='ocrx_word' id='word_1_730' title='bbox 564 5201 709 5248; x_wconf 78' lang='lat' dir='ltr'><strong>esset</strong></span> <span class='ocrx_word' id='word_1_731' title='bbox 752 5193 1015 5264; x_wconf 70' lang='lat' dir='ltr'><strong>justitia:L</strong></span> <span class='ocrx_word' id='word_1_732' title='bbox 1035 5203 1095 5247; x_wconf 92' lang='lat' dir='ltr'><strong>ut</strong></span> <span class='ocrx_word' id='word_1_733' title='bbox 1142 5209 1242 5264; x_wconf 91' lang='lat' dir='ltr'><strong>pro</strong></span> <span class='ocrx_word' id='word_1_734' title='bbox 1289 5209 1440 5249; x_wconf 91' lang='lat' dir='ltr'><strong>more</strong></span> <span class='ocrx_word' id='word_1_735' title='bbox 1489 5197 1731 5250; x_wconf 81' lang='lat' dir='ltr'><strong>ouinium</strong></span> <span class='ocrx_word' id='word_1_736' title='bbox 1772 5196 1955 5250; x_wconf 84' lang='lat' dir='ltr'><strong>archi-</strong></span> 
     </span>
    </p>
   </div>
   <div class='ocr_carea' id='block_1_101' title="bbox 367 5261 1955 5336">
    <p class='ocr_par' dir='ltr' id='par_1_101' title="bbox 367 5261 1955 5336">
     <span class='ocr_line' id='line_1_101' title="bbox 367 5261 1955 5336; baseline 0.002 -20"><span class='ocrx_word' id='word_1_737' title='bbox 367 5261 946 5336; x_wconf 61' lang='lat' dir='ltr'><strong>episcoporttt_trsatt(j_ti</strong></span> <span class='ocrx_word' id='word_1_738' title='bbox 988 5261 1158 5336; x_wconf 42' lang='lat' dir='ltr'><strong>Petri‘</strong></span> <span class='ocrx_word' id='word_1_739' title='bbox 1186 5265 1370 5320; x_wconf 85' lang='lat' dir='ltr'><strong>vicarii</strong></span> <span class='ocrx_word' id='word_1_740' title='bbox 1411 5265 1654 5336; x_wconf 77' lang='lat' dir='ltr'><strong>vestigiis</strong></span> <span class='ocrx_word' id='word_1_741' title='bbox 1701 5266 1955 5320; x_wconf 83' lang='lat' dir='ltr'><strong>advolve-</strong></span> 
     </span>
    </p>
   </div>
   <div class='ocr_carea' id='block_1_102' title="bbox 372 5333 1958 5402">
    <p class='ocr_par' dir='ltr' id='par_1_102' title="bbox 372 5333 1958 5402">
     <span class='ocr_line' id='line_1_102' title="bbox 372 5333 1958 5402; baseline 0.003 -16"><span class='ocrx_word' id='word_1_742' title='bbox 372 5340 544 5402; x_wconf 80' lang='lat' dir='ltr'><strong>retur.</strong></span> <span class='ocrx_word' id='word_1_743' title='bbox 576 5333 828 5388; x_wconf 78' lang='lat' dir='ltr'><strong>lleddidit</strong></span> <span class='ocrx_word' id='word_1_744' title='bbox 866 5333 955 5389; x_wconf 89' lang='lat' dir='ltr'><strong>ille</strong></span> <span class='ocrx_word' id='word_1_745' title='bbox 984 5334 1248 5402; x_wconf 82' lang='lat' dir='ltr'><strong>debitum,</strong></span> <span class='ocrx_word' id='word_1_746' title='bbox 1285 5354 1302 5386; x_wconf 76' lang='grc' dir='ltr'><strong>ι</strong></span> <span class='ocrx_word' id='word_1_747' title='bbox 1344 5344 1449 5390; x_wconf 90' lang='lat' dir='ltr'><strong>etc.</strong></span> <span class='ocrx_word' id='word_1_748' title='bbox 1478 5335 1536 5389; x_wconf 87' lang='lat' dir='ltr'><strong>Id</strong></span> <span class='ocrx_word' id='word_1_749' title='bbox 1560 5333 1733 5390; x_wconf 75' lang='lat' dir='ltr'><strong>etiam</strong></span> <span class='ocrx_word' id='word_1_750' title='bbox 1765 5335 1958 5402; x_wconf 86' lang='lat' dir='ltr'><strong>repetit</strong></span> 
     </span>
    </p>
   </div>
   <div class='ocr_carea' id='block_1_103' title="bbox 371 5401 1959 5475">
    <p class='ocr_par' dir='ltr' id='par_1_103' title="bbox 371 5401 1959 5475">
     <span class='ocr_line' id='line_1_103' title="bbox 371 5401 1959 5475; baseline 0.005 -23"><span class='ocrx_word' id='word_1_751' title='bbox 371 5401 475 5475; x_wconf 56' lang='lat' dir='ltr'><strong>lib.</strong></span> <span class='ocrx_word' id='word_1_752' title='bbox 498 5417 557 5456; x_wconf 87' lang='grc' dir='ltr'><strong>ιιι</strong></span> <span class='ocrx_word' id='word_1_753' title='bbox 590 5404 662 5458; x_wconf 90' lang='lat' dir='ltr'><strong>De</strong></span> <span class='ocrx_word' id='word_1_754' title='bbox 687 5404 854 5475; x_wconf 79' lang='lat' dir='ltr'><strong>gestis</strong></span> <span class='ocrx_word' id='word_1_755' title='bbox 902 5418 1088 5475; x_wconf 85' lang='lat' dir='ltr'><strong>regum</strong></span> <span class='ocrx_word' id='word_1_756' title='bbox 1110 5401 1441 5473; x_wconf 79' lang='lat' dir='ltr'><strong>Anglorum,</strong></span> <span class='ocrx_word' id='word_1_757' title='bbox 1470 5406 1569 5475; x_wconf 85' lang='lat' dir='ltr'><strong>sub</strong></span> <span class='ocrx_word' id='word_1_758' title='bbox 1604 5404 1786 5460; x_wconf 85' lang='lat' dir='ltr'><strong>linem.</strong></span> <span class='ocrx_word' id='word_1_759' title='bbox 1822 5401 1959 5460; x_wconf 88' lang='lat' dir='ltr'><strong>lliuc</strong></span> 
     </span>
    </p>
   </div>
   <div class='ocr_carea' id='block_1_104' title="bbox 413 5470 1955 5541">
    <p class='ocr_par' dir='ltr' id='par_1_104' title="bbox 413 5470 1955 5541">
     <span class='ocr_line' id='line_1_104' title="bbox 413 5470 1955 5541; baseline 0.004 -18"><span class='ocrx_word' id='word_1_760' title='bbox 413 5470 565 5541; x_wconf 85' lang='lat' dir='ltr'><strong>edem</strong></span> <span class='ocrx_word' id='word_1_761' title='bbox 587 5470 710 5528; x_wconf 35' lang='lat' dir='ltr'><strong>non“</strong></span> <span class='ocrx_word' id='word_1_762' title='bbox 740 5474 936 5541; x_wconf 87' lang='lat' dir='ltr'><strong>refero,</strong></span> <span class='ocrx_word' id='word_1_763' title='bbox 966 5470 1068 5530; x_wconf 75' lang='lat' dir='ltr'><strong>nisi</strong></span> <span class='ocrx_word' id='word_1_764' title='bbox 1102 5470 1360 5531; x_wconf 79' lang='lat' dir='ltr'><strong>addidero</strong></span> <span class='ocrx_word' id='word_1_765' title='bbox 1388 5484 1444 5531; x_wconf 87' lang='lat' dir='ltr'><strong>et</strong></span> <span class='ocrx_word' id='word_1_766' title='bbox 1478 5474 1639 5529; x_wconf 78' lang='lat' dir='ltr'><strong>alium</strong></span> <span class='ocrx_word' id='word_1_767' title='bbox 1669 5475 1955 5529; x_wconf 88' lang='lat' dir='ltr'><strong>Guilhelmi</strong></span> 
     </span>
    </p>
   </div>
   <div class='ocr_carea' id='block_1_105' title="bbox 427 5544 1954 5606">
    <p class='ocr_par' dir='ltr' id='par_1_105' title="bbox 427 5544 1954 5606">
     <span class='ocr_line' id='line_1_105' title="bbox 427 5544 1954 5606; baseline 0.006 -16"><span class='ocrx_word' id='word_1_768' title='bbox 427 5544 803 5600; x_wconf 78' lang='lat' dir='ltr'><strong>emucticrnsis</strong></span> <span class='ocrx_word' id='word_1_769' title='bbox 857 5545 1033 5599; x_wconf 89' lang='lat' dir='ltr'><strong>locum</strong></span> <span class='ocrx_word' id='word_1_770' title='bbox 1092 5560 1155 5599; x_wconf 76' lang='lat' dir='ltr'><strong>ex</strong></span> <span class='ocrx_word' id='word_1_771' title='bbox 1207 5545 1303 5606; x_wconf 77' lang='lat' dir='ltr'><strong>lib.</strong></span> <span class='ocrx_word' id='word_1_772' title='bbox 1358 5561 1411 5601; x_wconf 90' lang='lat' dir='ltr'><strong>vt</strong></span> <span class='ocrx_word' id='word_1_773' title='bbox 1464 5544 1711 5600; x_wconf 70' lang='lat' dir='ltr'><strong>llistorite</strong></span> <span class='ocrx_word' id='word_1_774' title='bbox 1761 5546 1954 5600; x_wconf 86' lang='lat' dir='ltr'><strong>ducum</strong></span> 
     </span>
    </p>
   </div>
   <div class='ocr_carea' id='block_1_106' title="bbox 2066 4491 3651 4566">
    <p class='ocr_par' dir='ltr' id='par_1_106' title="bbox 2066 4491 3651 4566">
     <span class='ocr_line' id='line_1_106' title="bbox 2066 4491 3651 4566; baseline 0.003 -21"><span class='ocrx_word' id='word_1_775' title='bbox 2066 4494 2286 4566; x_wconf 80' lang='lat' dir='ltr'><strong>quidam</strong></span> <span class='ocrx_word' id='word_1_776' title='bbox 2323 4494 2569 4566; x_wconf 64' lang='lat' dir='ltr'><strong>vicerat,</strong></span> <span class='ocrx_word' id='word_1_777' title='bbox 2599 4491 2760 4563; x_wconf 87' lang='lat' dir='ltr'><strong>quem</strong></span> <span class='ocrx_word' id='word_1_778' title='bbox 2791 4491 3058 4549; x_wconf 80' lang='lat' dir='ltr'><strong>Latinitas</strong></span> <span class='ocrx_word' id='word_1_779' title='bbox 3083 4496 3135 4549; x_wconf 91' lang='lat' dir='ltr'><strong>iu</strong></span> <span class='ocrx_word' id='word_1_780' title='bbox 3178 4496 3458 4566; x_wconf 89' lang='lat' dir='ltr'><strong>antiquum</strong></span> <span class='ocrx_word' id='word_1_781' title='bbox 3491 4497 3557 4549; x_wconf 90' lang='lat' dir='ltr'><strong>ab</strong></span> <span class='ocrx_word' id='word_1_782' title='bbox 3588 4512 3651 4549; x_wconf 86' lang='lat' dir='ltr'><strong>co</strong></span> 
     </span>
    </p>
   </div>
   <div class='ocr_carea' id='block_1_107' title="bbox 2064 4563 3649 4635">
    <p class='ocr_par' dir='ltr' id='par_1_107' title="bbox 2064 4563 3649 4635">
     <span class='ocr_line' id='line_1_107' title="bbox 2064 4563 3649 4635; baseline 0.001 -18"><span class='ocrx_word' id='word_1_783' title='bbox 2064 4564 2318 4617; x_wconf 85' lang='lat' dir='ltr'><strong>restituta</strong></span> <span class='ocrx_word' id='word_1_784' title='bbox 2343 4563 2583 4619; x_wconf 75' lang='lat' dir='ltr'><strong>scientite</strong></span> <span class='ocrx_word' id='word_1_785' title='bbox 2603 4572 2805 4618; x_wconf 87' lang='lat' dir='ltr'><strong>statum</strong></span> <span class='ocrx_word' id='word_1_786' title='bbox 2832 4574 2965 4632; x_wconf 84' lang='lat' dir='ltr'><strong>tota,</strong></span> <span class='ocrx_word' id='word_1_787' title='bbox 2987 4581 3295 4635; x_wconf 88' lang='lat' dir='ltr'><strong>supremum</strong></span> <span class='ocrx_word' id='word_1_788' title='bbox 3314 4563 3507 4621; x_wconf 50' lang='lat' dir='ltr'><strong>&#39;dehito</strong></span> <span class='ocrx_word' id='word_1_789' title='bbox 3531 4581 3649 4619; x_wconf 87' lang='lat' dir='ltr'><strong>cum</strong></span> 
     </span>
    </p>
   </div>
   <div class='ocr_carea' id='block_1_108' title="bbox 2070 4635 3651 4704">
    <p class='ocr_par' dir='ltr' id='par_1_108' title="bbox 2070 4635 3651 4704">
     <span class='ocr_line' id='line_1_108' title="bbox 2070 4635 3651 4704; baseline 0.001 -17"><span class='ocrx_word' id='word_1_790' title='bbox 2070 4650 2258 4689; x_wconf 85' lang='lat' dir='ltr'><strong>amore</strong></span> <span class='ocrx_word' id='word_1_791' title='bbox 2285 4644 2340 4689; x_wconf 86' lang='lat' dir='ltr'><strong>et</strong></span> <span class='ocrx_word' id='word_1_792' title='bbox 2368 4635 2576 4704; x_wconf 84' lang='lat' dir='ltr'><strong>honore</strong></span> <span class='ocrx_word' id='word_1_793' title='bbox 2605 4636 2880 4704; x_wconf 85' lang='lat' dir='ltr'><strong>agnoscit,</strong></span> <span class='ocrx_word' id='word_1_794' title='bbox 2908 4638 3125 4690; x_wconf 89' lang='lat' dir='ltr'><strong>nomine</strong></span> <span class='ocrx_word' id='word_1_795' title='bbox 3156 4636 3508 4690; x_wconf 79' lang='lat' dir='ltr'><strong>Laufrancus.</strong></span> <span class='ocrx_word' id='word_1_796' title='bbox 3535 4635 3651 4704; x_wconf 85' lang='lat' dir='ltr'><strong>Ipsa</strong></span> 
     </span>
    </p>
   </div>
   <div class='ocr_carea' id='block_1_109' title="bbox 2069 4702 3653 4774">
    <p class='ocr_par' dir='ltr' id='par_1_109' title="bbox 2069 4702 3653 4774">
     <span class='ocr_line' id='line_1_109' title="bbox 2069 4702 3653 4774; baseline 0.001 -17"><span class='ocrx_word' id='word_1_797' title='bbox 2069 4720 2290 4773; x_wconf 82' lang='lat' dir='ltr'><strong>quoque</strong></span> <span class='ocrx_word' id='word_1_798' title='bbox 2346 4706 2399 4757; x_wconf 89' lang='lat' dir='ltr'><strong>in</strong></span> <span class='ocrx_word' id='word_1_799' title='bbox 2460 4702 2774 4759; x_wconf 77' lang='lat' dir='ltr'><strong>liberalibus</strong></span> <span class='ocrx_word' id='word_1_800' title='bbox 2847 4707 3041 4761; x_wconf 88' lang='lat' dir='ltr'><strong>studiis</strong></span> <span class='ocrx_word' id='word_1_801' title='bbox 3095 4708 3335 4773; x_wconf 78' lang='lat' dir='ltr'><strong>gentium</strong></span> <span class='ocrx_word' id='word_1_802' title='bbox 3396 4702 3653 4774; x_wconf 68' lang='lat' dir='ltr'><strong>magistra</strong></span> 
     </span>
    </p>
   </div>
   <div class='ocr_carea' id='block_1_110' title="bbox 2070 4774 3650 4844">
    <p class='ocr_par' dir='ltr' id='par_1_110' title="bbox 2070 4774 3650 4844">
     <span class='ocr_line' id='line_1_110' title="bbox 2070 4774 3650 4844; baseline 0 -14"><span class='ocrx_word' id='word_1_803' title='bbox 2070 4775 2278 4830; x_wconf 76' lang='lat' dir='ltr'><strong>Grtecia</strong></span> <span class='ocrx_word' id='word_1_804' title='bbox 2314 4774 2611 4844; x_wconf 61' lang='lat' dir='ltr'><strong>discipulos</strong></span> <span class='ocrx_word' id='word_1_805' title='bbox 2642 4774 2785 4829; x_wconf 90' lang='lat' dir='ltr'><strong>illius</strong></span> <span class='ocrx_word' id='word_1_806' title='bbox 2815 4774 3049 4831; x_wconf 88' lang='lat' dir='ltr'><strong>libenter</strong></span> <span class='ocrx_word' id='word_1_807' title='bbox 3089 4778 3345 4830; x_wconf 82' lang='lat' dir='ltr'><strong>audiebat</strong></span> <span class='ocrx_word' id='word_1_808' title='bbox 3383 4784 3439 4829; x_wconf 91' lang='lat' dir='ltr'><strong>et</strong></span> <span class='ocrx_word' id='word_1_809' title='bbox 3479 4777 3650 4830; x_wconf 82' lang='lat' dir='ltr'><strong>admi-</strong></span> 
     </span>
    </p>
   </div>
   <div class='ocr_carea' id='block_1_111' title="bbox 2065 4842 3648 4912">
    <p class='ocr_par' dir='ltr' id='par_1_111' title="bbox 2065 4842 3648 4912">
     <span class='ocr_line' id='line_1_111' title="bbox 2065 4842 3648 4912; baseline 0.001 -14"><span class='ocrx_word' id='word_1_810' title='bbox 2065 4844 2309 4898; x_wconf 86' lang='lat' dir='ltr'><strong>rabatur.</strong></span> <span class='ocrx_word' id='word_1_811' title='bbox 2346 4863 2363 4894; x_wconf 75' lang='grc' dir='ltr'><strong>ι</strong></span> <span class='ocrx_word' id='word_1_812' title='bbox 2394 4842 2467 4897; x_wconf 75' lang='lat' dir='ltr'><strong>Et</strong></span> <span class='ocrx_word' id='word_1_813' title='bbox 2501 4843 2661 4912; x_wconf 89' lang='lat' dir='ltr'><strong>paulo</strong></span> <span class='ocrx_word' id='word_1_814' title='bbox 2703 4854 2824 4912; x_wconf 87' lang='lat' dir='ltr'><strong>post</strong></span> <span class='ocrx_word' id='word_1_815' title='bbox 2872 4846 2937 4900; x_wconf 87' lang='lat' dir='ltr'><strong>de</strong></span> <span class='ocrx_word' id='word_1_816' title='bbox 2976 4847 3165 4901; x_wconf 87' lang='lat' dir='ltr'><strong>eodem</strong></span> <span class='ocrx_word' id='word_1_817' title='bbox 3197 4847 3347 4902; x_wconf 87' lang='lat' dir='ltr'><strong>facto</strong></span> <span class='ocrx_word' id='word_1_818' title='bbox 3391 4845 3648 4900; x_wconf 85' lang='lat' dir='ltr'><strong>Beccensi</strong></span> 
     </span>
    </p>
   </div>
   <div class='ocr_carea' id='block_1_112' title="bbox 2064 4914 3646 4985">
    <p class='ocr_par' dir='ltr' id='par_1_112' title="bbox 2064 4914 3646 4985">
     <span class='ocr_line' id='line_1_112' title="bbox 2064 4914 3646 4985; baseline 0.001 -19"><span class='ocrx_word' id='word_1_819' title='bbox 2064 4914 2332 4985; x_wconf 80' lang='lat' dir='ltr'><strong>monacho</strong></span> <span class='ocrx_word' id='word_1_820' title='bbox 2365 4915 2540 4984; x_wconf 86' lang='lat' dir='ltr'><strong>inquit</strong></span> <span class='ocrx_word' id='word_1_821' title='bbox 2570 4932 2583 4967; x_wconf 88' lang='lat'><strong>:</strong></span> <span class='ocrx_word' id='word_1_822' title='bbox 2631 4932 2649 4966; x_wconf 82' lang='grc' dir='ltr'><strong>ι</strong></span> <span class='ocrx_word' id='word_1_823' title='bbox 2685 4914 2912 4978; x_wconf 81' lang='lat' dir='ltr'><strong>Rumor,</strong></span> <span class='ocrx_word' id='word_1_824' title='bbox 2939 4926 2998 4970; x_wconf 91' lang='lat' dir='ltr'><strong>ut</strong></span> <span class='ocrx_word' id='word_1_825' title='bbox 3031 4918 3131 4971; x_wconf 91' lang='lat' dir='ltr'><strong>hoc</strong></span> <span class='ocrx_word' id='word_1_826' title='bbox 3159 4917 3357 4971; x_wconf 86' lang='lat' dir='ltr'><strong>factmn</strong></span> <span class='ocrx_word' id='word_1_827' title='bbox 3392 4916 3646 4985; x_wconf 86' lang='lat' dir='ltr'><strong>prodidit,</strong></span> 
     </span>
    </p>
   </div>
   <div class='ocr_carea' id='block_1_113' title="bbox 2062 4983 3650 5056">
    <p class='ocr_par' dir='ltr' id='par_1_113' title="bbox 2062 4983 3650 5056">
     <span class='ocr_line' id='line_1_113' title="bbox 2062 4983 3650 5056; baseline 0.003 -21"><span class='ocrx_word' id='word_1_828' title='bbox 2062 4983 2223 5056; x_wconf 72' lang='lat' dir='ltr'><strong>longe</strong></span> <span class='ocrx_word' id='word_1_829' title='bbox 2257 4983 2473 5052; x_wconf 87' lang='lat' dir='ltr'><strong>lateque</strong></span> <span class='ocrx_word' id='word_1_830' title='bbox 2517 4985 2879 5056; x_wconf 47' lang='lat' dir='ltr'><strong>protulitLet</strong></span> <span class='ocrx_word' id='word_1_831' title='bbox 2908 4985 3050 5041; x_wconf 87' lang='lat' dir='ltr'><strong>fama</strong></span> <span class='ocrx_word' id='word_1_832' title='bbox 3103 4987 3203 5040; x_wconf 90' lang='lat' dir='ltr'><strong>viri</strong></span> <span class='ocrx_word' id='word_1_833' title='bbox 3238 4983 3650 5056; x_wconf 56' lang='lat' dir='ltr'><strong>pratcl&#39;arissima</strong></span> 
     </span>
    </p>
   </div>
   <div class='ocr_carea' id='block_1_114' title="bbox 2061 5052 3647 5126">
    <p class='ocr_par' dir='ltr' id='par_1_114' title="bbox 2061 5052 3647 5126">
     <span class='ocr_line' id='line_1_114' title="bbox 2061 5052 3647 5126; baseline 0.001 -18"><span class='ocrx_word' id='word_1_834' title='bbox 2061 5052 2294 5109; x_wconf 85' lang='lat' dir='ltr'><strong>Beccum</strong></span> <span class='ocrx_word' id='word_1_835' title='bbox 2349 5063 2404 5109; x_wconf 91' lang='lat' dir='ltr'><strong>et</strong></span> <span class='ocrx_word' id='word_1_836' title='bbox 2458 5055 2710 5126; x_wconf 82' lang='lat' dir='ltr'><strong>abbatem</strong></span> <span class='ocrx_word' id='word_1_837' title='bbox 2758 5054 3072 5110; x_wconf 82' lang='lat' dir='ltr'><strong>Herluinum</strong></span> <span class='ocrx_word' id='word_1_838' title='bbox 3124 5052 3272 5111; x_wconf 77' lang='lat' dir='ltr'><strong>brevi</strong></span> <span class='ocrx_word' id='word_1_839' title='bbox 3314 5073 3410 5126; x_wconf 85' lang='lat' dir='ltr'><strong>per</strong></span> <span class='ocrx_word' id='word_1_840' title='bbox 3459 5058 3647 5110; x_wconf 66' lang='lat' dir='ltr'><strong>orbem</strong></span> 
     </span>
    </p>
   </div>
   <div class='ocr_carea' id='block_1_115' title="bbox 2063 5124 3648 5191">
    <p class='ocr_par' dir='ltr' id='par_1_115' title="bbox 2063 5124 3648 5191">
     <span class='ocr_line' id='line_1_115' title="bbox 2063 5124 3648 5191; baseline -0.001 -11"><span class='ocrx_word' id='word_1_841' title='bbox 2063 5136 2332 5180; x_wconf 82' lang='lat' dir='ltr'><strong>terrarum</strong></span> <span class='ocrx_word' id='word_1_842' title='bbox 2371 5124 2584 5179; x_wconf 81' lang='lat' dir='ltr'><strong>extulit.</strong></span> <span class='ocrx_word' id='word_1_843' title='bbox 2614 5125 2924 5181; x_wconf 82' lang='lat' dir='ltr'><strong>Accurrunt</strong></span> <span class='ocrx_word' id='word_1_844' title='bbox 2947 5126 3156 5191; x_wconf 83' lang='lat' dir='ltr'><strong>clerici,</strong></span> <span class='ocrx_word' id='word_1_845' title='bbox 3187 5124 3382 5181; x_wconf 81' lang='lat' dir='ltr'><strong>ducum</strong></span> <span class='ocrx_word' id='word_1_846' title='bbox 3415 5125 3509 5179; x_wconf 86' lang='lat' dir='ltr'><strong>lilii</strong></span> <span class='ocrx_word' id='word_1_847' title='bbox 3554 5141 3648 5179; x_wconf 88' lang='lat' dir='ltr'><strong>no-</strong></span> 
     </span>
    </p>
   </div>
   <div class='ocr_carea' id='block_1_116' title="bbox 2061 5195 3647 5266">
    <p class='ocr_par' dir='ltr' id='par_1_116' title="bbox 2061 5195 3647 5266">
     <span class='ocr_line' id='line_1_116' title="bbox 2061 5195 3647 5266; baseline 0 -16"><span class='ocrx_word' id='word_1_848' title='bbox 2061 5195 2453 5266; x_wconf 77' lang='lat' dir='ltr'><strong>minalissimi.</strong></span> <span class='ocrx_word' id='word_1_849' title='bbox 2497 5195 2807 5266; x_wconf 87' lang='lat' dir='ltr'><strong>scholarum</strong></span> <span class='ocrx_word' id='word_1_850' title='bbox 2852 5196 3159 5252; x_wconf 86' lang='lat' dir='ltr'><strong>Latinitatis</strong></span> <span class='ocrx_word' id='word_1_851' title='bbox 3209 5197 3472 5266; x_wconf 88' lang='lat' dir='ltr'><strong>magistri,</strong></span> <span class='ocrx_word' id='word_1_852' title='bbox 3527 5196 3647 5250; x_wconf 89' lang='lat' dir='ltr'><strong>laici</strong></span> 
     </span>
    </p>
   </div>
   <div class='ocr_carea' id='block_1_117' title="bbox 2061 5264 3649 5336">
    <p class='ocr_par' dir='ltr' id='par_1_117' title="bbox 2061 5264 3649 5336">
     <span class='ocr_line' id='line_1_117' title="bbox 2061 5264 3649 5336; baseline 0 -15"><span class='ocrx_word' id='word_1_853' title='bbox 2061 5276 2335 5335; x_wconf 88' lang='lat' dir='ltr'><strong>potentes,</strong></span> <span class='ocrx_word' id='word_1_854' title='bbox 2362 5264 2473 5336; x_wconf 88' lang='lat' dir='ltr'><strong>alta</strong></span> <span class='ocrx_word' id='word_1_855' title='bbox 2501 5265 2782 5336; x_wconf 83' lang='lat' dir='ltr'><strong>nobilitate</strong></span> <span class='ocrx_word' id='word_1_856' title='bbox 2805 5266 2928 5330; x_wconf 87' lang='lat' dir='ltr'><strong>viri,</strong></span> <span class='ocrx_word' id='word_1_857' title='bbox 2959 5267 3112 5320; x_wconf 80' lang='lat' dir='ltr'><strong>inulti</strong></span> <span class='ocrx_word' id='word_1_858' title='bbox 3139 5282 3239 5336; x_wconf 91' lang='lat' dir='ltr'><strong>pro</strong></span> <span class='ocrx_word' id='word_1_859' title='bbox 3274 5264 3443 5335; x_wconf 77' lang='lat' dir='ltr'><strong>ipsius</strong></span> <span class='ocrx_word' id='word_1_860' title='bbox 3464 5279 3649 5336; x_wconf 83' lang='lat' dir='ltr'><strong>amore</strong></span> 
     </span>
    </p>
   </div>
   <div class='ocr_carea' id='block_1_118' title="bbox 2063 5335 3644 5392">
    <p class='ocr_par' dir='ltr' id='par_1_118' title="bbox 2063 5335 3644 5392">
     <span class='ocr_line' id='line_1_118' title="bbox 2063 5335 3644 5392; baseline -0.001 -1"><span class='ocrx_word' id='word_1_861' title='bbox 2063 5337 2261 5391; x_wconf 85' lang='lat' dir='ltr'><strong>multas</strong></span> <span class='ocrx_word' id='word_1_862' title='bbox 2287 5335 2463 5391; x_wconf 87' lang='lat' dir='ltr'><strong>eidem</strong></span> <span class='ocrx_word' id='word_1_863' title='bbox 2506 5335 2764 5391; x_wconf 68' lang='lat' dir='ltr'><strong>Ecclesia:</strong></span> <span class='ocrx_word' id='word_1_864' title='bbox 2793 5345 2969 5391; x_wconf 91' lang='lat' dir='ltr'><strong>terras</strong></span> <span class='ocrx_word' id='word_1_865' title='bbox 2997 5337 3366 5392; x_wconf 86' lang='lat' dir='ltr'><strong>contulerunt.</strong></span> <span class='ocrx_word' id='word_1_866' title='bbox 3401 5355 3420 5388; x_wconf 80' lang='grc' dir='ltr'><strong>ι</strong></span> <span class='ocrx_word' id='word_1_867' title='bbox 3449 5335 3644 5390; x_wconf 84' lang='lat' dir='ltr'><strong>llacte-</strong></span> 
     </span>
    </p>
   </div>
   <div class='ocr_carea' id='block_1_119' title="bbox 2064 5404 3644 5477">
    <p class='ocr_par' dir='ltr' id='par_1_119' title="bbox 2064 5404 3644 5477">
     <span class='ocr_line' id='line_1_119' title="bbox 2064 5404 3644 5477; baseline -0.001 -17"><span class='ocrx_word' id='word_1_868' title='bbox 2064 5422 2166 5461; x_wconf 89' lang='lat' dir='ltr'><strong>nus</strong></span> <span class='ocrx_word' id='word_1_869' title='bbox 2197 5407 2284 5477; x_wconf 74' lang='lat' dir='ltr'><strong>ille</strong></span> <span class='ocrx_word' id='word_1_870' title='bbox 2328 5421 2393 5477; x_wconf 85' lang='lat' dir='ltr'><strong>ex</strong></span> <span class='ocrx_word' id='word_1_871' title='bbox 2425 5404 2656 5477; x_wconf 81' lang='lat' dir='ltr'><strong>Gilberti</strong></span> <span class='ocrx_word' id='word_1_872' title='bbox 2692 5407 2976 5477; x_wconf 83' lang='lat' dir='ltr'><strong>Beccensis</strong></span> <span class='ocrx_word' id='word_1_873' title='bbox 3019 5408 3202 5463; x_wconf 90' lang='lat' dir='ltr'><strong>verbis</strong></span> <span class='ocrx_word' id='word_1_874' title='bbox 3253 5406 3561 5477; x_wconf 83' lang='lat' dir='ltr'><strong>ipsissimis,</strong></span> <span class='ocrx_word' id='word_1_875' title='bbox 3588 5405 3644 5477; x_wconf 82' lang='lat' dir='ltr'><strong>in</strong></span> 
     </span>
    </p>
   </div>
   <div class='ocr_carea' id='block_1_120' title="bbox 2068 5474 3643 5546">
    <p class='ocr_par' dir='ltr' id='par_1_120' title="bbox 2068 5474 3643 5546">
     <span class='ocr_line' id='line_1_120' title="bbox 2068 5474 3643 5546; baseline 0.004 -20"><span class='ocrx_word' id='word_1_876' title='bbox 2068 5477 2189 5533; x_wconf 76' lang='lat' dir='ltr'><strong>Vita</strong></span> <span class='ocrx_word' id='word_1_877' title='bbox 2227 5474 2467 5531; x_wconf 81' lang='lat' dir='ltr'><strong>Herluini</strong></span> <span class='ocrx_word' id='word_1_878' title='bbox 2522 5476 3075 5546; x_wconf 72' lang='lat' dir='ltr'><strong>protocmnobiarchae</strong></span> <span class='ocrx_word' id='word_1_879' title='bbox 3119 5474 3406 5536; x_wconf 76' lang='lat' dir='ltr'><strong>Beccénsis</strong></span> <span class='ocrx_word' id='word_1_880' title='bbox 3455 5475 3554 5532; x_wconf 72' lang='lat' dir='ltr'><strong>Ms.</strong></span> <span class='ocrx_word' id='word_1_881' title='bbox 3585 5475 3643 5532; x_wconf 86' lang='lat' dir='ltr'><strong>in</strong></span> 
     </span>
    </p>
   </div>
   <div class='ocr_carea' id='block_1_121' title="bbox 2067 5546 2616 5605">
    <p class='ocr_par' dir='ltr' id='par_1_121' title="bbox 2067 5546 2616 5605">
     <span class='ocr_line' id='line_1_121' title="bbox 2067 5546 2616 5605; baseline -0.005 -3"><span class='ocrx_word' id='word_1_882' title='bbox 2067 5546 2324 5605; x_wconf 82' lang='lat' dir='ltr'><strong>Chronic.</strong></span> <span class='ocrx_word' id='word_1_883' title='bbox 2361 5546 2616 5602; x_wconf 84' lang='lat' dir='ltr'><strong>Beccens.</strong></span> 
     </span>
    </p>
   </div>
  </div>
