3898 6052
252 207 390 262 tuas

1563 205 1690 260 LIB.
1725 205 1762 268 Ι,
1802 201 2018 258 ΕΡΙΞΤ.
2064 199 2202 256 XXI.

3382 203 3402 255 f
3413 203 3520 260 086

253 323 368 376 licre
397 316 772 387 amplectende
795 316 1134 382 Lasrnssco,
1160 315 1326 372 frater
1357 318 1637 374 Assem:th
1673 333 1832 379 suns,
1867 321 1916 384 Α
1943 331 2130 370 surum
2175 316 2217 370 si
2267 329 2372 368 non
2415 315 2684 384 quomodo
2729 314 2892 378 volet,
2929 313 3012 368 vel
3053 313 3130 370 sic
3177 317 3446 382 quomodo
3471 319 3518 352 ⁸³

249 407 394 478 quod
427 421 577 460 suus.

322 495 537 552 Gratias
561 503 802 566 paterna:
831 506 1025 550 vestra:
1049 495 1348 562 dilectioni,
1373 511 1476 564 qua
1505 511 1603 550 nos
1625 511 1839 564 semper

249 575 546 656 praesentes
585 583 830 650 habetis,
871 601 1092 655 semper
1127 587 1312 656 utique
1338 587 1384 620 ⁸⁸
1410 587 1666 642 debemus
1699 602 1714 640 :
1745 588 1836 641 sed

249 693 372 732 cum
410 690 504 730 cas
547 689 764 746 semper
796 677 937 744 loqui
981 693 1087 730 nou
1135 677 1404 746 possimus
1429 717 1444 740 ,
1490 679 1646 732 modo
1689 687 1837 732 certe

249 781 435 826 tacere
466 785 568 821 non
607 767 884 824 debemus.
926 767 1100 822 Tanta
1138 767 1280 822 enim
1325 767 1564 836 ejusdem
1597 769 1838 824 dilectio-

249 864 336 917 nis
376 862 685 916 exuberatis
727 859 1090 926 plenitudine,
1120 867 1178 911 ut
1215 857 1260 890 ⁸⁷
1287 873 1408 912 eam
1447 859 1756 928 nuperrime
1783 868 1838 912 et

249 955 654 1023 integerrimam
674 991 688 1014 ,
715 950 857 1020 quod
884 963 982 1004 nos
1009 965 1223 1020 quoque
1246 949 1552 1006 sciebamus
1577 950 1642 1016 ⁸⁸,
1676 967 1834 1020 argu-

249 1053 434 1097 mento
461 1041 770 1097 necessario
805 1040 1110 1110 probaretis
1130 1081 1146 1104 ,
1189 1048 1236 1094 el
1278 1039 1668 1104 inviolabilem,
1694 1040 1836 1108 quod

247 1132 416 1202 319
452 1133 704 1186 similiter
731 1130 1102 1200 sperabamus,
1142 1132 1368 1202 pignore
1398 1129 1722 1186 eharissimo
1748 1147 1836 1184 as-

247 1226 526 1280 sereretis.
557 1224 687 1277 Nan
715 1225 1120 1276 dilectissimum
1148 1225 1299 1278 Vobis
1323 1234 1568 1293 nepotem
1593 1233 1832 1277 vestrum

248 1321 506 1372 dmuunm
541 1317 902 1370 erfraneum
934 1317 999 1370 ad
1035 1332 1134 1370 nos
1162 1317 1408 1378 misistis.
1434 1327 1484 1370 et
1509 1331 1631 1368 eum
1661 1315 1834 1385 magis

251 1410 305 1462 in
347 1419 532 1463 nostro
567 1409 901 1466 monasterio
927 1399 1089 1478 quatit
1141 1410 1192 1462 in
1231 1409 1472 1478 quolibet
1503 1409 1608 1462 alio
1643 1425 1834 1462 mona-

254 1503 416 1556 clnnu
449 1501 564 1556 fieri
595 1502 864 1558 voluistis.
901 1501 1052 1558 Sicut
1077 1515 1210 1570 ergo
1233 1502 1376 1572 quod
1407 1501 1530 1570 quis
1551 1501 1834 1556 dilectissi-

248 1607 400 1646 mum
436 1592 538 1646 sibi
585 1607 690 1646 non
719 1592 928 1646 dilectis
955 1591 1084 1646 velit
1110 1591 1358 1654 credere,
1399 1607 1512 1650 non
1550 1599 1634 1644 est
1657 1590 1834 1644 credi-

248 1682 378 1760 bile,
412 1681 482 1736 ita
515 1691 574 1736 ut
604 1697 706 1736 non
743 1681 929 1752 diligat
960 1679 1047 1734 ubi
1091 1695 1250 1750 quem
1291 1680 1449 1734 valde
1493 1681 1668 1750 diligit
1703 1695 1834 1734 con-
1872 1665 1909 1719 Β

249 1782 525 1836 versatur,
555 1789 662 1825 non
691 1771 826 1826 solet
849 1785 970 1825 esse
991 1771 1270 1839 possibile.
1301 1770 1356 1824 ln
1379 1785 1487 1840 quo
1507 1780 1692 1826 vestro
1713 1780 1836 1826 actu

249 1879 356 1916 non
385 1863 558 1916 solum
583 1863 928 1918 monstrastis
956 1861 1001 1894 ⁸⁸
1034 1870 1224 1917 vestra:
1251 1862 1558 1918 dilectionis
1586 1877 1714 1932 erga
1739 1877 1838 1917 nos

247 1954 609 2008 constantiam
649 1967 1000 2022 permanere;
1029 1953 1122 2008 sed
1151 1951 1336 2016 etiam,
1367 1954 1508 2020 quod
1541 1966 1646 2004 non
1680 1951 1840 2005 aliter

249 2054 464 2118 gratum
499 2046 782 2106 habemus.
823 2045 1128 2100 dilectionis
1164 2059 1288 2114 erga
1335 2058 1432 2098 vos
1454 2043 1836 2098 certitudinem

245 2145 346 2202 vos
386 2135 608 2190 habere.
641 2134 863 2190 Gratias
900 2136 1063 2206 igitur
1095 2135 1140 2165 ⁹⁰
1163 2135 1374 2206 agimus
1414 2135 1648 2203 primum
1686 2135 1758 2188 illi
1805 2149 1836 2188 a

250 2245 358 2297 quo
379 2237 462 2282 est
485 2243 645 2282 onmc
674 2229 898 2292 bonum,
939 2227 1134 2282 deinde
1169 2237 1406 2296 paternae
1441 2235 1638 2282 vestra:
1663 2226 1835 2282 subli-

251 2317 452 2378 mitati,
487 2319 614 2386 quia
634 2317 711 2372 sic
735 2334 834 2372 nos
863 2317 1088 2388 diligitis
1115 2335 1126 2370 :
1153 2317 1380 2388 gratias,
1419 2318 1546 2388 quia
1572 2317 1638 2370 de
1675 2317 1836 2370 nobis

248 2409 329 2463 sic
359 2409 660 2474 confiditis;
693 2410 918 2480 gratias,
964 2410 1090 2480 quia
1127 2409 1234 2464 tale
1271 2411 1466 2482 pignus
1501 2410 1658 2466 nobis
1687 2427 1838 2466 con-

247 2502 482 2556 mittitis.
519 2499 644 2556 Hm:
678 2503 818 2557 dicta
857 2502 970 2556 sint
1011 2518 1116 2558 non
1155 2503 1330 2558 solum
1355 2517 1451 2573 pro
1477 2517 1586 2569 me,
1615 2504 1712 2558 sed
1737 2520 1836 2573 pro

248 2602 364 2668 tota
391 2605 574 2650 nostra
595 2595 1036 2668 congregatione.
1071 2597 1176 2652 Pro
1199 2613 1284 2652 me
1307 2607 1487 2652 autem
1513 2599 1834 2670 iutelligenti

248 2683 484 2740 breviter
512 2686 686 2742 dicam
727 2727 740 2750 ,
779 2687 908 2755 quia
939 2701 1079 2744 onus
1105 2685 1370 2756 inrequale
1406 2689 1682 2758 prioratus
1704 2690 1836 2761 (quo

249 2790 335 2830 me
367 2791 474 2832 non
509 2777 703 2832 leviter
731 2777 858 2830 olim
889 2779 1176 2847 gravastis)
1224 2780 1408 2850 utique
1447 2783 1694 2852 augendo
1727 2798 1832 2836 non

249 2867 460 2920 modice
495 2882 664 2935 nuper
689 2867 984 2936 levigastis.
1015 2869 1260 2938 Curaque
1283 2871 1588 2926 imbecillus
1617 2872 1832 2928 animus

249 2966 490 3027 gemeret
519 2958 562 2990 θ’
591 2958 691 3013 sub
717 2959 978 3027 pondere,
1007 2959 1260 3016 effecistis
1285 2973 1340 3016 ut.
1373 2961 1512 3030 jam,
1543 2978 1650 3016 non
1684 2963 1827 3026 dico,

247 3048 416 3114 nolit,
473 3049 565 3103 sed
615 3064 756 3120 pene
805 3049 959 3112 nolit,
1009 3050 1150 3118 quod
1197 3052 1412 3119 premit,
1463 3053 1735 3120 deponere
1762 3053 1826 3104 ”.

249 3137 532 3193 Cirardum
583 3149 823 3193 vestrum
856 3140 922 3194 de
970 3139 1222 3194 Flandria
1257 3155 1353 3208 per
1383 3149 1576 3196 vestrae
1617 3141 1832 3212 pietatis

247 3215 576 3298 largitatem,
603 3231 713 3285 Deo
747 3233 814 3286 de
857 3232 1060 3286 mundo
1089 3240 1269 3286 nostra
1303 3232 1649 3302 suggestione
1679 3234 1833 3288 rede-

257 3319 404 3372 misti
443 3339 454 3372 :
504 3322 644 3376 unde
691 3337 798 3384 me,
842 3322 890 3376 si
925 3331 1102 3376 vester
1139 3337 1244 3376 non
1293 3337 1492 3388 essent,
1538 3323 1831 3378 confiterer

244 3425 460 3464 servum
488 3411 639 3466 vobis
664 3423 904 3480 emptum
938 3429 951 3464 :
986 3413 1072 3466 die
1107 3427 1136 3466 a
1170 3412 1324 3466 vobis
1364 3412 1658 3468 constituta
1689 3415 1830 3468 sciat

246 3506 507 3558 sanctitas
541 3514 718 3560 vestra
748 3505 866 3560 sine
899 3505 1050 3574 gravi
1073 3505 1284 3574 jactura
1309 3519 1558 3558 essenon
1587 3507 1856 3573 potuisse'

246 3595 550 3648 absolutum
584 3611 612 3648 a
649 3595 1011 3648 creditoribus
1053 3595 1166 3650 suis
1197 3609 1211 3648 :
1241 3594 1392 3650 venit
1427 3604 1604 3648 tamen
1653 3597 1824 3666 prima

245 3683 524 3738 Dominiea
570 3685 1008 3754 Quadragesimaa
1049 3695 1285 3742 vestram
1337 3685 1392 3740 in
1443 3701 1504 3740 se
1541 3687 1828 3758 magnifice

247 3775 676 3828 misericordiam
719 3777 1043 3844 prmdicans,
1083 3785 1138 3830 et
1184 3775 1418 3846 qualiter
1456 3785 1680 3840 nostrm,
1719 3792 1826 3830 non

247 3875 356 3918 tam
395 3867 664 3935 petitioai,
699 3881 861 3936 quam
901 3866 1002 3919 levi
1033 3867 1326 3921 voluntatis
1355 3867 1738 3936 significationi
1773 3869 1824 3922 in

243 3959 360 4022 eius
382 3974 546 4012 causa
587 3959 828 4027 dignatio
857 3967 1037 4012 vestra
1073 3959 1226 4022 favit,
1265 3969 1320 4012 et
1355 3975 1572 4028 semper
1599 3975 1656 4016 se
1691 3960 1827 4014 velle

242 4047 426 4102 favere
451 4047 738 4101 intimavit.
767 4049 867 4114 Qui
897 4049 1032 4102 dixit
1058 4065 1116 4104 se
1143 4049 1296 4114 velle,
1327 4059 1380 4105 et
1407 4061 1672 4120 quantum
1697 4051 1826 4104 atti-

241 4150 332 4194 net
365 4141 430 4192 ad
461 4139 564 4193 hoc
591 4141 736 4208 quod
783 4141 948 4194 habet
979 4156 1158 4210 posse.
1191 4141 1273 4196 sic
1301 4143 1528 4197 reddere
1555 4142 1698 4212 quod
1727 4143 1824 4197 de-

239 4229 350 4292 bet,
383 4239 438 4283 ut
465 4229 666 4297 aliquid
695 4230 838 4299 quod
861 4243 1042 4283 secum
1074 4227 1292 4284 afferret
1319 4231 1576 4297 haberet;
1609 4233 1702 4285 sed
1726 4247 1823 4302 pro

237 4323 561 4390 quibusdam
605 4323 1008 4392 impedimentis
1068 4339 1173 4378 non
1237 4325 1478 4392 potuisse
1524 4326 1818 4380 secundum
1852 4350 1900 4408 ο

235 4413 570 4476 condictum,
595 4421 654 4466 ut
677 4423 909 4481 oportet.
939 4413 1120 4468 Rediit
1149 4414 1309 4484 igitur
1335 4416 1656 4483 promittens
1680 4433 1738 4470 se
1764 4419 1816 4471 in

235 4501 442 4558 Pascha
485 4503 713 4556 Beecum
769 4502 880 4558 Deo
917 4514 1190 4559 annuente
1246 4517 1532 4559 venturum
1583 4517 1639 4560 et
1667 4523 1818 4562 man-

1943 407 2160 476 poteril.
2190 406 2246 460 Si
2297 405 2424 473 quid
2474 405 2642 474 igitur
2673 404 2918 472 peccavit
2948 403 3072 472 quia
3105 404 3518 474 promissionem

1941 501 2092 554 vobis
2117 498 2313 554 factam
2341 499 2408 552 ad
2439 497 2656 566 plenum
2683 511 2789 550 non
2811 505 2896 552 est
2917 505 3238 562 exsecutus,
3263 498 3518 564 quoniam

1943 608 2048 646 non
2073 593 2124 646 id
2157 591 2442 646 admisisse
2468 589 2674 644 malitia
2705 589 2920 642 videtur
2945 588 3010 653 ⁸⁵,
3041 598 3168 657 peto
3195 604 3437 649 securus,
3463 599 3524 644 nt

1940 683 2110 744 soleo,
2163 683 2228 736 de
2275 691 2453 736 vestra
2501 681 2852 752 benignitate.
2899 691 3170 750 quatenus
3205 681 3314 734 filio
3341 692 3522 736 vestro

1941 773 2058 826 vice
2097 774 2290 842 patris,
2343 773 2506 828 liceat
2547 787 2672 828 eum
2723 773 2826 828 hoc
2873 781 3022 826 reatu
3065 772 3366 834 absolvere,
3399 789 3520 828 eum

1941 868 2220 920 nobiscum
2273 867 2494 936 incipiet
2541 868 2744 922 vivere.
2789 867 2848 920 In
2891 883 3002 936 qua
3043 882 3102 920 re
3147 867 3288 920 hanc
3315 875 3520 922 certam

1939 975 2261 1030 pra'snmam
2305 961 2738 1025 concessionem,
2791 961 2834 1016 si
2880 959 3080 1014 nullam
3123 960 3306 1030 legero
3341 959 3526 1029 prohi-

1939 1049 2220 1104 bitioucm.

2435 1161 2770 1217 EPISTULA
2815 1161 2912 1215 XX
2942 1163 3009 1216 °'.

2507 1287 2574 1328 AD
2611 1289 2948 1330 CONDULFUM.

2205 1361 2283 1417 De
2311 1363 2476 1418 tribus
2503 1367 2824 1420 orationibus
2856 1366 2924 1418 ad
2953 1365 3256 1433 Deiparam.

2013 1455 2239 1509 Domino
2269 1453 2559 1512 Gonnum-‘0
2581 1457 2626 1490 θ’
2657 1457 2824 1511 frater
2857 1458 3164 1516 ANSELMUS,
3201 1455 3342 1524 quod
3383 1455 3522 1510 Gon-

1940 1547 2087 1604 dulfo
2119 1547 2430 1602 Anselmus.
2809 1539 2812 1544 ’

2019 1643 2134 1699 Non
2167 1651 2249 1698 est
2297 1656 2431 1710 Opus
2473 1649 2532 1694 ut
2575 1645 2740 1693 multa
2771 1641 2836 1694 de
2867 1639 3238 1694 incolumitate
3281 1639 3526 1708 pristina:

1943 1735 2198 1790 amicitiae
2221 1733 2472 1803 loquatur
2500 1747 2562 1786 os
2597 1747 2774 1786 meum
2813 1731 2913 1794 illi,
2947 1747 3106 1800 quem
3141 1733 3191 1785 in
3227 1741 3412 1784 mutua
3446 1731 3524 1784 di-

1943 1827 2173 1880 lectione
2204 1825 2318 1879 scio
2345 1839 2466 1878 esse
2496 1823 2725 1876 alterum
2756 1837 2852 1876 cor
2882 1839 3082 1877 memn.
3115 1821 3186 1877 Ut
3217 1823 3380 1892 igitur
3403 1823 3526 1876 bre-

1942 1919 2081 1973 viter
2111 1915 2254 1986 quod
2286 1915 2426 1971 nosti
2456 1915 2659 1978 dicam,
2691 1915 2831 1968 sicut
2853 1931 3006 1968 amor
3041 1917 3111 1968 tui
3144 1931 3206 1969 ex
3235 1931 3341 1985 quo
3363 1916 3528 1970 inem-

1941 2011 2038 2081 pit,
2085 2027 2360 2079 nunquam
2411 2009 2461 2062 in
2511 2025 2596 2062 me
2629 2017 2866 2061 mutatus
2895 2009 2941 2046 ’τ
2971 2017 3054 2062 est
3085 2011 3404 2072 minuemlo,
3441 2009 3512 2062 ita

1941 2101 2203 2157 sollicitus
2227 2117 2342 2156 sum
2376 2109 2433 2154 ut
2460 2115 2674 2170 semper
2701 2099 2962 2154 alteretur
3001 2099 3048 2130 "
3096 2101 3362 2170 augendo.
3395 2101 3528 2168 Qui‘

1942 2192 2065 2245 dam
2111 2190 2281 2246 frater
2325 2207 2431 2246 non
2483 2189 2672 2254 semel,
2703 2190 2796 2244 sed
2829 2205 2968 2259 smpe
3006 2205 3092 2243 me
3135 2191 3344 2260 rogavit
3371 2200 3429 2244 ut
3458 2191 3524 2244 de

1942 2295 2128 2340 saneta
2161 2283 2326 2338 Maria
2358 2299 2606 2352 magnam
2654 2281 2940 2351 quamdam
2971 2281 3273 2334 orationem
3301 2295 3525 2350 compo-

1941 2389 2123 2428 nerem
2160 2389 2174 2427 :
2205 2373 2348 2443 quod
2379 2389 2502 2428 cum
2533 2373 2648 2442 ipse
2695 2387 2935 2440 praesens
2987 2379 3202 2442 rogaret
3249 2373 3516 2432 exterius,

1942 2477 1994 2518 tn
2047 2467 2244 2520 absens
2281 2463 2650 2536 persuadebas
2696 2463 2946 2518 interius.
2982 2463 3248 2530 Quoniam
3294 2463 3437 2518 enim
3470 2463 3523 2517 id

1940 2569 2090 2611 ttnuu
2149 2556 2414 2620 futurum,
2463 2556 2507 2609 si
2559 2555 2731 2622 fieret,
2791 2554 3230 2624 prospiciebam,
3317 2553 3522 2608 idcirco

1939 2651 2079 2719 quod
2109 2647 2340 2713 volebat,
2366 2646 2622 2702 libentius
2649 2645 3032 2714 suseipiebam.
3057 2643 3182 2698 Feci
3219 2643 3381 2714 igitur
3401 2660 3526 2697 ora-

1940 2744 2141 2798 tionem
2169 2757 2355 2804 unam,
2381 2739 2522 2794 unde
2548 2737 2759 2792 fueram
2786 2736 3114 2808 postulatus;
3149 2739 3240 2791 sed
3273 2737 3323 2790 in
3351 2752 3413 2791 ea
3439 2753 3525 2791 me

1939 2849 2043 2889 non
2077 2817 2408 2887 satisfecisse.
2443 2829 2737 2900 postulanti
2784 2844 3138 2898 cognoscens.
3176 2827 3402 2882 alteram
3445 2829 3524 2882 fa-

1937 2943 2074 2981 cere
2112 2942 2230 2981 sum
2283 2923 2540 2978 incitatus
2588 2921 2654 2975 θ’.
2707 2922 2764 2976 ln
2818 2935 2925 2990 qua
2971 2921 3226 2990 (monium
3272 2921 3524 2975 similiter

1859 3015 1898 3070 C
1935 3019 2172 3072 nondum
2225 3015 2492 3079 satisfeci,
2551 3013 2788 3078 tertiam,
2835 3027 2955 3083 qua:
2990 3013 3204 3068 tandem
3254 3013 3524 3068 sufficeret

1940 3110 2030 3172 ¹⁰⁰,
2061 3107 2284 3179 perfeci.
2325 3107 2524 3175 Accipe
2557 3105 2727 3175 igitur
2765 3119 2880 3168 eas,
2927 3120 3046 3173 qua:
3096 3105 3248 3158 facta:
3276 3114 3400 3158 sunt
3431 3115 3520 3158 tua

1935 3199 2268 3266 intentione;
2321 3208 2375 3252 et
2425 3213 2492 3252 ne
2538 3195 2907 3265 reprehendas
2953 3197 3380 3267 magnitudinem
3429 3197 3522 3256 '°'.

1933 3309 2052 3362 qua:
2096 3291 2238 3348 facta
2285 3301 2369 3346 est
2413 3291 2590 3345 aliena
2641 3289 2927 3360 petitione.
2955 3289 3020 3341 Et
3049 3289 3252 3341 utinam
3303 3289 3376 3342 ita
3411 3288 3522 3342 sint

1933 3385 2106 3452 longa:
2148 3381 2236 3446 ¹⁰¹,
2269 3391 2348 3447 ut,
2388 3389 2682 3451 antequam
2715 3380 2780 3434 ad
2829 3379 2989 3432 finem
3016 3378 3303 3445 cujuslibet
3331 3395 3518 3432 earum

1933 3475 2178 3542 legendo,
2195 3473 2276 3528 vel
2294 3473 2471 3544 potius
2498 3471 2804 3526 meditando
2827 3469 3194 3539 perveniatur,
3211 3469 3432 3539 adquod
3452 3468 3522 3500 ¹⁰³

1934 3563 2086 3618 facta:
2115 3571 2262 3628 sunt,
2296 3563 2641 3634 compunctio
2671 3561 2878 3616 scilicet
2924 3561 3272 3615 contritionis
3321 3561 3403 3614 vel
3437 3561 3521 3615 di-

1933 3655 2180 3708 lectionis
2203 3655 2256 3708 in
2287 3655 2366 3710 eis
2396 3669 2491 3721 per
2522 3667 2816 3722 supernum
2853 3661 3156 3720 respectum
3184 3650 3516 3706 inveniatur.

1933 3742 2175 3810 Denique
2226 3743 2429 3796 ideirco
2469 3741 2610 3792 volui
2650 3757 2744 3793 eas
2791 3741 2939 3808 ipsas
2982 3741 3260 3793 orationes
3305 3738 3376 3771 ¹⁰⁶
3421 3755 3520 3808 per

1931 3831 2232 3886 sententias
2264 3829 2620 3900 paragrapbis
2651 3829 3006 3898 distinguere,
3063 3839 3120 3882 ut
3168 3829 3516 3896 anticipando

1929 3919 2284 3992 longitudinis
2339 3917 2639 3982 fastidium,
2697 3917 2788 3972 ubi
2837 3918 3095 3983 volueris,
3127 3918 3299 3988 possis
3327 3933 3420 3972 eas
3448 3919 3518 3972 le-

1929 4013 2104 4083 gendo
2137 4011 2382 4066 incidere
2411 4009 2496 4062 ωδ.

2407 4121 2738 4178 EPISTOLA
2781 4121 2900 4178 XXI
2942 4124 3030 4176 ‘°‘.

2494 4253 2560 4290 AD
2600 4251 2940 4293 RODCLPHUM.

2037 4325 2362 4394 fiodulplmm
2393 4327 2680 4380 obtestatur
2709 4327 3002 4380 describere
3028 4327 3161 4380 notis
3193 4325 3403 4380 musicus

2497 4397 2956 4465 Antipltonarium.

2002 4513 2211 4566 Domuo
2241 4519 2296 4566 et
2333 4511 2482 4566 fratri
2519 4511 2843 4566 charissimo
2884 4511 3172 4566 Rouunruo
3209 4510 3377 4564 frater
3404 4513 3510 4564 AN-

1541 4619 1622 4671 νΑ
1637 4619 1770 4674 ltIAE
1811 4621 2102 4679 LECTION
2115 4621 2217 4676 ES.

309 4707 356 4738 ⁸⁸⁵
385 4707 616 4776 Semper
661 4706 868 4784 utique
895 4723 993 4784 ms.
1025 4709 1078 4760 1.
1109 4710 1276 4784 omit._
1299 4725 1516 4784 semper
1547 4781 1557 4784 _
1613 4713 1656 4744 ⁸⁷
1688 4712 1913 4769 Tantam
1942 4717 2084 4768 enim
2111 4715 2352 4784 ejusdem
2375 4707 2681 4784 dilectionis
2703 4709 3092 4784 esltttberautia
3119 4709 3506 4784 plenitudinem

236 4785 294 4854 ut
317 4795 437 4830 mss.
475 4778 796 4854 tantaeuim
823 4777 1064 4854 ejusdem
1090 4777 1752 4854 dilectionisrexuberatis
1799 4777 2155 4854 plenitudine;
2179 4795 2238 4837 ut
2311 4783 2360 4816 ⁸³
2384 4783 2612 4854 Quoque
2633 4783 2936 4854 scribamus
2968 4797 3094 4854 mss.
3121 4777 3508 4854 quoquescie-

233 4845 426 4922 futurus
599 4845 912 4922 Monstratis
951 4863 1048 4900 ms.
1081 4850 1132 4902 1.
1167 4850 1550 4922 demonstratis
1591 4869 1688 4905 ms.
1725 4845 2166 4910 2.'inoustrastis
2275 4854 2321 4884 ⁹⁰
2370 4845 2586 4906 Gratias
2641 4853 2808 4920 igitur
2855 4867 2961 4922 ms.
3011 4853 3062 4904 1.
3105 4845 3297 4922 omittit
3345 4853 3508 4922 igitur

235 4918 278 4946 ’ί
311 4917 596 4991 imbecillis
622 4917 836 4991 animus
863 4925 1086 4991 generet
1109 4935 1232 4970 mss.
1262 4921 1562 4991 imbecillus
1591 4925 1804 4978 animus
1827 4935 2067 4988 gemeret
2141 4922 2188 4954 θ’
2215 4923 2368 4989 Quod
2398 4923 2592 4991 premit
2619 4917 2906 4990 déponere.
2941 4921 3004 4974 In
3033 4937 3130 4974 ms.
3153 4921 3204 4973 1.
3229 4922 3314 4973 hic
3338 4917 3506 4988 εἷιτριὲιι

237 4991 300 5066 fit
324 4989 454 5066 λκιο
485 4986 741 5066 Ιςνὶδιρία.
781 4986 848 5040 In
893 5003 994 5040 ms.
1020 4987 1076 5042 2.
1103 4999 1176 5042 est
1205 5001 1258 5042 ut
1289 4989 1477 5066 Editis
1510 4993 1712 5066 integra
1825 4986 1870 5026 9’
1901 4996 1982 5050 Sit
2015 4986 2283 5066 (gnomodo
2311 4986 2412 5046 ms;
2435 4993 2512 5046 sic
2548 4986 2818 5066 quon—mdo
2925 4993 2970 5023 θ’
2999 4991 3154 5066 Videt
3177 5008 3254 5066 ms
3293 4986 3506 5066 vid_c.tur

233 5057 279 5088 ’⁵
312 5055 446 5126 Cum
494 5057 760 5126 praedictis
795 5073 921 5112 mss.
973 5067 1020 5110 et
1059 5075 1178 5112 cum
1209 5076 1308 5114 ms.
1353 5061 1510 5114 Lorb.
1543 5055 1666 5116 166.
1709 5075 1756 5118 et
1788 5083 1905 5118 cum
1929 5055 2204 5118 msfFlor.
2232 5075 2422 5118 etcum
2451 5079 2547 5115 ms.
2567 5055 2696 5116 ξω.
2723 5063 2914 5116 collum
3003 5063 3050 5096 ³⁸
3094 5061 3322 5116 Domino
3357 5061 3506 5116 Gonn

237 5125 434 5201 debitio
477 5125 604 5181 nm.
659 5127 884 5182 Domino
923 5126 1246 5201 Gondulpho
1276 5148 1402 5201 mss.
1455 5133 1576 5186 160.
1617 5143 1664 5186 et
1725 5134 1846 5188 167.
1896 5135 2008 5190 Suo
2059 5151 2208 5194 suus,
2268 5133 2443 5188 amico
2488 5133 2716 5198 amicus,
2761 5131 2914 5185 fratri
2963 5131 3153 5198 frater,
3185 5131 3506 5201 Gondulpho

235 5197 542 5276 Ausetanus,
593 5213 692 5265 pro
724 5213 910 5276 amore
945 5199 1254 5276 frelieita‘tis
1299 5199 1390 5270 (1η
1420 5219 1543 5276 _ms_._
1582 5205 1806 5268 omittit,
1829 5275 1837 5276 ί
1861 5221 1960 5275 pro
1989 5203 2196 5276 amore)
2231 5197 2707 5276 perseverantiam
2734 5203 2786 5255 in
2817 5205 3121 5268 sanctitate,
3155 5197 3504 5276 proprreinio

237 5267 920 5346 sa:iCtit:itls_§nterrtitatem
943 5270 994 5322 in
1029 5267 1317 5346 fielieitate'
1409 5273 1462 5346 _"
1489 5272 1784 5346 ΔΝιιηίμιιιηι
1911 5290 1996 5330 me
2027 5267 2263 5346 minatus
2293 5291 2413 5346 mss
2433 5275 2505 5346 t.
2527 5287 2802 5340 nunquam
2825 5267 3221 5346 rrmtAattisA'__"Hi
3249 5267 3502 5346 Meretur

237 5351 362 5388 mss.
393 5336 444 5386 in
475 5333 620 5388 Edit.
654 5335 772 5390 Pic.
801 5337 1068 5394 alteretur
1173 5339 1219 5372 ’9
1245 5343 1374 5396 Sum
1408 5333 1654 5398 imitatus
1684 5362 1810 5399 mss.
1845 5345 1980 5398 Vict.
2009 5355 2056 5398 et
2085 5333 2236 5398 Flor.
2262 5361 2380 5398 sum
2403 5333 2670 5397 invitatus
2697 5359 2822 5396 mss.
2856 5343 2958 5396 160
2983 5355 3030 5397 et
3059 5341 3183 5396 267.
3213 5359 3330 5396 sum
3363 5343 3498 5395 inci.

238 5415 387 5484 tatus
457 5405 524 5436 ¹⁰⁰
554 5405 1116 5484 Tandemsutliciebat
1146 5413 1512 5484 msﬁlandem
1543 5415 1812 5469 suflieeret
1924 5416 1990 5446 ¹⁰¹
2033 5413 2454 5484 Magnitudinem
2491 5429 2590 5484 ms.
2635 5412 2760 5484 267.
2803 5410 3214 5484 Longitudinem
3327 5412 3391 5444 ¹⁰²
3421 5413 3502 5484 ita

237 5477 346 5529 sint
377 5474 545 5556 longa:
572 5491 697 5556 mss.
729 5477 850 5530 160.
879 5487 940 5556 _et
976 5479 1102 5534 267.
1133 5479 1366 5556 etjt‘tor.
1405 5491 1511 5536 tam
1539 5485 1710 5553 longa:
1737 5487 1850 5552 sint
1925 5487 2098 5556 “"Ad
2119 5469 2178 5538 ἷίι
2201 5485 2342 5553 quod
2369 5501 2495 5538 mss.
2523 5483 2574 5538 id
2595 5483 2660 5536 ad
2684 5483 2855 5556 quod
2902 5469 2971 5514 ‘5"
3009 5469 3112 5556 Eas
3140 5483 3500 5556 ipsasoratio-

238 5559 332 5600 nes
366 5548 720 5668 qtsqtﬁpsé'tg
753 5549 1028 5668 Orqltiqnes
1165 5551 1228 5582 ³⁰⁵
1257 5551 1502 5623 Incipere
1535 5548 1660 5607 mss.
1693 5567 1738 5610 et
1773 5548 1960 5610 ΕίίἰσίοΔ
1983 5548 2232 5624 Picenti,
2267 5555 2506 5610 inridere.
2537 5570 2635 5608 ms.
2691 5548 2816 5608 267.
2843 5548 3172 5610 intercidere
3269 5555 3336 5586 ¹⁰θ
3361 5553 3496 5608 Cum

238 5633 330 5668 "II.
421 5633 466 5668 ff:
495 5656 508 5667 .
561 5653 576 5667 ι
611 5654 625 5668 ο
726 5655 738 5668 ο
766 5633 824 5668 C0
869 5635 898 5668 fl
925 5635 956 5668 α

237 5633 330 5670 ms.
379 5627 508 5668 Hel.
535 5627 625 5670 191.
649 5627 738 5669 ‘20.
766 5627 956 5670 collata
