3898 6052
228 268 368 320 ιοκσ)

1451 273 1578 328 LIB.
1619 273 1658 340 I,
1699 271 1915 330 EPiST.
1963 273 2196 330 λΧκτιιι.

3365 285 3502 344 1090

227 397 446 451 passum
481 397 628 452 rogo,
659 383 951 453 przeeipue,
982 391 1252 454 quatenus
1293 397 1514 456 propter
1540 389 1706 443 Deum
1755 398 1808 444 et
1839 393 1882 448 Α
1912 405 2151 459 possunt,
2179 392 2340 447 fundo
2369 394 2689 450 oralionem.
2719 395 3010 468 Memento,
3033 403 3206 458 amice
3259 406 3355 469 mi,
3405 425 3496 466 eo.

227 483 444 528 :eternae
473 472 662 527 salutis
697 474 1134 540 retributionem,
1183 477 1337 532 vobis
1383 479 1731 547 instantibus,
1778 498 1808 535 a

225 563 421 618 dilecto
443 563 618 618 amico
639 574 827 620 nostro
848 567 1046 620 domno
1061 566 1284 624 Alherto
1311 569 1524 625 medico
1544 582 1806 640 quantum

215 663 405 726 potest
433 656 785 727 perquiratur
809 665 864 712 et
893 668 1136 713 curetur.

685 765 1015 823 EPISTOLA
1059 767 1206 824 XXV
1256 771 1344 826 ω.

813 873 880 910 ΔΙ)
918 874 1212 915 HENRICUI.

286 948 392 1004 Isti
421 948 738 1004 Mamilium
768 953 1101 1074 monac/mni!
1117 969 1182 1006 ex
1207 955 1376 1022 capite
1403 953 1728 1010 laborantem

829 1037 1062 1074 commen
1106 1034 1179 1074 at.
1580 1062 1584 1066 π

829 1034 1179 1075 commendat.
1580 1062 1584 1066 π

289 1105 497 1163 Damno
521 1117 578 1163 ‘et
609 1104 765 1163 fratri
804 1109 1162 1165 dilectissimo
1197 1109 1442 1169 HENRICO
1485 1115 1655 1169 frater
1689 1118 1800 1172 AN-

213 1213 415 1253 SELIIL'S
436 1191 744 1254 diuturnam
776 1201 1060 1269 praesentis
1098 1202 1224 1259 vita:
1263 1202 1714 1274 incolumitatem,
1743 1218 1798 1266 et

211 1286 408 1344 futura:
429 1301 684 1344 aateruam
711 1283 1051 1347 felicitatem.

280 1379 454 1435 Credo
497 1373 638 1451 quod
675 1374 881 1438 conscii
914 1384 1044 1438 mihi
1077 1383 1213 1441 estis
1245 1384 1482 1457 qualiter
1509 1388 1792 1446 dilexerim

203 1470 466 1527 damnum
509 1483 566 1529 et
611 1473 834 1530 fratrem
875 1484 938 1531 et
980 1476 1146 1532 filium
1180 1489 1426 1534 nostrum
1459 1480 1792 1552 Mauritium,

209 1579 369 1632 quem
411 1565 568 1621 vobis
613 1567 903 1623 mittimus.
938 1569 1207 1635 Quoniam
1241 1572 1407 1643 igitur
1432 1575 1656 1645 dilectos
1692 1593 1792 1631 no-

207 1659 354 1706 stras
380 1667 411 1706 a
443 1652 637 1709 dilecta
659 1664 714 1710 et
737 1655 996 1712 dilectore
1017 1658 1086 1690 ¹¹⁸
1114 1670 1302 1717 nostra
1324 1662 1473 1735 diligi
1506 1678 1614 1720 non
1643 1666 1793 1722 dubi-

1912 496 2029 533 rum
2053 497 2171 550 qua:
2210 498 2445 552 praesens
2473 500 2613 555 sazpe
2641 488 2978 546 admonendo
3010 493 3103 548 tibi
3135 493 3265 560 dixi,
3294 506 3346 551 et
3377 514 3497 570 qua:

1911 581 2096 638 postea
2121 572 2318 626 absens
2349 574 2566 644 scripsi.

1982 661 2059 730 (8)
2099 661 2262 728 Cave,
2319 663 2490 719 frater
2527 669 2922 733 amantissime.
2977 672 3107 728 illud
3155 677 3299 744 quod
3343 680 3494 736 multi

1907 748 2058 806 stulti
2091 750 2314 818 faciunt,
2341 757 2432 826 qui
2466 769 2669 828 quanto
2701 760 2904 818 diutius
2937 764 3144 829 vivunt,
3179 776 3327 821 tanta
3384 789 3494 827 ειεξιτ

1899 838 2071 910 jorem
2095 859 2244 912 spem
2270 846 2481 901 vivendi
2514 850 2614 905 sibi
2649 853 2925 918 nutriunt,
2971 865 3023 910 et
3051 858 3295 914 timorem
3349 863 3496 918 festi-

1905 935 2661 1008 ttantismurtisabjicientes,
2717 961 2744 998 a
2788 950 3066 1016 proposito
3114 963 3319 1008 sanctae
3371 957 3494 1013 vita:

1901 1022 2177 1079 deficiunt.
2223 1025 2418 1083 Verum
2456 1049 2686 1102 namque
2736 1045 2820 1090 est
2865 1039 2990 1108 quia
3040 1055 3245 1111 quanto
3293 1046 3493 1104 diutius

1900 1116 2032 1170 vixit
2065 1117 2276 1188 aliquis,
2306 1133 2452 1178 tanto
2480 1125 2696 1185 brevius
2723 1131 2967 1187 victurus
3028 1145 3139 1202 est;
3185 1146 3240 1193 et
3285 1154 3492 1209 quanto

1899 1206 1958 1261 fit
1995 1209 2251 1281 longiusa
2293 1212 2378 1269 die
2434 1216 2732 1275 nativitatis
2785 1238 2914 1287 sute,
2953 1235 3102 1281 tanta
3162 1228 3218 1282 fit
3273 1206 3492 1299 pmpius

1897 1299 2001 1354 dici
2034 1304 2227 1358 mortis
2257 1321 2389 1370 suae,
2420 1318 2474 1360 et
2501 1309 2872 1368 retributionis
2905 1317 3067 1371 totius
3095 1319 3220 1373 vita!
3244 1338 3372 1374 sua).
3400 1323 3488 1377 Si-

1897 1401 1987 1447 cut
2018 1393 2183 1463 igitur
2216 1395 2366 1450 vides
2398 1415 2492 1466 per
2513 1401 2754 1471 singulos
2784 1406 2897 1459 dies
2921 1407 2972 1461 in
3025 1409 3356 1478 praeteritum
3411 1414 3490 1466 vi-

1896 1495 2006 1540 tatn
2035 1495 2180 1541 tuam
2212 1504 2480 1554 crescere,
2513 1493 2585 1546 ita
2613 1506 2798 1550 certus
2849 1513 2971 1553 esse
3024 1501 3188 1557 debes
3252 1505 3486 1574 spatium

1894 1577 2033 1632 bene
2063 1580 2276 1634 vivendi
2303 1582 2547 1650 quotidie
2578 1585 2672 1640 tibi
2697 1587 3040 1646 decrescere.
3094 1592 3224 1648 Esto
3279 1596 3484 1665 itaque,

1895 1668 2265 1737 dilectissime,
2304 1673 2568 1732 sollicitus
2597 1686 2658 1732 ut
2705 1682 2938 1750 spatium
2967 1685 3108 1752 quod
3139 1695 3328 1748 restat,
3361 1691 3484 1758 quia

207 1753 412 1811 tamus,
441 1756 633 1802 secure
656 1749 807 1804 vobis
830 1750 1000 1819 illum,
1034 1761 1094 1806 ut
1115 1753 1368 1810 dilectum
1399 1757 1618 1824 dilecta,
1644 1775 1788 1814 eom-
1819 1767 1866 1826 Β
1899 1763 2073 1818 nescis
2100 1779 2262 1833 quam
2287 1767 2452 1823 breve
2483 1770 2572 1836 sit,
2604 1772 2683 1827 sic
2733 1775 3011 1844 cxpendas
3061 1786 3120 1831 ut
3171 1778 3237 1833 de
3286 1781 3373 1835 die
3433 1783 3482 1836 in

200 1837 546 1893 mendamus.
575 1839 818 1895 Inveniat
844 1857 931 1897 me
959 1843 1013 1897 in
1045 1843 1217 1911 vobis,
1245 1862 1406 1917 quem
1438 1851 1591 1918 quasi
1628 1851 1788 1905 relin-

204 1939 313 1993 quo
349 1941 446 1994 pro
490 1929 668 1984 vobis.
706 1931 916 1988 Idcirco
944 1950 1180 2006 namque
1212 1938 1359 1993 hunc
1390 1950 1443 1994 et
1477 1956 1580 1995 non
1620 1942 1786 1998 alium

198 2025 445 2086 paterna;
489 2019 764 2076 dilectioni
793 2032 990 2078 vestra:
1020 2026 1282 2090 misimus,
1313 2029 1438 2098 quia
1483 2031 1624 2086 hunc
1665 2046 1786 2086 eam

201 2119 390 2181 petere
435 2115 748 2184 specialiter
792 2120 1122 2177 audivimus.
1179 2123 1368 2181 Estote
1405 2126 1570 2197 igitur
1602 2140 1786 2186 nostra

200 2201 454 2260 Mauritio
474 2207 645 2262 frater
663 2209 973 2275 Anselmus,
997 2221 1052 2267 et
1071 2228 1172 2285 ego
1196 2230 1292 2271 ero
1309 2226 1491 2274 vestro
1515 2219 1787 2278 Holvardo

199 2293 433 2350 domnus
475 2296 758 2352 Henricus.
811 2300 884 2354 De
929 2301 1250 2358 infirmitate
1285 2307 1479 2376 capitis
1519 2309 1656 2380 ejus,
1689 2327 1786 2369 vos

200 2397 333 2449 rogo
382 2387 656 2458 praecipue
690 2401 959 2460 quatenus
1009 2404 1189 2450 vestra
1242 2397 1498 2455 instantia
1533 2403 1785 2462 dominus

196 2474 454 2532 Albertns
506 2477 736 2534 dilectus
779 2482 988 2538 amicus
1029 2494 1218 2542 noster
1250 2503 1370 2543 eam
1423 2492 1681 2563 inquirat,
1724 2505 1783 2550 et

194 2575 456 2635 quantum
487 2568 597 2624 Deo
626 2571 789 2626 dante
825 2573 1044 2642 poterit,
1079 2576 1126 2630 ei
1157 2577 1460 2634 subveniat.

603 2661 762 2734 321
805 2664 1134 2723 EPISTOLA
1173 2667 1272 2725 XX
1282 2671 1364 2726 VI.

776 2769 844 2809 AD
879 2771 1214 2814 GONDULFUI.

191 2851 306 2910 Pro
332 2860 978 2935 transmissismuneribus
1007 2869 1174 2922 amico
1207 2887 1310 2925 non
1350 2889 1462 2928 esse
1512 2875 1778 2935 habendas

227 2927 430 2995 gratias
454 2944 472 2981 :
502 2928 757 2984 sollicitus
781 2945 853 2986 est
881 2936 1055 2990 adhuc
1088 2938 1152 2992 de
1180 2927 1739 3003 Mauritiamoaacfto:

258 3019 468 3074 Damno
501 3015 791 3079 Gonnuu‘o
829 3023 998 3082 frater
1034 3029 1336 3087 Anssutus.

1891 1853 2036 1908 diem
2095 1865 2344 1912 sanctum
2396 1863 2730 1930 propositum
2805 1868 2868 1920 ad
2923 1867 3142 1924 meliora
3199 1875 3482 1930 extendas.

1889 1943 2164 2010 Quatenus
2193 1958 2395 2016 quanto
2417 1951 2589 2021 magis
2610 1952 2847 2016 laborem
2879 1966 3029 2013 tuum
3053 1960 3117 2014 ad
3151 1960 3313 2016 finem
3333 1964 3484 2019 festi-

1888 2050 2040 2100 nare,
2065 2046 2120 2090 et
2157 2047 2208 2092 te
2235 2039 2301 2093 ad
2328 2042 2568 2111 requiem
2615 2053 2670 2098 et
2725 2061 2985 2102 coronam
3040 2053 3482 2123 appropinquare

1886 2127 2239 2194 consideras,
2273 2139 2428 2186 tanto
2451 2131 2647 2188 fortius
2673 2137 2944 2203 instando,
2997 2149 3051 2196 et
3081 2141 3256 2197 laetius
3304 2160 3481 2214 perse-

1886 2219 2123 2273 verando
2150 2219 2382 2277 viriliter
2402 2226 2742 2282 confortatus
2791 2233 3064 2299 proficias.
3123 2233 3208 2289 Ab
3252 2236 3480 2307 inceptis

1883 2325 2014 2382 ergo
2052 2312 2193 2368 nulla
2219 2313 2539 2371 lassitudine
2563 2319 2799 2382 deﬁcias,
2856 2322 2950 2375 sed
3003 2323 3180 2392 potius
3217 2340 3334 2395 quae
3384 2327 3475 2381 tibi

1885 2407 2201 2475 expediunt,
2232 2417 2286 2464 et
2317 2425 2436 2478 quae
2463 2411 2696 2466 nandum
2732 2429 2791 2468 es
2817 2428 3110 2484 aggressus
3135 2418 3186 2471 in
3243 2433 3337 2487 spe
3389 2434 3480 2475 su-

1880 2497 2035 2566 perni
2063 2497 2249 2551 auxilii
2273 2514 2372 2568 pro
2401 2516 2588 2556 amare
2612 2502 2754 2558 beati
2784 2506 2989 2573 praemii
3018 2507 3268 2576 incipias,
3323 2520 3377 2564 ut
3405 2515 3470 2566 ad

1881 2599 2196 2647 sanctorum
2251 2591 2469 2649 beatum
2520 2597 2878 2660 consortium,
2936 2597 3153 2655 Christo
3201 2601 3476 2672 ducente,

1880 2687 2186 2754 pervenias.

1955 2777 2218 2835 Damnum
2249 2779 2583 2847 Mauritium,
2607 2797 2765 2852 quem
2805 2798 2926 2840 esse
2977 2801 3157 2841 meum
3214 2787 3474 2844 dilectum

1881 2880 1937 2927 et
1960 2871 2272 2929 dilectorem
2305 2891 2408 2930 non
2440 2875 2681 2944 ignoras,
2729 2876 2810 2932 sic
2864 2877 2959 2932 tibi
3015 2882 3358 2948 commenda,
3421 2891 3476 2938 ut

1882 2971 1936 3018 et
1963 2963 2076 3033 ipse
2107 2964 2339 3037 gaudeat
2366 2982 2426 3022 se
2455 2967 2595 3023 inter
2617 2965 2879 3023 barbaros
2908 2967 3130 3024 fratrem
3181 2972 3476 3042 invenisse,

1881 3063 1937 3108 et
1970 3063 2022 3108 tu
2055 3058 2251 3126 probes
2280 3067 2330 3112 te
2379 3059 2545 3113 etiam
2591 3059 2748 3129 longe
2795 3060 3076 3114 absentem
3124 3061 3178 3116 in
3233 3064 3474 3120 amicitia

261 3107 318 3162 Si
353 3112 618 3166 nescirem
646 3129 731 3169 me
761 3124 928 3171 totum
953 3134 1073 3174 esse
1112 3131 1260 3176 tuum
1292 3133 1347 3178 et
1379 3135 1429 3180 te
1457 3133 1627 3183 totum
1655 3145 1777 3187 esse
1804 3130 1847 3189 C
1878 3107 2482 3220 nostrarpermansisse.

185 3213 391 3266 meum,
420 3202 678 3258 referrem
701 3207 906 3276 gratias
945 3225 1044 3280 pro
1089 3215 1402 3270 muneribus
1458 3217 1583 3273 tuis.
1626 3219 1774 3287 Quo-

184 3290 334 3346 niam
365 3303 540 3348 autem
570 3307 655 3350 tua
697 3313 840 3365 mea,
887 3310 942 3356 et
987 3318 1103 3358 mea
1155 3314 1244 3359 tua
1303 3316 1457 3373 sunt,
1511 3309 1638 3366 dum
1680 3315 1778 3370 das

185 3384 321 3438 mihi
354 3393 463 3450 tua,
494 3401 594 3459 ego
625 3405 723 3445 cur
753 3392 845 3447 tibi
883 3393 1162 3462 inclinem,
1195 3413 1318 3450 cum
1345 3415 1448 3454 non
1506 3403 1774 3472 accipiant

176 3476 382 3543 aliena,
414 3479 505 3533 sed
532 3496 650 3550 qua:
685 3498 803 3538 mea
836 3485 997 3538 sunt?
1024 3486 1079 3539 Si
1123 3498 1173 3541 te
1198 3492 1480 3558 cognoscis
1523 3507 1628 3547 non
1661 3511 1776 3552 me-

180 3567 326 3633 ritis,
352 3571 548 3640 quibus
569 3589 652 3627 me
675 3575 954 3643 pnecellis.
979 3578 1072 3632 sed
1107 3590 1291 3634 ututua
1319 3583 1609 3640 dilectione
1639 3588 1774 3645 alte-

176 3675 303 3716 rum
326 3661 666 3730 Ausclmum,
698 3667 894 3720 sentiat
922 3669 1024 3722 hoc
1051 3669 1275 3726 dilectus
1319 3673 1489 3732 frater
1528 3690 1582 3735 et
1632 3683 1774 3740 filius

178 3764 342 3805 meus
363 3752 593 3806 domnus
622 3752 924 3811 Mauritius.
949 3756 1149 3812 Precor
1195 3770 1252 3814 ut
1284 3762 1336 3816 in
1381 3767 1634 3823 omnibus
1681 3785 1774 3840 ge-

176 3856 309 3897 rens
333 3845 449 3912 ejus
471 3843 886 3902 sollicitudinem
915 3859 1135 3920 propter
1159 3852 1250 3906 Dei
1281 3862 1336 3907 ct
1383 3856 1616 3923 proximi
1645 3859 1774 3914 cha-

177 3933 400 3989 ritatem
427 3975 443 3999 ,
490 3947 732 3992 nostram
777 3953 905 4010 erga
953 3957 1076 3997 eum
1133 3945 1394 4001 exhibeas
1441 3946 1636 4004 vicem.
1695 3952 1772 4009 De

177 4025 498 4083 infirmitate
519 4030 712 4099 capitis
761 4030 880 4101 ejus
916 4041 968 4088 te
999 4049 1192 4104 precor
1233 4046 1497 4106 quantum
1523 4055 1768 4113 possum,

175 4124 239 4169 ut
265 4127 315 4170 te
337 4129 589 4187 precante
614 4129 668 4175 et
697 4121 987 4190 adiuvante
1017 4138 1280 4196 quantum
1306 4138 1482 4199 potes,
1505 4147 1533 4186 a
1550 4132 1768 4192 domino

174 4217 233 4262 et
257 4210 433 4266 atnico
479 4221 665 4270 nostra
704 4214 926 4273 Alberto
977 4219 1187 4276 medica
1233 4233 1455 4280 curetur
1503 4237 1765 4298 quantum

171 4309 370 4371 potest.

683 4417 1016 4477 EPISTOLA
1043 4373 1262 4477 .XXVII.

755 4529 822 4567 AD
859 4529 1188 4570 HERLUINUI.

173 4617 326 4700 Senin
358 4621 468 4677 dies
510 4626 798 4700 arationem
833 4625 940 4700 Deo
971 4626 1190 4700 {tendere
1222 4627 1430 4700 nomine
1475 4625 1756 4700 Herfnittt',

243 4690 359 4745 licet
391 4711 514 4768 snas
541 4697 851 4768 monitiones
881 4690 1200 4767 vix-legeret.
1231 4697 1301 4752 Et
1331 4707 1479 4768 rogat
1528 4717 1648 4757 eum
1700 4690 1756 4760 ut

243 4777 366 4832 ergo
391 4763 698 4820 Mauritium
723 4783 777 4821 se
803 4767 1022 4835 fratrem
1042 4763 1311 4822 exhibeat.

241 4851 450 4906 Damno
478 4863 533 4909 et
559 4854 711 4910 fratri
740 4857 1064 4913 charissima
1109 4856 1388 4915 [laetitiae
1428 4857 1596 4913 frater
1647 4857 1757 4912 AN-

167 4957 372 4998 ssutus
398 4944 649 5000 salutem.

240 5033 495 5100 Quamvis
517 5047 755 5091 nostram
779 5038 865 5091 vix
895 5037 1184 5108 aliquando
1225 5036 1372 5109 legas
1427 5037 1754 5094 admonitio-

166 5142 312 5191 nem,
346 5135 530 5182 notum
571 5129 662 5183 tibi
686 5130 756 5184 sit
788 5138 990 5196 tamen,
1014 5131 1356 5197 charissime,
1399 5135 1526 5203 quia
1574 5132 1754 5204 quoti-

164 5217 252 5273 die
283 5219 358 5272 tui
387 5233 573 5275 curam
618 5221 843 5288 habens,
893 5221 1004 5277 Deo
1051 5237 1150 5292 pro
1199 5231 1270 5290 te,
1321 5225 1752 5295 qualemcunque

2313 3239 2646 3298 EPISTOLA
2688 3241 2900 3299 XXVIII
2941 3244 3027 3299 ¹¹⁶.

2464 3349 2535 3388 ΔΙ)
2573 3350 2881 3391 ΑιΒειιτυκ.

1879 3421 2278 3480 Conuersione»:
2301 3442 2332 3479 a
2362 3425 2557 3479 srecttlo
2610 3428 2838 3494 suggerit
2868 3441 2888 3478 :
2917 3426 3224 3483 Mamilium
3251 3431 3300 3485 ei
3330 3447 3470 3486 corn-

2056 3497 2292 3560 mendat,
2321 3505 2378 3550 ut
2410 3505 2525 3549 arte
2561 3513 2658 3549 sua
2690 3497 2890 3551 medica
2921 3499 3090 3568 ipsum
3125 3512 3290 3554 curet.

1946 3586 2177 3642 Domino
2214 3587 2388 3653 fratri,
2424 3588 2602 3645 amico
2623 3589 2948 3644 charissima
2993 3593 3253 3650 ALBERTO
3296 3593 3471 3651 frater

1874 3675 2182 3740 Anseuus.
2205 3677 2284 3731 sic
2305 3679 2537 3733 transire
2568 3693 2667 3747 per
2710 3679 2849 3733 bona
2885 3683 3200 3750 temporalia
3226 3693 3469 3742 contem-

1877 3765 2078 3827 nendo,
2118 3773 2178 3818 ut
2209 3773 2425 3819 maneat
2457 3766 2509 3818 in
2531 3766 2749 3821 :eternis
2770 3767 3115 3836 perfruendo.

1943 3855 2210 3912 Aﬂ'ectum
2240 3872 2374 3912 mea!
2394 3857 2720 3922 dilectionis,
2761 3874 2922 3929 quem
2969 3869 3076 3914 tam
3105 3862 3321 3917 sublimi
3366 3864 3468 3919 ltu-
3532 3876 3540 3885 '

1873 3947 2104 4003 militate
2131 3961 2228 4018 per
2253 3947 2547 4018 epistolam.
2571 3964 2723 4004 suam
2758 3959 2938 4005 vestra
2971 3952 3163 4020 petivit
3185 3953 3460 4023 dignatio,

1872 4054 1979 4095 non
2029 4053 2204 4109 nuper
2252 4039 2446 4095 litterae
2497 4049 2690 4096 vestra:
2739 4052 3052 4099 reverenter
3113 4044 3468 4115 supplicando

1871 4129 2003 4185 mihi
2032 4140 2446 4200 persuaserunt;
2478 4133 2572 4188 sed
2593 4147 2712 4188 cum
2745 4133 2872 4187 olim
2913 4136 3077 4190 vestri
3110 4152 3289 4191 mares
3312 4153 3466 4193 ama-

1869 4222 2050 4279 biliter
2072 4237 2132 4277 se
2172 4223 2601 4280 commendando
2657 4226 2821 4281 menti
2867 4241 2999 4281 mea:
3050 4227 3460 4297 impresseruut.

1867 4312 1950 4368 Ex
1986 4328 2093 4384 quo
2118 4329 2353 4384 namque
2402 4315 2533 4370 mihi
2591 4324 2771 4373 vestra
2822 4318 3046 4388 contigit
3091 4318 3244 4388 plena
3298 4320 3461 4390 potiri

1866 4403 2196 4474 cognitione,
2235 4418 2343 4458 non
2373 4405 2564 4474 utique
2595 4405 2697 4459 fuit
2753 4421 2848 4461 cor
2879 4421 3059 4461 meum
3118 4407 3236 4462 sine
3289 4409 3456 4464 vestri

1792 4489 1838 4544 D
1866 4494 2136 4551 desiderio
2161 4504 2216 4550 et
2246 4494 2566 4563 dilectione;
2597 4496 2665 4552 de
2705 4511 2810 4566 qua
2843 4511 2901 4551 re
2938 4497 3188 4553 dubitare
3216 4513 3322 4552 non
3364 4498 3458 4553 de-

1865 4587 2086 4652 buistis,
2113 4587 2159 4644 si
2182 4587 2389 4643 itineris
2416 4587 2582 4654 illius;
2611 4603 2718 4658 quo
2743 4587 2811 4644 de
2835 4586 3008 4644 Becco
3036 4603 3208 4658 usque
3246 4589 3455 4644 Rotho-

1866 4693 2081 4750 magum
2111 4677 2271 4733 simul
2293 4678 2564 4748 quondam
2589 4678 2950 4744 perreximus,
2998 4679 3336 4735 meministis.
3376 4679 3454 4735 lbi

1865 4770 2009 4825 enim
2043 4777 2193 4823 tanta
2221 4768 2578 4838 colloquendo
2607 4767 2980 4825 familiaritate
3022 4771 3346 4826 ςοιιειιείιυυε
3394 4780 3456 4825 ut

1863 4868 1918 4914 et
1947 4867 2164 4913 mutuus
2199 4867 2383 4914 noster
2411 4858 2934 4930 amorjampridem,
2988 4876 3055 4914 ex
3088 4876 3196 4931 quo
3228 4875 3324 4915 nos
3373 4860 3457 4915 in—

1862 4949 2036 5003 vicem
2063 4949 2298 5018 primum
2326 4963 2670 5015 noveramus,
2697 4941 2878 5006 mente
2899 4958 3195 5033 conceptus
3237 4949 3454 5018 plenius

1863 5048 2289 5106 monstraretur;
2317 5049 2373 5095 et
2394 5041 2671 5112 quiddam,
2705 5041 2848 5110 quod
2877 5041 3057 5095 adhuc
3091 5047 3239 5110 apto,
3259 5051 3452 5110 optan-

1859 5131 1928 5186 do
1949 5146 2066 5198 aro,
2097 5134 2302 5188 orando
2328 5143 2603 5204 exspecta,
2636 5151 2664 5190 a
2697 5135 2848 5190 vobis
2874 5133 3005 5188 mihi
3024 5131 3448 5202 promitteretur.

1857 5220 1972 5279 Hoc
1991 5233 2094 5290 est,
2122 5227 2248 5296 quia
2295 5227 2340 5281 si
2371 5228 2589 5296 quando
2638 5226 2878 5284 celestis
2924 5223 3201 5281 fclicitatis
3242 5222 3453 5280 deside-

1459 5358 1691 5416 VARIAS
1727 5358 2128 5418 LECTIONES.

260 5455 307 5488 ¹¹⁵
350 5451 484 5520 Cum
518 5465 694 5521 eodem
722 5484 820 5524 ms.
866 5468 1058 5525 collata
1133 5470 1201 5506 ¹¹³
1250 5471 1544 5528 Dilectiare
1584 5489 1683 5528 ms.
1722 5471 1984 5530 dilectore
2055 5475 2122 5506 “'
2147 5474 2280 5532 Cum
2304 5477 2490 5533 iisdem
2518 5477 2707 5533 coitate

1353 5584 1634 5646 JOANNIS
1670 5585 1944 5643 PICARDI
1984 5588 2215 5647 ΝΟΤᾸΞ.

241 5672 318 5744 (8)
343 5671 540 5730 Eadem
561 5674 615 5732 in
645 5675 860 5748 epistola
887 5676 947 5746 2,
986 5696 1166 5746 supra.
