3872 6028
437 223 580 282 1095

1011 223 1066 277 S.
1097 221 1396 277 ANSELMI
1436 219 1780 277 (ZANTUAR.
1810 220 2126 277 ARCIIIEP.
2169 221 2319 278 OPP.
2353 221 2530 280 PARS
2569 225 2653 280 Ill.
2695 256 2762 268 -—
2801 225 3186 283 EPISTOLE.

3577 236 3701 291 1936

435 354 534 394 nos
555 338 833 408 regionum
855 336 1143 391 diversitas
1175 337 1430 392 distineat
1454 336 1543 400 “',
1571 337 1637 390 de
1674 335 1886 390 duabus
1939 345 2020 390 ιιι-
2049 343 2091 399 Α
2123 351 2355 405 arguere
2377 353 2483 392 non
2511 348 2712 404 cessat,
2771 348 2848 404 ut,
2889 340 3016 395 dum
3062 341 3134 396 illi
3185 344 3468 411 persuadet
3499 345 3703 416 inceptu

432 446 558 484 men
587 429 870 482 animabus
897 427 1099 482 nostris
1123 428 1364 482 charitas
1386 441 1544 480 unam
1562 427 1835 481 conﬁciat.
1864 425 2018 480 Unde

432 521 492 574 ﬁt
519 528 578 574 ut
597 520 790 574 anima:
818 526 1015 574 nostra).
1041 526 1097 572 et
1121 518 1409 574 dilectione
1444 518 1512 549 ¹¹⁰
1541 526 1840 586 pr:esent.es
1897 532 2017 572 sese

430 610 830 679 amplectantur
880 610 968 673 ¹²¹,
1025 618 1079 662 et
1136 609 1549 664 conversatione
1595 608 1848 662 absentes
1895 622 2017 661 srse

429 701 755 756 desiderent.
786 699 890 755 Sed
928 700 1090 770 322
1127 708 1497 754 consummata
1530 697 1688 767 hujus
1708 701 1832 751 vita:
1859 713 2014 766 perc-

427 792 754 862 grinatione,
801 793 910 846 Deo
949 792 1239 862 adjuvante
1270 792 1362 856 ¹²²,
1413 791 1479 846 ad
1515 805 1675 860 quem
1723 790 2013 856 tendimus,

427 893 483 938 et
511 884 562 936 in
591 899 696 952 quo
717 897 1016 950 speramus.
1050 884 1102 937 in
1135 883 1310 953 patria
1341 883 1407 937 ad
1431 897 1592 951 quam
1647 881 2012 951 suspiramus,

427 975 582 1043 quasi
615 974 842 1028 diversis
873 975 1158 1028 itineribus
1186 974 1569 1030 conveniemus
1590 973 1680 1026 “3.
1734 972 1832 1027 Ubi
1866 982 2015 1028 tanto

428 1067 823 1130 vehementius,
867 1066 975 1120 Deo
1003 1073 1295 1128 annuente,
1333 1064 1400 1118 de
1430 1064 1659 1119 invicem
1706 1064 2015 1132 congaude-

428 1157 628 1219 bimus,
655 1165 858 1226 quanto
886 1172 1027 1210 nunc
1059 1156 1125 1211 de
1156 1156 1310 1212 nobis
1333 1155 1570 1210 divinam
1599 1155 2008 1224 dispositionem

427 1247 721 1316 patientius
774 1246 1204 1301 toleraverimus.
1264 1245 1487 1300 Interim
1535 1253 1714 1300 tamen
1757 1246 2010 1314 quoniam

428 1340 606 1396 facere
635 1341 776 1410 quod
803 1341 1122 1395 charitatem
1156 1348 1380 1394 renovat
1406 1346 1462 1393 et
1506 1338 1770 1402 accendit,
1805 1352 1909 1391 non
1933 1345 2015 1392 est

427 1433 520 1488 Dei
551 1432 904 1502 dispositione
942 1432 1125 1496 reniti,
1159 1432 1251 1486 sed
1305 1429 1554 1492 obedire,
1587 1430 1857 1484 'dcbemus
1917 1445 2014 1484 nos

426 1525 508 1579 vel
538 1526 738 1579 mutuis
765 1523 1203 1587 salutationibus,
1233 1538 1353 1576 cum
1386 1522 1531 1586 licet,
1558 1523 1810 1576 revisere.
1859 1521 2012 1588 Quod

426 1629 548 1668 cum
584 1614 844 1667 hactenus
873 1613 923 1666 in
955 1613 1057 1667 hac
1084 1611 1312 1682 epistola
1342 1627 1428 1665 me
1454 1611 1643 1666 fecisse
1667 1611 1835 1680 possit
1861 1610 2009 1664 solli-

2121 428 2211 483 Dei
2244 427 2505 484 beneﬁcio
2531 430 2798 501 ingratum
2831 437 3088 496 existere,
3117 434 3265 503 justo
3287 434 3495 503 judicio
3519 455 3618 494 nec
3641 447 3702 493 ad

2118 518 2339 573 meliora
2363 519 2632 589 proﬁciat,
2667 537 2766 575 nec
2793 523 2934 590 quod
2965 525 3175 594 accepit
3207 536 3409 593 teneat,
3439 539 3535 581 aut
3564 530 3612 583 in
3637 545 3703 585 eo

2120 606 2384 661 inutiliter
2407 607 2680 677 persistat.
2712 609 2920 680 Quippe
2941 610 3067 666 dum
3111 613 3448 670 incessanter
3477 617 3706 673 laborio»

2117 696 2192 750 sis
2214 697 2630 766 cogitationibus
2659 700 2724 754 de
2764 702 3022 756 mutando
3051 702 3193 762 loco.
3223 714 3318 759 aut
3342 704 3409 736 ⁸³⁸
3437 707 3484 760 si
3510 711 3698 764 mutari

2117 800 2220 839 non
2253 786 2413 850 valet,
2441 787 2632 842 saltem
2656 788 2724 842 de
2773 789 3131 860 improbando
3179 793 3336 849 initio
3390 798 3694 859 meditatur,

2118 892 2388 946 nunquam
2441 877 2506 931 ad
2561 879 2721 932 ﬁnem
2780 881 3132 949 perfectionis
3180 886 3402 940 tendere
3457 899 3694 944 conatur.

2116 967 2270 1032 Nam,
2306 971 2561 1037 quoniam
2595 970 2667 1024 illi
2704 971 3116 1028 fundamentum
3169 979 3311 1046 quod
3367 983 3566 1047 posuit,
3597 984 3696 1036 dis-

2117 1057 2299 1126 plicet,
2319 1058 2626 1114 nullatenus
2645 1060 2716 1115 illi
2738 1072 3067 1119 structuram
3093 1068 3246 1120 bona:
3266 1069 3385 1123 vita:
3415 1075 3695 1139 superadi-

2116 1147 2276 1202 ﬁcare
2322 1149 2468 1204 libet.
2507 1149 2658 1206 Unde
2696 1151 2754 1206 ﬁt
2801 1163 2879 1218 ut,
2914 1159 3364 1224 quemadmodum
3394 1163 3688 1224 arbuscula.

2115 1241 2156 1294 si
2185 1255 2324 1308 saepe
2349 1241 2772 1311 transplanzetur
2803 1256 2894 1299 aut
2922 1263 3090 1316 nuper
3118 1251 3359 1317 plautata
3406 1254 3456 1306 in
3511 1256 3689 1308 eodem

2114 1329 2232 1386 loco
2293 1333 2483 1386 crebra
2546 1335 2895 1390 convulsioue
2948 1339 3314 1406 inquietctur,
3362 1359 3690 1414 nequaquam

2115 1423 2362 1477 radicare
2380 1423 2583 1485 valens,
2610 1426 2916 1480 ariditatem
2941 1429 3049 1481 cito
3074 1432 3320 1495 attrahit,
3354 1449 3455 1487 nec
3500 1436 3561 1487 ad
3602 1436 3692 1488 alia»

2113 1529 2273 1583 quam
2314 1513 2520 1570 fructus
2544 1514 2876 1572 fertilitatem
2906 1522 3154 1589 pervenit
3202 1523 3312 1592 (12)
3346 1540 3360 1576 :
3395 1525 3473 1579 sic
3518 1527 3686 1581 infelix

2115 1607 2435 1671 monachus,
2460 1609 2502 1662 si
2531 1611 2727 1680 saepius
2749 1612 2812 1665 de
2835 1611 2952 1666 loco
2983 1616 3050 1668 ad
3073 1614 3249 1669 locum
3292 1621 3514 1688 proprio
3539 1637 3691 1691 appe~

425 1717 570 1766 cere,
597 1702 798 1771 aliquid
830 1711 1009 1756 tamen
1037 1710 1236 1756 nostra:
1262 1700 1669 1767 admonitionis,
1716 1715 1878 1769 quam
1916 1699 2008 1754 tibi
2042 1706 2087 1764 Β
2118 1697 2215 1750 ιὶιιι
2242 1706 2500 1763 mutatur,
2530 1708 2622 1753 aut
2650 1699 2702 1753 in
2733 1715 2840 1754 uno
2865 1717 3192 1771 permanens
3235 1705 3552 1776 frequenter
3578 1712 3691 1778 ejus

425 1809 642 1863 semper
664 1793 876 1848 dulcem
903 1792 1051 1858 fecit,
1077 1807 1182 1847 non
1217 1805 1334 1846 mea
1369 1790 1615 1856 fatuitas,
1649 1791 1742 1845 sed
1781 1793 1855 1846 tui
1884 1791 2014 1845 cha-

425 1885 561 1940 ritas
583 1883 668 1948 ηδ,
695 1883 932 1938 instante
959 1881 1184 1937 Domino
1215 1890 1270 1936 et
1300 1880 1572 1936 communi
1605 1890 1791 1935 nostro
1835 1880 2011 1935 amico

427 1975 641 2031 Ursone
663 1974 753 2041 "',
785 1989 949 2045 cogor
971 1972 1260 2041 subjicere.
1287 1971 1440 2036 Nam,
1469 1972 1680 2026 etiamsi
1733 1971 1864 2024 nihil
1911 1971 2006 2025 tibi

426 2069 606 2123 dicere
632 2068 831 2138 possim
867 2066 1010 2136 quod
1036 2066 1271 2137 ignores,
1299 2065 1419 2135 plus
1443 2073 1620 2118 tamen
1648 2063 1870 2118 Iucrebit
1903 2078 2012 2118 me-

425 2160 632 2223 moriae,
651 2159 793 2228 quod
816 2173 847 2212 a
872 2157 1068 2213 dilecto
1088 2156 1346 2212 dilectore
1390 2155 1593 2209 dictum
1631 2153 1892 2222 suscipies
1921 2153 2009 2206 “3.

425 2252 704 2322 ingressus
733 2266 810 2317 es,
834 2249 1180 2313 charissime,
1216 2245 1601 2318 professusque
1624 2244 1826 2300 Christi
1874 2244 2012 2299 mili-

427 2343 578 2408 tiam,
609 2347 662 2396 in
713 2358 816 2412 qua
862 2356 969 2395 non
1005 2340 1177 2394 solum
1226 2348 1415 2408 aperte
1471 2337 1787 2392 obsistentis
1840 2335 2012 2390 hostis

424 2434 678 2489 violentia
704 2442 788 2489 est
810 2432 1176 2504 propellenda,
1201 2432 1294 2487 sed
1321 2430 1484 2502 etiam
1507 2429 1660 2499 quasi
1681 2428 2010 2483 consulentis

423 2528 621 2581 astutia
651 2526 912 2581 cavenda.
948 2524 1102 2594 Sazpe
1125 2538 1361 2593 namque
1389 2522 1515 2576 dum
1545 2521 1777 2574 tironem
1805 2519 2008 2574 Christi

402 2617 648 2672 “vulnere
668 2616 824 2671 mala:
846 2614 1136 2670 voluntatis
1165 2622 1350 2683 aperte
1394 2612 1686 2666 malevolus
1716 2625 1819 2665 non
1868 2610 2010 2666 valet

424 2715 714 2786 perimere,
745 2714 1016 2770 sitientem
1037 2728 1160 2768 eum
1191 2709 1384 2781 poculo
1409 2709 1475 2741 “7
1529 2722 1813 2764 venenosa:
1843 2707 2008 2760 ratio-

424 2806 512 2861 nis
536 2805 796 2861 malevole
824 2803 1048 2861 callidus
1100 2810 1272 2858 tentat
1305 2800 1670 2869 exstinguere.
1695 2797 1854 2862 Nam,
1884 2811 2006 2852 cum

424 2894 748 2950 monachum
780 2895 964 2964 nequit
987 2893 1216 2948 obruere
1243 2891 1367 2945 vitae
1389 2904 1559 2960 quam
1606 2885 1882 2958 professus
1923 2894 2008 2940 est

424 2986 586 3050 odio,
616 2987 806 3042 nititur
827 3001 947 3041 eum
974 2981 1422 3045 conversationis,
1479 2981 1530 3035 in
1565 2995 1668 3050 qua
1720 2985 1822 3042 est,
1877 2979 2006 3045 sub:

2114 1785 2239 1840 odio
2263 1787 2590 1854 concutitur,
2623 1805 2886 1861 nusquam
2929 1794 3130 1849 amoris
3177 1797 3450 1854 stabilitas
3503 1803 3692 1856 radici.

2113 1877 2232 1942 bus,
2259 1878 2324 1933 ad
2357 1895 2516 1934 omne
2539 1881 2670 1936 utile
2713 1885 3030 1939 exercitium
3089 1886 3412 1959 languescit,
3461 1902 3520 1947 et
3554 1897 3691 1950 nulla

2112 1964 2376 2022 bonorum
2408 1983 2628 2037 operum
2662 1973 2905 2028 ubertate
2931 1975 3166 2030 ditescit.
3207 1976 3449 2048 Cumque
3492 1996 3551 2036 se
3601 2001 3691 2040 ne-

2111 2073 2382 2129 quaquam
2415 2063 2480 2115 ad
2519 2062 2738 2128 bonum,
2796 2065 2890 2118 sed
2947 2065 2997 2119 in
3054 2067 3254 2121 malum
3307 2070 3594 2139 proﬁcere,
3648 2079 3690 2128 si

2111 2148 2251 2205 forte
2280 2152 2381 2208 hoc
2419 2153 2698 2224 recogitat,
2727 2156 3046 2225 perpendit;
3080 2172 3293 2213 omnem
3319 2175 3432 2215 sua:
3463 2165 3694 2218 miserim

2111 2257 2328 2297 causam
2356 2258 2462 2297 non
2495 2244 2546 2297 in
2571 2247 2706 2309 suis,
2730 2246 2824 2300 sed
2872 2247 2938 2278 ¹²⁹
2973 2248 3204 2303 aliorum
3264 2253 3506 2308 moribus
3557 2255 3694 2324 inju-

2111 2345 2228 2390 stus
2256 2336 2507 2401 intendit,
2538 2347 2698 2406 atque
2728 2339 2852 2394 inde
2876 2354 2934 2393 se
2957 2341 3127 2410 magis
3154 2343 3221 2397 ad
3260 2344 3441 2398 odium
3507 2361 3691 2402 eorum

2111 2425 2254 2480 inter
2277 2440 2414 2494 quos
2443 2425 2510 2456 ¹³⁰
2540 2437 2913 2492 conversatur,
2941 2428 3228 2485 infeliciter
3253 2435 3521 2488 accendit.

2181 2519 2538 2588 Quapropter,
2581 2519 2890 2590 quicunque
2941 2524 3338 2578 emnobitarnm
3383 2527 3494 2595 (1'5)
3553 2527 3694 2583 forte

2110 2613 2441 2680 propositum
2473 2612 2805 2681 aggreditur,
2835 2613 3059 2678 expedit
3113 2615 3165 2668 ei
3199 2627 3257 2669 ut
3289 2618 3339 2669 in
3366 2633 3694 2687 quocunque

2112 2703 2444 2756 tnouasterio
2472 2702 2748 2770 professus
2794 2703 2976 2772 fuerit,
3021 2705 3124 2760 nisi
3158 2707 3268 2762 tale
3309 2708 3470 2762 fuerit
3513 2719 3570 2762 ut
3623 2711 3693 2766 ibi

2111 2793 2310 2849 malum
2331 2794 2530 2848 invitus
2554 2791 2733 2850 facere
2747 2805 2993 2866 cogatur,
3034 2808 3143 2852 tota
3175 2801 3368 2854 mentis
3394 2801 3695 2858 intentione

2109 2883 2312 2937 amoris
2346 2882 2618 2938 radicibus
2643 2885 2712 2938 ibi
2746 2887 2992 2942 radieare
3015 2888 3247 2953 studeat,
3280 2898 3443 2959 atque
3458 2889 3695 2946 aliorum

2110 2992 2290 3033 mores
2322 2991 2415 3034 aut
2440 2981 2540 3035 loci
2563 2980 3002 3044 consuetudines,
3049 2981 3092 3034 si
3119 2990 3302 3034 contra
3333 2983 3518 3035 divina
3554 2999 3695 3052 pra:-

424 3093 584 3133 ruere
612 3075 849 3132 fastidio.
876 3075 942 3130 Et
975 3074 1104 3131 licet
1131 3071 1204 3128 illi
1250 3071 1626 3128 monachicum
1669 3069 2004 3140 propositum
2031 3055 2076 3121 C
2108 3079 2262 3141 cepta
2284 3087 2389 3128 non
2414 3082 2564 3139 sunt,
2591 3072 2801 3128 etiamsi
2827 3073 3042 3129 inutiles
3077 3074 3356 3128 vidcantur
3408 3075 3508 3138 ¹³¹,
3560 3077 3698 3144 diju-

423 3170 714 3227 tenendum
744 3169 898 3241 quasi
922 3169 1214 3234 concedat,
1253 3176 1433 3221 tamen
1464 3165 1588 3235 quia
1623 3166 1724 3219 hoc
1753 3163 1854 3220 sub
1882 3163 2006 3217 tali-

429 3265 532 3318 bus
553 3271 646 3318 aut
678 3264 822 3318 inter
867 3261 1022 3328 tales,
1061 3260 1230 3314 autin
1274 3274 1340 3314 eo
1392 3258 1509 3313 loco
1567 3256 1808 3328 incoepit,
1857 3256 2004 3311 illum

421 3353 643 3408 stultum
669 3353 828 3408 nimis
853 3351 1354 3422 imprudentemquc
1379 3347 1712 3404 multimodis
1748 3347 2002 3403 versutiis

2111 3163 2294 3220 dieare
2323 3165 2573 3235 refugiat.
2630 3164 2873 3221 Gaudeat
2903 3181 2962 3222 se
2983 3166 3092 3236 jam
3124 3167 3346 3221 tandem
3393 3169 3693 3232 invenisse,

2109 3251 2200 3307 ubi
2231 3267 2289 3309 se
2331 3269 2436 3309 non
2469 3256 2697 3310 invitum
2729 3257 2822 3312 sed
2852 3257 3214 3312 voluntarium
3247 3267 3360 3312 tota
3386 3261 3493 3314 vita
3541 3277 3698 3314 mau-

2113 3362 2330 3412 surum,
2379 3349 2526 3403 omni
2573 3351 2997 3422 transmigrandi
3037 3351 3395 3408 sollicitudine
3436 3356 3698 3423 propulsa

1714 3481 1946 3537 \‘ARUE
1987 3479 2389 3537 LECTIONES.

497 3579 562 3610 ¹¹⁹
592 3578 839 3633 Detineat
873 3593 973 3631 ms.
1005 3576 1096 3631 20.
1145 3577 1198 3629 in
1229 3575 1432 3630 duobus
1477 3573 1883 3646 cumpluribus.
1925 3573 2194 3628 destiueat
2223 3589 2320 3646 ms.
2353 3571 2438 3627 18.
2483 3573 2776 3646 distinguat
2815 3591 2912 3629 ms.
2959 3573 3084 3646 Lyov.

1445 3646 1508 3678 ¹²¹
1556 3644 1964 3714 Atnpleeteutur
2001 3659 2126 3696 mss.
2172 3644 2575 3714 amplectantur

1057 3718 1125 3749 ¹²³
1167 3717 1561 3772 Couvcniemus
1598 3713 1697 3769 ms.
1729 3716 1814 3771 18.
1845 3714 2228 3768 Perveniemns
2323 3713 2390 3744 ¹¹⁵
2418 3714 2528 3769 Tua
2554 3715 2790 3771 charitas
2824 3733 2921 3769 ms.
2950 3717 3034 3770 18.
3069 3719 3143 3770 tui
3177 3719 3413 3774 rharitas
3501 3722 3573 3753 ¹²⁸
3600 3722 3705 3775 Ur-

1057 3805 1115 3842 ις.
1161 3787 1249 3843 18.
1277 3798 1323 3841 et
1353 3788 1478 3841 Lov.
1515 3787 1746 3842 Ursione
1859 3786 1926 3816 ¹²⁶
1962 3783 2296 3844 Suspiciens.
2341 3801 2467 3838 mss.
2507 3797 2554 3840 et
2595 3786 2739 3839 Edit.
2768 3785 2980 3839 Picardi
3019 3798 3066 3840 et
3094 3786 3208 3842 Col.
3238 3791 3394 3844 1573.
3425 3793 3700 3844 suscioies

2005 3793 2296 3841 usniciens.
2341 3801 2467 3838 mss.
2507 3797 2554 3840 et
2595 3793 2739 3839 Edit.
2768 3793 2980 3839 I’icardi
3019 3798 3066 3840 et
3094 3793 3208 3841 Col.
3238 3793 3394 3841 1573.
3425 3793 3699 3841 suscipias

765 3799 792 3844 ν.
841 3799 976 3845 Ut‘so
1017 3805 1115 3842 ms.
1161 3799 1249 3843 18.
1277 3799 1323 3841 et
1353 3799 1478 3841 Lov.
1515 3799 1746 3842 Ursmne
1860 3799 1926 3816 ""
1962 3799 2296 3852 SuspICIens.
2341 3801 2467 3838 mss.
2507 3799 2554 3840 et
2595 3799 2739 3839 ιιαιι.
2768 3799 2980 3839 ιἰοαναι
3019 3799 3066 3840 et
3094 3799 3208 3842 (λοι.
3238 3799 3394 3852 1575,
3425 3799 3700 3860 suscipies

765 3861 829 3894 ³³⁷
883 3859 1085 3929 Populo
1133 3875 1258 3912 mss.
1299 3869 1356 3929 et
1393 3856 1539 3929 Eripit.
1593 3855 1813 3929 Picardi
1848 3855 2176 3929 populnAms.
2201 3854 2328 3929 l_.ou.
2406 3855 2474 3929 “_"
2502 3856 2757 3929 Mutando
2789 3865 2882 3929 aut
2919 3860 3102 3929 inuno
3131 3856 3370 3926 Exempl.
3401 3878 3503 3915 ηις.
3525 3864 3620 3916 20.
3651 3877 3700 3917 et

1347 3927 1414 3959 ¹⁸⁹
1438 3928 1553 3981 Non
1585 3927 1719 3990 suis,
1751 3924 1860 3980 sed
1881 3943 1978 3979 ms.
2011 3924 2096 3980 18.
2131 3935 2177 3976 et
2207 3925 2331 3978 [λου.
2363 3927 2458 3979 sed
2497 3928 2548 3980 in
2599 3927 2740 3988 suis,
2773 3927 2864 3981 sed

2097 3994 2160 4025 ⁸³¹
2207 3995 2474 4050 lnutilitcr
2512 3997 2798 4051 vidcantur
2825 4013 2949 4051 mss.
2983 4009 3030 4053 et
3061 3999 3208 4054 Edit.
3231 3999 3418 4056 Colon.
3469 3994 3704 4057 inutiles

421 3667 521 3703 ms.
556 3650 640 3704 18.
674 3659 720 3702 et
769 3647 891 3702 Lov.
925 3648 982 3702 in
1031 3647 1333 3701 dilectiaane

427 3720 540 3774 l’ic.
576 3720 665 3774 illo
695 3719 983 3788 adjuvante

421 3805 551 3845 sene
583 3808 678 3843 ηις.
703 3787 792 3844 ειο.
841 3791 976 3845 Urso
1017 3805 1115 3842 ms.
1161 3787 1249 3843 18.
1277 3798 1323 3841 et
1353 3788 1478 3841 Lov.
1515 3787 1746 3842 Ursione

420 3877 518 3914 ms.
559 3859 685 3914 ιον.

421 3948 526 3985 ms.
556 3930 680 3985 Lov.
714 3932 966 3985 imitando
996 3929 1114 3984 loco
1144 3937 1237 3982 aut.

421 4017 547 4054 mss.
595 4003 776 4056 odium
806 4016 995 4058 eorum
1043 4001 1183 4054 inter
1211 4013 1393 4068 quos..
1439 3999 1690 4054 accendit
1731 4013 1832 4051 ms.
1865 3995 1991 4049 Lov.

422 4072 708 4126 videantur

3188 3578 3254 3609 ¹²⁰
3315 3574 3373 3631 Et
3403 3579 3703 3638 dilectione

2687 3647 2752 3676 ¹²¹
2800 3646 2908 3700 Deo
2946 3645 3232 3711 adjuvante
3279 3667 3406 3704 mss.
3447 3661 3498 3704 et
3542 3651 3696 3708 Edit.

2406 3855 2474 3890 “"
2502 3856 2757 3911 Mutando
2789 3865 2882 3909 aut
2919 3860 3102 3912 inuno
3131 3856 3370 3926 Exempl.
3401 3878 3503 3915 ηις.
3525 3855 3620 3916 26.
3651 3877 3702 3917 ﬂ

2977 3927 3046 3960 ¹³⁰
3073 3929 3300 4002 ⁸Οιιίιιιιι,
3339 3933 3480 3987 inter
3511 3949 3698 4002 quos..

1589 4177 1870 4234 IOANNIS
1898 4173 2168 4234 PlCARDl
2209 4178 2437 4235 ΝΟΤᾹΞ.

419 4297 710 4352 festivitate
739 4307 940 4350 sanctzc
969 4293 1149 4366 Mariae
1178 4292 1322 4366 (quze
1346 4290 2004 4366 AnnuntiatioDominica
2039 4293 2084 4351 D
2113 4291 2235 4344 vitm
2273 4293 2408 4366 rapti
2447 4292 2714 4366 desiderio
2733 4335 2747 4359 ,
2783 4293 3102 4366 plerumque
3130 4298 3196 4350 ad
3225 4297 3368 4352 aliud
3409 4305 3706 4357 transeunt

419 4367 640 4438 dicitur)
677 4366 931 4438 majorem
965 4361 1272 4438 missanrjn
1303 4370 1568 4438 conventu
1590 4361 1909 4438 celebraret,
1952 4369 2008 4415 et

418 4431 670 4492 octavo'a
703 4431 958 4507 prazdicto
988 4434 1162 4490 sancti
1186 4433 1459 4507 Benedicti
1492 4431 1718 4507 transitu
1749 4431 1840 4507 die
1859 4445 2004 4507 pra:-

417 4517 615 4562 ventus
663 4501 998 4568 inﬁrmitate,
1041 4513 1236 4558 octavo
1283 4503 1634 4558 nihilominus
1667 4501 1756 4556 die
1795 4502 1861 4553 ab
1889 4501 2005 4554 An-

418 4576 757 4630 nuntiatione
793 4575 1068 4629 Dominica
1103 4575 1352 4643 migraret
1393 4574 1459 4626 ad
1485 4571 1780 4643 Christum.
1829 4569 2000 4643 ροιηό

418 4645 584 4715 hujus
616 4645 856 4715 epistolae
885 4641 1201 4715 nominatim
1235 4643 1481 4698 meminit
1508 4641 1797 4715 Anselmus
1827 4641 1999 4711 Epist.

420 4712 524 4772 101
551 4717 619 4770 ad
650 4712 1016 4779 Guarnerum,
1049 4713 1142 4768 lib.
1178 4729 1260 4768 ιιι.
1298 4715 1595 4768 Eadmerus
1630 4712 1825 4766 bonam
1870 4725 1998 4781 par-

419 4797 527 4842 tem
576 4785 805 4840 adduxit
835 4785 928 4839 lib.
963 4799 980 4839 ι
1014 4784 1147 4839 Viue
1187 4783 1428 4852 ejusdem
1457 4781 1739 4852 Anselmi,
1761 4795 1880 4850 cap.
1911 4781 1999 4835 15.

489 4856 602 4927 (12)
643 4855 734 4911 Sic
774 4854 958 4924 infelix
994 4851 1300 4927 monachus.
1363 4853 1438 4908 Eo
1469 4868 1573 4906 non
1607 4851 1807 4906 insulse
1834 4855 2004 4920 respi-

417 4925 543 4984 cere
568 4929 782 4982 videtur
805 4927 933 4980 illud
955 4925 1126 4996 lyrici.

486 5019 584 5074 Cui
608 5019 773 5089 placet
802 5018 1037 5082 alterius,
1065 5035 1164 5074 sua
1197 5017 1444 5089 nimirum
1477 5023 1550 5067 est
1577 5014 1696 5067 odio
1721 5028 1860 5089 sors.

487 5083 690 5161 Stultus
712 5100 925 5161 uterque
945 5090 1117 5144 locum
1142 5087 1738 5161 inimeritumfausatur
1758 5083 1960 5153 inique.

485 5160 554 5215 In
579 5160 735 5231 culpa
757 5155 1077 5222 est'animus,
1101 5159 1268 5229 quise
1290 5171 1394 5209 non
1423 5155 1606 5224 e/fugit
1631 5169 1887 5224 unquam.

1024 5253 1258 5326 (llonn.
1287 5249 1381 5305 lib.
1409 5264 1448 5315 I,
1479 5263 1619 5303 vers.
1645 5247 1860 5319 11,13.)

478 5347 598 5470 313)
639 5345 744 5412 Qui
784 5345 1150 5401 carnobitarum
1191 5342 1494 5414 aggreditur
1526 5342 1871 5412 propositum,
1903 5358 1997 5396 ea:-

513 5419 552 5470 it
579 5419 647 5470 ei.
671 5426 726 5470 ut
749 5418 805 5470 in
833 5431 1139 5470 auocunuue
1179 5413 1492 5467 monasterio
1516 5413 1782 5470 professus
1812 5412 1992 5470 fuerit,

413 5412 552 5489 pedit
579 5412 647 5489 ei,
671 5426 726 5489 ut
749 5418 805 5470 in
833 5431 1139 5489 quocunque
1157 5412 1492 5489 Διιιιιιιςιςιενὶο
1516 5413 1782 5482 professus
1810 5412 1992 5489 fuerit,

417 5483 518 5541 nisi
547 5487 652 5540 tale
677 5483 856 5553 fuerit,
880 5497 934 5540 ut
957 5487 1028 5540 ibi
1054 5483 1258 5539 malum
1287 5485 1459 5552 facere
1488 5493 1729 5553 cogatur,
1755 5499 1810 5537 se
1844 5483 1993 5536 radi-

2111 4364 2524 4445 !nonasterium,
2555 4365 2697 4418 unde
2727 4365 2886 4444 paulo
2915 4364 3060 4445 post,
3082 4369 3336 4445 quoniam
3373 4371 3531 4422 oneri
3573 4385 3708 4424 sunt

2110 4439 2364 4507 impares,
2398 4443 2664 4507 coguntur
2701 4439 2854 4507 exire
2882 4452 2986 4489 non
3019 4439 3136 4491 sine
3164 4439 3312 4507 gravi
3351 4453 3618 4503 maerore,
3653 4455 3710 4496 et

2105 4503 2321 4572 grandi,
2350 4505 2434 4558 cui
2466 4512 2725 4560 exeuntes
2755 4505 3104 4572 objiciuntur,
3145 4503 3456 4562 tentatiOuis
3499 4512 3707 4565 disvr-

2106 4572 2270 4649 mine.
2299 4573 2747 4649 Magisterﬁdam
2777 4576 2843 4649 de
2872 4577 3078 4649 Saucto
3099 4579 3330 4640 Victore,
3359 4580 3445 4632 vir
3470 4584 3711 4649 :equalzs

2108 4643 2340 4716 llug_oni,
2378 4643 2719 4716 lticardo,_et
2751 4644 2874 4699 aliis
2905 4647 3275 4716 compluribus
3304 4651 3474 4704 nostri
3512 4643 3713 4704 cinno-

2106 4712 2180 4789 bii
2210 4712 2465 4789 Patri_hus_
2506 4713 2945 4789 religiOsissimis.
3000 4712 3052 4770 in
3103 4719 3314 4789 dialogo
3365 4718 3440 4773 De
3499 4721 3590 4773 ins
3623 4740 3714 4776 ru.

2107 4784 2295 4855 ctione
2337 4784 2581 4854 discipuli
2629 4789 2811 4854 (quem
2839 4789 3164 4855 nuncupavit
3192 4784 3438 4843 I’a'trilius
3497 4796 3712 4845 nostris

2107 4854 2384 4925 canonicis
2425 4855 2670 4909 ecclesiae
2713 4854 3190 4925 archiepiscirpdis
3227 4860 3414 4913 Sancti
3446 4862 3714 4914 Andrum

2109 4924 2163 5002 in_
2190 4924 2393 4994 Scotia)
2425 4925 2762 5002 interrogans
2787 4924 3034 5002 eumdem
3054 4927 3169 5002 jam
3195 4930 3454 4999 drjurata:
3487 4933 3712 5002 religio-

2111 4994 2197 5067 nis
2225 5003 2569 5067 sacramento
2598 4996 2862 5067 ligatum,
2913 4998 3012 5051 hoc
3051 4994 3202 5052 audit
3246 4994 3712 5067 respondenti-in.

2116 5082 2144 5138 ιΔ
2167 5064 2304 5138 Quid
2330 5065 2388 5138 ‘si
2421 5065 2642 5133 majoris
2667 5064 3033 5138 perfectionis
3075 5079 3128 5122 et
3159 5064 3433 5138 rigidinris
3489 5074 3714 5125 ordinis

2112 5133 2379 5189 desiderio
2416 5133 2869 5190 accensnsvitatn
2914 5153 3084 5192 meum
3133 5133 3450 5199 etnettdare.
3485 5152 3544 5194 et
3573 5160 3719 5195 ciiii-

2109 5206 2469 5282 versationem
2510 5221 2682 5282 meatu
2724 5210 3192 5282 augere__vuluero,
3222 5213 3494 5282 nunquid,
3524 5215 3623 5267 ubi
3660 5215 3718 5267 id

2111 5271 2328 5345 faciam,
2356 5277 2730 5345 transmigrem
2759 5271 3038 5332 consulis?

2178 5360 2197 5394 ι
2247 5343 2400 5399 Doct.
2440 5343 2604 5399 Certe
2638 5363 2741 5401 nou
2783 5352 3027 5403 consulo.

2177 5431 2198 5464 ι
2248 5413 2393 5468 Disc.
2437 5415 2658 5480 Quare?

2176 5502 2196 5536 ι
2243 5483 2396 5538 Docl.
2439 5483 2702 5560 Primum,
2745 5489 2870 5557 quia
2911 5500 3212 5560 suspectam
3242 5492 3422 5548 habeo
3473 5495 3726 5547 inﬁrmi-

2102 5562 2267 5609 tatem
2288 5563 2471 5629 Διιιειιιι,
2492 5556 2623 5629 quia
2647 5556 2806 5629 potes
2836 5556 3061 5614 sull‘crre
3088 5565 3334 5616 ordinem
3366 5565 3562 5629 istum,
3599 5583 3721 5618 non

417 5573 538 5608 care
560 5557 785 5610 studeat.
820 5555 993 5610 Locus
1026 5555 1471 5625 expressissimus
1499 5554 1567 5608 ad
1593 5554 1994 5625 conﬁrmandos

2101 5632 2256 5694 potes
2281 5622 2536 5682 fortassis
2571 5622 2795 5684 sufferre
2828 5630 2997 5686 illum.
3029 5631 3305 5700 Secundo,
3346 5640 3483 5705 quia
3536 5622 3724 5691 timeo

417 5625 814 5694 quamplurium
876 5623 1270 5682 emnobitarum
1330 5623 1560 5690 animos,
1602 5624 1693 5694 qui
1755 5625 1990 5679 durioris

2336 5762 2376 5772 ..κ
