3898 6052
276 198 410 255 1097

1442 198 1571 255 Im.
1609 198 1651 265 ι,
1691 197 1909 271 εΡιδτ,
1950 197 2136 254 xxrx.

3387 200 3524 258 4098

263 316 523 372 deliberet
550 332 566 370 :
593 324 651 370 ut
677 314 890 385 quietus
924 313 990 367 ad
1013 313 1123 368 sola
1176 312 1277 383 piae
1330 315 1677 384 probataque
1716 314 1843 369 vitre
1872 318 1918 374 Α
1945 314 2101 369 nibus
2127 312 2307 377 liceat,
2335 311 2567 368 :estimet
2611 320 2705 366 aut
2746 325 2806 367 se
2849 310 2985 381 faili,
3035 312 3153 367 slve
3191 311 3529 383 praeferendo

266 408 334 440 “’
360 407 617 463 exercitia
646 407 981 476 exquirenda
1018 406 1207 460 sedulo
1236 415 1415 460 vacet.
1440 405 1595 471 Quod
1641 407 1686 460 si
1737 406 1840 461 sibi

262 499 477 553 videtur
505 498 710 567 majora
738 498 981 568 quaedam
1008 512 1073 551 ac
1099 497 1315 552 utiliora
1343 498 1606 568 spirituali
1634 497 1848 553 fervore

263 597 519 658 appetere
539 603 700 658 quam
733 587 806 642 illi
833 587 1123 657 praesentis
1177 588 1491 643 monasterii
1558 589 1850 643 institutio-

1950 406 2100 476 paria
2138 404 2382 474 paribus,
2410 404 2495 458 vel
2519 402 2721 473 majora
2752 402 3049 471 majoribus
3095 403 3181 469 ⁸³³,
3229 405 3343 459 sive
3390 419 3529 474 pne-

1950 496 2214 551 sumendo
2240 509 2297 549 se
2319 508 2480 565 posse
2513 494 2657 564 quod
2695 509 2802 548 non
2839 493 3032 563 possit,
3070 502 3166 548 aut
3214 503 3364 549 certe
3402 508 3529 550 cre-

1952 586 2045 643 dat
2076 601 2135 642 sc
2169 600 2279 640 non
2329 585 2596 641 meruisse
2631 584 2775 654 quod
2814 584 3109 640 desiderat.
3169 583 3321 651 Quod
3351 584 3396 639 si
3432 584 3531 637 lul-

1545 722 1779 777 VABle
1818 718 2225 775 LECTIONES.

338 834 411 867 “’
440 834 507 890 Et
544 835 757 904 quietus
798 834 865 889 ad
908 833 1021 889 sola
1063 834 1176 904 piae
1214 835 1559 903 probataque
1599 834 1722 904 vitm
1748 849 1874 886 mss.
1894 833 2001 886 duo
2019 841 2068 886 et
2092 829 2237 884 Edit.
2267 840 2325 885 nt
2347 832 2574 900 Quietus
2604 833 2671 885 ad
2698 831 2811 887 sola
2839 831 2941 902 pia:
2971 832 3093 887 vita:
3131 849 3231 887 ius.
3258 831 3383 888 Lor.
3463 832 3533 865 ‘”

265 902 471 961 Minora
504 902 797 975 majoribus
840 921 939 958 ms.
969 905 1034 960 18
1070 902 1118 957 et
1150 902 1272 958 Lor.
1305 904 1510 972 majora
1536 903 1829 970 majoribus

1461 1011 1745 1068 JOANNIS
1771 1011 2040 1068 PICARDI
2075 1012 2303 1068 NO'UE.

265 1145 334 1186 ne
358 1145 457 1203 per
484 1130 776 1208 discessum
807 1135 953 1208 tuum
979 1126 1080 1188 eis.
1111 1124 1349 1208 quipost
1371 1124 1672 1208 discessum.
1696 1132 1844 1208 tilum

268 1194 571 1265 remanent,
605 1199 819 1267 aliquod
850 1198 1104 1250 damnum
1130 1194 1399 1267 inferatur
1430 1203 1484 1249 et
1510 1194 1846 1249 scandalum.

340 1289 362 1322 ‹
409 1271 552 1324 Disc.
594 1269 659 1321 Et
696 1266 867 1337 quare
899 1268 1009 1319 lucc
1046 1266 1275 1337 essent?

342 1360 361 1391 ι
407 1340 559 1393 Dect.
601 1334 789 1392 Nonne
826 1353 928 1389 una
958 1351 1017 1390 es
1049 1336 1113 1389 de
1147 1337 1333 1390 decem
1364 1334 1686 1405 virginibus,
1729 1350 1848 1404 quae

266 1412 575 1478 accipientes
606 1407 875 1478 lampades
906 1422 1031 1459 suas
1062 1406 1300 1459 exierunt
1335 1406 1537 1459 obviam
1575 1421 1764 1473 sjmnso
1799 1413 1848 1458 et

266 1476 511 1549 sponsa?!
547 1476 761 1549 (Matth.
790 1491 913 1549 xxv,
947 1478 1016 1549 Ι.)
1158 1545 1169 1549 _
1469 1542 1484 1549 _
1585 1498 1617 1549 ,ξ

342 1566 361 1598 ‹
414 1542 564 1600 Ηὶσεζ
600 1546 713 1600 Una
741 1546 955 1615 quidem
984 1546 1051 1599 de
1079 1545 1317 1615 quinque
1349 1542 1704 1615 prudentibus
1729 1557 1850 1597 esse

265 1619 537 1674 desidero.

343 1708 362 1739 ε
410 1687 561 1740 Doct.
603 1685 706 1756 Aut
734 1684 973 1756 prudens
992 1684 1146 1756 virgo
1176 1700 1258 1750 es,
1287 1693 1383 1739 aut
1409 1682 1579 1739 fatua.

345 1776 367 1810 r
416 1757 557 1809 Disc.
597 1755 727 1809 Sum
767 1755 977 1823 utique.

344 1846 364 1878 ι
411 1826 563 1880 Doct.
604 1824 660 1880 Si
695 1824 837 1878 fatua
865 1839 943 1888 es,
974 1838 1081 1878 non
1109 1823 1328 1878 consulo
1351 1833 1410 1879 ut
1440 1837 1713 1893 quoquam
1747 1823 1847 1878 dis-

264 1898 449 1957 cedas,
488 1912 556 1949 ne
584 1895 723 1950 forte
759 1895 937 1949 fatuus
965 1893 1207 1965 sitfatui
1238 1910 1507 1965 egressus.
1571 1893 1627 1948 Si
1665 1903 1847 1947 autem

267 1968 504 2039 prudens
533 1982 617 2028 es,
654 1972 710 2039 et
750 1974 878 2019 tunc
922 1963 1293 2039 nihilominus
1316 1963 1539 2018 consulo
1573 1971 1636 2039 _ut
1678 1977 1849 2039 reuna:

266 2033 421 2098 neas,
454 2045 513 2088 ut
545 2037 721 2099 matri,
756 2049 876 2103 quae
924 2042 976 2088 te
1001 2034 1252 2101 concepit
1296 2043 1351 2086 et
1374 2033 1634 2102 portavit,
1666 2033 1845 2086 domui

267 2106 521 2162 videlicet
574 2113 702 2167 tute,
732 2120 843 2174 pra:
872 2106 1082 2157 cunctis
1112 2103 1233 2157 aliis
1280 2111 1386 2174 tua
1420 2104 1693 2174 sapientia
1734 2117 1850 2174 suc-

267 2186 472 2232 currat.
504 2193 522 2225 ι
568 2174 634 2227 Et
660 2171 781 2243 post
819 2174 1111 2238 modicum,
1138 2174 1229 2227 ubi
1263 2173 1555 2243 discipulus
1576 2171 1849 2243 Aobjiciens

269 2246 583 2301 notissimos
614 2241 840 2297 fratrum
872 2257 1073 2312 mores,
1107 2258 1136 2295 a
1160 2243 1380 2312 quibus,
1400 2241 1543 2311 'quia
1575 2241 1730 2312 longe
1761 2242 1849 2295 ab-

269 2318 475 2380 horret,
499 2315 625 2369 odio
653 2314 741 2378 sit,
764 2314 874 2367 ait:
907 2329 926 2364 ι
959 2311 1119 2367 Visne
1146 2311 1275 2381 ergo
1306 2322 1363 2367 ut
1388 2326 1697 2368 remaneant
1721 2326 1845 2365 cum

272 2404 293 2437 ι
339 2386 463 2439 odio
477 2384 505 2437 Ῥ
548 2403 567 2437 ι

342 2473 364 2506 ς
414 2455 564 2507 Doct.
608 2453 979 2522 Nequaquam,
1030 2452 1156 2522 sed_
1179 2466 1301 2506 cum
1362 2451 1672 2522 dilectione.
1711 2450 1846 2522 volo

268 2526 412 2579 enim
451 2532 510 2577 ut
542 2522 675 2578 Abel
706 2519 935 2577 'haliites
973 2538 1095 2576 cum
1120 2519 1274 2586 Cain,
1325 2530 1384 2575 ut
1420 2521 1569 2575 Isaac
1610 2535 1734 2575 cum
1779 2521 1849 2574 ls‘

271 2594 464 2659 maele,
498 2609 620 2647 cum
652 2592 790 2646 Esau
812 2591 1001 2647 Jacob.
1034 2592 1240 2661 Poterit
1280 2606 1510 2661 namque
1550 2590 1647 2644 tibi
1668 2590 1849 2661 prod-

268 2680 389 2719 esse
415 2664 647 2725 malitia,
689 2662 733 2715 si
782 2663 875 2715 tibi
909 2677 1015 2716 non
1047 2658 1307 2716 defecerit
1347 2658 1623 2730 patientia.
1658 2658 1715 2714 Si
1753 2674 1848 2713 ano

270 2744 379 2787 lem
416 2733 553 2786 tales
600 2732 699 2799 ipsi
745 2730 942 2801 fuerint
980 2739 1039 2784 ut
1078 2741 1129 2785 te
1167 2733 1236 2784 ad
1274 2740 1555 2801 peccatum
1602 2731 1845 2793 trahant,

270 2818 416 2858 nunc
440 2801 664 2871 consulo
690 2808 750 2853 ut
790 2800 917 2863 alio,
944 2802 1033 2854 ubi
1062 2802 1173 2855 Deo
1198 2800 1411 2868 placere
1440 2802 1636 2871 possis,
1674 2802 1851 2855 disce-

270 2874 391 2927 das.
426 2892 447 2925 ι
490 2873 550 2925 1).
577 2870 885 2924 Bernardus
908 2872 1017 2932 (cui
1050 2880 1107 2923 et
1136 2872 1423 2938 praedictus
1444 2870 1453 2871 “
1472 2882 1656 2925 noster
1676 2872 1847 2923 Adam

270 2943 451 3012 posuit
498 2939 857 3012 epitaphium)
888 2954 953 2993 ex
983 2939 1186 3012 aliquot
1225 2940 1597 2994 Columbensis
1634 2939 1846 3012 abbatis

270 3009 681 3082 quaestionibus,
711 3018 788 3082 et_
810 3010 969 3074 hanc,
1014 3010 1081 3060 de
1105 3024 1207 3077 qua
1237 3024 1380 3082 mmo
1409 3023 1587 3082 sermo
1634 3018 1740 3073 est,
1771 3009 1850 3082 sic

270 3078 469 3135 enodat
517 3082 570 3136 in
616 3080 711 3134 lib.
761 3080 837 3133 De
879 3089 1148 3150 przecepto
1183 3085 1238 3150 et
1276 3079 1698 3150 dispensatione.
1752 3078 1849 3150 «ΔΑ

270 3150 436 3216 bono,
465 3152 610 3221 quod
652 3150 817 3221 semel
858 3146 980 3219 quis
1027 3146 1253 3221 vaverit,
1288 3146 1620 3221 descendere
1639 3163 1755 3221 non
1787 3146 1851 3221 li-

270 3236 431 3287 cere,
462 3218 673 3275 mutare
708 3218 905 3284 locum,
931 3234 1090 3288 quem
1139 3219 1239 3273 sibi
1290 3219 1521 3286 quisque
1567 3218 1846 3287 delegerit,

270 3299 326 3346 et
352 3293 435 3345 cui
477 3306 575 3344 sua
622 3304 679 3343 se
710 3290 982 3344 voluntate
1014 3298 1068 3341 et
1095 3303 1227 3341 voce
1264 3288 1579 3351 firmaverit,
1626 3288 1850 3341 oumiuo

272 3377 379 3415 non
428 3360 668 3415 consulo.
710 3378 730 3411 ι
797 3360 901 3413 Sed
955 3373 1055 3412 nec
1100 3367 1317 3411 sanctus
1365 3373 1499 3428 papa
1526 3357 1844 3427 Gregorius;

271 3433 349 3485 ait
377 3432 561 3484 enim:
596 3448 613 3480 ι
642 3428 871 3484 Perfecti
913 3429 1116 3497 quique
1154 3443 1345 3497 magna
1399 3442 1456 3482 se
1506 3428 1848 3483 discretionis

271 3501 571 3555 subtilitate
600 3498 957 3568 conspiciunt,
983 3512 1055 3568 ne
1082 3497 1439 3568 adrdeteriora
1473 3513 1731 3568 unquam,
1767 3497 1848 3568 vel

271 3570 325 3624 in
353 3583 520 3637 opere
553 3569 633 3622 vel
674 3565 749 3619 in'
773 3566 1103 3637 cogitatione
1135 3565 1461 3637 dilabantur.
1494 3585 1511 3616 ι
1540 3565 1630 3637 lit
1662 3567 1848 3634 paucis

269 3634 469 3691 additis
511 3638 682 3704 inquit
710 3653 723 3688 :
770 3654 789 3684 ι
820 3634 1139 3705 Praescrihat
1160 3634 1383 3703 proinde
1414 3635 1726 3691 stabilitatis
1754 3651 1847 3705 pa-

268 3716 415 3760 ctum
450 3706 598 3759 omni
635 3706 887 3773 deinceps
922 3704 1149 3757 remisso
1179 3706 1482 3768 descensui,
1511 3704 1846 3759 contentiosa

268 3775 552 3836 discessui,
584 3789 719 3845 vago
744 3783 796 3845 et
825 3772 1040 3845 curioso
1087 3772 1391 3845 discursui,
1419 3775 1581 3845 totius
1611 3774 1842 3845 denique

268 3842 911 3905 inconstantim'levitati,
944 3858 1047 3895 non
1078 3850 1256 3895 tamen
1291 3842 1341 3894 in
1381 3842 1462 3895 his
1489 3857 1608 3911 qua:
1635 3843 1687 3896 in
1725 3857 1844 3911 pro-

267 3914 523 3968 fessionis
549 3915 691 3967 serie
738 3920 1061 3981 sequuntur,
1092 3925 1302 3964 morum
1336 3912 1588 3965 videlicet
1615 3928 1843 3966 conver-

267 3984 405 4037 sioni
458 3993 513 4038 et
559 3983 902 4044 obedientize,
953 3996 1074 4052 qua:
1126 3982 1432 4052 secundum
1473 3982 1710 4052 regulam
1747 3984 1840 4037 sit.

268 4052 403 4105 Nam
435 4055 477 4107 si
510 4056 625 4107 hazc
654 4054 847 4108 ibidem
878 4051 984 4122 pro’
1010 4051 1636 4122 improbitatenimirum
1680 4062 1844 4121 atque

266 4122 666 4192 irreligiositate
694 4120 1115 4177 cohabitantium
1131 4191 1135 4192 ν
1149 4120 1379 4192 obtineri
1396 4121 1553 4192 forte
1587 4123 1844 4191 nequive-

267 4190 593 4256 rint,'duce
652 4192 843 4260 spiritu
902 4191 1172 4246 libertatis
1225 4190 1597 4245 indubitanter
1642 4190 1843 4246 suadeo

265 4262 501 4316 transire
535 4264 601 4317 ad
637 4262 809 4317 locum
840 4262 1024 4327 alium,
1058 4261 1146 4314 ubi
1187 4276 1291 4315 non
1326 4260 1651 4329 impediatur
1683 4262 1843 4315 homo

266 4332 490 4386 reddere
535 4343 655 4387 vota
712 4346 806 4385 sua
833 4372 847 4395 ,
898 4348 1019 4400 qua:
1067 4330 1435 4384 distinxerunt
1478 4331 1617 4384 labia
1664 4347 1779 4385 sua.
1816 4350 1835 4381 ι

262 4401 391 4456 Post
416 4401 670 4455 nonnulla
700 4402 1038 4469 explanatius
1068 4415 1219 4454 suam
1253 4400 1429 4467 aperit
1460 4409 1717 4461 mentem,
1764 4400 1839 4453 di-

262 4487 430 4526 cens:
462 4491 481 4522 ‹
512 4472 673 4525 Forte
702 4474 815 4525 vult
853 4472 1049 4540 aliquis
1088 4470 1153 4523 de
1190 4469 1639 4524 Cluniacensibus
1686 4470 1841 4524 insti-

262 4543 390 4596 tutis
425 4543 491 4596 ad
520 4542 957 4597 Cisterciensimn
993 4554 1113 4596 sese
1151 4542 1417 4609 stringere
1444 4548 1837 4610 paupertatem,

258 4612 464 4681 eligens
491 4627 601 4681 pne
628 4612 735 4665 illis
766 4613 1019 4665 nimirum
1052 4611 1533 4681 consuetudinibus
1560 4610 1731 4681 magis
1762 4623 1840 4663 re-

258 4679 395 4750 guia:
422 4679 729 4750 puritatem.
763 4682 820 4736 Si
850 4697 935 4735 tne
961 4679 1215 4743 consulit,
1246 4697 1350 4734 non
1384 4680 1628 4745 consulo,
1657 4679 1704 4735 si
1731 4693 1835 4732 non

258 4766 389 4805 sane
432 4753 513 4806 sui
552 4751 766 4805 abbatis
811 4753 1089 4820 usurparit
1139 4764 1381 4805 assensu.
1432 4750 1839 4817 Quamobrem?

255 4820 458 4887 Primo,
489 4831 708 4891 propter
742 4822 1367 4891 scaudalumipsorum,
1412 4836 1549 4889 quos
1600 4820 1831 4885 deserit;

253 4892 468 4962 deinde,
502 4894 629 4962 quia
660 4900 806 4946 certa
839 4906 935 4960 pro
964 4890 1141 4946 dubiis
1182 4890 1485 4962 relinquere
1517 4899 1691 4944 tutum
1729 4907 1834 4943 non

251 4971 358 5013 est.
407 4961 611 5015 Forsan
648 4963 793 5015 enim
827 4964 928 5015 hoc
960 4970 1143 5015 tenere
1186 4970 1382 5030 potest,
1417 4961 1542 5015 illud
1596 4977 1700 5014 non
1745 4974 1838 5028 po-

253 5040 384 5096 test;
422 5032 581 5085 tertio
614 5041 920 5099 suspectam
950 5030 1123 5085 habeo
1148 5031 1445 5093 levitatem,
1466 5046 1571 5099 qua
1610 5031 1662 5083 id
1689 5045 1831 5098 smpe

1948 1124 2312 1179 Guilhelmum
2338 1124 2612 1184 abbatem.
2638 1123 2721 1178 his
2741 1124 2978 1179 verlriszi
3000 1124 3153 1179 Sicut
3179 1139 3284 1178 non
3306 1124 3428 1182 licet
3450 1127 3535 1184 his

1947 1196 2037 1262 qui
2072 1193 2245 1261 majus
2271 1194 2476 1263 aliquid
2511 1193 2648 1247 forte
2679 1204 2963 1258 voverunt,
2994 1196 3059 1246 ad
3092 1195 3142 1247 id
3180 1197 3321 1264 quod
3351 1196 3537 1252 minus

1946 1273 2051 1327 est,
2080 1266 2429 1327 descendere,
2462 1279 2529 1317 ne
2578 1274 2979 1333 apostatentur;
3021 1265 3101 1317 sic
3134 1280 3238 1318 non
3283 1268 3538 1323 omnibus

1946 1334 2162 1402 espedit
2192 1334 2260 1387 de
2300 1334 2603 1388 minoribus
2639 1335 2794 1389 bonis
2825 1336 2891 1387 ad
2922 1334 3131 1399 majora
3175 1336 3431 1399 transire.
3465 1354 3536 1393 ue

1946 1404 2358 1473 participentur.
2404 1403 2527 1457 Scio
2572 1405 2769 1473 quippe
2811 1404 3099 1459 nonnullos
3144 1404 3211 1458 de
3248 1406 3367 1459 aliis
3404 1423 3537 1461 cou—

1948 1473 2354 1543 gregationibus
2402 1482 2458 1527 et
2501 1474 2933 1528 institutionibus
2984 1476 3051 1528 ad
3098 1482 3339 1529 nostrum
3389 1479 3537 1531 ordi-

1947 1558 2069 1597 nem
2096 1544 2443 1615 pr:evolasse,
2465 1543 2733 1615 pulsasse.
2761 1545 3015 1615 intrasse.
3047 1544 3149 1609 Qui
3182 1544 3285 1599 hoc
3314 1548 3535 1615 quidem

1949 1615 2157 1682 agendo
2182 1623 2231 1667 et
2264 1614 2378 1667 suis
2402 1613 2659 1667 scandala
2696 1614 3053 1682 reliquerunt,
3084 1623 3139 1668 et
3166 1613 3537 1671 nobis‘nihilo-

1949 1684 2126 1737 minus
2149 1682 2475 1746 attulerunt;
2511 1683 2638 1736 dum
2673 1694 2933 1752 quantum
2964 1684 3083 1739 illos
3111 1699 3208 1738 sua
3244 1688 3533 1739 temeraria

1946 1752 2302 1814 discessione,
2341 1761 2547 1805 tantum
2581 1768 2683 1807 nos
2719 1756 3003 1807 turbarunt
3038 1769 3133 1807 sua
3180 1754 3376 1806 misera
3408 1771 3538 1808 con-

1947 1824 2280 1887 versatione,
2318 1823 2571 1889 quoniam
2609 1823 2839 1889 superbe
2868 1833 3187 1892 spreverunt
3220 1824 3361 1891 quod
3392 1834 3536 1880 tene-

1948 1891 2106 1962 bant;
2156 1904 2216 1946 et
2258 1902 2465 1947 temere
2521 1891 3021 1960 prmsutnpseruut,
3059 1908 3178 1962 quae
3235 1910 3338 1947 non
3394 1896 3538 1950 vale-

1948 1961 2102 2016 bant.
2164 1982 2182 2014 ι
2259 1962 2600 2017 Coucludens
2632 1964 2875 2030 tandem
2906 1961 3240 2017 ‘Beruanlus
3266 2003 3283 2021 .
3342 1966 3533 2019 addit:

1956 2032 2320 2104 «Quanquam
2366 2046 2497 2102 ergo
2544 2031 2793 2086 nonullos
2839 2046 3026 2085 eorum
3071 2034 3408 2093 noverimus.
3441 2036 3535 2104 qui

1949 2111 2003 2155 et
2033 2102 2245 2157 fortiter
2272 2102 2384 2154 Deo
2418 2110 2641 2155 auctore
2670 2110 2973 2171 cmperuut,
3000 2112 3055 2155 ut
3084 2103 3200 2169 ipso
3229 2102 3539 2171 protectore

1952 2171 2143 2226 fortius
2174 2180 2543 2239 perseverant,
2577 2172 2821 2226 securius
2861 2181 3037 2224 tamen
3078 2180 3161 2226 est
3202 2182 3256 2226 ut
3290 2188 3539 2241 perseve-

1952 2257 2132 2296 remus
2160 2243 2213 2313 in
2252 2242 2414 2304 bono,
2443 2242 2585 2310 quod
2619 2242 2904 2311 cmpitnus,
2945 2243 3282 2313 quamquod
3314 2242 3537 2313 incipia-

1952 2326 2071 2383 mus
2098 2312 2186 2366 ubi
2217 2326 2323 2365 non
2349 2324 2776 2383 perseveremus,
2798 2322 2857 2365 et
2896 2313 2997 2383 hoc
3017 2312 3222 2380 pariter
3241 2327 3537 2383 omnesque

1883 2382 2288 2455 “studeamus,
2348 2382 2490 2455 quod
2539 2382 2849 2455 secundum
2914 2381 3156 2455 Apostoli
3224 2381 3535 2455 consilium,

1955 2450 2144 2504 Omnia
2175 2460 2359 2505 nostra
2406 2452 2459 2503 in
2500 2451 2755 2504 charitate

1951 2522 2211 2576 Eumdem
2245 2521 2406 2574 tertio
2435 2520 2659 2575 consule
2693 2521 2745 2574 in
2776 2521 2937 2589 epist.
2963 2522 2994 2574 7
3032 2522 3105 2574 ad
3127 2521 3297 2576 Adam
3350 2520 3538 2578 mona-

1949 2592 2136 2655 chum,
2161 2591 2333 2645 abhis
2360 2592 2538 2645 verbis
2585 2599 2706 2660 post
2742 2591 2976 2645 medium
3013 2609 3027 2644 :
3066 2607 3088 2642 ι
3124 2591 3185 2645 Si
3228 2592 3445 2659 quidem
3479 2602 3539 2647 ut

1949 2670 2142 2715 rmtera
2194 2672 2422 2723 taceam,
2459 2678 2478 2712 ι
2506 2670 2632 2721 etc.,
2665 2670 2719 2713 et
2751 2662 2873 2726 liii,
2937 2662 3003 2715 ad
3068 2662 3535 2717 sanctimonialem

1951 2729 2164 2785 Sanctae
2191 2730 2371 2784 Maria:
2398 2730 2703 2785 Trecensis.
2747 2730 2802 2783 lo
2838 2731 3095 2785 lieruardi
3137 2735 3463 2786 sententiam
3498 2736 3538 2788 it

2803 2451 2935 2523 ﬁant
2966 2449 3034 2523 ί(1
3063 2449 3206 2523 (ἐφ’.⁸
3234 2467 3355 2512 xvt,
3393 2451 3471 2523 2).
3511 2474 3531 2503 ο

1950 2800 2061 2871 div.
2099 2809 2229 2871 tom.
2260 2801 2322 2866 ll,
2351 2801 2595 2871 Qquarst.
2614 2799 2742 2871 7189,
2774 2811 2877 2856 art.
2901 2802 2955 2864 8,
2983 2801 3172 2856 dicens
3193 2818 3206 2853 :
3227 2820 3251 2852 ς
3282 2800 3538 2859 Transire

1950 2870 2433 2952 denreligioitejn
2475 2870 2819 2952 religionem,
2870 2872 2972 2925 nisi
3022 2881 3534 2952 proptermagiaui

1950 2939 2236 2995 utilitatem
2272 2940 2352 2994 vel
2385 2939 2786 3003 necessitatem,
2830 2956 2933 2995 non
2975 2939 3062 2994 est
3098 2939 3401 3005 laudabile,—
3425 2952 3536 2996 tum

1950 3009 2075 3075 quia
2102 3025 2169 3065 ex
2205 3011 2307 3064 hoc
2336 3011 2628 3079 plurimum
2670 3011 3110 3063 scandalizantur
3141 3010 3213 3063 illi
3241 3011 3331 3078 qui
3376 3012 3535 3065 relin-

1949 3089 2212 3149 quuntur,
2252 3092 2364 3133 tum
2392 3081 2557 3134 etiam
2590 3080 2717 3148 quia
2759 3079 2973 3133 facilius
3003 3079 3217 3148 proiicit
3252 3081 3449 3149 aliquis
3483 3085 3535 3135 in

1949 3150 2211 3230 religione
2242 3164 2402 3218 quam
2440 3150 2724 3230 consuevit
2770 3164 2933 3230 quam
2975 3149 3045 3230 in.
3080 3149 3167 3203 illa
3195 3164 3379 3230 quam
3428 3167 3535 3230 non

1949 3220 2252 3281 consuevit,
2305 3220 2518 3273 eteteris
2567 3219 2805 3287 paribus.
2856 3218 2946 3273 Sic
2994 3218 3112 3283 ille,
3156 3218 3245 3272 ubi
3291 3221 3539 3287 proxime

1949 3289 2229 3370 subjungit
2276 3289 2548 3370 egregiam
2587 3287 2819 3370 Nestorii
2875 3287 3087 3341 abbatis
3132 3287 3185 3370 in
3234 3287 3376 3369 hanc
3420 3305 3534 3344 rem

1950 3357 2295 3412 sententiam.
2321 3358 2383 3411 ι).
2400 3358 2660 3411 Thomam
2688 3357 2929 3426 plerique
2946 3357 3281 3411 summularii
3306 3374 3539 3428 sequun-

1953 3438 2055 3482 tur.
2096 3448 2114 3481 ι
2158 3430 2363 3482 Causas
2394 3443 2523 3482 vero
2555 3428 2795 3481 mutandi
2840 3427 3073 3483 cmnobii
3107 3428 3305 3482 ibidem
3343 3427 3538 3497 produ-

1948 3506 2065 3552 clas
2101 3515 2129 3551 a
2175 3498 2237 3552 Ι).
2262 3499 2469 3552 Thoma
2505 3514 2568 3552 ex
2602 3498 2974 3566 superioribus
3010 3498 3207 3551 elicere
3234 3506 3337 3551 est.
3370 3498 3535 3555 Joan-

1948 3582 2045 3622 nes
2071 3567 2302 3633 Gerson,
2330 3569 2410 3621 vir
2443 3568 2605 3621 etiam
2632 3567 2855 3621 Lutberi
2886 3566 3265 3621 demonaebati
3297 3566 3530 3637 judicio,

1950 3653 2054 3689 non
2081 3641 2338 3707 vulgaris,
2367 3638 2486 3707 aD.
2510 3637 2550 3690 Τ
2557 3640 2712 3690 homa
2746 3653 2849 3689 non
2882 3638 3088 3690 recedit
3118 3637 3171 3690 in
3202 3638 3530 3693 considerat.

1948 3707 1983 3758 4
2010 3721 2121 3759 suae
2154 3706 2314 3774 epist.
2353 3706 2419 3758 ad
2462 3709 2747 3774 quemdam
2782 3706 3133 3759 Cartbusian.
3175 3721 3308 3759 rom.
3338 3707 3377 3768 Ι,
3425 3725 3535 3763 mo-

1949 3790 2082 3828 nens
2116 3793 2134 3825 ι
2170 3773 2477 3844 religiosum
2512 3773 2707 3827 debere
2736 3774 3041 3844 advertere,
3083 3775 3136 3827 in
3168 3775 3331 3829 domo
3356 3777 3534 3831 Patris

1944 3844 2183 3898 cmlestis
2215 3841 2414 3897 multas
2442 3857 2562 3897 esse
2590 3844 2898 3896 mansiones
2926 3841 3110 3905 (Joan.
3143 3858 3253 3908 xiv,
3281 3846 3359 3907 2),
3390 3847 3529 3901 vias-

1945 3930 2050 3982 que
2079 3915 2273 3969 multas
2302 3914 2499 3981 quibus
2536 3913 2651 3966 illas
2685 3913 3016 3980 assequaris,
3042 3923 3114 3981 et,
3142 3913 3298 3982 juxta
3321 3915 3525 3970 dictum

1994 3985 2249 4055 ugustini,
2275 3984 2328 4037 in
2360 3984 2443 4036 via
2474 3984 2562 4037 Dei
2585 3982 2664 4037 sic
2688 3983 2850 4055 alium
2871 3983 2969 4045 ire,
2994 3982 3159 4055 alium
3183 3984 3284 4049 sic,
3302 4000 3533 4052 eamque

1942 4054 2013 4107 ob
2036 4052 2261 4124 causam
2298 4068 2736 4124 unumquemque
2773 4052 2823 4105 in
2856 4052 3143 4107 vocatione
3168 4069 3272 4124 qua
3300 4064 3529 4110 vocatus

1943 4131 2027 4176 est
2069 4122 2265 4177 debere
2305 4123 2600 4177 ambulare.
2639 4141 2656 4173 ι
2701 4122 2908 4176 Rursus
2957 4122 3289 4178 considerat.
3342 4124 3376 4178 5
3404 4126 3478 4179 ait
3512 4141 3527 4178 :

1949 4211 1968 4243 ι
1998 4192 2251 4264 Diabolus
2288 4201 2466 4246 autem
2513 4207 2617 4246 non
2662 4192 2824 4264 habet
2872 4191 3151 4264 efﬁcacius
3197 4193 3528 4264 malignandi

1943 4262 2460 4333 machinamentum,
2512 4277 2673 4332 quam
2702 4263 2746 4333 si
2796 4264 2967 4330 possit
3005 4262 3257 4333 religioso
3297 4262 3530 4321 suadere

1944 4332 2337 4403 displicentiam
2387 4331 2561 4403 status
2608 4333 2690 4386 sui
2723 4331 2836 4400 jam
2888 4331 3151 4403 assumpii
3198 4342 3363 4403 atque
3409 4350 3528 4403 pro-

1943 4401 2092 4456 fesSi.
2154 4402 2237 4473 Et,
2266 4403 2368 4455 hoc
2418 4401 2599 4473 facere
2650 4414 2881 4455 conatur
2927 4401 3092 4455 nunc'
3118 4404 3217 4457 sub
3267 4401 3527 4473 figmento

1941 4471 2274 4539 quietudinis
2324 4471 2775 4540 contemplativm,
2826 4488 2971 4526 nunc
3025 4473 3124 4526 sub
3180 4471 3519 4537 umbraculo,

1940 4542 2093 4623 quasi
2125 4542 2309 4623 omnia
2331 4543 2440 4594 sint
2464 4540 2670 4594 inutilia
2696 4556 2814 4623 quae
2840 4544 2949 4623 agit
2976 4542 3029 4596 in
3058 4542 3343 4623 vocatione
3364 4560 3480 4598 sua.
3500 4563 3519 4595 ι

2014 4612 2137 4666 Haec
2173 4626 2239 4665 ex
2270 4610 2512 4665 Gersone
2559 4610 2806 4680 carptim.
2860 4612 3099 4667 Joannes
3143 4612 3383 4668 Ketelius
3426 4630 3521 4669 seu

1941 4680 2186 4736 Cacabus
2224 4682 2363 4749 apud
2392 4680 2651 4733 Thomam
2678 4682 3033 4751 Campensem
3088 4684 3201 4736 lucc
3251 4686 3523 4739 meditans

1940 4754 2228 4823 proponit:
2262 4769 2280 4801 ι
2314 4752 2417 4823 Est
2436 4751 2563 4803 mihi
2605 4752 2735 4806 utile
2769 4764 2828 4823 ut
2860 4768 3053 4823 magna
3094 4762 3337 4822 reputem
3364 4770 3522 4809 exer-

1939 4822 2064 4874 citia
2104 4823 2294 4876 domus
2336 4822 2490 4874 istius
2532 4822 2937 4889 supereminere
2960 4822 3107 4876 alias
3138 4825 3344 4880 domos.
3377 4833 3431 4876 et
3463 4834 3522 4875 ut

1942 4892 2170 4947 habeam
2203 4905 2452 4959 maguum
2483 4892 2812 4959 propositum
2850 4894 2902 4945 iu
2934 4895 3034 4946 hoc
3074 4901 3217 4945 statu
3256 4893 3415 4957 mori,
3462 4902 3518 4945 et

1939 4977 2038 5029 pro
2081 4962 2223 5016 nulla
2281 4978 2337 5015 re
2388 4962 2516 5013 mihi
2576 4962 2870 5015 adventura
2919 4962 2987 5015 ab
3025 4963 3129 5015 isto
3176 4963 3311 5015 velle
3360 4978 3517 5030 sepa-

1942 5032 2070 5095 rari,
2120 5032 2265 5085 salva
2336 5045 2549 5099 semper
2614 5032 2944 5086 obedientia.
3000 5049 3019 5083 ι
3087 5030 3331 5086 Thom.s
3383 5048 3515 5085 vero

250 5103 393 5181 quod
440 5101 596 5181 facile
640 5100 886 5155 volumus
934 5110 1223 5171 antequatn
1274 5104 1585 5181 probemus,
1619 5101 1825 5169 experti
1865 5104 1904 5157 D
1931 5101 2268 5181 Campensis,
2300 5102 2387 5154 vir
2440 5100 3173 5181 illuminatissima:“mentis
3227 5101 3516 5181 probeque

247 5172 355 5241 iam
393 5171 659 5235 nolumus,
694 5185 800 5224 uno
846 5184 1012 5240 prope
1058 5170 1332 5241 momento
1382 5170 1611 5241 idipsum
1651 5180 1707 5225 et
1731 5186 1825 5224 cu-

247 5240 458 5308 pientes
487 5250 542 5294 et
582 5250 920 5309 respuentes,
953 5248 1061 5294 tam
1100 5240 1287 5295 leviter
1319 5240 1482 5309 quam
1524 5252 1580 5296 et
1611 5241 1824 5295 irratio-

247 5310 520 5363 nabiliter.
551 5328 569 5361 ι
631 5311 903 5365 Hactenus
949 5310 1057 5365 illic
1094 5310 1429 5375 Bernardus;
1481 5312 1646 5366 multa
1679 5314 1821 5366 enim

246 5381 483 5448 praeterii
503 5419 518 5443 ,
547 5394 669 5450 quae
707 5381 960 5434 lectorem
991 5381 1283 5435 avidiorem
1320 5397 1425 5435 non
1454 5383 1821 5450 praeteribunt,

244 5451 495 5520 quamvis
524 5449 657 5503 nihil
689 5450 1003 5520 existimem;
1029 5465 1116 5505 me
1154 5450 1369 5505 siluisse
1408 5449 1550 5518 quod
1584 5452 1824 5505 scriben-

245 5518 371 5573 dum
406 5520 583 5577 fuerat
606 5520 931 5573 necessario.
963 5518 1169 5575 Habeat
1195 5530 1373 5573 tamen
1401 5522 1683 5575 Coronidis
1709 5522 1824 5576 vice

246 5593 288 5646 si
318 5591 499 5647 lubeat
532 5600 587 5647 et
630 5590 781 5653 illud,
809 5590 951 5658 quod
988 5600 1165 5644 exstat
1202 5590 1253 5645 in
1286 5589 1431 5648 calce
1472 5591 1730 5661 apologia:
1757 5593 1823 5647 ad

579 5683 852 5745 PATR!)I..
910 5682 1177 5742 CLVIII.

1931 5185 2133 5240 gnarus
2184 5172 2374 5225 harum
2429 5170 2807 5238 procellarum,
2859 5170 3055 5237 quibus
3104 5171 3515 5225 candidatorum

1932 5250 2025 5294 aut
2070 5241 2276 5296 militiae
2311 5241 2512 5295 Christi
2566 5256 2737 5310 nuper
2779 5242 3137 5311 ascriptorum
3189 5241 3352 5295 corda
3385 5256 3515 5295 cen-

1931 5321 2221 5366 cussantur
2250 5325 2376 5366 suos
2409 5312 2614 5366 tirones
2650 5314 2701 5365 in
2735 5327 2771 5365 ιι
2800 5320 2939 5380 part.
2974 5312 3299 5365 Sermonum
3324 5311 3390 5365 ad
3420 5328 3517 5364 no-

1930 5384 2110 5444 vitios,
2136 5395 2387 5436 sermone
2422 5381 2475 5447 5,
2502 5382 2579 5436 sic
2613 5391 2802 5437 cautos
2839 5381 2998 5435 facit:
3024 5399 3042 5431 ι
3076 5380 3262 5434 Potest
3290 5380 3517 5449 quilibet

1934 5452 2218 5521 religiosus
2252 5451 2306 5505 in
2340 5452 2533 5506 ordine
2562 5468 2681 5514 suo,
2711 5460 2765 5504 et
2800 5452 2916 5505 loco
2946 5451 3045 5505 sibi
3080 5467 3107 5503 a
3138 5451 3248 5504 Deo
3274 5454 3514 5519 proviso,

1931 5524 2169 5576 animam
2199 5537 2352 5575 suam
2386 5524 2599 5576 salvare
2627 5529 2683 5576 et
2708 5522 2948 5575 virtuose
2979 5521 3261 5591 proﬁcere,
3297 5522 3355 5591 si
3375 5521 3514 5574 solli—

1929 5593 2037 5647 cite
2073 5602 2253 5649 servat
2295 5609 2413 5663 quze
2455 5594 2590 5649 ordo
2640 5591 2901 5660 instituit,
2940 5590 2996 5646 ct
3039 5591 3289 5662 pra'latus
3335 5590 3517 5646 facere

3116 5685 3195 5746 3")
