3898 6052
425 153 564 210 1399
999 155 1057 210 S.
1089 154 1388 210 ANSELMI
1426 153 1773 212 CANTUAR.
1806 151 2122 210 ARCHIEP.
2150 152 2300 211 OPP.
2341 155 2521 214 PARS
2554 157 2639 214 ΙΙΙ.
2696 191 2756 200 -
2785 159 3169 220 EPISTOLE.
3545 168 3691 224 1100

413 269 565 334 litur,
615 275 737 336 agat
793 269 994 336 gratias
1038 268 1234 322 divinae
1289 268 1693 332 misericordiae,
1748 267 1876 338 quia
1925 267 2305 335 abAtando,
2364 270 2736 328 inconstantia:
2807 274 3149 344 levitatisque
3219 275 3417 331 frustra
3475 277 3692 334 crimen

406 377 602 418 errore
641 353 709 392 ¹³³
743 375 842 416 suo
879 359 1205 427 defenditur,
1245 376 1314 418 ne
1351 361 1472 418 sine
1506 361 1870 418 emolumento
1907 368 2002 416 aut
2105 361 2317 426 subeat,
2342 371 2438 417 aut
2465 361 2670 433 majora
2693 365 2808 422 suis
2834 366 3044 423 viribus
3067 368 3399 437 experiendo
3428 368 3695 440 fatigatus

413 452 576 506 etiam
615 465 736 506 cum
769 447 984 517 jactura
1013 487 1030 516 ,
1069 448 1247 506 locum
1285 450 1372 506 vel
1423 451 1546 508 vita:
1580 451 1834 508 ordinem
1883 466 1997 506 mu-
2104 451 2345 507 deterius
2365 451 2420 508 in
2443 453 2647 522 priora,
2671 463 2764 512 aut
2791 456 2955 512 etiam
2979 457 3034 513 in
3058 457 3244 530 pejora
3263 459 3534 530 prioribus
3559 463 3696 518 deti-

1655 605 1886 663 VARl/E
1924 603 2326 662 LECTIONES.

485 740 551 774 ⁸³⁸
575 739 691 809 Qua
717 740 784 795 ab
814 755 1002 797 errore
1026 757 1125 796 ms.
1154 741 1220 796 18
1243 751 1288 796 et
1321 741 1467 796 Edil.
1496 740 1610 796 Col.
1643 741 1769 812 quia
1796 740 1861 796 ab
1886 754 2070 797 errore

1578 873 1860 930 JOANNIS
1899 871 2171 930 PICARDI
2212 871 2445 928 ΝΟΤιΕ.

401 1016 553 1087 jubet
576 1029 639 1070 ac
663 1012 914 1087 consulit.
947 1010 1115 1087 Nemo
1153 1009 1612 1087 igiturinstahjlis
1639 1023 1702 1087 se
1733 1010 1980 1087 seducat,

403 1079 579 1154 neque
605 1083 767 1139 stulta
799 1091 854 1137 et
887 1079 1562 1154 vana_imaginatione_de
1602 1080 1718 1154 alio
1741 1080 1861 1135 loco
1891 1096 1986 1154 co-

402 1149 556 1226 gitet,
583 1155 733 1226 etde
761 1153 984 1226 in_ce_rtis
1014 1151 1220 1226 futuris
1260 1149 1578 1226 jucundiora
1620 1151 1722 1226 sibi
1755 1151 1986 1220 propheo

402 1220 566 1280 fando
591 1225 769 1279 dicat:
795 1222 840 1278 Ο
864 1222 1027 1287 Deus,
1055 1221 1098 1276 si
1129 1223 1180 1274 in
1208 1221 1298 1274 tali
1325 1221 1444 1276 loco
1472 1230 1526 1274 et
1557 1220 1747 1275 ordine
1783 1235 1982 1285 essem,

401 1311 563 1366 quam
588 1295 726 1366 bene
752 1301 808 1348 et
837 1293 1028 1347 devote
1064 1306 1153 1366 me
1180 1291 1381 1366 habere
1417 1290 1637 1366 vellem,
1673 1304 1773 1345 nec
1802 1290 1869 1344 de
1894 1289 1986 1343 ali-

399 1359 509 1436 quo
544 1365 780 1436 amplius
802 1361 1077 1436 conqueri
1111 1361 1193 1414 vel
1225 1362 1451 1415 turbari.
1485 1377 1504 1412 ι
1547 1359 1682 1436 Hinc
1709 1375 1883 1436 pauca
1894 1375 1983 1436 ex

400 1429 585 1490 multis
633 1429 754 1502 qua:
801 1429 1041 1487 Thomas
1088 1439 1598 1502 suoscommonct,
1633 1429 1984 1502 ubisttbjicit

398 1498 704 1574 exemplum
732 1500 1290 1574 cujuspiamcanouici
1313 1498 1596 1574 regularis,
1615 1518 1633 1550 ι
1657 1499 1746 1567 qui
1777 1498 1984 1554 diutino

399 1569 813 1640 hujus'occultaé
851 1569 1164 1626 tentationis
1196 1569 1393 1638 prwlio’
1421 1569 1633 1640 tandem
1674 1578 1980 1637 prostratus

399 1637 599 1720 tlel‘ecit
627 1645 694 1720 ad
720 1643 978 1720 ereiuitas
1004 1637 1446 1720 Augustinianos.
1479 1637 1600 1720 _Mox
1623 1678 1638 1703 ,
1667 1648 1729 1720 ut
1765 1653 1829 1720 eo
1861 1654 1985 1720 per-

397 1716 565 1778 venit,
609 1711 844 1767 tirociuii
889 1709 1176 1765 mouastici
1217 1718 1366 1762 veste
1401 1709 1619 1763 indutus
1648 1717 1752 1773 est,
1784 1719 1839 1765 et
1863 1709 1984 1778 qui-

398 1786 520 1839 dem
555 1792 704 1838 tanto
731 1781 964 1851 pectoris
988 1779 1269 1851 aestuantis
1307 1778 1630 1851 fervore,__ut
1653 1781 1841 1851 eodem
1870 1779 1981 1851 die.

398 1855 445 1910 si
473 1847 929 1908 Patribus'visum
976 1850 1186 1915 fuisset,
1225 1863 1418 1903 nomen
1456 1849 1710 1904 dedisset.
1763 1848 1860 1902 Vis
1888 1847 1984 1902 ﬂu-

397 1933 593 1980 xerant
633 1932 758 1978 octo
805 1923 942 1985 dies,
979 1919 1472 1990 cumgravissimo
1493 1918 1807 1990 percellitur
1852 1932 1986 1990 mte-

397 2011 541 2058 rore,
576 1993 879 2064 priorisque
921 1987 1173 2064 cmnobii
1205 1987 1656 2064 desiderioLadeo
1687 1998 1746 2064 ut
1775 2003 1874 2044 nec
1903 1988 1982 2044 ci-

394 2057 652 2120 humnec
677 2057 924 2118 somnum
968 2059 1172 2114 valeret
1217 2072 1433 2128 capere.
1480 2057 1842 2128 Quamobrem
1891 2073 1982 2113 co-

393 2146 550 2190 actus
578 2133 756 2203 aperit
801 2131 1114 2203 intestinum
1163 2127 1426 2194 dolorem,
1469 2129 1741 2203 mirantur
1767 2127 1977 2203 Patres,

395 2197 671 2260 levitatem
708 2203 968 2274 puerilem
1005 2199 1296 2274 obiurgant
1339 2199 1712 2274 acerbissime,
1751 2197 1982 2274 reddunt

393 2275 638 2349 habitum
667 2267 1010 2336 canonicum,
1045 2267 1191 2349 redit:
1217 2267 1268 2322 in
1301 2277 1584 2349 paternam
1615 2267 1856 2349 domum,

395 2347 718 2414 castigatur,
772 2353 959 2414 postea
1007 2354 1118 2395 sum
1170 2337 1548 2394 inconstantiae
1595 2337 1759 2404 malo,
1807 2338 1980 2394 evasit

397 2411 591 2468 melior
619 2422 673 2468 et
695 2411 1048 2467 constantior.
1096 2428 1116 2461 ι
1673 2475 1676 2478 ,

462 2485 700 2539 Joannes
723 2481 931 2538 Gerson
963 2481 1124 2549 epist.
1156 2478 1406 2549 superius
1435 2478 1694 2549 producta
1732 2477 1981 2549 conside:

393 2555 606 2609 ratione
641 2555 731 2616 lt,
773 2547 1164 2616 aliquantulum
1214 2548 1390 2602 simile
1434 2548 1564 2616 quid
1617 2556 1831 2614 narrat,
1880 2547 1977 2603 sed

395 2623 729 2682 horribilius,
768 2623 836 2674 de
863 2617 1019 2684 Joan.
1048 2618 1315 2672 Borbonin
1341 2617 1660 2673 Caelestino:
1694 2635 1712 2668 ι
1752 2617 1803 2672 ls
1831 2618 1977 2673 enim

393 2695 494 2746 sub
533 2691 793 2746 nubecula
845 2689 1189 2745 districtioris
1211 2687 1418 2742 ordinis
1463 2695 1714 2756 receptus
1741 2702 1772 2740 a
1801 2686 1976 2741 Fran-

393 2763 628 2816 ciscanis
677 2758 997 2828 nuncupatis
1026 2759 1094 2813 de
1117 2757 1496 2828 Observantia,
1524 2756 1682 2828 paulo
1708 2766 1822 2826 post
1860 2757 1980 2828 a'bs-

393 2833 558 2888 cessit
592 2840 649 2886 et
683 2830 835 2884 duxit
862 2827 1116 2891 uxorem,
1156 2843 1185 2880 a
1216 2827 1375 2896 cujus
1410 2827 1728 2896 propinquis
1763 2827 1977 2883 occisus

393 2911 496 2968 est,
532 2917 656 2955 cum
687 2908 1056 2955 reverteretur
1085 2895 1453 2968 Roma,’anu’o
1481 2895 1637 2968 1598.

471 2965 491 3022 ἀ
524 2970 872 3026 Reverendus
899 2968 1060 3022 Pater
1086 2976 1271 3022 noster
1297 2965 1533 3021 Joannes
1562 2965 1854 3020 Hurtaldus
1876 2965 1979 3020 Pa-

394 3042 654 3104 risiensis,
694 3040 949 3108 episcopo
984 3053 1014 3090 a
1051 3037 1224 3108 sacris
1256 3037 1482 3102 vicibus,
1511 3051 1635 3091 cum
1678 3052 1743 3090 ex
1776 3036 1978 3091 Funte—

393 3113 584 3168 bralde
627 3111 844 3166 rediens
893 3107 1220 3162 visitationis
1281 3123 1507 3176 tonuere
1561 3116 1806 3175 peracto,
1854 3121 1979 3176 per-

395 3183 654 3238 transiret
693 3181 1010 3250 Andegavo;
1046 3177 1271 3250 accepit
1313 3175 1760 3250 Franciscanum
1786 3175 1976 3250 quem:

400 3255 524 3309 dam
553 3245 986 3305 Bammetiaitum
1021 3247 1097 3316 (id
1147 3245 1326 3302 autem
1357 3246 1588 3301 caenobii
1619 3246 1761 3316 haud
1788 3245 1974 3316 procul

393 3325 462 3376 ab
487 3323 620 3376 urbe
641 3321 806 3374 situm
829 3318 960 3385 est.)
989 3325 1321 3386 praepostero
1357 3323 1633 3386 arreptum
1660 3315 1783 3386 tzelo
1810 3329 1976 3384 expe-

387 3393 523 3447 tisse
549 3390 862 3460 capucinos,
894 3385 1144 3463 ubi’mo’x
1172 3401 1203 3440 a
1235 3385 1501 3463 daemonio
1539 3385 1980 3463 meridianam-

397 3453 638 3528 petitus,
681 3469 738 3528 et
776 3456 1041 3528 cucullam
1081 3453 1494 3528 etdcatholicam
1531 3453 1752 3528 _abjecit
1791 3454 1990 3528 fidem,-

392 3522 956 3600 professussaltuurii
995 3523 1177 3592 oppidi
1209 3524 1264 3577 in
1307 3522 1771 3592 archiepiscopatu
1809 3522 1976 3578 Turo-

381 3594 570 3667 -itettsi,
600 3594 1099 3667 Calvinianismuuit

470 3687 490 3720 ι
538 3661 674 3723 Dum
715 3666 1005 3722 inviserem
1055 3661 1346 3734 aliquando
1369 3661 1648 3718 Fulienses
1677 3662 1976 3718 monachos

392 3740 446 3794 in
479 3738 769 3793 Parisiensi
800 3734 1114 3792 suburbano
1142 3733 1418 3803 degentes,
1450 3743 1510 3803 et
1534 3747 1656 3788 cum
1679 3733 1975 3803 venerabili

391 3810 509 3877 ejus
535 3807 782 3864 asceterii
807 3804 1096 3877 praeposito
1122 3801 1270 3877 hisce
1295 3804 1362 3858 de
1389 3802 1549 3858 rebus
1577 3801 1972 3877 confabulari-er,

383 3871 626 3934 asseruit
677 3894 736 3933 se
787 3871 1320 3950 vidisse_duodecint
1377 3882 1632 3927 externos
1681 3873 1976 3950 monachos

391 3952 621 4015 tirones,
658 3961 888 4018 quorum
925 3944 1118 3999 unicus
1154 3943 1208 3996 in
1244 3957 1433 3997 eorum
1463 3943 1847 4010 permansisset
1883 3957 1975 3995 or-

390 4021 538 4074 dine.

469 4109 488 4140 ι
536 4089 630 4143 Est
653 4086 791 4141 mihi
816 4082 1084 4154 quispiam
1119 4089 1280 4154 notus
1327 4080 1641 4154 adolescens
1675 4081 1973 4154 canonicus

394 4158 680 4230 regularis,
712 4151 876 4230 mirae
899 4151 1291 4230 simplicitatis,
1312 4151 1402 4230 qui
1435 4152 1581 4230 inter
1598 4160 1782 4230 mutua
1808 4151 1975 4207 collo-

393 4220 521 4298 quia
573 4220 804 4298 ingenue
853 4220 1150 4278 fassusest
1183 4235 1246 4298 se
1277 4220 1584 4298 hujusmodi
1625 4220 1814 4298 insana
1861 4230 1970 4276 tam

387 4290 658 4354 'l'ttrenter'
673 4308 990 4367 percussum
1019 4290 1273 4367 procella,
1305 4300 1364 4344 ut
1387 4290 1636 4367 universa
1667 4291 1748 4344 sui
1793 4305 1974 4347 caeno-

391 4371 465 4423 bii
497 4361 739 4424 instituta
769 4362 1150 4425 lloccifaceret,
1175 4361 1347 4415 donec
1373 4361 1439 4414 ad
1467 4373 1525 4430 se
1551 4374 1821 4430 reversus,
1849 4376 1973 4430 gra-

392 4441 630 4508 tiorique
674 4436 878 4507 potitus
907 4447 1062 4497 aura,
1097 4429 1616 4486 exclamaritzﬂem
1658 4429 1786 4499 quid
1834 4431 1972 4556 εεὲη

392 4518 476 4556 est
509 4509 722 4556 animus
757 4506 881 4556 hine
909 4504 1016 4556 alio
1043 4503 1299 4556 miarare.
1338 4510 1396 4554 ut
1422 4502 1600 4556 potius
1630 4501 1842 4554 vivam?
1921 4517 1972 4556 c-

391 4518 476 4564 est
509 4501 722 4563 animus
757 4506 881 4559 hinc
909 4504 1016 4556 alio
1043 4503 1299 4569 migrare,
1338 4510 1396 4554 ut
1422 4502 1600 4570 potius
1630 4501 1842 4554 vivam?
1876 4501 1973 4556 Ec-

393 4579 612 4648 qnando
657 4575 789 4630 foris
834 4572 1060 4648 evadam
1104 4570 1401 4648 disciplina:
1449 4570 1972 4648 canoniczestudm-

394 4639 528 4709 sior,
555 4660 677 4700 cum
709 4659 829 4698 eam
859 4642 1004 4696 domi
1041 4639 1398 4710 negligentius
1425 4640 1674 4695 servem?
1708 4639 1821 4695 Hac
1851 4656 1971 4696 cor-

394 4713 731 4786 reptiuncula
768 4712 953 4786 factus
996 4710 1293 4765 animosior
1340 4718 1530 4780 postea
1560 4711 1970 4781 impugnantem

391 4781 706 4844 constanter
735 4782 858 4837 risit
882 4781 1204 4837 dazmonem.
1252 4798 1272 4833 ι

2088 1009 2200 1064 suri
2227 1008 2496 1081 custodia,
2531 1009 2613 1064 vel
2643 1025 2710 1065 cx
2740 1013 3098 1081 quorumdam
3129 1013 3538 1071 licentiosorum
3575 1019 3684 1072 fra-

2088 1088 2232 1152 t_rum
2251 1080 2616 1152 perversitate
2640 1080 2786 1144 nata,
2817 1081 2962 1137 illaesi
2984 1085 3247 1152 perferre,
3269 1085 3684 1144 docethomas

2087 1149 2408 1222 Campensis
2435 1165 2622 1222 supra,
2651 1151 2943 1222 caatcrique
2970 1149 3278 1222 spirituales
3305 1156 3515 1212 Patres.

2156 1219 2236 1273 Ail
2263 1219 2376 1296 haec
2419 1218 2560 1296 refer
2595 1218 3172 1296 ttnivcrsa,Lattfratici
3203 1241 3366 1296 super
3391 1228 3477 1283 his
3500 1229 3680 1285 dubiis

2087 1289 2751 1364 monasticesinterro‘gati
2771 1307 3110 1364 responsum,
3128 1289 3680 1364 qttod'nosterAnsel-

2088 1373 2208 1414 mus
2238 1359 2545 1436 exscripsit
2564 1359 2665 1414 sub
2686 1360 2846 1436 linem
2862 1359 2951 1416 sui
2977 1359 3239 1431 poeimitis
3259 1365 3334 1420 De
3362 1377 3677 1436 contemptu

2087 1428 2470 1504 numdi._Quin
2482 1431 2738 1504 _actuarii_
2761 1432 2877 1504 vice
2910 1428 3176 1504 apponam
3210 1428 3673 1504 sapientissiminn

2088 1495 2148 1551 ι).
2167 1497 2427 1566 Stephani
2451 1497 2793 1564 Muretensis,
2815 1495 3383 1561 Grandimontensium
3408 1507 3670 1562 sodalium

2085 1567 2428 1647 institutoris
2461 1569 2762 1647 decretum,
2793 1572 2956 1647 quod_
2976 1571 3092 1647 lege
3130 1574 3182 1628 in
3213 1573 3454 1647 ejusdem
3486 1579 3672 1647 regula

2085 1638 2294 1716 calamo
2325 1639 2527 1716 scripta
2567 1640 2710 1716 apud
2745 1638 2864 1716 nos,
2905 1641 2994 1696 ubi
3031 1638 3118 1698 sic
3147 1638 3392 1716 pmicipit
3428 1646 3485 1700 in
3517 1638 3671 1702 tiiulo

2085 1707 2162 1782 De
2188 1709 2326 1782 viris
2350 1707 2581 1782 alterius
2606 1707 2893 1782 religionis
2940 1727 3046 1782 non
3077 1707 3420 1782 recipiendis.
3465 1734 3485 1767 ι
3522 1717 3668 1770 Alte-

2090 1777 2204 1853 rius
2226 1777 2680 1853 religionisjiros
2711 1779 2762 1833 iu
2796 1781 2897 1853 hac
2931 1777 3205 1853 religione
3221 1784 3410 1852 recipi,
3448 1790 3670 1842 omnino

2085 1846 2454 1916 prohibemus.
2503 1846 2634 1902 Nam
2667 1851 2832 1904 vestri
2877 1846 3058 1906 mores
3098 1855 3168 1909 ab
3201 1846 3406 1910 eorum
3429 1858 3670 1912 moribus

2040 1961 2052 1976 .
2084 1915 2375 1988 plurimum
2404 1915 2691 1996 dili'crunt;
2724 1920 3048 1996 vos_qttippe
3077 1923 3260 1980 fimum
3297 1933 3352 1979 et
3377 1926 3517 1996 ligna
3545 1942 3671 1995 por-

2087 1987 2395 2064 tantes,_et
2439 1987 2709 2042 clibanum
2763 1987 3172 2064 calefacientes,
3225 1987 3668 2064 panem'et'alia

2085 2056 2262 2136 multa
2299 2055 2504 2136 facere
2525 2058 2901 2136 consuevistis,
2924 2055 3671 2136 nulloseni'm‘vosmetipsos

2083 2126 2296 2182 habetis
2339 2126 2593 2182 famulos.
2645 2127 2808 2184 Vobis
2848 2131 2994 2185 enim
3037 2132 3162 2186 talia
3200 2134 3524 2190 facientibus
3542 2126 3669 2192 'fre-

2084 2206 2312 2272 quenter
2337 2197 2787 2272 improperarent,
2820 2199 3062 2272 dicentes
3095 2202 3426 2272 :Nuuquam
3458 2205 3526 2260 de
3567 2207 3668 2260 lut-

2077 2265 2314 2342 j_usm_odi
2363 2265 2559 2342 vilibus
2613 2267 2665 2322 in
2717 2278 2900 2342 nostra
2958 2271 3214 2342 religione
3267 2265 3662 2339 tractabamus;

2082 2335 2296 2419 facilius
2332 2337 2506 2420 etiam
2537 2345 2714 2420 potest
2754 2335 3130 2420 in_disciplina
3179 2345 3357 2420 teneri
3391 2345 3483 2413 qui
3527 2335 3666 2420 nun;

2082 2422 2244 2476 quam
2282 2407 2336 2461 in
2362 2405 2452 2461 illa
2480 2405 2604 2472 fuit,
2646 2409 2864 2476 quando
2913 2405 3162 2466 recenter
3197 2405 3454 2467 sarculum
3501 2413 3663 2468 relin-

2080 2477 2218 2549 quit,
2246 2492 2410 2549 quam
2440 2477 2683 2532 revocari
2735 2477 2811 2549 ad_
2835 2478 3004 2546 ipsam
3035 2480 3127 2549 qui
3178 2482 3344 2536 semel
3395 2498 3511 2537 eam
3561 2500 3665 2538 ex-

2082 2548 2268 2602 cessit.
2291 2547 2528 2622 _lnsupcr
2565 2549 2608 2602 si
2635 2556 2756 2622 post
2799 2547 3018 2622 longum
3055 2547 3274 2622 tempus
3303 2553 3498 2607 vestris
3538 2569 3666 2622 per-

2080 2616 2336 2672 scrutatis
2365 2617 2607 2698 moribus
2640 2616 2708 2672 ad
2734 2616 2973 2687 pristina:
3013 2616 3287 2698 religionis
3313 2616 3552 2698 habitum
3577 2637 3643 2679 re

2083 2700 2265 2740 meare
2309 2686 2547 2752 vellent;
2594 2686 2710 2756 ipso
2737 2686 2944 2756 postea
2977 2729 2990 2750 ,
3038 2686 3193 2756 cturus
3236 2691 3558 2746 obedientize
3604 2709 3665 2747 se

2079 2757 2230 2828 prius
2259 2756 2649 2828 submiserunt,
2671 2771 2782 2828 eos
2822 2759 3117 2828 recipiente
3144 2761 3300 2828 quasi
3347 2775 3476 2816 oves
3509 2777 3664 2826 suas,

2080 2827 2284 2900 absque
2335 2827 2550 2900 licentia
2584 2825 2954 2900 calumniam:
2973 2825 3175 2884 vestris
3210 2831 3390 2886 facere
3420 2825 3663 2900 possent,

2078 2898 2221 2950 unde
2245 2904 2301 2950 et
2322 2897 2474 2950 vobis
2499 2906 2552 2949 et
2583 2895 2714 2963 ipsis
2741 2897 2956 3020 aliquod
2985 2901 3262 2971 contingat
3290 2895 3663 2970 opprobrium,

2079 2965 2224 3020 nullo
2255 2966 2412 3020 modo
2443 2966 2790 3020 recipiantur.
2851 2965 2960 3020 liuc
3003 2967 3258 3020 Salomon
3289 2971 3402 3020 ait:
3431 2970 3536 3020 Cor
3582 2973 3663 3020 in-

2079 2965 2224 3047 nnllo
2255 2966 2412 3047 modo
2443 2966 2790 3047 recipiantur.
2825 2965 2960 3047 llittc
2981 2965 3258 3047 “Salomon
3289 2965 3419 3047 ait-1
3431 2970 3536 3047 Cor
3582 2965 3664 3024 in;

2141 3036 2316 3108 edictis
2355 3035 2486 3108 ditas
2520 3035 2656 3108 uias,
2680 3037 3043 3108 _non__babebit
3086 3045 3308 3108 requiem
3347 3037 3543 3108 (Eccli.
3576 3057 3663 3105 tu,

2154 3106 2192 3174 ).
2221 3105 2355 3160 Hinc
2383 3104 2616 3160 Jacohus
2642 3105 2720 3159 ait
2743 3123 2756 3158 :
2798 3104 2892 3174 Vir
2910 3107 3103 3174 duplex
3128 3104 3322 3169 animo,
3352 3104 3662 3165 inconstans

2077 3173 2159 3230 est
2189 3176 2250 3248 int
2274 3175 2516 3248 omnibus
2559 3176 2653 3230 viis
2680 3178 2789 3248 suis
2814 3173 2956 3245 (Jac.
2987 3173 3029 3240 ἰ,
3055 3178 3128 3248 8).
3176 3197 3194 3229 ι
3257 3177 3532 3233 ilactemrs
3562 3181 3660 3234 viri

2079 3245 2408 3316 sanctissimi
2445 3245 2660 3316 scitum,
2691 3246 2745 3300 in
2773 3261 2902 3316 quo,
2931 3262 3054 3302 cum
3085 3245 3378 3302 monachos
3407 3259 3661 3303 externos

2079 3330 2108 3386 a
2149 3315 2262 3369 suis
2304 3315 2480 3383 excipi
2518 3315 2800 3386 vetuerit,
2841 3316 3283 3372 manifestissime
3341 3321 3660 3386 prtemouuit

2079 3385 2204 3455 hos;
2239 3399 2339 3438 nec
2367 3386 2434 3439 ad
2473 3399 2602 3440 suos
2645 3385 2973 3455 alteriusque
3017 3397 3182 3442 sectae
3224 3385 3522 3442 emnohitas
3567 3388 3660 3442 de-

2077 3453 2218 3525 beret
2239 3455 2644 3525 transmigrare.
2680 3455 2796 3509 Huc
2824 3453 2952 3525 facit
2979 3469 3097 3525 cap.
3126 3457 3215 3520 l5,
3246 3457 3338 3511 lib.
3370 3456 3443 3511 De
3469 3459 3661 3511 "torti.

2081 3523 2330 3578 licatione
2355 3521 2492 3578 Julii
2510 3523 2734 3584 Faciwi.
2764 3525 2892 3580 editi
2921 3521 3099 3579 Lutet.
3128 3527 3283 3582 1598.
3330 3526 3662 3581 Venerabilis

2080 3591 2239 3647 Pater
2275 3593 2528 3648 Nicolaus
2556 3593 2896 3658 Grenierius,
2945 3604 3073 3650 ante
3119 3611 3293 3651 annos
3336 3595 3426 3658 56,
3489 3598 3659 3650 nostri

2078 3663 2310 3719 caenobii
2338 3663 2507 3733 prior,
2533 3671 2590 3736 et
2617 3663 2835 3736 quidem
2868 3665 3178 3736 integritate
3204 3667 3378 3736 prior,
3406 3664 3662 3734 nulloque

2077 3747 2299 3806 suorum
2347 3733 2618 3806 posterior
2646 3733 2924 3806 doctrina,
2962 3735 3087 3806 lect.
3115 3735 3150 3806 4
3181 3733 3235 3790 in
3270 3737 3510 3806 regulam
3540 3733 3661 3790 san-

2076 3803 2148 3876 cti
2178 3802 2461 3876 AuguStiui
2509 3804 2812 3876 excutiens,
2843 3806 2935 3872 qui
2967 3805 3051 3858 vir
3079 3802 3359 3876 religiosus
3399 3806 3454 3860 in
3484 3805 3662 3859 irreli-

2077 3873 2224 3944 giosa
2252 3873 2629 3928 cmnobiarcba
2658 3876 3041 3942 queatvivere,
3058 3873 3220 3944 quam
3245 3877 3499 3931 deserere
3526 3877 3661 3928 nolit

2076 3943 2300 3998 adactus
2327 3945 2554 3997 fratrum
2586 3944 2876 4010 charitate,
2898 3943 3137 3998 scandali
3171 3944 3336 3999 futuri
3366 3956 3539 4009 metu,
3567 3958 3661 3998 aut

2074 4012 2510 4083 ex_fragilitate,
2549 4022 2606 4083 et
2646 4014 2859 4082 propria
2935 4015 3239 4083 trepidante
3303 4015 3658 4069 conscientia.

2077 4099 2099 4132 ‹
2137 4079 2309 4154 Tum,
2356 4081 2526 4150 inquit
2553 4079 2869 4138 Grénierius
2920 4079 3126 4148 noster,
3179 4086 3504 4154 sperandum
3554 4095 3658 4143 est.

2075 4152 2218 4219 quod
2267 4153 2386 4206 sine
2435 4161 2655 4220 peccato
2702 4154 2756 4207 in
2797 4153 3126 4209 monasterio
3167 4152 3265 4209 suo
3313 4154 3660 4208 irreformatn

2073 4221 2366 4300 persistere
2407 4222 2596 4300 possit,
2644 4223 2802 4300 modo
2853 4235 3042 4300 tamen_
3070 4223 3179 4277 illic
3222 4223 3425 4288 sobrie,
3479 4223 3570 4300 pie
3605 4234 3661 4276 et

2066 4291 2215 4360 juste
2239 4291 2414 4356 vivat,
2454 4291 2554 4347 has
2601 4293 2938 4348 conditiones
2993 4292 3316 4355 observans,
3351 4303 3410 4347 ut
3447 4291 3658 4348 scileet

2074 4377 2238 4430 super
2298 4363 2382 4416 sui
2430 4363 2745 4417 monasterii
2805 4362 3241 4418 irreformatione
3282 4363 3488 4422 doleat.
3544 4363 3661 4430 ejus

2076 4431 2513 4502 reformationem
2560 4432 2614 4486 in
2663 4433 3109 4488 substantialibus
3158 4443 3213 4488 et
3257 4434 3558 4502 praesertim
3603 4436 3656 4487 in

2072 4501 2336 4556 honorum
2365 4502 2750 4557 communitate
2793 4504 3126 4558 desiderans.
3159 4501 3315 4568 item,
3346 4510 3404 4556 ut
3433 4518 3533 4570 pro
3567 4519 3652 4557 re-

2072 4571 2398 4626 formatione
2445 4571 2852 4638 iutroducenda,
2877 4573 3020 4642 quod
3049 4574 3099 4626 in
3128 4589 3186 4628 se
3211 4581 3317 4636 est,
3345 4571 3545 4642 faciat,
3578 4583 3661 4626 at-

2071 4657 2176 4711 que
2205 4652 2264 4696 ut
2292 4643 2562 4712 bonasibi
2593 4643 2881 4698 commissa
2900 4641 3036 4697 ’sine
3065 4657 3324 4712 expressa
3366 4641 3448 4695 sui
3471 4656 3662 4712 snpe-

2071 4709 2234 4767 rioris
2279 4710 2632 4781 pet-missione
2667 4726 2774 4766 non
2823 4709 3275 4782 dispenset,'nec
3317 4709 3662 4782 saeculariter

2070 4795 2130 4834 se
2162 4780 2380 4845 habeat,
2413 4782 2534 4842 sed,
2566 4790 2624 4835 ut
2651 4782 2852 4851 dictum
2890 4780 2996 4846 est,
3045 4783 3188 4836 vivat
3225 4781 3329 4851 pie,
3355 4780 3552 4842 sobrie,
3597 4797 3662 4833 ac

461 4854 782 4912 Sciscitatus
806 4867 949 4916 sum,
982 4852 1106 4906 dum
1140 4851 1254 4905 htec
1280 4849 1647 4914 elucubrarer,
1677 4850 1971 4922 religiosis:-
2061 4851 2208 4920 juste
2249 4851 2376 4922 (Tit.
2405 4866 2466 4922 tt,
2492 4851 2603 4918 12).
2654 4849 2929 4922 Pie_Deo,
2971 4862 3032 4907 ut
3080 4849 3234 4906 recte
3281 4862 3338 4906 et
3385 4851 3662 4922 tjatholice

393 4928 592 4984 simum
637 4923 924 4994 quemdam
968 4922 1146 4994 virum
1196 4923 1414 4994 (nomen
1461 4921 1764 4994 verecunde
1812 4921 1966 4992 sileo)

390 4997 522 5068 quid
568 4989 670 5068 hac
711 4995 777 5068 dc
812 5007 873 5068 re
902 4992 1128 5068 sentiret
1151 5007 1181 5068 _:_
1217 4991 1472 5068 dixitque
1507 4991 1560 5068 id
1609 4989 1793 5068 licere,
1843 4989 1964 5046 cum

390 5057 514 5137 quis
550 5063 869 5137 sui_or_dinis
909 5061 1274 5137 cyclopediam
1324 5057 1574 5124 absolvit,
1621 5061 1714 5137 sed
1762 5069 1818 5114 et
1851 5069 1963 5137 tum

391 5128 536 5192 vires
575 5135 737 5188 animi
781 5128 1132 5202 corporisque
1181 5129 1251 5202 ad
1301 5141 1534 5202 unguem
1582 5128 1960 5202 explorandae.

389 5208 504 5262 lmo
539 5205 665 5259 licet
700 5204 784 5258 hae
818 5199 1128 5257 viderentur
1173 5199 1524 5264 firmissimte,
1571 5208 1751 5254 tamen
1787 5201 1856 5254 ob
1887 5202 1964 5254 iu-

391 5278 569 5348 gentia
601 5289 720 5342 qua:
749 5274 845 5328 has
868 5271 1194 5326 mutationes
1232 5272 1580 5348 comitantur,
1620 5269 1809 5324 salutis
1839 5270 1962 5348 _d_is-

390 5339 647 5406 crimina,
679 5353 891 5397 mature
925 5357 1035 5396 rem
1069 5341 1422 5393 tractandum.
1442 5339 1726 5400 Caeterum,
1758 5340 1850 5408 qui
1880 5340 1958 5393 in-

394 5417 659 5469 tirmiorcs
690 5413 902 5465 valeant
932 5411 1146 5465 eludere
1195 5409 1425 5464 insultus
1469 5409 1664 5464 diaboli
1706 5409 1803 5464 has
1834 5410 1960 5464 reli-

392 5485 566 5547 gionis
595 5484 740 5537 vices
785 5481 1092 5545 suadentis,
1132 5488 1189 5534 et
1234 5479 1454 5533 insidias
1484 5479 1752 5548 detegere,
1782 5480 1960 5547 quoti-

394 5553 659 5618 diauaque
706 5551 942 5620 praeliola
973 5550 1055 5604 vel
1085 5566 1150 5604 ex
1179 5550 1408 5605 instituti
1453 5549 1735 5605 monastici
1773 5550 1962 5606 remis-

2071 4920 2298 4984 sentiat,
2330 4921 2676 4988 divinumque
2719 4920 2971 4986 oﬂicium,
3003 4930 3061 4976 ut
3085 4929 3283 4991 potest,
3321 4920 3555 4991 sollicite
3607 4931 3663 4974 et

1996 4979 2046 5039 Ι)
2073 4979 2382 5045 reverenter
2410 4979 2712 5058 persolvat;
2739 4992 2909 5046 sobrie
2937 4979 3063 5058 sibi,
3085 4979 3152 5046 'nt
3181 4979 3475 5054 abstineat,
3496 4990 3660 5059 juxta

2071 5074 2290 5114 suasum
2340 5060 2724 5130 apostolicum,
2772 5079 2804 5114 (ι
2850 5062 3150 5116 carnalibus
3188 5061 3481 5122 desideriis,
3537 5078 3660 5129 quit

2069 5131 2291 5184 militant
2323 5131 2574 5184 adversus
2601 5134 2834 5185 animam
2861 5131 2910 5200 (I
2938 5131 3086 5186 Patr.
3120 5147 3182 5199 ll,
3211 5131 3321 5198 ll);
3340 5131 3486 5198 juste
3511 5133 3661 5190 aliis,

2069 5207 2128 5253 ut
2153 5201 2207 5255 in
2233 5202 2482 5256 omnibus
2510 5217 2570 5256 se
2589 5201 2842 5256 exhibeat
2878 5203 3016 5257 sicut
3044 5201 3138 5256 Dei
3165 5201 3490 5264 ministrum,
3521 5214 3665 5266 pra--

2068 5283 2268 5326 cavens
2321 5286 2388 5324 ne
2423 5285 2748 5340 quemquam
2801 5272 2964 5326 verbo
3019 5281 3113 5326 aut
3157 5271 3332 5336 facto,
3387 5281 3661 5338 quantum

2067 5341 2351 5395 commode
2395 5343 2612 5410 poterit,
2647 5342 2784 5398 male
2826 5342 3077 5404 aedificet,
3136 5341 3664 5410 pt'msertintut_ne-

2068 5412 2270 5491 minem
2297 5406 2509 5481 eorum,
2531 5411 2728 5482 quibus
2768 5412 3029 5480 convivit,
3057 5406 3315 5468 oﬂeitdat.
3347 5431 3364 5461 ι
3403 5407 3494 5464 Sic
3527 5406 3662 5461 Gre-

2067 5495 2287 5536 ntertus.

2888 5653 2902 5678 δ
