3898 6052
306 220 449 281 ’4101
1596 215 1724 273 ιω.
1765 214 1807 281 l,
1839 214 1845 267 l

2040 246 2056 264 .
2098 209 2291 265 XXXI.
3437 207 3572 264 NO!

311 339 444 395 ciat.
478 336 536 392 Si
576 344 758 392 autem
799 348 927 391 vere
967 334 1187 391 meliora
1216 334 1352 399 illis,
1390 347 1509 403 qius
1552 333 1604 387 in
1640 337 1889 402 promptu
1918 331 1969 390 Α
2461 319 2791 377 EPISTOLA
2826 319 2975 374 XXX
3015 319 3103 372 ω.

313 438 462 492 sunt,
496 427 733 482 nondum
770 427 995 481 meritus
1025 436 1197 496 optat,
1234 426 1502 495 patienter
1537 422 1731 477 toleret
1757 420 1893 474 divi-
2583 447 2649 486 η,
2688 446 2989 485 “manu.

312 533 441 572 num
476 516 769 587 judicium,
799 515 941 585 quod
980 514 1071 568 ulli
1108 515 1306 583 aliquid
1349 513 1544 583 injuste
1584 524 1690 565 non
1730 509 1851 563 deut

2039 523 2229 579 cnsulit
2259 540 2365 578 non
2394 524 2581 590 eligere
2612 523 2781 576 locum
2814 522 2900 575 ubi
2930 522 3143 588 docent,
3172 521 3259 575 sed
3296 521 3385 575 ubi
3409 524 3578 592 magis

312 618 434 678 gat,
485 623 554 662 ne
593 622 691 677 per
726 606 1117 677 impatientiam
1149 605 1386 673 iudicem
1426 603 1632 672 justum
1668 614 1891 671 exaspe-
2645 594 2917 646 doceatur.

312 711 474 757 rans,
518 702 790 749 mereatur
834 694 977 762 quod
1021 708 1127 748 non
1166 694 1330 748 habet
1371 706 1475 747 non
1511 690 1757 759 accipere
1780 730 1794 754 ,
1838 694 1897 743 et
2066 685 2293 741 Domino
2329 693 2385 741 et
2416 683 2572 739 fratri
2608 683 2930 739 charissima
2958 682 3235 747 Assumo,
3278 683 3449 737 frater
3472 684 3578 738 Av-

312 786 455 854 quod
490 784 699 852 accepit
732 784 1001 848 amittere,
1033 791 1126 837 aut
1154 784 1295 852 quod
1328 796 1435 835 non
1470 788 1615 835 amat
1646 778 1734 843 “',
1774 778 1893 832 inu-
1994 794 2215 843 manus,
2248 778 2502 834 salutem.

312 876 483 929 t'rliter
518 886 721 930 tenere.
760 873 868 929 Seu
904 889 1036 930 vero
1064 875 1132 908 ⁸³⁸
1169 873 1594 929 misericordiam
1625 886 1717 928 seu
1743 870 1882 939 jndi-
2064 872 2217 937 Quod
2258 878 2434 925 vestra
2462 869 2597 939 pet-it
2629 869 2865 923 fraterna
2892 867 3140 931 dilectio,
3168 878 3227 922 ut
3255 867 3412 922 simul
3446 884 3583 937 prro-

312 966 455 1019 cium
498 979 628 1034 erga
673 979 733 1020 se
778 965 831 1019 in
878 964 1023 1031 illis,
1071 979 1190 1034 qua:
1236 978 1341 1019 non
1384 964 1548 1018 habet
1593 971 1650 1017 et
1697 969 1889 1032 optat,
1989 970 2175 1019 seruos
2221 960 2449 1016 invicem
2496 959 2896 1029 colloquantur,
2949 974 3049 1029 ego
3097 974 3315 1029 quoque
3352 973 3417 1013 ex
3464 974 3576 1027 quo

311 1055 655 1124 persentiat;
714 1053 867 1109 laatus
916 1069 983 1108 ex
1039 1054 1123 1108 bis
1175 1069 1297 1123 qua:
1352 1053 1602 1124 accepit,
1654 1052 1891 1123 largitati
1994 1054 2237 1111 habitum
2266 1062 2470 1109 sanctae
2494 1052 2920 1108 conversationis
2945 1052 3253 1121 sumpsistis
3280 1050 3580 1106 desideravi

309 1159 560 1213 superna:
596 1144 798 1214 gratias
832 1144 1022 1214 dignas
1061 1144 1349 1214 persolvat.
1388 1144 1459 1198 Et
1496 1145 1619 1213 quia
1651 1144 1717 1198 ad
1760 1158 1896 1213 qua-
1993 1153 2050 1200 et
2080 1144 2331 1199 desidero
2359 1159 2377 1197 :
2405 1145 2500 1199 sed
2526 1143 2656 1212 quia
2697 1157 2848 1197 meus
2879 1157 2982 1197 nec
3016 1158 3135 1198 sum
3165 1156 3266 1196 nec
3292 1155 3412 1196 esse
3439 1140 3582 1205 volo,

312 1236 634 1305 lumenque
677 1245 891 1304 portum
923 1236 989 1290 de
1018 1236 1331 1306 procellosis
1365 1236 1549 1290 mundi
1586 1235 1893 1290 turbinibus
1992 1236 2233 1290 nondum
2261 1236 2569 1290 communis
2606 1232 2858 1289 eﬂ‘ectum
2899 1232 3154 1288 desiderii
3190 1235 3450 1304 consequi
3484 1249 3581 1303 po-

310 1326 491 1395 potuit
526 1326 864 1395 pertingere,
900 1335 1093 1381 caveat
1131 1328 1184 1381 in
1221 1336 1409 1397 portus
1447 1327 1890 1397 tranquillitatem
1993 1325 2108 1390 tui,
2142 1338 2243 1379 nec
2266 1324 2382 1379 scio
2410 1324 2454 1378 si
2480 1333 2692 1394 potero.
2723 1324 2971 1379 Breviter
3001 1324 3164 1394 igitur
3193 1339 3291 1394 pro
3328 1326 3586 1394 temporis

314 1426 530 1472 ventum
568 1418 802 1474 levitatis
825 1426 881 1474 et
914 1419 1263 1489 inpatientiae
1300 1419 1567 1475 turbinem
1597 1419 1889 1474 inducere:
1988 1414 2279 1483 brevitate,
2305 1415 2501 1472 litteris
2523 1416 2590 1471 ad
2613 1431 2675 1471 ea
2699 1431 2821 1486 quae
2842 1416 3142 1471 mandastis
3165 1420 3481 1488 respondeo.
3510 1420 3585 1473 Dc

312 1519 585 1578 quatenus
618 1526 771 1566 meus
817 1511 1119 1567 constantia
1160 1520 1220 1567 et
1259 1512 1673 1567 mansuetudine
1714 1520 1893 1566 tntan-
1991 1505 2159 1561 intro
2192 1507 2536 1562 adolescente
2574 1508 2717 1576 quod
2750 1508 2935 1577 petitis
2960 1546 2975 1571 ,
3013 1522 3112 1563 nec
3145 1508 3377 1563 domnus
3423 1509 3588 1563 abbas

312 1597 461 1653 tibus
496 1598 708 1667 quieta,
752 1600 919 1654 divini
959 1601 1167 1655 timoris
1203 1600 1565 1655 sollicitudine
1593 1609 1649 1655 et
1686 1600 1891 1655 amoris
1992 1611 2095 1652 nec
2115 1605 2301 1652 nostra
2326 1599 2678 1667 congregatio
2698 1598 3039 1662 concederet,
3072 1598 3174 1652 nisi
3200 1599 3351 1667 prius
3373 1598 3493 1667 eius
3514 1599 3593 1652 vi-

314 1688 674 1744 dolectatione
703 1689 775 1743 sit
813 1702 981 1744 vacua
1020 1690 1108 1744 η’.
1147 1688 1282 1744 Nam
1315 1689 1478 1744 timor
1509 1704 1607 1758 per
1636 1677 1971 1744 sollicito-3
1999 1697 2109 1742 tam
2141 1688 2407 1744 diuturna
2424 1689 2862 1743 conversationis
2891 1689 3267 1758 experimento
3300 1705 3589 1760 cognosce-

314 1776 495 1830 dinem
530 1776 795 1842 custodit,
834 1790 987 1830 amor
1029 1791 1158 1831 vero
1186 1792 1282 1846 per
1318 1776 1729 1832 delectationem
1767 1791 1893 1846 per-
1996 1788 2100 1835 ret.
2130 1778 2285 1846 Quod
2311 1788 2491 1834 autem
2516 1780 2695 1849 aliquo
2721 1780 2801 1834 ire
2826 1780 3129 1850 proponitis
3165 1779 3253 1843 ίδδ,
3279 1781 3368 1835 ubi
3399 1794 3591 1835 secun-

314 1866 430 1921 licit
466 1866 553 1920 ¹³⁸.
594 1866 721 1921 Scio
758 1867 886 1937 quia
917 1868 1034 1923 haec
1067 1868 1326 1937 majorem
1356 1877 1450 1925 aut
1492 1868 1763 1924 scribendi
1801 1876 1898 1923 aut
1996 1870 2124 1927 dum
2157 1871 2494 1941 propositum
2531 1881 2775 1925 vestrum
2814 1871 2997 1926 vivere
3033 1871 3257 1940 possitis
3279 1911 3297 1937 ,
3338 1870 3498 1927 laudo
3536 1881 3593 1926 et

314 1958 652 2027 colloquendi
692 1959 912 2028 exigunt
941 1960 1371 2028 amplitudinem,
1401 1968 1459 2015 ut
1488 1960 1696 2031 plenius
1732 1959 1895 2015 intel-
1994 1962 2223 2025 hortor;
2276 1962 2381 2016 hoc
2421 1971 2603 2016 tamen
2635 1975 2941 2031 praemoneo
2986 1971 3047 2017 ut
3084 1971 3142 2016 et
3178 1976 3276 2032 per
3320 1962 3589 2018 licentiam

315 2046 512 2118 ligatur
537 2048 753 2115 quibus,
783 2049 1012 2113 scilicet,
1041 2050 1177 2105 dolis
1205 2051 1460 2121 antiquus
1487 2066 1713 2121 serpens
1739 2050 1894 2121 igna-
1994 2053 2157 2123 323
2181 2054 2394 2108 abbatis
2442 2052 2607 2106 vestri
2643 2052 2745 2107 hoc
2776 2049 3023 2115 faciatis;
3055 2060 3111 2107 et
3138 2062 3216 2118 ut,
3269 2067 3593 2124 quocunque

316 2153 436 2193 rum
464 2139 787 2193 monachum
818 2139 870 2192 iu
906 2140 1008 2195 hoc
1041 2156 1240 2211 genere
1262 2141 1579 2197 tentationis
1611 2140 1891 2210 illaqueet;
1997 2144 2102 2199 iter
2132 2136 2369 2198 vestrum
2406 2143 2549 2197 Deus
2572 2141 2856 2208 direxerit,
2881 2141 3205 2212 regulariter
3233 2143 3335 2197 sub
3374 2144 3591 2199 abbatis

314 2237 372 2283 et
418 2237 641 2284 econtra
667 2270 683 2294 ,
728 2231 926 2299 quibus
968 2230 1273 2287 rationibus
1314 2232 1551 2302 prudens
1599 2232 1897 2287 monachus
1991 2234 2325 2297 obedimitia,
2356 2241 2547 2288 etnon
2578 2231 2631 2285 in
2672 2232 2905 2302 propriae
2931 2232 3232 2287 voluntatis
3261 2232 3508 2299 arbitrio,
3540 2235 3589 2288 si

312 2320 433 2390 ejus
454 2317 680 2373 callidas
704 2319 1082 2389 persuasiones
1111 2320 1372 2375 dissolvat
1398 2330 1453 2375 et
1478 2322 1759 2376 amiihilet.
1790 2322 1896 2378 Sed
1997 2321 2246 2376 monachi
2271 2320 2551 2391 prmmium
2580 2319 2844 2389 consequi
2876 2319 3063 2384 vultis,
3100 2320 3329 2385 vivatis;
3382 2336 3483 2376 nuc
3514 2320 3593 2375 lo—

316 2409 573 2477 quoniam
620 2409 731 2478 jam
786 2411 1105 2465 brevitatem
1133 2450 1150 2476 ,
1202 2426 1366 2480 quam
1412 2412 1582 2483 exigit
1627 2412 1849 2482 epistola
1878 2453 1895 2478 ,
1996 2426 2119 2467 cum
2153 2412 2243 2467 ubi
2271 2426 2366 2466 vos
2393 2411 2517 2465 aliis
2548 2410 2829 2481 prodesse,
2857 2409 3099 2479 aliosque
3151 2410 3442 2475 instrtterc,
3496 2413 3593 2465 sed

316 2499 527 2554 excessi
553 2516 567 2564 ;
599 2509 656 2555 et
680 2508 851 2556 totum
888 2503 1030 2571 quod
1064 2503 1153 2558 hic
1184 2502 1296 2557 dixi
1328 2512 1421 2557 aut
1446 2504 1730 2558 dicendum
1760 2503 1890 2570 fuit,
1995 2503 2088 2559 ubi
2118 2519 2216 2559 vos
2245 2517 2340 2574 per
2367 2502 2504 2558 alios
2524 2502 2795 2573 proﬁcere
2822 2510 2881 2559 et
2915 2502 2986 2557 ab
3013 2502 3136 2558 aliis
3186 2504 3256 2558 ad
3287 2504 3589 2575 spiritalem

316 2589 384 2643 ad
436 2592 844 2648 custodiendam
892 2594 1091 2649 trientis
1128 2595 1365 2664 quietem
1415 2596 1680 2665 pertinet,
1738 2597 1897 2666 hujus
1997 2595 2244 2650 militiam
2269 2593 2465 2649 instrui
2489 2593 2731 2662 possitis,
2759 2593 2995 2663 eligatis.
3038 2594 3130 2649 Sic
3152 2594 3299 2649 enim
3341 2594 3595 2649 ordinate

316 2683 499 2738 brevis
536 2686 846 2742 exhortatio
878 2687 1161 2757 epistolam
1200 2700 1442 2744 nostram
1478 2692 1753 2747 terminet.
1788 2691 1855 2747 Ne

2045 2684 2314 2748 reﬁcietis,
2339 2683 2385 2738 si
2417 2682 2571 2752 prius
2599 2683 2784 2737 doceri
2807 2699 2970 2753 quam
2996 2684 3193 2740 docere
3222 2686 3584 2755 appetieritis.

315 2785 503 2844 Putes.
548 2778 869 2834 charissima
891 2820 907 2847 ,
953 2781 1065 2836 haec
1113 2796 1200 2837 me
1238 2782 1421 2837 dicere
1468 2783 1669 2839 idcirco
1694 2825 1708 2845 .
1755 2786 1897 2854 quod
1996 2777 2283 2838 Praeterea,
2308 2773 2452 2843 quod
2478 2773 2659 2828 studio
2684 2774 3000 2830 scholarum
3026 2775 3193 2829 vitam
3226 2782 3493 2840 vestram,
3522 2790 3588 2830 ex

316 2862 563 2929 suspicer
610 2872 663 2919 te
712 2865 895 2937 aliqua
947 2869 1147 2923 mentis
1199 2870 1573 2939 inquietudine
1628 2872 1855 2928 laborari

2057 2864 2325 2921 memento
2356 2863 2731 2927 renuntiastis,
2784 2864 3095 2934 impenditis
3150 2864 3244 2930 “‘,
3290 2864 3596 2921 nullatenus

316 2953 427 3011 Sed
452 2955 712 3024 quoniam
747 2957 1034 3026 praedictus
1061 2960 1314 3016 dominus
1338 2961 1510 3019 Ursus
1542 2963 1609 2995 ⁸³⁸
1639 2965 1783 3034 cogit
1811 2980 1898 3020 me
1924 3010 1966 3034 η
1998 2957 2152 3012 vobis
2173 2955 2433 3027 expedire
2454 2956 2822 3027 cognoscetis,
2874 2955 2918 3011 si
2944 2964 3005 3011 et
3050 2957 3220 3011 vestri
3269 2956 3430 3011 tinem
3473 2972 3597 3027 pro-

315 3010 551 3115 aliqnam
603 3010 1027 3103 admonitionem
1922 3010 1970 3074 Ο
2000 3010 2263 3117 posit-ch;
2288 3010 2397 3114 quo
2425 3010 2855 3100 erxe‘rcitioilluc
2881 3046 3247 3115 perveniatur,
3278 3010 3591 3101 consulitis.

316 3137 497 3208 potius
532 3151 811 3201 moneam,
846 3153 1013 3208 quam
1041 3153 1237 3195 cavere
1266 3141 1369 3196 hoc
1408 3143 1550 3211 quod
1584 3144 1686 3197 sub
1720 3143 1901 3214 specie
2000 3138 2188 3193 Valeat
2223 3136 2354 3190 mihi
2377 3145 2560 3190 vestra
2585 3135 2782 3190 dilecta
2810 3135 3051 3199 dilectio,
3100 3143 3158 3189 et
3206 3134 3335 3190 licet
3388 3134 3443 3189 in
3494 3134 3599 3189 hac

317 3236 482 3281 recta:
509 3227 802 3283 voluntatis
821 3228 936 3283 scio
970 3230 1190 3286 novitiis
1211 3230 1532 3300 quibusdam
1568 3232 1742 3289 solere
1767 3235 1899 3288 sb-
2000 3223 2437 3296 peregrinatione
2461 3223 2702 3293 separati
2731 3224 2798 3278 ad
2826 3223 3065 3293 patriam
3094 3222 3241 3277 velut
3263 3223 3477 3278 diverso
3501 3223 3595 3277 ili-

318 3333 509 3387 repere
542 3318 629 3372 ⁸⁸⁸.
676 3318 1033 3390 Quapropter,
1075 3322 1249 3378 amice
1276 3323 1350 3377 mi
1378 3326 1434 3378 et
1460 3322 1628 3379 frater
1662 3324 1857 3380 dilectis

2119 3315 2727 3378 :tendamus;orernus
2769 3322 2947 3366 tamen
2971 3326 3074 3382 pro
3103 3311 3367 3379 invicem,
3416 3322 3478 3367 ut
3539 3312 3594 3365 iu
3646 3334 3658 3345 ι

317 3409 455 3464 sime
478 3448 493 3472 ,
538 3409 771 3464 consulit
795 3450 810 3473 ,
850 3418 1073 3476 monet,
1122 3419 1378 3481 precatur
1419 3422 1471 3467 te
1508 3420 1632 3469 tuus
1672 3416 1856 3470 dilecti

1790 3426 1902 3471 ctus
1999 3408 2173 3479 patria
2197 3407 2268 3463 de
2286 3406 2398 3462 Deo
2420 3404 2584 3461 simul
2611 3404 2944 3459 aeternaliter
2967 3405 3329 3475 gaudeamus.

317 3500 548 3556 dilecwr
569 3500 890 3556 totiscordis
911 3502 1230 3567 visceribus,
1253 3512 1312 3556 ut
1332 3503 1458 3558 totis
1480 3504 1684 3560 viribus
1705 3508 1901 3573 quieta!
2459 3513 2793 3571 EPISTOLA
2833 3486 3004 3569 xx'xr
3046 3515 3132 3569 ιιι.

318 3589 516 3644 mentis
556 3588 809 3655 studeas,
844 3590 963 3644 sine
1000 3605 1107 3659 qua
1151 3590 1283 3645 nulli
1330 3590 1459 3645 licet
1502 3592 1685 3669 callidi,
1729 3594 1902 3650 hostis
2556 3623 2625 3660 λυ
2667 3620 3039 3662 uss-amco...

318 3680 1343 3769 insidiascircumspicere,velsemitas
1359 3681 1617 3736 virtutum
1640 3686 1903 3752 angustis-
2002 3697 2078 3751 υε
2117 3696 2405 3764 ιαηῖταηοὶ
2449 3696 2647 3769 nepotis
2691 3697 3174 3769 sanctoprofectu,
3214 3709 3263 3752 rt
3305 3699 3369 3752 de
3406 3700 3594 3769 capitis

319 3768 489 3822 simas
521 3768 587 3800 ¹⁶¹
616 3768 950 3837 prospicere.
985 3769 1068 3824 Ad
1109 3771 1249 3826 hanc
1285 3786 1417 3828 vero
1444 3775 1773 3838 monachus,
1808 3789 1858 3842 qi

1583 3775 1744 3829 achus
1758 3813 1773 3838 ,
1808 3775 1901 3842 qui
2463 3764 2665 3828 dolore,
2696 3780 2799 3833 quo
2826 3764 3122 3821 laborabat.

321 3856 379 3910 in
428 3857 756 3912 monasterio
803 3867 1187 3923 conversatur,
1240 3862 1548 3933 pertingere
1596 3863 1860 3918 nullatent

2075 3878 2301 3932 Domino
2322 3885 2378 3932 et
2400 3873 2548 3929 Patri
2576 3888 2676 3928 suo
2701 3876 3186 3945 desideratissimo,
3221 3880 3378 3933 matri
3407 3883 3595 3937 catho-

320 3945 464 4002 valet
485 3945 603 4001 sine
624 3947 927 4002 constantia
952 3956 1008 4002 et
1031 3951 1469 4017 mansuetudine,
1500 3968 1619 4023 quae
1646 3970 1859 4011 mansne

2056 3985 2121 4024 ta:
2148 3982 2268 4024 cum
2305 3982 2491 4024 amore
2526 3967 2824 4025 reverendo
2864 3982 2987 4022 cum
3018 3970 3321 4024 reverentia
3364 3975 3595 4027 amando

322 4038 452 4093 tudo
477 4036 860 4092 indissolubilis
888 4052 1069 4095 comes
1096 4049 1181 4094 est
1213 4042 1521 4110 patientiae;
1555 4053 1611 4098 et
1644 4045 1745 4101 nisi
1780 4060 1861 4102 me

2051 4061 2410 4131 rchiepiscopo
2444 4060 2787 4125 Lmrusco,
2816 4059 2985 4115 frater
3026 4061 3307 4117 Asssuus
3349 4077 3501 4129 suus,
3541 4065 3590 4118 in

322 4128 543 4184 nasterii
580 4128 661 4183 sui
694 4128 968 4198 instituta,
1002 4146 1124 4200 quae
1164 4132 1360 4190 divinis
1398 4149 1505 4190 non
1549 4136 1861 4205 prohibentu

2052 4128 2285 4205 asseritis
2311 4128 2442 4205 vita
2473 4150 2764 4206 sanctitate
2802 4150 3115 4213 diuturnum
3154 4150 3379 4223 fulgere,
3421 4128 3591 4208 infu-

323 4219 619 4285 mandatis,
664 4221 875 4276 etiamsi
907 4222 1165 4276 rationem
1195 4240 1384 4279 eorum
1430 4240 1535 4282 non
1574 4228 1896 4296 perviderit,
2003 4219 2140 4301 iam
2168 4245 2293 4301 vim,
2322 4245 2585 4301 [οιίείιριε
2617 4254 2877 4300 {nm-num
2905 4245 3159 4315 gaudere.

322 4322 386 4409 ξι
407 4312 653 4409 religiosa
677 4312 942 4409 “fidlleri‘
969 4314 1275 4369 οδθθτνπε·
1306 4317 1449 4409 Vale:
1478 4327 1534 4373 ει
1558 4320 1900 4390 οηιηῘΡοιθιιδ
1934 4342 1979 4396 D
2072 4333 2132 4389 Si
2160 4343 2264 4388 tam
2294 4332 2450 4389 facile
2474 4336 2679 4389 dictare
2722 4345 2776 4389 et
2805 4312 3065 4401 scribere,
3093 4351 3256 4406 quam
3285 4336 3432 4409 loqui
3466 4352 3589 4407 pos-

323 4402 582 4457 Dominus
628 4403 871 4472 perliciat
906 4418 1124 4471 gressus
1156 4414 1278 4461 tuos
1317 4408 1369 4462 in
1407 4410 1613 4465 seruilis
1647 4412 1758 4466 suis
1783 4452 1796 4478 ,
1845 4431 1862 4467 ι

2049 4439 2148 4488 em,
2175 4439 2446 4492 nunquam
2473 4424 2571 4489 illi,
2598 4425 2683 4479 cui
2710 4435 2818 4478 tam
2845 4440 2985 4494 saepe
3010 4426 3247 4495 loquitur
3272 4443 3364 4482 cor
3388 4444 3588 4491 meum,

322 4506 432 4545 non
467 4500 783 4546 moveantur
820 4493 1041 4562 vestigia
1083 4503 1173 4550 tua
1210 4494 1384 4563 (Paul.
1426 4514 1520 4552 xvi
1547 4540 1561 4563 ,
1604 4501 1703 4570 5);
1750 4512 1809 4557 ut
1851 4505 1861 4557 i

2045 4513 2354 4586 pislolarum
2385 4516 2537 4584 capia
2570 4529 2810 4569 mearum
2843 4517 3077 4581 deesset,
3110 4517 3209 4572 nisi
3244 4533 3363 4573 cum
3412 4521 3584 4591 inopia

320 4582 527 4651 justitia
556 4597 817 4653 appareas
841 4587 1150 4653 conspectui
1179 4587 1301 4654 Dei,
1338 4597 1393 4644 et
1418 4590 1633 4647 satieris
1661 4608 1782 4648 cum
1812 4610 1859 4666 al

2050 4582 2140 4663 tibi
2169 4609 2404 4663 latorum
2436 4582 2667 4662 adesset.
2696 4606 2803 4662 Sed
2830 4609 3085 4677 quoniam
3116 4617 3223 4662 tam
3253 4610 3419 4665 multa
3463 4582 3589 4667 sunt

324 4676 565 4770 paruerit
586 4676 755 4744 gloria
786 4675 903 4743 ejus
925 4676 1114 4744 ΗΜΛ..
1143 4681 1250 4749 15).
1272 4679 1378 4736 Ora
1401 4692 1461 4737 ut
1487 4692 1543 4738 et
1566 4699 1667 4755 ego
1692 4695 1898 4743 tecum‘
2004 4711 2127 4765 quae
2172 4712 2259 4752 me
2300 4697 2504 4751 dictare
2554 4675 2872 4766 impediunt,
2911 4708 2970 4752 ut
3002 4700 3105 4754 hoc
3137 4700 3333 4770 ipsum,
3382 4702 3586 4758 scilicet
3668 4708 3669 4711 ‘

326 4767 453 4836 quia
480 4776 536 4822 et
556 4783 654 4837 ego
678 4782 777 4823 oro
802 4775 863 4822 ut
892 4776 946 4822 tu
975 4785 1186 4824 mecum
1222 4772 1309 4823 ⁸³³.

2051 4803 2167 4842 nam
2210 4788 2377 4842 multa
2422 4788 2551 4855 sint,
2600 4789 2909 4845 meditando
2942 4806 3085 4847 nunc
3121 4807 3381 4848 enarrare
3423 4793 3590 4864 impe-

1582 4974 1809 5033 VARIIE
1868 4981 2265 5040 LECTIONES.

398 5130 463 5212 ιξξ
484 5128 624 5212 Quia
648 5140 932 5212 nonamat
953 5148 1051 5186 ms.
1158 5130 1437 5212 quodnon
1470 5143 1614 5212 amat
1672 5135 1741 5167 ³³⁸
1771 5136 1861 5191 Dei
1884 5153 2014 5193 vero
2035 5155 2162 5212 ptas.
2191 5141 2296 5212 duo
2323 5150 2371 5196 et
2402 5140 2549 5196 Edit.
2580 5142 2766 5198 Colon.
2800 5159 2894 5199 seu
2938 5160 3070 5200 vero
3109 5162 3209 5201 nis.
3245 5148 3334 5203 i8.
3385 5150 3430 5204 si
3461 5165 3593 5206 vero

332 5201 396 5232 ³³⁷
423 5200 781 5284 Sollicitudini
807 5200 1125 5284 'ethamloris
1156 5201 1527 5284 delectati-oui“
1553 5206 1626 5260 sit
1663 5220 1831 5261 vacua
1874 5224 1973 5284 ms.
2025 5208 2102 5284 18_
2145 5221 2193 5264 et
2247 5210 2373 5284 ιον.
2445 5212 2820 5284 sollicitudinis
2873 5224 2930 5270 et
2975 5200 3595 5275 amoris’delect'atio‘nis

330 5271 555 5355 lignus".
596 5285 773 5355 vacua_
787 5269 1179 5355 (liditZLCo’l‘on.
1232 5271 1619 5355 Sollicitudine‘
1645 5285 1698 5355 et
1755 5279 1982 5355 amoris
2020 5280 2485 5355 delectationes“
2518 5298 2688 5355 vacua
2765 5282 2834 5315 ¹³⁸
2869 5284 3086 5341 Perﬁcit
3116 5269 3594 5355 iisiisfbﬁﬁilﬁ

332 5339 398 5369 "’
433 5337 601 5425 Ursus
626 5356 722 5425 ius.
748 5340 841 5425 18..
875 5340 1021 5394 Edit.
1055 5339 1256 5425 (Iolae:
1284 5343 1542 5425 manlio}
1578 5345 1737 5401 Ursio
1796 5348 1863 5379 ¹⁸⁰
1889 5346 2433 5425 Subripere_nts._18,
2465 5362 2510 5406 et
2545 5337 2688 5425 (suo:
2703 5337 3595 5425 subrepereﬂl‘lvvxttgitstissiiiins

328 5425 449 5489 mea.
468 5420 532 5489 Ast
557 5408 712 5489 Edit.‘
742 5411 858 5465 Col.
883 5483 893 5489 _
905 5412 1322 5489 angustissimas
1398 5414 1461 5444 “’
1486 5413 1563 5469 Tu
1590 5432 1800 5489 mecum
1839 5435 1939 5472 ms.
1974 5408 2072 5489 18:
2098 5422 2247 5476 addit
2301 5408 2473 5476 Amen
2552 5422 2619 5453 ³⁸³
2648 5420 2779 5477 Cum
2804 5408 3007 5479 duobus
3030 5408 3597 5489 ηωξνίἷῖί

328 5476 593 5612 (ἑξὰς
614 5478 804 5602 ςοῗίᾳιῖι
882 5481 948 5514 ἰδ
986 5476 1316 5551 Prepouitur
1348 5500 1475 5538 mss.
1507 5487 1807 5557 proponitis
1878 5489 1943 5519 ¹³⁸
1988 5488 2330 5561 Impendistis
2364 5507 2488 5547 mu.
2530 5476 2896 5562 impenditis”
2917 5476 3001 5527 λέ(
3032 5476 3163 5553 Cibi
3206 5476 3333 5553 tu}:
3362 5476 3598 5559 Eni";

572 5587 578 5593 .
688 5568 762 5603 ut:
790 5569 820 5603 a
