3898 6052
348 134 485 191 “03

876 131 936 188 S.
976 131 1273 188 ANSELMI
1312 130 1663 188 CANTUAR.
1691 127 1910 185 ARCHll

2051 128 2205 187 OPP.
2245 132 2425 188 PARS
2456 130 2541 188 ΙΙΙ.
2576 159 2647 171 -
2685 130 3068 188 Εριετοιιε.

3478 133 3624 191 ίιρι

344 247 528 313 diant;
555 260 749 318 precor
773 263 839 303 ne
865 247 997 301 mihi
1027 256 1250 317 paterna
1278 255 1456 300 vestra
1489 245 1553 277 “"
1582 250 1928 300 succenserat
1955 251 2002 307 Α
2031 246 2249 313 quando
2295 260 2467 316 usque
2518 246 2585 300 ad
2636 246 2759 301 vitae
2805 243 3105 315 periculum
3151 244 3500 313 perducatur.
3554 247 3619 300 In

343 338 670 404 sublimitas,
695 338 837 407 quod
867 353 991 393 raro
1017 340 1083 392 ad
1112 352 1171 392 se
1201 337 1400 392 servuli
1428 336 1510 392 sui
1542 334 1783 406 epistola:
1807 349 1929 406 per-

342 430 581 484 veniant.
606 429 863 497 Quamvis
886 444 1121 499 namque
1144 429 1392 499 rubigine
1414 428 1588 500 stylus
1614 442 1777 481 manu
1806 440 1927 482 ces-

340 528 495 574 sante
526 520 771 574 rnhescat
796 559 811 585 ,
846 518 988 573 absit
1019 526 1198 572 tamen
1231 526 1290 572 ut
1329 525 1545 588 torpore
1586 517 1799 572 animus
1827 515 1928 571 lin-

339 624 443 678 gua
487 618 698 664 tacente
746 618 1003 680 tepescat.
1051 609 1254 665 Verum
1301 608 1387 664 his
1430 623 1573 664 nunc
1612 606 1832 663 omissis
1859 608 1925 663 de

337 697 651 751 dulcissimo
689 699 947 755 dilectore
995 715 1115 755 meo
1160 708 1352 770 nepote
1376 710 1581 764 vestro,
1614 698 1769 767 cujus
1796 713 1925 753 con-

334 788 659 844 versationis
684 805 781 844 vos
806 792 920 845 scio
963 806 1178 862 semper
1204 800 1523 861 prmsentem
1555 792 1758 847 habere
1787 791 1924 848 velle

335 878 607 945 notitiam,
649 880 753 935 hoc
797 880 951 936 vobis
979 882 1178 936 mando
1202 883 1345 951 quod
1390 897 1508 937 mea
1540 890 1771 937 testatur
1793 896 1927 937 con-

334 970 582 1027 scientia.
618 970 710 1027 Sic
751 973 937 1044 utique
978 982 1132 1029 cavet
1179 990 1208 1028 a
1255 975 1452 1044 quibus
1482 984 1569 1031 est
1597 975 1921 1040 cavendum,

330 1067 392 1113 ut
437 1060 565 1114 nulli
608 1071 850 1117 nostrum
878 1062 1002 1131 jure
1039 1062 1287 1117 videatur
1329 1064 1801 1133 reprehensihilis;
1839 1065 1920 1119 sic

330 1147 512 1202 studet
542 1150 727 1205 humili
758 1151 1075 1222 benignitati
1111 1161 1167 1207 et
1210 1152 1453 1222 benigna:
1482 1152 1806 1221 humilitati;
1841 1154 1923 1209 sic

329 1236 498 1303 quieti
521 1246 577 1292 et
604 1238 821 1294 silentio
849 1248 1011 1310 atque
1041 1240 1297 1305 orationi,
1342 1249 1401 1296 ut
1426 1242 1622 1297 merito
1647 1242 1719 1299 sit
1744 1242 1922 1299 omni-

326 1327 430 1383 bus
460 1330 729 1387 amabilis.
774 1330 929 1387 Unde
961 1342 1109 1388 certe
1135 1334 1376 1402 quotidie
1405 1343 1460 1390 et
1494 1335 1609 1405 ipse
1646 1350 1735 1391 me
1759 1336 1825 1391 de
1859 1350 1920 1391 se

325 1415 507 1471 lectum
549 1420 680 1474 facit
714 1420 1007 1487 laetiorem;
1039 1432 1093 1476 et
1121 1437 1223 1494 ego
1257 1423 1426 1489 illum,
1461 1433 1522 1478 ut
1548 1425 1617 1480 de
1644 1425 1917 1481 communi

324 1505 695 1573 proximorum
725 1509 1010 1565 dilectione
1036 1519 1267 1575 taceam,
1300 1520 1484 1567 vestro
1511 1520 1567 1567 et
1594 1527 1694 1568 suo
1721 1515 1918 1571 merito

2026 333 2216 401 primis
2242 333 2386 388 enim
2420 334 2657 389 subitum
2684 334 2854 404 frigus
2883 343 3053 387 totum
3094 342 3257 401 caput
3291 332 3389 401 illi,
3420 335 3621 391 deinde

2026 437 2122 478 cor
2151 432 2205 479 et
2237 432 2406 479 totum
2436 440 2636 494 corpus
2664 424 3014 480 vehementer
3042 421 3243 488 afﬁcit;
3273 432 3326 478 et
3370 439 3492 479 mox
3519 442 3622 481 cor

2026 509 2378 567 immoderata
2426 512 2731 582 pulsatione
2769 512 3048 575 laborans,
3091 511 3252 567 simul
3279 527 3403 566 cum
3434 516 3619 568 omni-

2024 602 2126 660 bus
2170 606 2416 677 corporis
2465 604 2717 661 sensibus
2766 612 2821 658 et
2873 604 3100 665 viribus,
3150 600 3293 655 sicut
3334 602 3618 658 exhaustis

2024 694 2287 764 sanguine
2317 695 2433 751 fieri
2479 695 2635 761 solet,
2678 694 2885 750 delicit.
2929 693 3009 747 Ex
3044 706 3152 761 quo
3192 689 3427 756 defectu,
3470 705 3619 763 post-

2023 800 2185 854 quam
2213 786 2367 855 quasi
2392 786 2687 852 reviviscit,
2718 786 2903 841 statim
2931 783 3077 843 velut
3108 782 3426 837 febricitans
3450 786 3616 840 totius

2024 874 2266 944 corporis
2307 876 2502 931 ardore
2537 875 2783 944 ignescit.
2823 875 3079 943 Sequitur
3101 888 3319 943 quoque
3342 874 3500 929 dolor
3523 890 3615 929 ca-

2022 962 2169 1032 pitis,
2218 973 2273 1019 et
2315 965 2469 1034 quasi
2519 979 2738 1021 vomere
2779 965 2995 1027 debeat,
3034 964 3215 1035 gravis
3255 965 3611 1034 perturbatio.

2023 1055 2177 1126 Sa:pe
2199 1058 2389 1123 etiam,
2420 1058 2656 1113 maxime
2684 1073 2808 1113 cum
2837 1066 3043 1121 cantat,
3075 1058 3155 1112 sic
3181 1057 3374 1126 capitis
3402 1067 3615 1127 pertur-

2021 1144 2239 1200 batione
2278 1154 2526 1211 vexatur,
2578 1156 2637 1201 ut
2680 1146 2831 1201 locus
2860 1145 2912 1200 in
2943 1160 3052 1215 quo
3078 1154 3166 1201 est
3206 1146 3261 1201 in
3291 1147 3609 1217 vertiginem

2022 1234 2097 1289 illi
2128 1236 2294 1290 rotari
2320 1235 2587 1293 videatur.
2613 1234 2783 1304 Quem
2811 1236 3065 1307 quoniam
3096 1251 3196 1292 nec
3220 1237 3333 1292 scio
3360 1252 3462 1293 nec
3486 1252 3615 1308 pos-

2021 1343 2139 1383 sum
2172 1330 2386 1397 melius,
2417 1346 2581 1401 quam
2626 1347 2657 1387 a
2693 1331 2846 1387 vobis
2886 1341 3118 1396 ametur,
3165 1348 3380 1401 amare;
3424 1350 3613 1405 super-

2019 1418 2181 1474 sedeo
2211 1436 2310 1489 pro
2352 1436 2420 1477 eo
2459 1422 2839 1491 paternitatem
2880 1432 3114 1478 vestram
3162 1439 3373 1495 rogare.
3416 1425 3607 1480 Audivi

2018 1512 2164 1581 quod
2186 1522 2406 1570 sanctus
2433 1516 2742 1572 Dunstanus
2768 1517 3008 1587 regulam
3030 1518 3154 1572 vitae
3178 1518 3507 1573 monachica:
3527 1518 3609 1573 in-

324 1593 583 1649 dilectum
617 1595 846 1653 habeam
868 1599 1207 1656 dilectorem.
1230 1600 1337 1656 Sed
1360 1610 1444 1656 est
1465 1602 1720 1671 quiddam
1744 1605 1909 1674 quod,
1944 1610 1988 1666 B
2014 1604 2079 1657 sti
2093 1605 2272 1659 tuerit.
2315 1604 2370 1660 Si
2406 1607 2573 1675 igitur
2595 1607 2676 1662 sic
2712 1621 2772 1662 se
2814 1622 2903 1662 res
2944 1608 3125 1672 habet,
3156 1608 3345 1663 vellem
3376 1609 3607 1666 libenter

323 1687 572 1753 quamvis
608 1703 737 1744 vere
765 1690 984 1746 credam
1014 1692 1140 1761 quia
1166 1692 1461 1748 clementer
1482 1694 1537 1747 ei
1573 1693 1705 1750 facit
1735 1696 1915 1751 divina

322 1778 661 1847 providentia
680 1820 697 1845 ,
732 1798 839 1838 non
877 1790 1057 1838 tamen
1085 1784 1215 1840 illud
1246 1786 1433 1840 videre
1463 1800 1683 1855 possum
1713 1788 1919 1858 absque

322 1869 663 1926 charitativae
694 1871 763 1903 “°
791 1873 1189 1943 compassionis
1230 1874 1495 1931 molestia.
1530 1874 1724 1931 Dolore
1764 1893 1915 1932 nam-

322 1974 428 2029 que
451 1961 645 2032 capitis
665 1961 781 2030 jam
814 1979 913 2034 per
951 1964 1136 2034 plures
1162 1980 1380 2021 menses
1418 1966 1501 2021 sic
1533 1981 1657 2022 eum
1691 1978 1917 2038 paterno

321 2050 503 2106 divina
532 2052 775 2121 quotidie
808 2052 999 2122 alliigit
1020 2054 1094 2108 “°.
1114 2056 1419 2126 castigatio,
1452 2063 1512 2110 ut
1541 2065 1596 2112 et
1624 2057 1915 2128 aliquando

320 2156 351 2196 a
381 2150 649 2196 conventu
690 2142 963 2198 communi
1008 2142 1125 2212 ejus
1162 2143 1280 2199 laeta
1323 2144 1650 2201 dissocietur
1686 2161 1915 2203 conver-

320 2232 480 2298 satio,
521 2242 579 2288 et
605 2235 831 2290 omnino
861 2248 892 2289 a
926 2234 1157 2291 lectione
1186 2243 1282 2290 aut
1313 2233 1492 2304 aliqua
1522 2234 1768 2292 studiosa
1798 2252 1915 2292 me-

319 2324 579 2381 ditatione
625 2324 743 2394 ejus
797 2326 1152 2397 prohibeatur
1195 2327 1444 2382 intentio.
1505 2326 1660 2394 Quod
1706 2329 1914 2385 idcirco

320 2414 470 2469 vobis
495 2416 719 2482 mando,
744 2426 803 2471 ut
828 2426 886 2473 et
908 2432 1008 2488 ego
1034 2419 1176 2489 apud
1202 2432 1300 2473 vos
1327 2433 1434 2473 non
1464 2418 1569 2473 sim
1596 2434 1721 2476 reus
1749 2420 1914 2490 hujus

318 2504 396 2559 rei
425 2504 674 2572 silentio;
710 2517 765 2563 et
794 2522 889 2563 vos
913 2508 1117 2577 aliquo,
1146 2508 1191 2563 si
1218 2507 1464 2576 potestis,
1493 2508 1669 2563 eidem
1694 2510 1909 2565 charis-

318 2595 457 2652 simo
499 2612 624 2653 meo
670 2613 769 2668 per
811 2599 1086 2653 dominum
1135 2598 1415 2653 Albertum
1461 2598 1529 2631 ¹⁸⁰
1575 2600 1910 2657 subveniatis

318 2686 539 2742 auxilio.
571 2688 639 2742 Et
667 2697 725 2741 ut
755 2703 854 2758 per
878 2689 1059 2759 aliqua
1088 2690 1243 2761 signa
1267 2689 1443 2746 morbi
1468 2706 1637 2761 genus
1666 2693 1909 2749 medicus

317 2777 458 2833 idem
492 2788 804 2847 cognoscat,
863 2779 980 2835 fere
1020 2778 1234 2850 semper
1274 2781 1431 2852 quasi
1468 2783 1829 2838 verberantur
1856 2785 1906 2840 ei

318 2876 584 2937 tempora,
615 2868 765 2925 frons
802 2886 1015 2941 semper
1043 2872 1370 2942 ponderosa,
1406 2873 1501 2929 sed
1540 2874 1778 2930 maxime
1819 2875 1904 2931 in-

2017 1692 2279 1749 famosam
2305 1694 2482 1751 Vitam
2510 1706 2565 1752 et
2594 1698 2838 1753 ittstituta
2862 1699 3001 1753 tanti
3026 1698 3203 1756 Patris
3228 1701 3431 1757 videre.

2462 1826 2798 1885 EPISTOLA
2836 1828 3032 1885 XXXII
3074 1831 3162 1885 "'.

2612 1957 2681 1995 ΔΙ)
2718 1956 3009 1996 HENRICUI.

2017 2046 2189 2103 Habet
2209 2050 2407 2119 gratias
2425 2066 2521 2121 pro
2544 2050 2797 2107 Mauritio
2820 2053 3076 2108 monacho
3096 2052 3374 2125 diligenter
3394 2067 3601 2111 arcto.

2085 2138 2313 2195 Domino
2340 2142 2516 2207 fratri,
2533 2143 2709 2199 amico
2734 2143 2999 2210 HENRICO,
3030 2144 3200 2201 frater
3225 2147 3525 2209 Ausus-us,
3547 2152 3602 2203 in

2013 2228 2116 2285 hac
2142 2231 2249 2285 vita
2277 2240 2714 2301 perseverantem
2755 2234 3124 2301 sanctitatem,
3151 2235 3205 2290 in
3235 2234 3413 2291 futura
3440 2246 3599 2293 aeter-

2016 2336 2141 2375 nam
2171 2321 2504 2380 felicitatem.

2083 2411 2197 2468 Hoc
2236 2430 2334 2483 pro
2376 2424 2530 2470 certo
2562 2415 2904 2473 laudabiliter
2936 2417 3143 2472 solvitis
3180 2418 3321 2486 quod
3362 2418 3600 2473 charita-

2013 2503 2121 2558 tive
2147 2505 2374 2572 debetis,
2406 2522 2528 2561 cum
2555 2510 2824 2562 communi
2857 2508 3010 2563 fratri
3039 2518 3225 2564 nostro
3246 2508 3495 2564 Nauritio
3522 2510 3598 2545 ¹⁸¹

2011 2610 2129 2663 vos,
2162 2597 2301 2652 sicut
2328 2600 2443 2669 ipse
2484 2601 2612 2655 mihi
2656 2604 2894 2673 scripsit,
2927 2604 3187 2674 benignos
3222 2620 3287 2659 ac
3328 2604 3600 2661 beneﬁcos

2010 2688 2066 2744 in
2103 2690 2353 2746 omnibus
2395 2692 2684 2747 exhibetis.
2736 2694 2842 2749 Sed
2890 2703 3069 2751 tamen
3108 2708 3194 2749 me
3234 2708 3340 2748 non
3391 2696 3599 2750 modico

2008 2782 2303 2853 gratiarum
2332 2798 2399 2839 co
2422 2785 2574 2840 vobis
2597 2787 2897 2841 debitorem
2937 2786 3169 2852 ellicitis,
3199 2802 3307 2857 quo
3331 2786 3406 2841 illi
3434 2788 3599 2841 bene-

2012 2872 2132 2927 [icia
2166 2885 2359 2929 vestra:
2407 2876 2690 2932 charitatis
2719 2878 2790 2932 ob
2832 2892 3073 2932 amorem
3124 2878 3230 2933 mei
3277 2877 3601 2948 propensius

315 2959 531 3018 clinato.
578 2961 696 3017 Lux
741 2964 921 3019 omnis
957 2973 1014 3020 et
1052 2979 1219 3021 sonus
1259 2974 1463 3035 quanto
1507 2966 1702 3035 major,
1753 2974 1905 3025 tanto
1931 2949 1978 3013 (ἶ
2009 2962 2339 3034 impenditis.
2392 2965 2587 3020 Verum
2631 2966 2886 3036 quoniam
2929 2981 3266 3037 nequaquam
3305 2981 3450 3021 nunc
3496 2982 3595 3020 re-

318 3051 611 3108 molestior.
647 3052 824 3125 Saepe,
864 3055 1101 3111 maxime
1136 3065 1317 3111 autem
1350 3065 1472 3127 post
1504 3057 1719 3125 cibum,
1754 3058 1905 3114 vultu

318 3152 428 3199 toto
451 3143 604 3200 valde
629 3146 899 3213 rubescit;
924 3155 982 3203 et.
1003 3147 1164 3202 simul
1195 3162 1300 3203 non
1324 3148 1440 3204 solo
1463 3149 1634 3216 vultu,
1665 3151 1761 3206 sed
1792 3161 1907 3208 toto

318 3234 491 3303 capite
522 3236 771 3306 ignescit.
801 3238 1068 3306 Domuum
1093 3254 1225 3295 vero
1246 3238 1572 3307 Gttidonem,
1600 3257 1762 3312 quem
1792 3260 1904 3299 ma-

306 3325 536 3395 gisterio
582 3340 873 3397 puerorum
924 3329 1267 3396 addiximus,
1318 3332 1503 3386 suavis
1558 3335 1909 3390 commendat

316 3416 641 3483 nbedientia,
682 3426 739 3473 et
784 3420 840 3475 itt
889 3421 1213 3476 strenuitate
1258 3421 1554 3490 humilitas,
1600 3433 1659 3478 ut
1702 3426 1906 3493 pariter

316 3507 531 3579 gloriari
559 3521 867 3577 possumus,
897 3518 953 3565 et
992 3523 1091 3564 vos
1118 3524 1217 3579 per
1238 3524 1424 3578 quem,
1451 3520 1506 3565 et
1531 3526 1631 3567 nos
1660 3513 1903 3581 qui'eum

316 3599 478 3654 talem
518 3596 801 3656 habemus.
820 3598 1075 3655 Domnus
1100 3598 1379 3656 Osbernus
1408 3610 1606 3668 vester,
1640 3603 1824 3673 utique
1849 3612 1907 3659 et

315 3692 529 3761 pietatis
550 3690 748 3749 aﬂ‘ectu
772 3690 1046 3751 hilaritate
1067 3691 1287 3752 condito
1308 3690 1363 3749 in
1387 3693 1504 3752 dies
1523 3694 1905 3757 venerabiliter

294 3782 636 3853 .pinguescit,
663 3791 719 3840 et
743 3784 985 3841 scientiae
1009 3786 1255 3856 profectu
1280 3799 1375 3856 per
1395 3788 1559 3844 studii
1586 3788 1899 3845 instantiam

314 3882 368 3928 et
402 3874 605 3945 ingenii
648 3876 998 3932 serenitatem
1035 3885 1390 3946 tenacemque
1420 3879 1733 3935 memoriam
1763 3895 1901 3950 quo-

296 3963 445 4018 ttidie
475 3963 819 4022 laudabiliter
844 3966 1065 4021 crescit.
1090 3964 1209 4023 Non
1234 3966 1408 4022 solum
1436 3967 1599 4036 igitur
1625 3969 1746 4025 ideo
1773 3971 1899 4040 quia

314 4066 414 4108 nos
443 4062 623 4109 vestra
654 4054 860 4124 pariter
882 4053 1098 4124 copulat
1124 4062 1376 4124 paterna,
1403 4068 1509 4124 qua
1536 4070 1636 4110 nos
1660 4055 1901 4114 fraterne

314 4143 599 4212 iactamus,
626 4143 878 4211 dilectio;
923 4147 1017 4201 sed
1045 4154 1120 4212 et,
1150 4145 1270 4213 ejus
1297 4144 1638 4216 exigentibus
1667 4147 1897 4216 meritis,

315 4243 464 4290 tanta
488 4234 794 4292 dilectionis
821 4245 1023 4292 mutum
1041 4234 1409 4304 jucundamur
1436 4236 1901 4307 conglutinamur-

310 4341 421 4400 que
467 4326 858 4393 delectatione,
910 4336 968 4382 ut
1015 4326 1129 4395 jam
1178 4327 1419 4399 separari
1468 4341 1576 4383 non
1625 4330 1898 4398 possimus

314 4420 518 4490 absque
557 4419 838 4490 utriusque
865 4419 1070 4489 anima:
1105 4418 1341 4475 scissura
1369 4419 1602 4488 quadam
1632 4430 1688 4475 et
1717 4422 1899 4477 cordis

314 4513 552 4568 hesione.
597 4512 705 4568 Sed
746 4511 961 4582 quando
1003 4510 1128 4576 hoc,
1160 4520 1340 4565 vestra
1367 4526 1490 4567 eum
1525 4511 1769 4581 jussione
1808 4529 1896 4567 re-

242 4629 252 4637 -
316 4614 560 4671 vocante,
590 4605 894 4675 continget,
942 4617 1062 4658 mea
1107 4601 1344 4657 scissura
1376 4603 1430 4657 in
1458 4618 1557 4659 suo
1593 4604 1742 4659 hiatu
1770 4617 1899 4673 per-

316 4701 586 4760 manente,
603 4693 728 4762 ipse
756 4707 912 4748 suam
942 4691 1312 4749 consolahitur
1340 4708 1434 4763 per
1460 4693 1898 4749 resolidationem

315 4786 533 4841 alterius
575 4784 814 4855 majoris,
846 4800 1007 4856 quam
1047 4800 1191 4840 nunc
1236 4785 1454 4854 patitur.
1498 4784 1696 4840 Verum
1734 4785 1893 4854 quid-

314 4877 436 4932 dam
467 4887 550 4933 est
579 4878 721 4936 unde
747 4892 833 4933 me
856 4877 957 4933 sibi
983 4877 1361 4947 compatiendo
1386 4875 1573 4930 dolere
1596 4875 1893 4945 compellit.

314 4971 606 5027 Crescente
646 4983 878 5040 namque
907 4968 1223 5024 infirmitate
1255 4968 1512 5038 quadam,
1549 4981 1709 5036 quam
1740 4966 1892 5021 vobis

315 5072 499 5115 notam
544 5074 666 5116 esse
716 5061 873 5125 dicit,
924 5059 1003 5116 sic
1038 5050 1340 5129 saepissime
1386 5065 1641 5125 gravatur
1688 5065 1746 5110 ut
1791 5057 1891 5110 ali-

2008 3064 2198 3111 center
2219 3056 2476 3113 discimus
2499 3057 2568 3089 ¹⁸³
2586 3073 2688 3128 ego
2713 3068 2769 3114 et
2797 3072 2913 3125 vos,
2935 3059 3063 3128 quid
3092 3059 3313 3113 invicem
3340 3058 3407 3112 de
3432 3058 3599 3113 vobis

2007 3146 2278 3216 possimus
2328 3162 2425 3217 pro
2473 3148 2628 3203 nobis
2672 3147 2946 3203 conlidere
2994 3166 3010 3202 :
3069 3147 3277 3217 dignius
3324 3147 3596 3203 testimavi

2006 3236 2223 3292 easdem
2249 3239 2451 3307 gratias
2473 3239 2524 3292 in
2554 3254 2677 3293 arca
2711 3240 2905 3294 mentis
2932 3239 3142 3294 clausas
3163 3252 3402 3303 servare,
3427 3253 3591 3307 quau:

2007 3343 2114 3383 non
2157 3329 2426 3398 ignoranti
2472 3329 2524 3381 in
2569 3329 2815 3383 chartula
2867 3330 3192 3385 describere.
3239 3327 3405 3396 Cujus
3447 3329 3592 3383 enim

2005 3431 2222 3485 semper
2267 3428 2572 3487 promptam
2596 3416 2809 3472 «bonam
2836 3418 3165 3472 voluntatem
3196 3432 3321 3472 esse
3360 3432 3461 3472 non
3487 3416 3594 3469 dn-

2007 3507 2147 3575 bito;
2181 3522 2288 3562 non
2316 3508 2512 3574 solum,
2538 3523 2662 3563 cum
2696 3524 2793 3578 per
2819 3509 3114 3568 exhibitam
3140 3508 3247 3570 sibi
3276 3508 3590 3584 opportuni-

2006 3606 2171 3655 tatem
2196 3608 2473 3674 operatttt',
2496 3600 2592 3660 sed
2615 3618 2831 3675 semper
2850 3605 3043 3676 gratiis
3066 3606 3286 3677 dignum
3312 3604 3586 3660 existimo.

2004 3687 2269 3760 Quoniam
2321 3702 2501 3749 tamen
2549 3696 2760 3751 meritis
2798 3697 2995 3752 vestris
3034 3697 3101 3750 ad
3146 3710 3383 3766 praesens
3426 3709 3591 3765 opere

2004 3786 2186 3854 aptius
2217 3783 2546 3855 respondere
2583 3802 2692 3842 non
2723 3786 2909 3853 valeo;
2946 3788 3229 3843 monachis
3268 3786 3464 3842 vestris
3493 3786 3585 3854 qni

2003 3888 2215 3930 mecum
2244 3882 2393 3939 sunt,
2422 3883 2681 3943 quantum
2717 3890 2957 3952 possunt,
2983 3878 3127 3944 quod
3161 3876 3399 3932 tribuitis
3429 3882 3586 3934 retri-

2002 3963 2127 4019 buo.
2152 3964 2287 4031 Quia
2312 3969 2671 4025 desideratam
2694 3967 2825 4021 mihi
2849 3967 3077 4036 aliisque
3105 3965 3367 4023 fratribus
3391 3969 3584 4024 vestris

2000 4067 2237 4113 vestram
2264 4060 2607 4130 praesentiam
2628 4073 2801 4128 nuper
2820 4058 3166 4128 promisistis,
3188 4060 3234 4113 si
3260 4060 3585 4114 reverendus

2000 4146 2063 4201 D.
2084 4149 2521 4222 archiepiscopus
2561 4166 2713 4205 mare
2735 4166 2839 4202 non
2862 4157 3007 4204 esset
3026 4149 3131 4203 hoc
3149 4159 3392 4219 tempore
3414 4159 3587 4206 trans-

2001 4237 2195 4303 iturus,
2236 4254 2538 4308 speramus,
2568 4240 2693 4309 quia
2725 4239 2986 4294 terminus
3026 4254 3057 4291 a
3103 4239 3255 4293 vobis
3301 4241 3584 4292 mandatus

2000 4330 2278 4399 praeteriit,
2320 4331 2464 4400 quod
2507 4331 2649 4385 idem
2689 4330 3012 4386 venerabilis
3054 4327 3217 4384 Pater
3261 4329 3327 4382 ad
3369 4344 3467 4383 nos
3510 4331 3587 4383 sit

2000 4427 2126 4472 ante
2150 4418 2361 4475 Pascha
2395 4431 2669 4477 venturus.
2718 4420 2870 4487 Quod
2914 4421 3116 4474 utinam
3145 4434 3267 4474 cum
3303 4419 3418 4489 ejus
3456 4434 3591 4488 pra:-

2000 4523 2157 4577 spera
2198 4511 2473 4566 hilaritate
2512 4521 2568 4566 et
2613 4511 2771 4565 hilari
2806 4512 3164 4581 prosperitate
3208 4511 3329 4565 fiat!
3361 4510 3420 4565 Si
3449 4526 3588 4565 vem

2000 4598 2198 4667 ipsum,
2249 4602 2392 4656 sicut
2438 4602 2831 4669 existimamus,
2878 4620 2983 4659 non
3016 4602 3339 4670 viderimus,
3388 4602 3591 4657 scitoze

2001 4691 2125 4759 quia
2159 4706 2253 4746 vos
2286 4709 2315 4745 a
2356 4694 2535 4747 debito
2572 4694 2946 4762 promissionis
2980 4703 3190 4759 vestrm,
3223 4693 3325 4746 nisi
3373 4706 3465 4745 vos
3498 4695 3583 4744 vi-

2000 4781 2049 4835 d.
2070 4783 2196 4849 ntlo,
2234 4798 2336 4835 non
2364 4782 2528 4854 324.
2569 4785 2917 4839 alsolvimus.
2946 4785 3153 4855 Quippe
3181 4784 3323 4853 quod
3360 4782 3592 4850 scripsi-

2002 4874 2098 4927 Stis
2133 4888 2226 4928 vos
2254 4875 2319 4929 de
2348 4875 2578 4929 adventu
2618 4885 2801 4930 nostro
2832 4890 3051 4945 sperare
3088 4875 3355 4940 futurum;
3400 4874 3471 4926 ita
3506 4885 3593 4927 te-

1999 4980 2215 5029 nemus,
2246 4982 2310 5020 ac
2337 4964 2383 5019 sl
2414 4966 2797 5036 polliceremini
2826 4976 3163 5021 eventurum.
3198 4964 3398 5023 Vulrlc.

1592 5232 1825 5290 VARIAE
1865 5230 2262 5288 LECTIONES.

388 5376 453 5408 ⁸⁵⁷
480 5374 695 5429 Patiens
714 5383 895 5427 vestra
921 5390 1015 5426 ms.
1042 5382 1261 5448 paterna
1284 5382 1461 5448 vestra
1513 5367 1951 5448 ‘ﬁ'ntiharitativa
1976 5383 2074 5448 vita.
2109 5364 2447 5448 charittttivm
2520 5365 2585 5400 ’δ’
2610 5337 2753 5448 Pam
2786 5364 2971 5448 afﬂigit
2995 5365 3301 5448 m8..di\'illa
3333 5363 3584 5445 quotidie

319 5446 503 5511 amigit
578 5445 643 5475 ¹⁸⁰
666 5444 727 5497 D.
752 5444 1013 5497 Abbatem
1044 5434 1153 5496 'ms.
1202 5442 1487 5496 Dominum
1537 5437 1815 5494 Albertum
1891 5437 1952 5469 "‘
1984 5436 2115 5491 Cum
2152 5434 2379 5506 prwfalo
2408 5450 2507 5489 ms.
2540 5435 2731 5489 collata
2806 5436 2878 5468 ³⁸³
2901 5434 3163 5495 Mavortia
3185 5452 3284 5492 ms.
3312 5435 3583 5490 mauricio

322 5515 389 5545 ⁸⁸³
439 5513 677 5566 Dicimus
716 5529 813 5564 ms.
844 5512 1096 5567 discimus

2086 5664 2150 5671 με..
2189 5661 2233 5672 -α
