3898 6052
273 371 421 429 I105

719 481 1055 541 EPISTOLA
1092 482 1311 541 XXXIII
1352 484 1440 538 ⁸⁵³.

844 591 915 629 ΑΒ
952 590 1293 633 θοιωυιευιι.

274 660 398 717 Non
428 679 540 717 esse
567 664 899 720 scribendum
927 668 1117 749 amico,
1152 667 1305 789 qiusz
1333 663 1584 721 memoria
1612 671 1862 734 perpetuo

894 746 960 789 ιιι
989 754 1042 789 m
1070 754 1160 789 εον
1197 753 1245 789 ε.

894 746 960 791 sit
989 746 1042 791 in
1070 746 1245 791 corde.

343 824 454 879 Suo
492 839 644 891 suus,
682 826 858 882 amico
894 828 1119 893 amicus,
1160 827 1316 883 fratri
1358 827 1530 884 frater
1551 826 1861 891 Gonnum),

271 915 575 983 Anseuws,
623 931 721 986 pro
762 932 948 973 amare
995 919 1272 974 felicitatis
1309 918 1767 989 perseverantiam
1809 916 1864 972 in

272 1009 583 1075 sanctitate,
632 1025 732 1080 pro
778 1010 1003 1081 praemio
1051 1011 1362 1068 sanctitatis
1403 1010 1763 1067 aeternitatem
1804 1008 1861 1064 in

272 1100 531 1157 felicitate
556 1101 645 1156 ¹⁸⁸.
1109 1090 1112 1093 Α

343 1193 412 1248 Ει
439 1194 484 1249 is
508 1192 857 1263 Gondulphus
884 1204 942 1249 et
966 1192 1258 1249 Anselmus
1299 1193 1453 1249 testis
1486 1201 1572 1248 cst
1607 1194 1732 1264 quia
1764 1207 1865 1263 ego

271 1290 328 1337 et
377 1291 431 1337 tu
487 1297 828 1353 nequaquam
882 1282 1221 1353 indigemus,
1271 1292 1333 1337 ut
1383 1292 1600 1339 mutuos
1648 1291 1865 1338 nostros

272 1372 496 1429 affectus
518 1388 615 1444 per
636 1374 895 1445 epistolas
925 1375 1080 1430 nobis
1109 1374 1345 1430 invicem
1378 1373 1697 1429 indicemus.
1720 1372 1868 1439 Quo-

272 1464 418 1519 niam
443 1465 587 1519 enim
618 1465 802 1519 anima
832 1472 920 1519 tua
944 1472 999 1521 et
1027 1464 1208 1519 anima
1239 1479 1356 1519 mea
1392 1478 1513 1519 sese
1539 1464 1607 1517 ab
1636 1463 1865 1517 invicem

273 1570 613 1626 nequaquam
633 1570 755 1611 esse
777 1555 1056 1625 patiuntur
1085 1555 1359 1621 absentes,
1388 1554 1482 1610 sed
1515 1562 1643 1610 sunt
1669 1552 1867 1608 indesi-

273 1658 465 1702 nenter
494 1661 554 1701 se
584 1653 771 1701 mutua
805 1645 1223 1714 anlplectentes;
1266 1645 1400 1700 nihil
1444 1645 1599 1701 nobis
1634 1644 1865 1699 invicem

1590 367 1714 422 LIB.
1751 365 1792 434 I,
1820 361 2038 419 EPIST.
2082 362 2315 421 XXXIV.

1898 478 1943 535 Δ
1969 491 2202 547 nemque
2224 490 2399 533 meam
2432 475 2573 547 apud
2604 483 2655 531 te
2681 473 2898 530 contlda
2932 472 2985 527 in
3028 470 3263 541 aliquam
3285 469 3547 528 extollere

3408 357 3542 413 “00

1964 569 2304 639 dignitatem.
2337 567 2604 635 Quoniam
2632 567 2799 637 igitur
2820 562 3101 636 praecessit
3121 563 3274 632 quasi
3302 562 3548 633 superba:

1964 659 2306 715 salutationis
2328 657 2631 722 excusatio,
2648 656 3014 725 subsequatur
3016 652 3134 722 jam
3150 652 3406 708 fraternae
3419 652 3547 707 allo-

1965 751 2199 808 cutianis
2235 750 2533 809 exsecutio.
2572 749 2730 806 Sicut
2776 748 2922 803 enim
2963 761 3073 802 non
3114 745 3301 801 dubito
3324 746 3468 814 quod
3493 755 3548 800 et

1966 852 2057 898 tua
2083 858 2209 914 erga
2232 858 2318 898 me
2347 840 2577 907 fervens,
2599 850 2657 896 et
2684 855 2803 896 mea
2826 853 2953 908 erga
2982 846 3035 894 te
3054 835 3295 908 gaudeas
3313 835 3549 892 dilectio-

1965 948 2061 999 ne;
2094 933 2171 988 ita
2198 942 2380 988 certus
2406 948 2526 987 sum
2554 931 2679 1001 quia
2709 929 2951 1001 quotidie
2973 927 3336 984 desiderando
3359 941 3550 995 exspe-

1966 1032 2106 1089 ctas,
2132 1024 2490 1094 exspectando
2507 1022 2790 1078 desideras
2807 1019 3232 1090 separationem,
3246 1032 3408 1087 quam
3423 1032 3454 1072 a
3469 1017 3552 1071 dio

1966 1114 2107 1170 lecto
2128 1112 2387 1169 dilectore
2407 1122 2501 1168 tuo
2517 1112 2743 1183 pateris,
2761 1108 3031 1166 consolari
3048 1106 3392 1175 alicujusmei
3414 1120 3555 1160 mmo

1968 1208 2026 1262 tii
2055 1206 2242 1262 auditu
2267 1206 2353 1263 vel
2389 1205 2645 1260 lectione.
2680 1201 2957 1272 Susceptis
2990 1199 3299 1255 dilectionis
3333 1207 3437 1253 tua:
3460 1197 3549 1252 lit-

1966 1299 2121 1365 teris,
2155 1298 2586 1370 majoranimum
2606 1294 2769 1351 amici
2796 1294 2873 1349 tui
2898 1292 3141 1349 dilatavit
3161 1290 3368 1357 latitia,
3389 1304 3550 1360 quam
3585 1351 3587 1357 η

1968 1397 2042 1456 te,
2073 1388 2271 1453 fateor,
2294 1404 2327 1443 a
2354 1388 2512 1443 nobis
2533 1385 2848 1442 discedente
2868 1382 3147 1439 contraxit
3172 1380 3451 1439 mmstitia.
3476 1379 3552 1435 Te

1966 1494 2201 1548 namque
2229 1478 2541 1534 discedente
2562 1476 2737 1532 levius
2763 1475 2934 1540 dolui,
2966 1473 3094 1543 quia
3134 1473 3277 1542 quod
3302 1471 3551 1527 evenisse

1968 1558 2217 1633 mandas,
2244 1569 2348 1625 hoc
2375 1575 2699 1624 eventurum
2730 1564 3091 1622 desiderando
3124 1563 3507 1633 exspectabam
3534 1579 3548 1614 :

1970 1673 2112 1715 nunc
2146 1668 2327 1714 autem
2354 1658 2537 1713 verius
2567 1655 2797 1727 gaudeo,
2833 1655 2960 1724 quia
2988 1654 3091 1708 hoc
3117 1652 3366 1708 evenisse
3398 1665 3553 1704 man-

272 1736 430 1790 deest
456 1734 523 1790 de
560 1735 736 1801 nobis,
778 1735 883 1793 nisi
921 1735 1049 1807 quia
1089 1750 1319 1805 corpore
1348 1750 1456 1791 non
1487 1750 1676 1791 sumus
1708 1733 1867 1789 nobis
1902 1814 1935 1817 _
1970 1747 2091 1813 das,
2132 1749 2280 1817 quod
2332 1755 2653 1804 ενεηωι-υαι
2717 1745 3086 1815 exspectando
3146 1739 3550 1798 desi‘lerabam,

272 1834 588 1895 praesentes.
612 1825 725 1881 Cur
750 1835 934 1881 autem
961 1824 1058 1881 tibi
1088 1825 1434 1881 dilectionem
1463 1839 1640 1891 meam
1663 1823 1864 1880 descri-

1973 1838 2129 1907 Quad
2150 1814 2284 1907 quia
2317 1837 2477 1892 nimis
2514 1836 2667 1889 tarde
2710 1833 2996 1888 videbatur
3036 1831 3105 1886 ad
3152 1843 3326 1885 meam
3362 1842 3556 1897 perve-

271 1915 396 1970 bam
440 1916 493 1970 in
531 1917 746 1983 charta,
778 1932 903 1973 cum
943 1916 1061 1987 ejus
1091 1932 1275 1972 veram
1320 1916 1609 1986 imaginem
1652 1915 1869 1972 assidue

273 2022 458 2063 serves
491 2008 544 2062 in
586 2009 770 2065 cordis
810 2010 885 2064 tui
927 2010 1087 2064 arca?
1127 2008 1267 2075 Quid
1306 2009 1450 2064 enim
1489 2008 1634 2063 aliud
1661 2017 1745 2064 est
1776 2018 1866 2063 tua

272 2096 490 2153 dilectio
514 2113 642 2169 erga
674 2115 785 2167 me,
823 2115 984 2170 quam
1034 2101 1213 2171 imago
1249 2115 1382 2157 mere
1409 2100 1717 2159 dilectionis
1741 2117 1867 2173 erga

275 2186 361 2241 te?
408 2187 607 2243 Invitat
646 2189 810 2259 igitur
860 2206 946 2246 me
989 2198 1114 2246 nota
1168 2190 1301 2245 mihi
1350 2198 1440 2245 tua
1483 2191 1757 2258 voluntas,
1809 2204 1869 2249 ut

274 2291 495 2348 propter
539 2279 879 2350 corporalem
926 2288 1171 2336 nostram
1210 2282 1509 2337 absentiam
1540 2282 1741 2354 aliquid
1774 2284 1869 2339 tibi

274 2370 541 2437 scribam;
579 2373 675 2426 sed
705 2372 830 2441 quia
856 2373 1012 2429 nobis
1042 2374 1156 2428 noli
1202 2388 1389 2429 sumus
1430 2388 1529 2443 per
1561 2375 1866 2431 animarum

274 2462 643 2531 praesentiam,
689 2464 873 2521 nescia
898 2465 1027 2535 quid
1074 2466 1171 2520 tibi
1215 2466 1418 2531 dicam,
1455 2466 1557 2521 nisi
1604 2466 1870 2525 Dominus

278 2555 375 2610 tibi
420 2556 585 2637 faciat
624 2557 770 2627 quod
796 2557 911 2630 ipse
935 2558 1041 2615 scit
1066 2559 1168 2633 sibi
1194 2557 1433 2629 placere,
1464 2568 1522 2617 et
1563 2559 1661 2618 tibi
1705 2576 1868 2631 expe-

265 2643 415 2704 dire.
446 2643 596 2702 Vale.

717 2736 1053 2795 EPISTOLA
1093 2737 1310 2793 XXXIV
1351 2739 1441 2795 ⁸⁸⁸.

863 2866 932 2906 AD
972 2867 1298 2908 IAUBITIUI.

276 2971 592 3028 Gratulatur
615 2970 875 3043 Mamilio
896 2972 1120 3043 debona
1149 2972 1444 3027 valetudine
1474 2974 1751 3043 restituta;
1776 2991 1869 3043 pa-

345 3043 507 3097 stulat
556 3041 792 3112 regulam
838 3041 897 3098 S.
948 3041 1209 3096 Dumtani
1258 3052 1306 3096 et
1349 3042 1539 3096 librum
1580 3042 1737 3098 Beda:
1777 3041 1865 3098 De

347 3114 684 3182 temporibus.

346 3201 526 3257 Fratri
549 3210 605 3259 et
624 3201 735 3257 tilio
750 3201 1074 3259 charissima
1095 3215 1196 3258 suo
1220 3201 1515 3267 MAURITIO,
1550 3202 1721 3261 frater
1743 3205 1853 3259 An-

276 3308 509 3358 snurus,
557 3294 859 3349 dilectionis
906 3309 1019 3350 sum
1060 3294 1458 3364 integritatem,
1510 3296 1857 3368 integritatis,

277 3384 388 3440 Deo
412 3392 745 3456 protegente,
772 3387 1208 3455 perpetuitatem.

346 3474 463 3532 Non
492 3477 619 3546 quia
649 3476 731 3531 vel
760 3492 847 3532 me
885 3479 1104 3548 dignum
1149 3486 1234 3537 cui
1264 3499 1294 3538 a
1329 3495 1600 3550 quoquam
1631 3493 1859 3551 paterna

277 3567 543 3623 debeatur
587 3568 893 3623 reverentia
946 3576 1163 3636 putem;
1209 3572 1291 3626 vel
1336 3570 1462 3641 quia
1515 3569 1860 3628 dilectionem

281 3672 457 3713 meam
478 3654 703 3723 alicujus
735 3658 995 3712 momenti
1019 3659 1345 3727 existimem,
1380 3659 1681 3729 hujusmodi
1708 3661 1859 3717 salu-

281 3747 486 3802 latione
534 3745 820 3814 epistolam
869 3754 976 3802 tua;
1017 3748 1289 3804 dilectioni
1320 3749 1644 3804 destinatam
1679 3752 1862 3819 praeti-

280 3839 446 3895 tulavi
477 3858 493 3894 z
531 3838 649 3903 sed,
680 3837 937 3908 quoniam
968 3853 1037 3895 ex
1082 3854 1191 3908 qua
1222 3848 1272 3895 te
1313 3840 1461 3905 navi,
1493 3853 1707 3907 semper
1731 3854 1867 3909 erga

281 3940 334 3985 te
362 3938 419 3984 et
462 3928 650 3985 fratris
676 3928 1019 3985 dilectionem
1048 3939 1104 3984 et
1147 3928 1319 3998 patris
1343 3927 1701 3997 diligentiam,
1730 3939 1785 3984 et
1815 3928 1864 3985 si

279 4036 388 4076 non
432 4019 606 4088 potui,
661 4027 844 4075 tamen
902 4020 1163 4077 adhibere
1205 4019 1416 4074 curavi.
1457 4017 1631 4085 Quam
1684 4035 1863 4076 meam

278 4117 534 4185 quoniam
563 4121 746 4169 notam
772 4118 827 4165 et
848 4119 1060 4180 gratam
1086 4125 1206 4166 esse
1230 4110 1327 4166 tibi
1356 4110 1471 4167 scio
1497 4110 1859 4179 voluntatem;

280 4205 486 4261 idcirco
514 4212 729 4275 gratum
763 4198 883 4256 fore
922 4200 1018 4256 tibi
1046 4214 1154 4255 non
1182 4199 1393 4269 dubito,
1422 4201 1469 4257 si
1498 4216 1587 4259 me
1616 4202 1864 4258 dilectio-

1888 3146 1935 3209 C

1973 1930 2091 1984 nire
2134 1928 2406 1990 notitiam,
2450 1924 2661 1979 litteras
2687 1937 2786 1992 pro
2813 1922 2918 1977 hoc
2951 1920 3072 1991 ipso
3100 1917 3440 1975 discutienda
3468 1917 3553 1973 di-

1970 2017 2186 2073 lectioni
2210 2026 2313 2071 tuae
2332 2015 2583 2085 dirigere,
2600 2020 2890 2080 antequam
2918 2019 3035 2064 tuas
3056 2009 3407 2078 accepissem,
3431 2021 3555 2076 pro-

1970 2122 2279 2179 posueram.
2308 2105 2366 2160 ln
2397 2104 2588 2174 primis
2623 2102 2788 2172 igitur
2828 2114 2926 2171 pro
2962 2098 3068 2164 his,
3100 2113 3221 2167 qua:
3251 2098 3385 2153 mihi
3420 2096 3558 2152 scri-

1969 2198 2128 2269 psisti
2155 2211 2286 2266 erga
2319 2204 2374 2251 te
2401 2196 2543 2251 bona
2573 2206 2716 2258 esse,
2747 2191 2951 2261 gratias
2977 2203 3079 2259 ago
3107 2188 3239 2255 Deo,
3270 2203 3302 2243 a
3333 2202 3441 2258 quo
3468 2196 3553 2243 est

1968 2300 2131 2345 omne
2174 2286 2413 2351 bonum;
2465 2282 2662 2340 deinde
2689 2279 2939 2336 omnibus
2963 2276 3091 2343 illis,
3121 2276 3216 2348 qui
3249 2276 3346 2332 tibi
3387 2277 3551 2333 exhi-

1968 2362 2119 2448 bent,
2147 2387 2348 2435 nostra:
2369 2374 2679 2433 dilectionis
2702 2371 2991 2430 occasione
3011 2369 3297 2427 charitatis
3324 2369 3550 2426 bonum.

1968 2468 2047 2525 Te
2076 2482 2207 2524 vero
2226 2465 2612 2524 charissimam
2634 2463 2769 2521 mihi
2792 2478 3003 2527 moneo,
3028 2470 3295 2535 quatenus
3315 2463 3553 2535 gratiam

1969 2570 2027 2617 et
2054 2559 2326 2617 benelicia
2349 2573 2538 2618 eorum
2565 2572 2690 2613 cum
2713 2556 2909 2626 quibus
2943 2555 3114 2623 degis,
3144 2571 3266 2626 quae
3292 2564 3422 2612 ante
3446 2565 3554 2612 tute

1967 2651 2408 2709 conversationis
2454 2648 2788 2721 agnitionem
2818 2646 3045 2716 potuisti
3098 2646 3366 2713 obtinere,
3398 2647 3553 2702 dein-

1967 2758 2097 2814 ceps
2122 2756 2221 2812 per
2238 2739 2480 2811 ejusdem
2500 2736 2934 2796 conversationis
2954 2736 3323 2793 ostensionem
3346 2752 3553 2793 merea-

1968 2836 2046 2893 ris
2074 2835 2333 2892 retinere.
2368 2833 2446 2889 De
2475 2833 2651 2889 reditu
2700 2840 2791 2888 tuo
2817 2830 2959 2901 quod
2994 2838 3048 2885 te
3080 2828 3547 2898 desiderare-sig-

1969 2926 2184 2993 nificas,
2232 2925 2334 2982 sub
2379 2923 2596 2981 silentio
2651 2916 2829 2979 adhuc
2878 2920 3093 2977 decrevi
3145 2918 3486 2989 supprimere
3533 2936 3549 2974 :

1969 3017 2140 3092 donec
2182 3023 2427 3084 tempore
2472 3011 2846 3082 opportuniori
2911 3009 3208 3064 reverenda
3261 3007 3462 3062 domno
3496 3016 3554 3062 et

1970 3105 2119 3161 Patri
2150 3115 2341 3160 nostra
2381 3104 2788 3171 archiepiscopo
2818 3097 3147 3161 Lanfranco,
3177 3094 3332 3166 cujus
3362 3095 3553 3150 volun-

1968 3199 2065 3253 tati
2089 3213 2190 3254 nas
2217 3196 2438 3252 obedire
2476 3201 2714 3264 oportet,
2747 3190 3076 3247 desiderium
3114 3196 3360 3243 nostrum
3386 3187 3553 3242 ratio-

1965 3285 2222 3342 nabiliter
2248 3284 2526 3339 valeamus
2558 3294 2870 3352 suggerere.
2900 3278 3016 3349 (M)
3053 3276 3127 3332 De
3157 3275 3339 3347 regula
3371 3276 3552 3332 sancti

1968 3377 2230 3433 Dunstani
2273 3375 2467 3445 scripsi
2516 3373 2737 3428 domino
2789 3368 3223 3439 archiepiscopo.
3254 3366 3333 3422 Tu
3370 3376 3551 3426 tamen

1967 3468 2111 3526 insta
2139 3468 2337 3523 damno
2372 3464 2607 3521 Henrico
2635 3473 2689 3519 et
2714 3464 2913 3517 domno
2940 3456 3214 3519 Gondulfo
3250 3475 3321 3516 ex
3357 3469 3552 3517 nostra

1966 3569 2143 3631 parte,
2173 3568 2235 3615 ut
2258 3559 2506 3615 eamdem
2536 3555 2778 3627 regulam
2810 3564 2867 3610 et
2895 3554 3097 3611 Bedam
3128 3556 3207 3611 De
3233 3554 3552 3625 temporibus

1968 3662 2188 3722 propter
2228 3667 2315 3718 ea,
2364 3665 2484 3720 quae
2530 3649 2588 3705 in
2635 3656 2825 3706 nostra
2871 3648 2981 3705 scis
3033 3662 3156 3705 esse
3204 3646 3550 3718 corrigenda,

1968 3744 2391 3813 qualescunque,
2445 3748 2650 3810 quanto
2702 3749 2883 3795 tamen
2933 3738 3185 3797 meliores
3210 3748 3461 3809 possunt,
3496 3739 3553 3794 in

1972 3838 2077 3893 illis
2106 3835 2353 3906 partibus
2382 3840 2687 3905 quaerentes
2714 3831 2847 3886 mihi
2873 3832 2982 3888 cita
3008 3833 3227 3889 eosdem
3270 3832 3438 3888 libros
3463 3846 3551 3887 re-

1973 3927 2207 3983 missura
2235 3924 2469 3980 debeant
2502 3922 2935 3979 accommodare.
2985 3921 3339 3993 Omnipotens
3364 3922 3550 3978 Domi-

1968 4031 2074 4074 nus
2106 4025 2160 4071 te
2200 4014 2303 4070 sibi
2346 4026 2561 4081 semper
2601 4020 2656 4067 et
2699 4010 2900 4080 ubique
2939 4011 3244 4078 custodiat,
3275 4010 3464 4076 frater,
3494 4019 3549 4065 et

1968 4109 2224 4181 quoniam
2253 4107 2357 4160 hoc
2386 4102 2559 4159 mavis
2596 4100 2786 4157 audire
2813 4101 2904 4168 υτ,
2934 4100 3009 4157 liii
3037 4100 3379 4171 charissima,
3408 4100 3548 4157 vale.

1977 4202 2203 4259 Nostras
2254 4199 2462 4255 litteras
2503 4210 2632 4253 raro
2660 4194 3045 4268 exspectando,
3074 4201 3297 4265 propter
3338 4193 3547 4251 sterilia

1597 4312 1831 4368 VARIA‘I
1871 4312 2276 4372 LECTIONES.
2886 4346 2893 4351 ι

337 4384 407 4454 Ψ
441 4381 572 4454 ρων
602 4382 782 4438 eodem
807 4397 907 4435 ms.
940 4389 990 4435 et
1019 4379 1138 4454 cod.
1168 4378 1369 4454 Louan.
1393 4380 1608 4454 collata.
1634 4382 1862 4440 Domino
1890 4385 2204 4454 Gondulpho
2236 4382 2402 4453 [mter
2429 4379 2832 4454 Anselmuspts.
2863 4378 2990 4454 L90.
3156 4375 3545 4454 Etemltatem

282 4462 339 4509 et
366 4451 700 4509 ftelicitatem
749 4468 849 4505 ms.
899 4451 1261 4506 aaternitatem
1307 4451 1362 4507 in
1411 4450 1693 4508 fmlicitate
1769 4454 1838 4487 ¹⁵⁶
1866 4454 1999 4512 Cum
2033 4444 2354 4511 eodem'nu.
2403 4449 2598 4504 collata
2673 4450 2738 4481 ¹⁵⁷
2784 4447 2953 4519 Magis
2988 4446 3176 4503 audire
3224 4463 3326 4502 ms.
3372 4444 3546 4517 majus

283 4524 476 4578 audire

1443 4612 1727 4673 JOANNIS
1764 4617 2038 4675 PICARDI
2078 4612 2313 4672 ΝΟΤᾸΞ.

351 4705 466 4777 (Η)
509 4705 585 4759 De
627 4705 807 4777 regula
848 4706 1029 4777 sancti
1068 4706 1352 4764 Dunstam‘.
1409 4727 1428 4761 ς
1474 4707 1863 4768 Sanctissimus
1889 4710 2169 4774 Dcent.2
2196 4701 2800 4777 scriptorumBritanJ';
2828 4702 3091 4777 Henricus
3118 4701 3542 4777 llungtidonien;

278 4776 588 4831 Duustanus
613 4776 1006 4847 Glastonicnsis
1046 4779 1234 4843 abbas,
1260 4786 1443 4845 postea
1468 4777 1861 4847 Wigorniensis

278 4849 589 4917 cpiscopus,
609 4847 810 4917 deinde
848 4846 1288 4917 archiepiscOpus
1316 4846 1741 4917 Cantuari’ensis,
1772 4866 1861 4906 se-

283 4914 363 4988 dit
385 4914 545 4988 annis
567 4916 667 4988 27:
692 4914 841 4988 jacet
861 4917 914 4969 in
943 4914 1355 4988 metropolitana
1375 4917 1604 4988 ecclesia
1624 4914 1866 4977 Sanctis-

277 4986 430 5058 sima:
456 4984 747 5058 Trinitatis
767 5001 932 5058 supra
960 4984 1134 5058 altari
1153 5003 1248 5044 suo
1270 4986 1473 5058 nomini
1506 4989 1685 5044 dicata
1704 4989 1859 5058 juxta

279 5053 456 5123 majus
484 5054 659 5109 altare
704 5054 1238 5125 ejusdem_Sanctiss.
1284 5057 1565 5113 Trinitatis
1597 5053 1750 5125 cuius
1784 5061 1861 5116 fe-

277 5133 423 5180 stum
449 5133 533 5179 est
560 5140 650 5179 xiv
677 5124 905 5178 Kalend.
942 5123 1109 5180 Junii.
1152 5146 1171 5178 ι
1238 5126 1329 5182 Sic
1355 5126 1422 5180 de
1451 5123 1728 5185 Dunstana
1755 5146 1858 5185 ms.

277 5194 498 5266 Tabula;
524 5193 995 5266 Cantuariensium
1035 5197 1560 5266 archiepiscoporum
1592 5200 1643 5252 in
1674 5213 1859 5255 nostra

278 5264 633 5338 Bibliotheca.
697 5264 850 5321 Unde
899 5267 1170 5338 aufertun
1210 5264 1377 5321 error
1408 5267 1550 5321 Petri
1602 5268 1857 5338 Equilini,

279 5333 548 5406 scribens,
579 5333 673 5388 lib.
703 5350 819 5399 vtn,
846 5334 991 5406 c.749
1020 5334 1261 5406 Ca'talogi
1290 5345 1598 5406 sanctorum
1630 5333 1863 5395 D'unstal

278 5419 431 5475 num,
457 5403 524 5456 ad
570 5418 796 5475 superos
847 5405 1108 5475 migrasse
1144 5403 1266 5459 ldus
1295 5405 1570 5472 Septemb.
1606 5408 1765 5463 Plura
1794 5411 1860 5464 de

278 5473 372 5527 illo
426 5473 770 5543 sanctissimo
812 5473 944 5529 viro
986 5475 1201 5543 scriptis
1262 5475 1530 5543 reliquere
1580 5475 1854 5533 Osberuus

278 5551 469 5599 cantor
500 5542 757 5596 Ecclesiae
783 5542 1215 5610 Cantuariensis;
1249 5542 1584 5601 Guilhelmus
1609 5547 1857 5602 Malmes-

277 5610 544 5684 l_)eriensis
599 5612 692 5666 lib.
728 5626 743 5664 ι
777 5613 853 5684 De
900 5616 1294 5684 gest.pontitic.
1327 5615 1547 5684 Anglor.
1588 5626 1643 5669 ct
1692 5618 1782 5672 lib.
1816 5634 1854 5672 ll

277 5679 353 5753 De
377 5691 493 5753 gest
520 5695 633 5751 reg.
654 5682 875 5748 Anglor.
905 5679 958 5736 ἒ.
976 5684 1026 5742 7,
1053 5679 1106 5745 8,
1132 5684 1184 5746 9,
1211 5686 1296 5738 10.
1329 5679 1625 5753 Specialius
1648 5700 1777 5741 vero
1800 5687 1854 5742 iu

278 5696 353 5734 ue
377 5696 493 5805 gest
520 5696 633 5751 reg.
654 5696 875 5748 nugtor.
907 5698 958 5736 c.
976 5696 1026 5742 '1,
1053 5696 1106 5745 δ,
1132 5696 1184 5746 9,
1211 5696 1296 5738 tu.
1329 5696 1625 5753 Specialius
1648 5700 1777 5741 vero
1800 5696 1847 5742 iu

278 5750 384 5806 duo
423 5767 487 5807 us
544 5752 698 5809 libris
727 5753 794 5810 dc
843 5753 961 5825 ejus
986 5753 1103 5809 Vita
1155 5754 1448 5812 lucubratis
1496 5756 1658 5828 (teste
1688 5758 1847 5818 Balco

1965 4783 2042 4838 sis
2067 4771 2481 4834 archidiaconus
2530 4774 2622 4828 lib.
2665 4788 2700 4827 ν
2739 4788 2849 4827 sure
2882 4771 3105 4843 Biston;
3134 4771 3311 4843 Roger
3336 4772 3541 4825 lloned.

1965 4850 2133 4921 priori
2159 4856 2310 4921 parte
2328 4843 2523 4921 Annal.
2550 4845 2618 4921 ab
2646 4842 2915 4921 anno_9_l9
2955 4842 3399 4921 (“quonillum'esse
3451 4856 3545 4893 na.

1967 4910 2081 4976 tum
2103 4910 2289 4980 refert)
2316 4917 2381 4970 ad
2408 4914 2540 4980 988;
2568 4912 2742 4969 Guido
2765 4911 2931 4982 abbas
2948 4910 3413 4982 esandionysianus
3438 4924 3541 4982 rus.

1966 4991 2019 5046 in
2052 4998 2236 5044 nostra
2267 4978 2617 5047 Bibliotheca,
2650 4998 2699 5038 c.
2724 4983 2758 5038 5
2784 4982 2864 5037 sui
2893 4978 3207 5050 Sanctingii
3236 4980 3302 5050 ad
3328 4994 3417 5032 xw
3440 4978 3545 5050 lia-

1965 5060 2109 5114 lend.
2152 5057 2315 5113 Junii.
2350 5054 2568 5123 [tegulae
2604 5067 2732 5107 vero
2779 5052 2951 5123 sa_nc_ti
2999 5048 3279 5104 Diinstani'
3298 5048 3545 5123 meminit

1964 5128 2253 5184 Anselmus
2286 5117 2458 5194 supra
2475 5125 2632 5192 epist.
2661 5123 2723 5177 3|
2755 5132 2813 5194 et
2834 5121 3044 5194 Baleus,
3077 5127 3286 5174 centur.
3369 5118 3546 5194 uomit

1964 5200 2159 5263 natim,
2192 5186 2369 5265 quam'
2384 5186 2630 5265 inscribit
2668 5191 2905 5265 regulam
2936 5190 3057 5265 vita}
3087 5186 3541 5265 monasticae.__(1ui

1968 5256 2289 5322 adnumerat
2326 5256 2850 5319 Benedictionar'ium
2897 5256 3354 5327 archiepiscopale
3403 5256 3541 5327 μυ.)

1961 5336 2343 5393 Ordinationes
2377 5332 2530 5401 cleri,
2564 5346 2727 5401 super
2774 5328 3011 5401 regulam
3043 5325 3213 5383 sancti
3237 5325 3540 5388 Benedicti,

1963 5409 2039 5464 De
2066 5405 2281 5464 occulta
2296 5399 2646 5475 philosophia
2663 5417 2697 5475 ;_
2714 5400 2857 5475 leges
2878 5399 3210 5475 decimarum
3240 5404 3425 5475 contra
3457 5410 3541 5475 sa-

1961 5478 2209 5533 cerdotes
2245 5465 2568 5543 ad'papani:
2622 5465 2921 5543 solutiones
2965 5469 3249 5543 dubiorum
3292 5465 3541 5543 euchari-

1958 5547 2110 5614 stim;
2140 5534 2357 5618 epistol:
2381 5534 2446 5618 ad
2474 5544 2736 5618 diversos.
2764 5539 3028 5618 Cmterurn
3053 5538 3119 5618 ad
3144 5535 3416 5618 epistJQ,
3443 5534 3537 5616 lib.

1959 5632 2019 5671 ιιι
2050 5606 2195 5682 cum,
2229 5613 2534 5686 opitulante
2557 5611 2817 5686 Christa,_
2844 5606 3242 5686 vindicabirnus
3279 5606 3347 5661 ab
3376 5606 3539 5686 impia

1957 5676 2193 5811 Matthian
2228 5676 2452 5811 Farkeri
2498 5679 3098 5755 pseudoarchiepiscOpi
3137 5676 3541 5736 Cantuariensis

1957 5771 2127 5811 SCIIH’I
2154 5772 2166 5811 I
2197 5772 2226 5811 a
2252 5769 2302 5811 εἰ

1956 5758 2302 5814 scurrilitates
