3898 6052
386 287 521 347 H01

943 288 1002 343 S.
1041 287 1338 343 ΑΝδΕιΜι
1374 287 1724 345 CANTUAB.
1763 287 2085 346 ARCHIEP.
2111 289 2265 347 OPP.
2301 290 2479 347 PARS
2516 290 2602 346 lll.
2637 321 2705 330 —
2744 290 3119 348 EPISTULA}.

3506 293 3661 349 H08

384 409 767 481 impedimenta
816 420 961 471 mea,
1024 406 1154 470 tuis,
1198 420 1350 476 rogo,
1403 420 1491 460 me
1538 418 1681 475 saepe
1728 404 1963 461 lanifica.
1989 410 2040 469 Α
2067 404 2368 461 Gondullus
2417 422 2512 476 per
2556 406 2790 476 aliquem
2837 404 2940 462 hoc
2978 406 3240 476 perficere
3272 407 3495 478 poterit,
3529 408 3660 476 ejus

385 501 583 556 lterum
619 498 763 564 dico,
792 497 937 567 quod
965 510 1183 565 semper
1219 495 1362 559 volo,
1396 494 1531 550 vale.

824 608 1158 665 EPISTOLA
1195 608 1389 664 XXXV
1430 608 1518 662 ⁸³⁸.
1558 628 1559 631 η

960 717 1027 754 Μ)
1065 716 1389 756 ΙΑυΚΙἸΊΠκ.

446 793 601 859 Quod
632 809 736 846 non
764 791 956 846 scribat
986 791 1049 846 ob
1073 792 1348 861 penuriam
1374 792 1787 858 tabellariorum,
1820 794 1910 860 qui

489 866 737 933 epistolas
753 863 1026 932 deferant;
1048 865 1173 932 petit
1190 864 1516 932 aphart'sntos
1538 880 1655 917 cuin
1667 863 1879 933 glossis.

455 956 632 1009 Fratri
661 964 717 1010 et
740 955 855 1011 ﬁlio
882 968 989 1011 suo
1005 955 1328 1010 charissimo
1361 956 1429 987 ¹⁵⁹
1468 955 1767 1021 Mtuntrto,
1798 955 1968 1011 frater

382 1047 689 1110 Amemus,
731 1046 972 1099 divinam
1021 1045 1073 1098 in
1105 1046 1382 1116 prosperis
1429 1046 1753 1112 custodiam,
1784 1046 1839 1101 in
1870 1045 1966 1100 ad-

383 1138 553 1192 versis
577 1137 934 1192 munitionem
968 1135 1057 1189 ¹⁶⁰.

452 1225 511 1281 Si
560 1226 663 1280 hoc
693 1234 857 1290 esset,
889 1226 1032 1294 quod
1074 1234 1269 1294 questa
1318 1235 1405 1281 est
1456 1236 1549 1280 tua
1593 1225 1790 1282 dilecta
1830 1224 1965 1279 mihi

380 1317 600 1373 dilectio
623 1317 676 1371 in
698 1317 934 1372 secunda
953 1333 1050 1372 sua
1077 1318 1207 1371 mihi
1228 1317 1497 1373 destinata
1522 1318 1771 1388 epistola,
1798 1316 1962 1386 quod,

380 1407 589 1463 scilicet
616 1415 671 1461 te
710 1407 1028 1478 negligenda
1057 1406 1221 1462 nullis
1248 1418 1302 1462 te
1337 1408 1540 1463 nostris
1572 1408 1790 1472 litteris,
1815 1414 1966 1477 post-

380 1507 541 1568 quam
565 1512 716 1553 mare
745 1500 1007 1565 transisti,
1035 1500 1399 1565 visitaverim;
1424 1500 1666 1569 quolibet
1685 1507 1966 1555 asserente

380 1605 469 1646 me
493 1591 655 1646 nimis
686 1591 1134 1646 inconvenienter
1156 1590 1360 1661 egisse,
1402 1606 1508 1644 non
1539 1593 1883 1647 defenderem
1909 1598 1966 1646 ct

377 1679 632 1735 omnibus
662 1681 969 1743 tacentibus
1002 1680 1118 1750 ipse
1144 1694 1230 1734 me
1260 1694 1367 1734 non
1416 1680 1627 1735 modice
1672 1682 1966 1752 reprehen-

2066 514 2212 554 cura:
2238 499 2581 570 designatum
2610 498 2848 555 dimitte.
2876 498 3042 552 Multo
3073 508 3254 553 tamen
3292 498 3489 555 melius
3515 503 3655 565 erit,

2065 590 2110 645 si
2146 589 2452 659 exemplum
2484 589 2687 658 ipsum,
2726 598 2786 643 ut
2833 588 2963 643 mihi
3006 589 3467 654 accommodetur,
3497 588 3654 644 idem

2065 682 2294 738 domnus
2329 680 2631 737 Gondulfus
2682 680 2882 750 poterit
2920 680 3233 749 impetrare.
3272 679 3460 734 Saluta
3489 680 3654 734 dom-

2065 790 2194 829 num
2246 772 2586 839 llerluinum,
2620 786 2852 827 monens
2878 779 3024 826 utet
3055 771 3157 826 sibi
3184 780 3239 827 et
3274 771 3408 826 mihi
3436 786 3654 828 memor

2065 866 2137 922 sit
2166 865 2291 921 tnui.
2332 863 2480 920 Vale.

2507 964 2838 1030 EPISTOLA
2868 972 3087 1029 XXXVI
3116 974 3204 1026 ¹⁶¹.

2646 1083 2711 1120 AD
2750 1082 3049 1121 Αιβειιτυυ.

2066 1158 2245 1230 Refert
2268 1159 2466 1230 gratias
2496 1160 2559 1213 de
2587 1158 2826 1213 Mam-itii
2849 1155 3117 1230 Beccensis
3146 1174 3295 1223 cura,
3342 1169 3387 1211 et
3419 1158 3648 1213 consulit

2654 1229 2835 1297 fugam
2855 1227 3053 1282 seculi.

2136 1321 2385 1386 Domino,
2417 1320 2593 1383 fratri.
2626 1319 2803 1374 amico
2850 1320 2902 1374 in
2946 1318 3160 1374 Christo
3216 1328 3416 1383 amato,
3464 1328 3522 1374 et
3580 1320 3647 1373 ad

2063 1412 2337 1468 Christum
2364 1411 2671 1466 desiderato
2698 1410 2980 1475 Amen-ro,
3016 1409 3186 1463 frater
3214 1410 3517 1470 Ausus-us,
3545 1424 3649 1479 pro

2064 1503 2377 1559 ccclestibus
2408 1511 2623 1558 terrena
2649 1500 2949 1571 despicere,
3002 1515 3101 1570 pro
3130 1502 3360 1556 terrenis
3403 1501 3646 1557 emicstia

2102 1595 2363 1650 ercincre.

2063 1610 2363 1665 percipere.

2133 1684 2250 1739 Non
2289 1683 2462 1738 solum
2496 1680 2798 1752 premium,
2831 1680 2926 1735 sed
2955 1679 3036 1735 vel
3061 1680 3266 1750 gratias
3306 1678 3481 1734 fateor
3532 1692 3644 1744 me,

379 1774 587 1823 iterem.
633 1769 793 1824 Absit
834 1769 981 1823 enim
1033 1779 1093 1824 ut
1138 1784 1301 1839 quem
1349 1786 1379 1823 a
1430 1785 1599 1839 puero
1631 1781 1686 1826 et
1728 1786 1757 1825 a
1791 1775 1966 1841 prima
1998 1765 2041 1821 Β
2067 1772 2359 1829 secundum
2396 1770 2650 1825 meritum
2702 1777 2943 1823 vestrum
2968 1775 3022 1822 et
3066 1766 3390 1821 desiderium
3443 1781 3645 1829 meum,

378 1857 686 1927 cognitione
716 1866 873 1913 tanto
896 1858 1099 1923 studio,
1146 1872 1245 1928 pro
1279 1859 1497 1914 modulo
1536 1875 1667 1913 mete
1692 1861 1965 1929 possibili-

378 1950 531 2015 tatis,
587 1957 638 2003 te
678 1958 835 2014 teste,
887 1949 1084 2014 dilexi,
1142 1966 1285 2005 nunc
1316 1959 1368 2005 te
1414 1954 1704 2023 negligant,
1737 1968 1861 2007 cum
1894 1953 1964 2007 ad

378 2055 589 2096 morum
617 2041 941 2111 probitatem
969 2050 1026 2096 et
1057 2056 1297 2098 amorem
1331 2042 1445 2107 Dei,
1469 2055 1733 2114 quantum
1762 2044 1947 2114 largiri

376 2133 593 2201 dignata
624 2141 711 2186 est
742 2146 976 2201 superna
1005 2132 1317 2200 clementia,
1348 2134 1663 2205 profeceris,
1692 2145 1747 2191 et
1767 2136 1821 2191 in
1846 2138 1965 2192 dies

376 2222 570 2278 nitaris
591 2224 903 2293 prolicere':
932 2226 1076 2294 quod
1104 2241 1318 2296 semper
1343 2228 1409 2283 de
1437 2236 1489 2281 te
1521 2229 1849 2283 desideravit
1868 2244 1965 2284 cor

377 2327 579 2379 meum,
600 2321 656 2367 et
677 2314 1134 2382 sategitstndium
1175 2330 1379 2371 meum.
1427 2317 1626 2387 Utique
1669 2328 1961 2388 antequam

378 2414 499 2460 tuas
530 2405 661 2461 mihi
708 2405 921 2475 priores
970 2406 1179 2463 litteras
1216 2411 1638 2477 transmitteres,
1686 2425 1833 2466 meas
1866 2410 1960 2466 tibi

376 2499 828 2554 transmittendas
876 2514 977 2569 per
1026 2501 1280 2569 primum,
1346 2504 1439 2573 qui
1493 2518 1553 2558 se
1599 2513 1959 2573 opportunum

375 2587 661 2645 exhiberet
695 2590 966 2654 nuntium,
1008 2605 1354 2659 paraveram.
1387 2591 1495 2647 Sed
1552 2608 1675 2648 cum
1710 2593 1961 2648 eumdem

374 2678 621 2747 epistola:
677 2687 782 2734 tua:
823 2680 1051 2735 latorem
1091 2695 1389 2750 congruum
1421 2681 1795 2737 existimarem
1828 2696 1963 2737 mete

376 2766 692 2835 relatorem,
742 2771 974 2841 contigit
1015 2787 1163 2837 eum,
1221 2782 1420 2842 printer
1465 2787 1617 2842 spem
1667 2782 1724 2829 et
1773 2783 1959 2829 votum

377 2876 534 2915 sttum
564 2870 620 2916 et
650 2876 851 2929 meum,
896 2872 1003 2917 tam
1043 2864 1452 2920 diu’demorari
1496 2875 1556 2919 ut
1584 2879 1700 2920 mea
1729 2866 1960 2935 epistola

378 2961 485 3007 tute
534 2953 703 3022 priori
756 2953 1092 3023 respondens
1134 2954 1248 3024 iam
1295 2957 1503 3027 scripta
1540 2971 1572 3010 a
1626 2966 1717 3011 tua
1746 2956 1960 3012 visione

379 3042 566 3098 tandiu
598 3043 929 3111 differretur,
961 3047 1133 3102 donec
1163 3047 1398 3103 secunda
1432 3056 1519 3101 tua
1553 3048 1685 3102 mihi
1712 3047 1963 3104 detfcrrc-

378 3145 487 3188 tur.
512 3133 665 3191 Licet
691 3136 837 3193 enim
868 3137 1027 3193 multi
1065 3137 1421 3194 Northmanni
1452 3140 1520 3195 ad
1547 3139 1753 3209 Anglos
1777 3149 1960 3194 trans-

375 3232 529 3291 eant,
574 3226 888 3294 paucissimi
934 3236 1115 3284 tamen
1155 3237 1283 3284 sunt
1324 3230 1439 3299 qui,
1468 3245 1555 3284 me
1582 3232 1813 3298 sciente,
1855 3232 1960 3287 hoc

383 3313 622 3381 faciant;
652 3316 704 3370 in
731 3317 928 3388 quibus
956 3319 1297 3388 paucissimis
1324 3320 1410 3375 vix
1445 3329 1529 3375 est
1558 3320 1773 3390 aliquis,
1798 3335 1957 3390 quem

376 3416 618 3461 nostram
652 3408 975 3479 legationem
1009 3410 1128 3466 sine
1154 3411 1410 3465 dilatione
1440 3421 1496 3465 et
1526 3426 1631 3465 non
1677 3413 1958 3481 negligen-

377 3509 462 3553 ter
490 3498 759 3552 facturum
785 3500 1077 3554 confidam.
1114 3500 1220 3555 Sed
1260 3509 1320 3555 nt
1362 3516 1451 3555 res
1475 3502 1540 3533 ¹⁶¹
1569 3502 1683 3571 ipsa
1709 3517 1796 3556 me
1817 3503 1960 3571 apud

375 3602 556 3643 meum
587 3599 812 3645 excuset
851 3590 1280 3659 criminatorem,
1326 3593 1462 3648 duas
1505 3608 1657 3649 meas
1703 3595 1960 3663 epistolas

376 3680 587 3737 duabus
612 3681 720 3736 tuis
747 3683 1135 3754 respondentes
1167 3684 1325 3740 mitto
1348 3699 1447 3754 per
1477 3694 1691 3740 tuarum
1734 3686 1955 3742 latores.

376 3772 445 3827 Et
499 3774 755 3844 quoniam
810 3790 935 3831 cum
982 3777 1294 3848 importuno
1344 3780 1478 3835 mihi
1520 3795 1609 3836 res
1649 3791 1757 3847 est,
1810 3783 1955 3851 quod

377 3863 692 3935 singillatim
733 3866 953 3937 suisque
1001 3869 1339 3936 temporibus
1384 3869 1568 3926 facere
1614 3887 1720 3926 non
1770 3872 1953 3942 potui;

376 3953 569 4009 saltem
593 3955 754 4011 sinmi
784 3957 851 4011 ad
879 3958 1313 4026 persuadendum
1334 3960 1632 4027 ineredulo,
1656 3970 1715 4016 et
1736 3961 1959 4016 satisfa-

377 4046 627 4101 ciendum
672 4048 977 4118 suspicioso
1022 4048 1205 4104 facere
1235 4052 1501 4121 disposui.
1542 4051 1696 4117 Illud,
1736 4062 1958 4123 propter

377 4136 522 4206 quod
571 4146 850 4208 tantopere
879 4155 966 4195 tne
997 4143 1307 4197 reverenda:
1330 4144 1535 4198 domini
1566 4153 1622 4199 et
1650 4145 1827 4200 Patris
1867 4161 1958 4201 no-

377 4230 477 4284 stri
552 4231 943 4302 archiepiscopi
1018 4233 1219 4288 instare
1291 4234 1567 4289 sanctitati
1643 4237 1952 4304 postulasti,

377 4328 582 4388 quanto
606 4320 902 4377 studiosius
924 4322 1221 4377 secundum
1251 4330 1393 4377 tuam
1429 4324 1760 4379 voluntatem
1782 4327 1952 4395 potui,

2065 1864 2253 1935 pietati
2283 1871 2476 1918 vestrae
2503 1877 2607 1915 non
2640 1874 2800 1930 posse
2831 1858 3127 1930 rependere
3176 1873 3274 1928 pro
3332 1858 3648 1913 misericor-

2064 1953 2171 2016 dia,
2216 1966 2377 2021 quam
2418 1949 2614 2005 dilecto
2671 1947 2825 2001 fratri
2862 1961 2983 2002 meo
3030 1946 3283 2000 Mauritio
3318 1946 3371 2000 in
3411 1944 3648 2001 infirmi-

2067 2050 2175 2096 tate
2204 2057 2300 2095 sua
2326 2040 2581 2108 dignatur
2609 2038 2920 2108 impendere
2948 2054 2962 2091 :
3011 2037 3269 2107 quoniam
3303 2047 3481 2091 tamen
3511 2038 3646 2092 alte-

2066 2147 2185 2185 rum
2222 2139 2495 2199 utcunque
2515 2130 2689 2194 valeo,
2722 2130 2790 2183 ad
2825 2127 3058 2184 alterum
3122 2138 3305 2183 tamen
3337 2128 3653 2183 nullatenus

2065 2224 2302 2290 suilicio;
2335 2225 2565 2295 injustus
2596 2223 2727 2277 mihi
2758 2223 2945 2278 videor
2968 2223 3012 2278 si
3036 2223 3087 2277 in
3116 2238 3199 2288 eo,
3224 2225 3366 2292 quod
3402 2239 3643 2293 possum,

2064 2316 2278 2372 delicio.
2300 2316 2517 2371 Gratias
2554 2316 2721 2385 igitur
2747 2322 2944 2378 tantas,
2978 2324 3181 2384 quanta
3207 2329 3324 2368 mea
3378 2315 3643 2383 possibili-

2067 2418 2149 2465 tas
2172 2420 2277 2475 est,
2305 2407 2519 2474 refero;
2548 2408 2642 2463 sed
2684 2407 2964 2476 premium
3006 2407 3163 2461 vobis
3214 2407 3383 2461 multo
3421 2406 3643 2476 opulen-

2066 2502 2172 2557 tius
2198 2516 2227 2555 a
2262 2499 2481 2556 Christo
2512 2499 2842 2555 reddendum
2874 2512 3120 2563 reservo,
3159 2498 3245 2553 cui
3282 2498 3379 2567 ipsi
3424 2497 3639 2573 iuilrmo

2064 2607 2249 2647 curam
2274 2590 2560 2653 exhibetis,
2613 2590 2729 2658 ipso
2761 2596 2920 2655 teste,
2978 2588 3031 2641 in
3061 2602 3160 2642 suo
3181 2602 3343 2642 servo
3371 2587 3637 2642 Mauritiu.

2063 2684 2261 2740 Precor
2282 2684 2446 2739 etiam
2471 2693 2757 2753 quatenus,
2790 2681 2931 2736 sicut
2954 2696 3047 2735 vos
3076 2682 3381 2735 mercedem
3408 2697 3511 2735 non
3542 2689 3637 2734 tat-

2063 2777 2210 2833 debit
2231 2774 2525 2845 perfectam
2556 2772 2870 2843 percipere;
2906 2773 2979 2828 ita
3011 2787 3119 2827 non
3150 2772 3356 2840 pigeat,
3378 2780 3637 2841 quantum

2063 2865 2117 2920 in
2143 2865 2297 2920 vobis
2336 2872 2443 2929 est,
2480 2864 2769 2919 sanitatem
2802 2862 3069 2933 inceptam
3101 2861 3380 2932 perﬁcere.
3422 2860 3526 2915 Sed
3556 2860 3642 2915 his

2063 2953 2371 3022 prtcmissis,
2396 2967 2515 3022 qua:
2543 2950 2766 3005 debeam
2794 2965 2893 3021 pro
2922 2950 3220 3021 gratiarum
3252 2950 3495 3013 actione;
3520 2965 3644 3019 qua}

2064 3056 2364 3117 sequuntur
2395 3053 2557 3099 erunt
2585 3044 2649 3098 de
2674 3043 2907 3112 quadam
2930 3058 3092 3111 quam
3118 3041 3269 3097 Vobis
3317 3041 3496 3094 adhuc
3540 3042 3643 3095 de-

2060 3139 2164 3193 beo
2189 3136 2555 3207 responsione.
2581 3134 2721 3191 Olim
2755 3149 3017 3203 namque,
3057 3148 3175 3188 cum
3214 3132 3419 3186 litteris
3444 3140 3643 3187 vestra:

2062 3229 2372 3285 dilectionis
2404 3227 2692 3296 rescripsi;
2725 3241 2830 3281 non
2888 3234 3079 3288 totum,
3107 3224 3251 3294 quod
3287 3232 3469 3279 mente
3514 3238 3645 3278 eon-

2065 3336 2340 3392 ceperam,
2361 3320 2643 3389 descripsi.
2671 3320 2950 3387 Quatenus
2992 3328 3173 3375 vestra
3207 3318 3489 3387 prudentia
3538 3316 3642 3372 mi-

2062 3430 2163 3470 nus
2190 3413 2473 3477 fastidiose
2500 3410 2570 3444 ¹⁶⁸
2596 3413 2919 3482 perciperet,
2946 3412 3087 3481 quod
3127 3410 3390 3479 scriptum
3416 3408 3514 3463 sibi
3536 3408 3639 3462 mi—

2063 3521 2166 3561 nus
2179 3504 2407 3561 verbose
2422 3506 2771 3575 perspiceret.
2790 3504 2870 3559 Ad
2883 3504 3126 3558 eamdem
3158 3503 3322 3570 igitur
3337 3502 3642 3571 responsio-

2060 3616 2182 3656 nem
2196 3602 2602 3672 pertinet,quod
2617 3602 3070 3672 infcriusepistola
3091 3616 3331 3671 pszcsens
3357 3601 3467 3655 inec
3479 3600 3642 3653 conti-

2060 3700 2171 3746 net.
2193 3691 2323 3747 Cum
2336 3707 2463 3747 vere
2478 3692 2725 3747 dilectam
2740 3692 2867 3747 mihi
2882 3693 3221 3747 honestatem
3234 3696 3641 3754 restram,tanto

2058 3782 2239 3837 studio
2261 3782 2601 3837 dilectionem
2624 3783 2747 3837 vilis
2773 3782 3104 3845 homunculi,
3134 3796 3310 3836 meam
3334 3782 3477 3845 dico,
3506 3779 3635 3833 affe-

2060 3880 2212 3926 ctare
2238 3872 2491 3926 intueor:
2525 3872 2715 3941 utique
2741 3871 2886 3926 illam
2913 3881 3061 3926 tanta
3111 3885 3207 3926 sua
3241 3869 3636 3938 supplicatione

2059 3962 2235 4032 majus
2270 3962 2471 4033 aliquid
2501 3965 2721 4028 mereri,
2762 3979 2925 4034 quam
2955 3978 3109 4018 meus
3155 3965 3227 4017 sit
3276 3976 3433 4016 amor
3475 3960 3641 4016 conﬁ-

2060 4063 2199 4108 teor.
2235 4053 2340 4107 Sed
2370 4055 2624 4122 quoniam
2656 4055 2802 4109 aliud
2858 4055 2987 4124 quid
3060 4055 3215 4109 vobis
3250 4053 3383 4107 dare
3439 4052 3641 4121 possim

2060 4143 2235 4212 majus
2262 4157 2448 4199 amore
2469 4159 2572 4199 non
2600 4145 2802 4211 habeo;
2836 4145 3010 4215 ipsum
3054 4160 3217 4213 quam
3248 4144 3512 4211 majorem
3541 4158 3640 4213 pro

2059 4247 2183 4289 meo
2209 4233 2424 4288 modulo
2454 4249 2693 4303 possum,
2723 4236 2977 4290 exhibeo.
3010 4234 3268 4303 Majorem
3325 4250 3457 4290 vero
3508 4234 3640 4289 dile-

2060 4325 2292 4379 ctionem
2320 4335 2468 4393 puto,
2506 4327 2650 4395 quod
2671 4342 2701 4381 a
2730 4341 2817 4381 me
2845 4341 3003 4382 nemo
3030 4327 3177 4381 valet
3203 4327 3442 4397 exigere,
3478 4339 3639 4394 quam

378 4415 433 4465 in
460 4412 694 4482 quadam
724 4428 842 4470 mea
872 4412 947 4468 illi
988 4415 1151 4470 missa
1174 4415 1401 4486 epistola
1434 4417 1612 4473 facere
1644 4419 1868 4472 tentavi.
1891 4418 1951 4474 Si
1986 4453 2037 4513 υ
2060 4430 2122 4475 ιιι
2142 4422 2300 4475 velim
2331 4436 2453 4475 cum
2487 4428 2741 4488 tanquam
2789 4419 3052 4486 meipsum
3099 4417 3338 4488 diligere.
3397 4416 3639 4486 Quapro-

379 4502 566 4569 igitur,
596 4517 717 4557 cum
747 4504 865 4571 ejus
905 4519 1122 4573 semper
1166 4506 1324 4562 nobis
1362 4508 1731 4577 amplectenda
1761 4511 1956 4579 gratia,

379 4601 432 4646 te
462 4592 529 4646 ad
564 4607 684 4658 nos,
713 4594 1009 4649 secundum
1036 4597 1178 4664 quod
1214 4597 1307 4651 tibi
1341 4599 1577 4668 expedit,
1606 4609 1660 4655 ct
1688 4614 1787 4672 ego
1815 4612 1869 4657 et
1900 4612 1955 4659 tu

376 4683 770 4749 desideramus,
800 4686 979 4740 redire
1001 4687 1164 4757 325
1187 4690 1494 4759 contigerit,
1523 4694 1665 4761 quod
1695 4693 1956 4763 scriptum

375 4776 483 4830 erit
536 4776 604 4832 de
653 4776 970 4847 aphorismo
1035 4787 1210 4833 tecum
1256 4780 1407 4836 all'er.
1465 4782 1682 4838 Interim
1751 4792 1952 4848 tamen,

376 4874 637 4935 quantum
673 4867 791 4922 sine
820 4877 911 4921 tuo
940 4866 1281 4924 incommodo
1327 4880 1503 4940 potes,
1553 4871 1619 4926 de
1664 4879 1813 4926 textu
1847 4874 1951 4941 pri-

376 4975 524 5015 mum
552 4958 734 5025 efﬁce;
766 4959 983 5026 deinde,
1017 4960 1064 5016 si
1110 4961 1207 5017 tibi
1236 4961 1475 5028 licuerit,
1507 4964 1573 5018 de
1599 4962 1821 5034 glossis;
1853 4964 1957 5019 hoc

376 5056 504 5103 ante
532 5050 715 5103 omnia
742 5064 988 5115 servans,
1035 5058 1097 5105 ut
1127 5051 1387 5120 quidquid
1432 5066 1502 5106 ex
1554 5067 1624 5107 eo
1669 5053 1951 5119 detuleris,

375 5138 797 5208 diligentissime.
837 5140 909 5193 sit
942 5148 1272 5194 correctum.
1308 5139 1365 5194 Si
1403 5141 1532 5209 quid
1560 5156 1711 5206 vero,
1744 5153 1795 5197 te
1825 5143 1955 5197 red-

376 5240 557 5296 eunte,
591 5232 865 5289 residuum
898 5235 1025 5289 inde
1062 5232 1262 5297 fuerit;
1299 5233 1343 5287 si
1375 5244 1676 5303 opportune
1721 5236 1953 5290 domnus

2064 4520 2183 4582 pter
2212 4512 2256 4568 si
2285 4510 2438 4566 vobis
2472 4508 2717 4575 consulo,
2740 4508 2884 4577 quod
2919 4521 3003 4561 me
3022 4507 3179 4572 mihi,
3206 4521 3329 4561 cum
3354 4505 3435 4560 sic
3461 4519 3636 4559 essent

2064 4601 2207 4656 sicut
2232 4616 2326 4656 vos
2354 4614 2494 4655 nunc
2515 4599 2671 4663 estis,
2694 4598 3039 4669 singulariter
3058 4597 3415 4659 consuluisse.
3442 4610 3637 4650 consu-

2065 4690 2219 4745 lendo
2251 4690 2508 4756 tenuisse,
2537 4687 2768 4744 tenendo
2789 4702 2995 4749 amare,
3019 4686 3252 4741 amando
3291 4685 3479 4740 habitu
3513 4699 3642 4752 pro-

2064 4783 2222 4845 fiteri,
2249 4791 2304 4835 et
2328 4791 2439 4835 tota
2466 4781 2576 4834 vita
2606 4780 2706 4834 niti
2732 4779 3090 4850 cognoscitis;
3123 4794 3220 4834 vos
3249 4778 3349 4848 ipsi
3371 4776 3638 4848 judicatc,

2060 4872 2103 4926 si
2139 4872 2265 4926 illud
2297 4887 2551 4942 respuere
2576 4871 2838 4934 debeatis,
2870 4885 2991 4924 cum
3021 4871 3124 4925 hoc
3149 4885 3250 4940 ego
3297 4869 3452 4925 vobis
3503 4868 3637 4940 lide-

2056 4961 2180 5016 liter
2205 4963 2512 5027 exhibeam,
2539 4961 2680 5030 quod
2704 4976 2798 5014 vos
2816 4975 2846 5014 a
2871 4975 2956 5014 me
2985 4959 3298 5028 suppliciter
3325 4956 3635 5025 exposcitis.

2057 5055 2298 5124 Denique
2370 5054 2483 5123 ipsa
2565 5052 2889 5109 venerabilis
2948 5051 3149 5106 domini
3209 5059 3263 5106 et
3310 5048 3487 5103 Patris
3536 5064 3638 5102 no-

2056 5146 2153 5199 stri
2177 5144 2576 5214 archiepiscopi-
2595 5141 2908 5207 auctoritas,
2942 5141 3097 5208 cujus
3117 5139 3380 5209 judicium
3410 5152 3508 5191 sua
3538 5149 3637 5188 nec

2055 5238 2169 5305 ipsa
2216 5237 2497 5305 prudentia
2528 5234 2662 5298 falli,
2695 5250 2794 5289 nec
2826 5232 3034 5302 iustitia
3085 5231 3270 5285 fallere
3325 5228 3631 5299 permittet;

1622 5390 1857 5448 VABIIE
1890 5388 2289 5449 LECTIONES.

453 5520 519 5551 ’⁸⁵⁸
547 5520 678 5573 Cum
713 5522 893 5575 eodem
916 5539 1014 5575 ms.
1042 5522 1235 5576 collata
1310 5526 1374 5557 "9
1396 5523 1542 5577 Patri
1572 5534 1627 5578 et
1654 5524 1763 5579 lilio
1795 5540 1891 5581 suo
1920 5524 2239 5580 charissima
2274 5539 2372 5575 ms.
2397 5532 2441 5575 et
2476 5520 2621 5574 Edit.
2655 5518 2891 5580 Picardi,
2922 5517 3075 5571 fratri
3101 5525 3154 5570 ct
3182 5514 3289 5568 filio
3313 5510 3633 5567 charissim!)

383 5586 448 5615 "°
490 5588 546 5640 in
596 5590 837 5644 adversis
892 5593 1240 5647 munitionem
1296 5612 1395 5648 ms.
1452 5595 1503 5648 in
1553 5595 1778 5649 adversa
1832 5596 2186 5649 munitionem
2262 5592 2325 5621 ¹⁶¹
2372 5590 2476 5646 Sed
2503 5599 2557 5645 et
2588 5589 2915 5652 natumsed
2940 5598 2999 5642 ut
3029 5603 3115 5642 res
3184 5586 3251 5619 "'
3273 5583 3401 5638 Cum
3430 5583 3634 5635 duobus

378 5653 618 5724 Ifa‘cmpl.
641 5661 939 5723 prwnotatis
968 5678 1063 5715 ms.
1090 5662 1179 5718 20.
1221 5665 1414 5720 collata
1490 5665 1554 5695 ¹⁶³
1575 5663 1873 5722 Fastidiose
1902 5683 1996 5721 ms.
2032 5665 2083 5717 l.
2112 5662 2351 5719 studiose
