3898 6052
295 301 425 360 1109

1481 303 1608 358 LIB.
1639 303 1681 370 1,
1713 303 1930 360 EPIST.
1961 305 2244 363 XXXVIII.

3406 313 3538 366 illo

292 418 428 485 ipsa,
459 418 700 486 Inquam,
731 413 988 472 decernat
1025 425 1204 472 utmm
1229 429 1325 472 vos
1368 416 1576 483 deceat,
1617 427 1708 474 aut
1735 419 1864 474 mihi
1896 424 1946 484 Α
1973 421 2184 477 meritis
2225 420 2380 476 Valde
2403 421 2769 492 praestantior,
2797 437 2899 492 ego
2935 422 3048 479 scio
3099 424 3152 478 in
3183 437 3270 478 me
3301 424 3433 480 nihil
3459 429 3542 481 vel

290 519 393 559 non
418 505 488 560 sit
514 503 852 574 iniuriosum,
881 515 940 560 ut
965 515 1204 561 nostram
1219 507 1371 562 vobis
1396 506 1742 564 dilectionem
1763 525 1864 566 ex-

289 596 517 662 petendo
545 597 799 653 asseratis
838 591 1082 666 placere;
1111 607 1168 652 et
1217 598 1465 654 eamdem
1510 600 1706 671 ipsam,
1748 601 1865 672 ejus

289 699 468 750 usum,
498 684 685 754 inquo
720 684 808 740 illa
837 684 1016 740 verior
1041 697 1125 741 est
1173 689 1574 744 contemnendo
1625 691 1864 760 probetis

289 775 441 831 vobis
475 776 779 846 displicere.
805 776 912 832 Sed
941 792 1248 848 quanquam
1273 795 1378 836 non
1427 795 1524 836 vos
1578 780 1742 838 lateat
1797 786 1865 843 ad

286 864 417 934 quid
447 865 605 920 velim
639 866 917 932 devenire,
944 867 1226 922 consilium
1267 879 1445 922 tamen
1501 883 1699 936 meum,
1757 871 1865 927 into

289 971 395 1013 non
417 973 596 1012 meum
612 958 705 1013 sed
732 958 849 1022 Dei,
879 972 985 1012 non
1015 973 1101 1014 me
1128 959 1274 1030 piget
1299 959 1502 1016 clarius
1544 964 1778 1032 aperire.
1807 961 1866 1019 Si

289 1052 454 1122 igitur
475 1053 586 1123 jam
623 1052 828 1122 experti
863 1052 1015 1117 estis,
1045 1053 1293 1124 quoniam
1329 1069 1480 1108 omne
1498 1055 1638 1122 quod
1689 1064 1763 1108 est
1810 1056 1866 1109 in

287 1144 507 1208 mundo,
533 1144 949 1213 concupiscentia
998 1145 1173 1198 carnis
1205 1154 1304 1210 est,
1357 1155 1405 1198 et
1451 1147 1866 1215 concupiscentia

288 1235 579 1300 sculorum,
608 1243 656 1289 et
681 1235 922 1304 superbia
945 1235 1086 1300 vitm,
1108 1252 1226 1304 qua:
1251 1253 1354 1290 non
1382 1246 1454 1291 est
1483 1253 1547 1292 ea:
1569 1236 1751 1306 Patre,
1775 1239 1866 1293 sed

285 1342 352 1379 ea:
373 1326 564 1380 mundo
584 1335 659 1380 est
682 1341 701 1380 :
723 1327 766 1381 si
786 1326 899 1397 jam
924 1327 1249 1396 cognoscitis
1266 1329 1391 1396 quia
1415 1329 1641 1382 mundus
1671 1331 1868 1385 transl-

285 1413 366 1468 hit
387 1423 435 1468 et
456 1415 872 1485 concupiscentia
901 1414 1014 1482 ejus
1039 1413 1090 1484 (1
1101 1414 1264 1469 Ιοαη.
1289 1431 1347 1482 It,
1366 1415 1451 1483 16,
1473 1417 1559 1488 l7)
1577 1434 1590 1483 ;
1607 1418 1650 1473 si
1667 1417 1870 1490 legistis

290 1505 416 1572 quia
440 1505 640 1559 amicus
687 1503 868 1559 steculi
909 1504 1088 1574 hujus,
1120 1505 1362 1560 inimicus
1392 1506 1490 1562 Dei
1534 1509 1871 1563 constituitur

291 1591 432 1659 (Jac.
469 1608 544 1656 tv,
574 1592 665 1664 4);
698 1593 744 1648 si
801 1593 1045 1661 creditis,
1087 1593 1213 1663 quia
1260 1597 1555 1667 quicunque
1605 1597 1868 1668 reliquerit

287 1684 500 1738 domum
529 1700 700 1746 suam,
729 1684 805 1739 uel
833 1685 1047 1754 fratres,
1089 1695 1180 1738 aut
1234 1702 1460 1752 sorores,
1507 1695 1597 1741 aut
1645 1698 1866 1757 patrem,

287 1785 378 1827 aut
402 1785 641 1839 matrem,
667 1785 758 1829 aut
774 1791 1010 1841 uxorem,
1040 1785 1132 1830 aut
1159 1776 1315 1845 ﬁlios,
1361 1787 1453 1832 aut
1481 1795 1636 1849 agros
1657 1789 1870 1850 propter

290 1882 476 1920 nomen
507 1883 697 1930 meum,
728 1868 1036 1937 centuplum
1066 1869 1302 1937 accipiet,
1332 1879 1379 1923 et
1409 1871 1568 1924 vitam
1621 1881 1869 1926 (sternam

287 1956 566 2024 possidebit
590 1957 802 2028 (Matth.
831 1974 946 2023 tux,
972 1959 1071 2026 29;
1107 1960 1278 2015 Marc.
1306 1976 1362 2028 ι,
1394 1961 1484 2030 25;
1531 1963 1661 2018 Luc.
1711 1980 1868 2031 xvttl,

288 2045 423 2115 20):
464 2047 655 2102 hortor
695 2063 810 2114 vos,
850 2049 1010 2104 nolite
1062 2050 1280 2121 diligere
1339 2053 1614 2120 mundum,
1669 2070 1761 2108 nec
1808 2071 1871 2110 ea

287 2153 405 2206 qua:
432 2136 486 2190 in
507 2137 700 2192 mundo
721 2149 840 2192 sunt
868 2137 1094 2209 (Iloan.
1119 2157 1178 2204 Il,
1208 2140 1438 2210 i5);sed
1468 2141 1754 2213 relinquite
1781 2159 1870 2212 ea,

288 2238 343 2283 et
369 2229 667 2299 sequamini
699 2239 1067 2301 paupertatem
1099 2231 1322 2300 Christi,
1361 2242 1420 2288 ut
1454 2250 1549 2304 pro
1579 2236 1658 2291 eis
1682 2245 1870 2291 centu-

293 2319 440 2390 plum
516 2321 819 2391 accipiatis,
874 2332 930 2377 et
983 2323 1148 2378 vitam
1200 2335 1459 2380 aeternam
1523 2326 1867 2396 possidentis.

289 2410 484 2475 Amen,
512 2409 624 2466 iiut.

1309 2443 1321 2466 Δ

723 2499 1059 2556 EPISTOLA
1089 2500 1328 2556 XXXVII
1359 2501 1442 2558 ¹⁰⁸.

852 2607 920 2645 ΔΙ)
943 2607 1301 2648 ηουεωκη.

289 2678 588 2736 Paciscitur
626 2688 863 2736 mutuam
877 2697 994 2736 cum
1013 2699 1074 2736 ea
1107 2685 1410 2738 meritorum
1434 2685 1867 2741 communionem.

360 2769 598 2824 Domina:
625 2771 856 2838 eximite,
887 2780 942 2828 et
969 2774 1164 2828 merito
1196 2774 1504 2831 sanctitatis
1531 2791 1652 2829 cum
1685 2792 1872 2836 amore

294 2857 623 2919 reverendae.
663 2873 784 2913 cum
843 2861 1150 2916 reverentia
1203 2863 1448 2918 amandas
1519 2864 1866 2932 Fnoneutvaa,

290 2949 460 3004 frater
507 2951 790 3005 Ansenuus
844 2951 1151 3017 Berceusis,
1188 2953 1297 3010 vita
1357 2967 1631 3025 peccator,
1680 2957 1868 3012 habitu

1965 504 2245 559 minimum
2276 506 2477 576 aliquid
2498 520 2638 572 esse,
2669 507 2813 576 quod
2832 507 3050 577 dignum
3074 509 3146 562 sit
3174 510 3242 564 ad
3278 523 3542 579 augmen-

1967 605 2080 654 tum
2112 606 2308 656 vestrze
2329 599 2638 656 Sanctitatis
2691 599 3013 669 exspectari.
3059 598 3324 667 Quoniam
3364 612 3542 659 tamen

1964 687 2158 744 vestris
2189 687 2485 758 majoribus
2511 687 2668 745 bonis
2709 689 2957 746 desidero
2983 691 3330 760 participare,
3362 693 3544 749 nescio

1965 791 2071 847 qua
2121 775 2302 834 fronte
2337 780 2540 849 possim
2586 778 2740 836 vobis
2783 780 3254 850 participationem
3298 795 3542 838 meorum

1966 869 2232 926 honorum
2253 870 2652 940 qualiacunque
2671 871 2938 937 sint,cum
2949 886 3068 927 eam
3083 871 3426 937 desideretis.
3445 888 3546 929 ne-
3616 876 3619 879 ’

1966 973 2114 1029 gare.
2143 958 2200 1016 Si
2221 960 2350 1029 quid
2385 960 2549 1031 igitur
2575 961 2703 1016 boni
2723 959 2881 1016 Jesus
2901 959 3154 1018 Christus
3171 961 3430 1018 Dominus
3452 977 3547 1016 no-

1965 1056 2080 1105 ster
2114 1049 2167 1103 in
2200 1064 2288 1104 me
2315 1060 2571 1119 operatus
2601 1060 2698 1106 aut
2730 1060 3058 1121 operaturus
3078 1061 3183 1118 est,
3213 1067 3312 1107 oro
3337 1066 3461 1123 ego,
3491 1061 3548 1108 et

1966 1139 2230 1194 concedat
2261 1139 2376 1210 ipse
2405 1142 2704 1197 secundum
2729 1155 2914 1198 veram
2943 1141 3036 1198 Dei
3073 1151 3129 1197 et
3155 1143 3385 1213 proximi
3419 1144 3549 1198 chao

1969 1230 2208 1296 ritatem,
2236 1238 2297 1285 ut
2325 1231 2480 1286 vobis
2502 1246 2611 1286 non
2637 1231 2796 1288 aliter
2833 1247 2994 1302 quam
3045 1233 3176 1287 mihi
3227 1234 3544 1304 imputetur.

1965 1317 2101 1375 Peto
2125 1320 2315 1385 etiam,
2364 1319 2492 1376 licet
2539 1335 2658 1376 mea
2713 1323 2903 1378 merita
2963 1338 3306 1394 nequaquam
3354 1325 3548 1380 vestris

1967 1411 2423 1481 possintaequari,
2465 1421 2526 1466 ut
2576 1423 2757 1468 vestra
2790 1414 3069 1470 beatitudo
3127 1429 3212 1470 me
3250 1416 3546 1471 secundum

1968 1500 2212 1554 eamdem
2238 1500 2557 1558 cbaritatem
2591 1501 2656 1534 ¹⁶⁷
2686 1517 2906 1558 suorum
2939 1505 3257 1560 meritorum
3299 1520 3548 1560 commu-

1970 1589 2117 1644 nioni
2152 1588 2494 1659 aliquatenus
2523 1591 2774 1662 dignetur
2821 1593 3127 1652 admittere.
3161 1593 3423 1661 Quamvis
3449 1611 3548 1649 au-

1972 1689 2078 1732 tem
2112 1692 2265 1732 mens
2288 1689 2466 1734 vestra
2492 1679 2680 1734 divino
2706 1679 2912 1750 Spiritu
2941 1682 3210 1738 ferventer
3237 1683 3418 1738 amata
3440 1699 3546 1738 non

1901 1759 1944 1814 Β
1973 1769 2210 1839 indigeat
2239 1770 2606 1826 admonitione
2641 1771 2739 1836 ¹⁸⁸;
2779 1771 3032 1829 deberem
3084 1781 3264 1830 tamen
3298 1789 3422 1844 ego.
3450 1789 3551 1843 pro

1971 1859 2152 1914 debito
2208 1876 2341 1917 meae
2389 1860 2764 1931 professionis,
2825 1861 3060 1933 aliquam
3115 1864 3549 1920 exhortationem

1973 1949 2218 2006 scribere
2265 1962 2462 2006 vestra:
2503 1952 2800 2017 sanctitati,
2851 1954 2954 2008 nisi
3010 1955 3252 2024 epistolas
3303 1957 3553 2012 timerem

1969 2041 2354 2114 prolixitatem.
2377 2041 2532 2109 Quod
2555 2043 2794 2100 debitum
2829 2043 2994 2100 donet
3047 2045 3188 2101 Deus
3225 2055 3282 2101 ut
3306 2047 3550 2118 aliquan-

1970 2133 2061 2200 do,
2083 2133 2167 2190 vel
2188 2134 2566 2204 colloquendo,
2588 2135 2672 2190 vel
2695 2135 2981 2192 scribendo
3009 2138 3337 2206 persolvam.
3362 2138 3553 2196 Omni-

1971 2231 2162 2293 potens
2189 2224 2450 2280 Dominus
2480 2211 2562 2281 sic
2589 2240 2686 2280 vos
2711 2226 2763 2280 in
2793 2226 3075 2297 temporali
3114 2229 3227 2282 vita
3257 2228 3328 2284 ab
3375 2230 3553 2284 omni.

1970 2313 2072 2369 bus
2102 2315 2257 2370 malis
2281 2314 2572 2381 custodiat,
2596 2323 2654 2368 ut
2684 2330 2778 2370 vos
2805 2325 2927 2385 post
2955 2316 3096 2372 hanc
3126 2317 3290 2372 vitam
3314 2318 3370 2371 in
3393 2329 3551 2374 aeter-

1971 2401 2058 2458 nis
2092 2404 2250 2459 bonis
2297 2404 2615 2470 constituat,
2662 2405 2878 2459 domina
2937 2405 3166 2460 multum
3218 2407 3273 2461 in
3333 2407 3554 2462 Christo

1972 2495 2204 2550 amanda
2233 2503 2288 2550 et
2330 2494 2656 2550 veneranda.
2689 2494 2806 2565 Ipse
2833 2495 2913 2550 sic
2961 2495 3192 2551 invicem
3224 2511 3310 2550 me
3362 2497 3554 2562 vestri,

1970 2594 2028 2639 et
2066 2598 2166 2640 vos
2215 2584 2320 2639 mei
2359 2598 2626 2640 memores
2683 2585 2737 2639 in
2792 2599 2890 2640 suo
2935 2600 3122 2642 amore
3177 2584 3364 2653 faciat,
3395 2595 3454 2640 nt
3499 2596 3555 2640 et

1971 2674 2047 2728 illi
2088 2673 2320 2745 placeat,
2360 2686 2416 2731 et
2484 2675 2639 2732 nobis
2705 2676 2775 2730 ad
2829 2675 2994 2730 vitam
3047 2675 3220 2746 prosit
3272 2685 3552 2732 aeternam.

1969 2767 2166 2823 Amen.

2289 2857 2454 2930 326
2481 2858 2808 2916 EPISTOLA
2840 2858 3104 2915 xxxvut
3136 2861 3225 2914 ιω,

2546 2988 2612 3027 AD
2639 2986 3003 3028 ῦυιιιεωιυκ.
3043 2993 3052 3004 ’

287 3039 608 3106 monachus,
629 3055 818 3096 servus
851 3055 1130 3098 servorum
1159 3051 1213 3096 et
1245 3043 1558 3098 ancillarum
1589 3045 1713 3112 Dei;
1746 3046 1868 3100 vitte

1973 3060 2048 3118 De
2084 3062 2269 3117 litteris
2299 3059 2564 3126 GuiUelmi
2616 3063 2714 3117 sibi
2754 3062 2950 3116 additis
2997 3061 3210 3131 gaudet,
3259 3077 3478 3127 eumque
3524 3079 3554 3114 a

288 3131 566 3202 praesentis
594 3141 1008 3200 perseveranter
1059 3143 1392 3189 crescentem
1423 3138 1792 3205 sanctitatem,
1816 3146 1870 3194 et
1896 3127 1942 3190 C

291 3220 416 3276 vitae
443 3221 635 3281 futurae
663 3230 924 3278 aeternam
955 3220 1296 3279 felicitatem.

360 3309 654 3380 Postquam
670 3314 892 3368 odorem
915 3321 1110 3369 vestra:
1148 3315 1303 3370 home
1333 3315 1509 3382 famae,
1547 3331 1667 3387 qua:
1715 3316 1872 3388 longe

289 3401 506 3470 lateque
551 3401 791 3457 suaviter
844 3404 1093 3458 redolens
1159 3405 1530 3472 circumvolat,
1593 3408 1868 3476 persensi;

287 3507 500 3563 semper
519 3492 816 3583 desideravi
841 3494 907 3548 ad
927 3502 1161 3548 vestram
1176 3497 1422 3549 notitiam
1440 3497 1616 3566 aliqua
1634 3513 1871 3556 commo-

287 3583 356 3637 da
384 3585 668 3638 occasione
716 3584 1017 3654 pervenire,
1080 3593 1141 3639 ut
1194 3599 1291 3654 per
1342 3587 1590 3642 notitiam
1631 3605 1872 3646 mererer

287 3671 628 3742 aliquatenus
640 3673 707 3728 ad
731 3673 1023 3728 amicitiam
1039 3673 1366 3744 pertingere,
1382 3685 1440 3730 ut
1454 3677 1544 3746 qui
1570 3677 1724 3733 bonis
1738 3679 1873 3734 meis

288 3763 500 3818 meritis
531 3778 618 3819 me
656 3763 812 3819 video
841 3763 994 3818 valde
1023 3764 1280 3834 indigere,
1323 3767 1519 3820 vestris
1545 3781 1631 3820 me
1657 3782 1870 3836 possem

287 3851 682 3922 aliquantulum
709 3867 806 3922 per
827 3851 1110 3906 cbaritatis
1145 3855 1579 3908 communionem
1610 3855 1862 3910 miscere.

2428 3132 2608 3186 steculi
2639 3132 2864 3186 uanitate
2889 3133 3093 3185 avertit.

2046 3219 2255 3274 Domno
2280 3217 2600 3284 reverentlo,
2627 3217 2822 3273 alfcctu
2849 3226 2962 3274 toto
2991 3219 3261 3288 diligendo
3281 3227 3336 3272 ct
3360 3218 3556 3272 dilecto

1973 3308 2311 3376 GUILLeuto,
2347 3310 2515 3364 frater
2541 3310 2828 3364 Asssuws
2857 3323 2987 3363 suus
3014 3308 3101 3374 ”°,
3137 3322 3236 3376 pro
3270 3322 3455 3360 amore
3481 3305 3556 3360 fe-

1974 3398 2192 3454 licitatis
2223 3399 2682 3470 persevcrantiam
2707 3398 2758 3452 in
2792 3396 3094 3467 proﬁcienti
3123 3395 3434 3459 sanctitate,
3461 3412 3556 3465 pro

1972 3488 2195 3560 prtemio
2223 3487 2529 3544 sanctitatis
2557 3487 2915 3544 arternitatem
2947 3487 3002 3541 in
3057 3486 3343 3542 sullicienti
3381 3485 3552 3540 felict-

1975 3587 2104 3635 tate.

2042 3669 2262 3724 Litterae
2288 3669 2461 3725 dulcis
2488 3669 2620 3724 mihi
2660 3677 2854 3724 vestrae
2893 3668 3240 3739 dignationis,
3278 3684 3412 3740 quas
3437 3685 3552 3726 sus'

1974 3761 2114 3831 cepi,
2141 3776 2236 3815 cor
2275 3777 2454 3815 meum
2483 3762 2667 3816 dilecti
2692 3764 2854 3816 vestri
2905 3765 3140 3819 nominis
3194 3766 3349 3820 titulo
3389 3766 3555 3820 lautiti-

1973 3862 2256 3918 caverunt;
2285 3853 2532 3907 sublimis
2552 3853 2872 3908 humilitatis
2893 3856 3056 3911 odore
3082 3856 3409 3922 refecerunt,
3434 3875 3555 3929 pro-

289 3941 394 3998 Sed
423 3942 626 4012 gratias
646 3957 746 4014 ago
772 3941 882 3996 Deo
904 3941 1051 4012 quia,
1105 3942 1232 3996 dum
1263 3943 1401 3999 hanc
1426 3943 1755 4001 voluntatem
1781 3960 1878 4017 ge-
1974 3940 2152 3996 fundae
2177 3941 2456 3996 cbaritatis
2483 3955 2676 4010 sapore
2702 3941 3056 4009 satiaverunt,
3088 3945 3188 4014 piae
3212 3950 3554 4015 conquestio-

287 4045 488 4096 rerem,
518 4039 574 4086 et
595 4030 887 4086 voluntatis
910 4029 1159 4086 ell'ectum
1213 4030 1280 4062 ³⁸⁸
1310 4032 1536 4100 cupidus
1583 4044 1870 4103 exspecta-

289 4137 430 4188 rem,
463 4123 771 4177 intimatum
793 4132 877 4178 est
901 4124 1030 4179 mihi
1060 4139 1157 4194 per
1191 4139 1536 4181 communem
1569 4127 1620 4180 in
1649 4127 1872 4184 Christo

288 4216 512 4270 fratrem
543 4223 597 4270 et
624 4215 856 4269 amicttm
881 4225 1124 4271 nostrum
1175 4217 1430 4272 domnum
1467 4216 1744 4288 l‘lugoncm
1805 4220 1872 4252 ¹⁶⁶

289 4303 553 4358 inclusum
585 4304 1005 4371 Cadomenscm,
1053 4306 1180 4376 quia
1216 4309 1479 4364 sanctitas
1526 4320 1706 4364 vestra
1763 4327 1869 4370 non

287 4395 533 4451 dissimili
557 4395 752 4452 alTectu
781 4398 1010 4453 similem
1035 4398 1100 4452 de
1119 4413 1178 4453 se
1194 4401 1335 4470 apud
1357 4415 1443 4454 me
1465 4403 1870 4470 praestolaretur

287 4495 559 4542 eventum.
599 4487 936 4560 Quapropter
956 4490 1213 4560 quoniam
1249 4493 1522 4561 comperio
1568 4501 1622 4548 et
1651 4509 1867 4564 compc-

288 4577 436 4633 riens
461 4580 667 4651 gaudeo
696 4580 970 4636 Christum
997 4582 1264 4637 desideria
1313 4595 1516 4650 vestra,
1561 4599 1680 4652 quae
1720 4585 1869 4640 novit

288 4680 356 4719 ex
382 4681 480 4721 sua
505 4669 661 4724 nasci
698 4669 1006 4736 dilectione,
1067 4672 1223 4727 nobis
1275 4673 1645 4740 ignorantibus
1700 4690 1867 4729 exaue

289 4753 476 4821 diisse,
504 4765 667 4826 atque
695 4773 794 4814 nos
813 4759 976 4814 etiam
1021 4761 1329 4815 nescientes
1379 4761 1597 4831 paribus
1628 4763 1767 4816 votis
1796 4763 1871 4826 si-

289 4842 512 4913 milique
539 4845 828 4901 dilectione
851 4848 1126 4917 junxisse;
1154 4849 1266 4918 jam
1304 4864 1412 4904 non
1444 4850 1641 4905 timens
1683 4859 1864 4904 notam

288 4938 742 5008 praesumptionis,
773 4940 928 4995 mitto
961 4941 1116 4994 vobis
1155 4940 1364 4995 litteras
1386 4955 1535 4997 meas
1569 4957 1665 5010 per
1693 4941 1867 4996 conli-

219 5091 222 5094 ,
287 5026 525 5083 dentiam
578 5038 777 5085 mutuae
843 5030 1168 5087 dilectionis.
1228 5031 1296 5086 Et
1344 5033 1584 5101 quidem,
1649 5033 1864 5089 domina

288 5116 630 5185 charissima,
653 5127 710 5175 et
735 5119 856 5176 ideo
887 5119 1102 5176 domina
1138 5129 1193 5176 et
1220 5121 1562 5190 charissima,
1585 5123 1710 5191 quia
1740 5122 1863 5176 vitae

1975 4032 2059 4086 nis
2107 4030 2300 4088 all'ectu
2350 4044 2808 4101 compunxerunt.
2860 4033 3100 4100 Quarum
3145 4036 3388 4105 petitioni
3427 4054 3548 4092 cum

1974 4137 2248 4194 nunquam
2270 4122 2432 4178 velim
2458 4123 2710 4189 deiicere,
2755 4125 2938 4194 utique
2987 4124 3160 4180 fateor
3214 4129 3552 4198 responsioni

1973 4229 2060 4269 me
2082 4229 2420 4285 nequaquam
2476 4230 2635 4287 posse
2675 4214 2941 4272 sullicerc.
2975 4217 3109 4273 Cum
3159 4219 3304 4274 enim
3353 4222 3406 4275 in
3437 4230 3550 4277 toto

1975 4319 2061 4359 me
2093 4304 2225 4361 etin
2253 4305 2502 4360 omnibus
2528 4321 2648 4376 quae
2701 4307 2753 4360 in
2811 4323 2896 4360 me
2947 4317 3094 4373 sunt,
3138 4311 3389 4366 conscius
3437 4313 3552 4383 ipse

1975 4397 2104 4451 mihi
2132 4396 2232 4451 sim
2259 4395 2391 4450 nihil
2411 4411 2530 4452 esse
2555 4397 2773 4466 dignum
2803 4405 2948 4452 tanta
2975 4399 3356 4468 postulatione,
3378 4411 3432 4456 et
3458 4418 3549 4457 ve-

1969 4497 2080 4544 stra
2110 4487 2397 4552 beneﬁcia,
2424 4495 2498 4554 ct,
2526 4487 2668 4556 quod
2696 4488 2850 4544 valde
2881 4489 3054 4560 majus
3077 4499 3133 4545 et
3158 4490 3286 4545 mihi
3323 4491 3543 4546 charius

1971 4585 2072 4641 est,
2103 4585 2281 4632 vestra
2311 4590 2441 4648 erga
2470 4591 2556 4631 me
2579 4575 2792 4632 dilectio
2823 4576 2941 4647 plus
2983 4587 3296 4633 mereantur
3347 4579 3414 4634 dc
3463 4596 3550 4635 me

1970 4683 2130 4738 quam
2157 4668 2446 4738 meipsum,
2469 4677 2616 4723 certe
2639 4666 2781 4722 nulla
2810 4667 3004 4723 sullicit
3030 4667 3246 4723 alicctui
3279 4685 3398 4724 meo
3435 4686 3552 4724 vcr-

1972 4758 2163 4814 borum
2194 4759 2432 4824 devotio,
2461 4774 2568 4828 qua
2599 4760 2775 4827 vobis,
2823 4761 2948 4831 quia
2992 4760 3111 4831 plus
3149 4777 3254 4816 non
3309 4777 3550 4831 possum,

1971 4847 2193 4904 offeram
2217 4850 2614 4921 memetipsutn.
2647 4849 2926 4917 Quatenus
2949 4862 3128 4907 vestra
3157 4852 3418 4907 sanctitas
3449 4868 3550 4907 nec

1967 4939 2146 5011 iugem
2179 4941 2492 4996 memoriam
2523 4942 2626 5007 sui,
2652 4945 2704 4995 in
2730 4957 2818 4997 me
2847 4943 3058 4997 velutin
3076 4959 3174 4999 suo
3204 4944 3412 4999 dubitet
3441 4962 3547 4999 non

1972 5045 2119 5094 esse;
2159 5039 2214 5084 et
2242 5030 2289 5085 si
2318 5031 2446 5101 quid
2474 5031 2727 5086 divinitus
2754 5031 2825 5086 sit
2852 5031 2912 5085 in—
2946 5047 3051 5098 mc,
3087 5043 3236 5087 certa
3286 5035 3361 5087 sit
3404 5035 3552 5089 velut
3582 5050 3586 5095 ;

1971 5121 2116 5191 quod
2144 5121 2226 5177 sui
2252 5131 2358 5187 est,
2386 5137 2541 5177 suum
2570 5136 2708 5178 esse.
2737 5121 3002 5188 Quoniam
3029 5123 3192 5191 igitur
3234 5140 3338 5178 non
3371 5125 3546 5178 solum

1588 5275 1820 5332 VARle
1861 5275 2264 5334 LECTIONES.

362 5425 433 5458 ⁸⁸⁸
459 5425 593 5482 Cum
632 5431 818 5486 iisdem
845 5445 966 5486 nm.
999 5432 1190 5488 collata
1236 5444 1283 5487 et
1311 5435 1428 5488 cod.
1454 5435 1652 5492 Louan.
1724 5435 1794 5469 ¹⁶⁸
1818 5435 2121 5490 Voluntatis
2179 5435 2428 5491 ali‘ectum
2477 5453 2602 5490 mss.
2654 5434 2942 5489 voluntatis
2974 5433 3222 5490 eﬁ‘ectmn
3270 5434 3386 5490 cod.
3415 5433 3540 5489 Lou.

292 5495 360 5576 ’ξ’
387 5495 671 5576 Dominum
729 5501 1467 5576 litigonem_m_ss._Domuum
1521 5505 1798 5576 Hugnnem
1869 5507 1935 5540 ³⁸⁷
2011 5505 2067 5558 In
2128 5505 2354 5559 eandem
2411 5507 2734 5576 cbaritatem
2793 5522 2918 5576 mss.
2980 5506 3272 5576 secumlum
3320 5504 3548 5561 eandem

287 5562 614 5620 cbaritatem
647 5585 745 5622 ms.

841 5572 1022 5644 ora}?
1075 5572 1313 5642 lndigeat
1352 5572 1759 5630 admonitione:
1797 5576 2049 5630 deberem
2085 5579 2210 5629 mss.
2235 5578 2404 5628 omitt.
2435 5575 2798 5631 admonitione
2872 5575 2938 5609 ’θ’
2975 5574 3107 5630 Cum
3147 5591 3248 5630 uno
3297 5591 3366 5630 ex
3409 5590 3547 5644 prte-

293 5635 416 5706 {atis
441 5653 568 5691 mss.
603 5639 797 5693 collata
874 5642 939 5672 "°
972 5641 1160 5697 Frater
1190 5635 1318 5700 suus
1361 5645 1645 5716 Ansehnus
1681 5662 1804 5702 mss.
1853 5645 2022 5701 frater
2050 5644 2334 5702 Anselmus
2361 5660 2488 5700 suus
