3898 6052
273 309 409 364 IIIS

745 410 1080 469 EPISTOLA
1113 410 1252 468 χιιι
1278 372 1367 465 ιὶι.

887 519 956 559 ΔΙ)
994 518 1286 559 ιιεΝιιιευιι.

269 598 418 653 Dolet
440 596 580 667 quod
604 596 691 651 vi:
711 595 1169 718 scribendiheizqu‘e
1193 594 1395 666 legendi
1414 602 1465 650 et
1486 595 1673 649 orandi
1688 594 1852 648 otium

997 685 1026 718 ιι
1066 682 1127 718 ea
1158 704 1172 718 .

997 682 1172 719 uocat.

339 755 570 820 Domno,
610 754 817 819 amico,
855 753 1007 808 fratri
1034 754 1358 809 cbarissimo
1382 754 1647 818 HENRICO,
1684 753 1855 807 frater

267 845 554 900 ANSELIUS
573 884 589 909 ,
629 844 753 897 vitae
784 844 1067 914 praesentis
1095 859 1413 915 prosperam
1441 844 1852 900 diuturnitatem

267 946 323 991 et
351 935 550 991 futura:
581 935 791 990 felicem
831 936 900 967 ’⁸³
920 936 1306 991 aeternitatem.

337 1028 659 1097 Quanquam
708 1042 836 1081 vera
891 1027 1110 1081 dilectio
1152 1026 1320 1082 semel
1363 1041 1592 1081 accensa
1638 1039 1852 1095 semper

266 1119 486 1189 flagret,
525 1119 643 1174 sine
680 1118 1051 1173 ventilationis
1085 1118 1377 1184 instantia;
1408 1132 1515 1171 non
1546 1128 1726 1171 tamen
1759 1131 1851 1186 pa-

268 1227 386 1265 rum
410 1209 768 1279 iucunditatis
800 1208 869 1263 ab
910 1209 1101 1264 amicis
1130 1225 1198 1265 ex
1226 1224 1291 1264 ea
1322 1208 1639 1279 percipitur,
1677 1208 1793 1262 sive
1819 1223 1849 1261 a

265 1299 621 1369 praesentibus
663 1313 727 1353 ex
768 1306 968 1353 mutuae
1008 1298 1444 1354 conversationis
1486 1298 1601 1353 sive
1639 1297 1706 1351 ab
1749 1297 1849 1352 ab-

264 1390 509 1445 sentibus
534 1403 602 1444 ex
626 1389 858 1457 alicujus
880 1388 1320 1444 commonitionis
1350 1387 1677 1458 frequentia.
1706 1387 1851 1454 Quo-

263 1473 410 1533 niam
466 1478 651 1549 igitur,
706 1494 939 1548 superna
982 1479 1063 1533 sic
1109 1480 1432 1549 disponente
1478 1477 1847 1547 providentia,

265 1569 468 1623 mutuis
494 1568 802 1639 aspectibus
827 1568 1059 1622 invicem
1090 1581 1194 1621 non
1221 1581 1507 1637 possumus
1527 1565 1845 1634 iucundari;

263 1659 348 1714 vel
372 1657 595 1715 alternis
621 1658 800 1713 missis
826 1658 1273 1721 salutationibus,
1302 1665 1357 1713 et
1383 1658 1426 1712 si
1448 1670 1557 1717 non
1584 1666 1847 1725 quantum

1494 300 1623 357 LIB.
1653 298 1696 367 I,
1732 299 1949 357 EPIST.
1979 295 2158 353 XLIII.

1876 395 1927 456 Α
1956 387 2191 442 muniter
2219 383 2492 450 desidero;
2539 384 2742 442 idcirco
2778 398 2873 441 vos
2904 385 3061 443 simul
3101 386 3260 444 unius
3290 388 3533 458 epistolae

3388 298 3529 353 11η

1954 476 2278 533 allocutione
2302 476 2589 546 conjungo.
2614 460 2693 529 ’δί
2732 474 2869 530 bene
2906 476 3153 531 meminit
3178 477 3393 533 dilectio
3434 494 3531 534 ve~

1952 580 2094 637 stra,
2138 571 2326 641 quales
2352 586 2449 625 vos
2492 585 2709 642 semper
2750 581 2929 641 optem
2972 572 3156 628 videre
3199 581 3529 642 praesentes,

1957 663 2288 720 sullicienter
2327 662 2479 716 novit
2508 662 2697 733 quales
2726 677 2819 717 vos
2856 663 3071 718 assidue
3099 663 3396 718 desiderem
3434 679 3532 718 au-

1952 754 2067 809 dire
2093 752 2365 807 absentes.
2392 750 2677 818 Quoniam.
2702 767 2961 822 namque,
3005 762 3064 807 ut
3087 761 3267 808 vestra
3294 754 3423 809 mihi
3452 762 3532 809 te-

1950 843 2051 899 stis
2084 850 2166 898 est
2203 842 2569 908 conscientia,
2604 843 2857 898 omnibus
2883 844 3035 899 vobis
3070 844 3255 900 fratris
3288 845 3530 902 dilectio-

1950 949 2106 999 nem,
2146 942 2201 989 et
2230 934 2449 1002 insuper
2474 933 2566 988 uni
2614 942 2851 989 vestrum
2888 934 3059 1003 patris
3084 934 3415 1007 diligentiam
3458 953 3524 993 ex

1949 1025 2113 1079 corde
2160 1040 2265 1078 non
2311 1023 2489 1078 dicam
2534 1023 2807 1093 impendi,
2856 1023 2949 1078 sed
2993 1024 3137 1078 volui
3182 1024 3526 1094 impendere;

1951 1113 2158 1168 nullum
2204 1108 2575 1183 inteijacentis
2619 1120 2779 1167 terrae
2822 1113 3096 1182 marisque
3124 1116 3358 1184 spatium
3396 1113 3529 1169 all‘e-

1948 1215 2094 1261 ctum
2117 1205 2277 1260 vestri
2302 1220 2332 1259 a
2360 1220 2448 1260 me
2474 1204 2639 1259 valuit
2663 1205 3004 1274 abrumpere.
3027 1204 3178 1261 Licet
3198 1206 3359 1277 igitur
3376 1221 3533 1262 reve-

1948 1298 2100 1351 rendi
2125 1296 2325 1351 domini
2346 1306 2399 1350 et
2415 1296 2586 1365 patris
2608 1296 2676 1327 ¹⁸⁸
2693 1296 2862 1351 nostri
2883 1297 3272 1368 archiepiscopi
3291 1312 3532 1368 prreseus

1947 1386 2098 1441 vobis
2154 1386 2437 1441 consilium
2477 1395 2533 1441 et
2584 1386 2907 1452 admonitio,
2952 1388 3396 1460 singulorumque
3436 1402 3533 1443 ve-

1947 1486 2118 1532 strum
2145 1478 2419 1543 continua,
2444 1478 2574 1546 quid
2605 1493 2735 1533 suus
2760 1478 2975 1534 habitus
3012 1480 3344 1547 profiteatur,
3370 1478 3538 1535 medi-

1948 1568 2108 1634 tatio,
2147 1574 2344 1622 mutuae
2369 1582 2583 1638 quoque
2610 1569 2663 1623 in
2699 1579 2889 1626 sancto
2918 1570 3131 1625 fervore
3159 1571 3535 1627 collocutionis

1949 1644 2204 1733 frequens
2250 1661 2498 1716 accensio
2541 1660 2840 1726 sufficiant,
2891 1662 3087 1731 quibus
3128 1671 3309 1717 vestra
3350 1663 3525 1718 studia

262 1749 540 1816 volumus,
588 1749 780 1805 saltem
823 1758 1089 1820 quantum
1133 1763 1453 1818 possumus,
1501 1748 1571 1802 ab
1617 1748 1845 1803 invicem
1879 1746 1923 1805 Β
1952 1753 2088 1809 bene
2116 1753 2325 1821 incepta
2357 1750 2599 1819 quotidie
2633 1750 2699 1805 ad
2745 1750 2967 1807 meliora
3000 1751 3330 1821 proficiunt:
3365 1752 3532 1823 exigit

261 1842 522 1897 debemus
567 1840 857 1897 laetificari.
908 1841 1253 1911 QuaprOpter
1297 1840 1343 1895 si
1382 1840 1513 1895 mihi
1557 1849 1673 1893 tam.
1705 1853 1847 1908 saepe

261 1930 485 1999 liceret,
513 1947 677 2002 quam
707 1946 851 2001 saepe
874 1930 1065 1986 vellem
1086 1972 1102 1997 ,
1149 1930 1335 2001 utique
1364 1931 1664 2001 saepissime
1688 1932 1847 1985 sche-

261 2021 445 2077 dulam
480 2029 535 2077 et
558 2031 802 2076 nostram
833 2021 986 2077 vobis
1014 2021 1302 2091 dirigerem
1323 2060 1340 2087 ,
1372 2028 1426 2074 et
1452 2020 1581 2075 mihi
1610 2032 1848 2075 vestrum

260 2116 559 2187 exigerem.
592 2115 724 2171 Mihi
756 2114 985 2186 quippe,
1017 2114 1152 2170 meis
1180 2115 1232 2169 id
1258 2114 1499 2183 peccatis
1532 2113 1849 2183 agentibus,

261 2206 344 2263 sic
373 2221 478 2261 non
508 2206 681 2262 solum
709 2206 977 2271 dictandi,
1017 2206 1113 2261 sed
1139 2214 1194 2260 et
1220 2204 1430 2276 legendi
1469 2212 1525 2258 et
1551 2203 1848 2259 meditandi

260 2297 379 2354 sive
400 2296 589 2352 orandi
620 2297 1076 2367 opportunitatem
1112 2294 1268 2350 video
1305 2302 1598 2357 remotam,
1638 2301 1697 2346 ut
1723 2307 1843 2347 cre-

262 2392 389 2447 dam
416 2406 448 2445 a
477 2405 562 2445 me
597 2390 691 2446 Dei
725 2388 1153 2445 misericordiam
1182 2396 1442 2443 amotam.
1490 2384 1676 2450 Unde,
1724 2384 1852 2440 licet

262 2500 372 2540 non
394 2491 660 2553 quantum
684 2483 751 2537 ad
771 2481 1018 2536 eamdem
1038 2479 1396 2535 revocandam
1419 2476 1850 2533 misericordiam

263 2574 503 2631 divinam
548 2572 820 2637 sufﬁciat,
876 2570 1338 2626 inconsolabiliter
1388 2577 1611 2633 tamen,
1663 2565 1850 2632 doleo;

263 2664 391 2733 quia
419 2678 539 2717 cum
571 2670 776 2717 tantum
804 2661 875 2716 sit
898 2662 1099 2716 misero
1124 2658 1258 2714 mihi
1283 2659 1478 2728 quietis
1502 2657 1854 2728 impedimen-

269 2762 417 2819 tum,
454 2736 663 2807 nullum
718 2768 805 2807 me
846 2751 1163 2808 consolatur
1215 2749 1608 2819 inquietudinis
1648 2747 1852 2803 emolu-

267 2852 532 2899 mentum.
564 2842 680 2911 Qua
721 2843 773 2897 in
805 2857 863 2897 re
889 2858 1013 2898 cum
1044 2858 1149 2896 non
1172 2840 1319 2910 juste
1351 2841 1481 2896 mihi
1506 2840 1694 2896 videar
1719 2839 1852 2895 viles

266 2944 323 2991 et
349 2933 595 2998 steriles,
640 2947 776 3003 quas
804 2941 983 2986 tamen
1015 2932 1283 3003 negligere
1322 2946 1429 2986 non
1461 2931 1721 2995 audeam,
1760 2944 1855 2986 oc-

266 3026 582 3097 cupationes
611 3038 901 3089 accusare;
952 3038 1292 3093 nequaquam
1340 3031 1521 3077 tamen
1559 3037 1672 3075 rem
1714 3021 1853 3077 inte-

1948 1852 2126 1898 tamen
2158 1840 2470 1895 indeliciens
2512 1839 2729 1895 dilectio
2770 1850 2830 1895 ut
2858 1841 3264 1898 exhortationes
3302 1851 3529 1906 nostra}.

1946 1933 2348 2004 qualescunque
2402 1930 2545 1996 sint,
2593 1930 2746 1986 vobis
2792 1931 3039 2000 quamvis
3111 1932 3429 1989 absentibus
3474 1939 3533 1988 et

1948 2039 2054 2081 non
2088 2019 2452 2094 indigentibus
2487 2037 2593 2076 non
2624 2021 2902 2077 deficiant.

2019 2116 2212 2172 Moneo
2238 2117 2491 2186 itaqueet
2515 2129 2727 2185 precor,
2751 2113 3076 2178 charissimi,
3104 2124 3373 2184 quatenus
3393 2113 3527 2169 nihil

1948 2210 2053 2275 sit,
2085 2208 2227 2278 quod
2259 2216 2495 2263 mentem
2524 2214 2762 2263 vestram
2807 2221 2837 2260 a
2867 2206 2947 2261 sui
2985 2214 3203 2261 revocet
3249 2204 3527 2271 custodia;

1950 2301 2181 2358 sollicite
2208 2301 2465 2356 discutiat
2496 2298 2624 2369 quid
2651 2297 2895 2367 quotidie
2918 2296 3536 2367 acquiratproliciendo,

1950 2407 2019 2446 ne
2047 2391 2208 2461 quid,
2242 2390 2386 2461 quod
2428 2389 2599 2444 absit!
2634 2388 2823 2458 perdat
2848 2386 3165 2442 deficiendo.
3200 2386 3355 2441 Sicut
3380 2386 3528 2442 enim

1951 2480 2008 2535 in
2036 2479 2329 2535 virtutibus
2354 2478 2627 2534 dillicilius
2651 2486 2738 2533 est
2784 2476 2985 2547 aliquid
3022 2492 3129 2530 non
3169 2476 3414 2531 habitum
3442 2490 3538 2533 eo-

1952 2571 2131 2629 nando
2160 2571 2409 2640 assequi,
2437 2585 2595 2639 quam
2629 2568 2833 2624 desidia
2857 2583 3077 2634 carere;
3111 2569 3183 2623 ita
3211 2569 3433 2637 gravius
3454 2579 3538 2624 est

1954 2672 2275 2733 recuperare
2311 2660 2452 2731 quod
2493 2674 2589 2730 per
2618 2658 3002 2729 negligentiam
3041 2659 3330 2721 amittitur,
3372 2673 3539 2729 quam

1954 2755 2178 2825 adipisci
2218 2753 2361 2824 quod
2410 2751 2648 2807 nondum
2701 2752 2822 2821 quis
2872 2751 3127 2806 habuisse
3174 2750 3544 2821 cognoscitur.

1956 2843 2183 2915 Semper
2233 2843 2425 2914 igitur,
2478 2841 2854 2905 dilectissimi,
2910 2843 3183 2910 praeterita
3240 2841 3394 2910 quasi
3446 2856 3545 2910 pro

1955 2936 2127 2991 nihilo
2165 2934 2247 2990 sic
2288 2934 2586 3004 deputetis,
2620 2941 2679 2988 ut
2715 2942 2771 2988 et
2799 2933 2919 2998 illa,
2952 2934 3018 2987 ad
3047 2947 3168 3003 quae
3206 2931 3543 3002 profecistis,

1958 3035 2146 3082 tenere
2187 3041 2293 3081 non
2332 3024 2695 3080 contemnatis
2722 3025 2825 3089 u";
2871 3032 2925 3078 et
2959 3023 3046 3077 his
3088 3022 3291 3092 aliquid
3342 3021 3543 3077 addere

267 3096 382 3173 rius
427 3116 762 3180 discutiens,
813 3128 987 3169 meam
1032 3113 1187 3168 valeo
1239 3111 1509 3183 ignaviam
1561 3124 1847 3165 excusare.
1879 3096 2085 3172 Cucet
2112 3131 2209 3186 per
2238 3115 2609 3171 infirmitatem
2653 3113 2967 3183 nequeatis,
3007 3122 3188 3168 tamen
3217 3127 3312 3182 per
3341 3112 3545 3180 impor-

267 3210 416 3265 Adeo
444 3223 676 3278 namque
697 3206 821 3262 vilis
850 3220 1004 3261 mens
1030 3219 1149 3259 mea
1178 3203 1333 3273 quasi
1363 3201 1597 3272 quadam
1621 3200 1850 3256 naturali

266 3310 511 3358 aretatur
538 3300 819 3370 angustia,
849 3299 1111 3367 bonaeque
1169 3295 1466 3351 voluntatis
1500 3294 1716 3365 languet
1754 3294 1855 3347 im-

267 3391 591 3457 becillitate,
623 3398 682 3444 ut
703 3388 793 3442 uni
824 3387 1123 3457 quamlibet
1149 3401 1331 3456 parvae
1357 3398 1501 3439 curae
1522 3383 1736 3453 caeteris
1761 3398 1855 3437 ex-

267 3483 437 3541 clusis
467 3490 582 3537 tota
620 3496 729 3535 non
762 3478 1025 3543 sufﬁciat,
1066 3485 1124 3532 et
1154 3474 1439 3544 cujuslibet
1462 3476 1645 3529 oneris
1684 3481 1855 3528 tenta-

269 3572 540 3641 tionisque
590 3567 1064 3641 gravedinegﬁicta
1100 3562 1452 3619 succumbat.
1490 3565 1850 3632 Quapropter,

271 3664 343 3719 mi
375 3661 697 3718 charissime
728 3659 894 3712 frater
928 3668 983 3711 et
1006 3654 1253 3719 domine,
1294 3653 1551 3723 quoniam
1578 3667 1647 3706 ex
1676 3650 1857 3707 chari-

272 3762 385 3807 tate
411 3760 467 3806 et
495 3764 614 3804 mea
648 3747 872 3809 merita,
912 3744 958 3799 si
988 3758 1093 3815 qua
1122 3752 1337 3804 essent,
1381 3750 1561 3796 vestra
1587 3755 1709 3795 esse
1746 3738 1859 3793 vel-

272 3845 407 3907 lem;
435 3848 489 3897 et
511 3855 633 3909 qua:
669 3845 848 3892 vestra
871 3842 1030 3899 sunt,
1070 3848 1189 3887 mea
1217 3846 1336 3887 esse
1367 3830 1580 3886 confido
1608 3844 1622 3882 :
1649 3830 1715 3884 de
1739 3842 1858 3883 mea

272 3935 566 4003 desperans
597 3926 813 3999 ignavia
854 3934 1091 3979 vestram
1124 3936 1317 3993 precor
1349 3929 1407 3975 et
1432 3920 1693 3975 exhortor
1722 3926 1861 3973 stre-

274 4026 536 4082 nuitatem
568 4030 628 4076 ut
670 4019 763 4090 qui
813 4032 901 4073 me
935 4032 1001 4071 ex
1051 4029 1174 4069 meo
1204 4013 1383 4069 minus
1426 4010 1729 4082 proficienti
1765 4009 1858 4063 de-

276 4114 420 4169 fectu
468 4110 644 4167 sentio
685 4105 1000 4177 reprobari,
1041 4118 1139 4175 per
1182 4110 1421 4157 vestrum
1460 4098 1858 4154 iudelicientem

276 4202 575 4275 profectum
608 4211 821 4255 merear
859 4194 1123 4250 revocari.
1164 4192 1377 4256 Valeat,
1421 4198 1477 4245 et
1503 4188 1682 4243 valeat
1718 4199 1860 4241 nunc

276 4303 333 4349 et
360 4293 414 4346 in
440 4299 701 4346 aeternum
732 4286 929 4341 dilecta
953 4283 1085 4338 mihi
1113 4292 1291 4337 vestra
1318 4278 1653 4334 fraternitas.
1742 4341 1750 4349 α

738 4392 1069 4449 EPISTOLA
1109 4389 1269 4446 XLIII
1308 4388 1396 4442 ίθδ.

438 4507 506 4545 ΑΙ)
543 4503 882 4553 πεκιυικυιι,
922 4500 1234 4541 αοκυυιιτυκ
1271 4498 1341 4537 ΕΤ
1382 4496 1702 4536 IAI'RITIUI.

282 4583 566 4639 Beccenses
606 4579 922 4640 monachos,
974 4576 1025 4629 in
1054 4573 1426 4627 Cantuariemi
1471 4569 1706 4624 Ecclesia
1749 4580 1859 4623 tum

336 4654 593 4720 degentes,
625 4650 938 4701 adhortatur
967 4655 1021 4698 ut
1045 4643 1263 4697 meliora
1288 4658 1487 4711 semper
1510 4640 1813 4710 proﬁciant.

355 4741 611 4803 Domnis,
646 4748 701 4792 et
728 4737 1018 4798 fratribus,
1049 4742 1103 4788 et
1134 4733 1327 4787 amicis
1354 4731 1691 4785 charissimis
1721 4730 1866 4784 Ilert-

284 4846 476 4895 wtxo,
506 4828 824 4892 Gonnusro,
874 4825 1178 4889 MAURI'I‘IO,
1222 4824 1390 4876 frater
1428 4821 1743 4885 Anssuws,
1780 4835 1892 4873 as-.

285 4920 572 4979 cendendo
599 4920 665 4974 de
691 4918 893 4972 virtute
918 4916 970 4970 in
1001 4918 1287 4979 virtutem,
1312 4913 1598 4984 pervenire
1634 4914 1701 4967 ad
1720 4910 1875 4968 Chri-

301 5024 446 5070 stum
475 5025 743 5066 summam
775 5007 867 5064 Dei
892 5008 1168 5062 virtutem.

357 5104 621 5172 Quoniam
664 5111 721 5155 et
749 5115 915 5153 unum
949 5106 1066 5162 est,
1116 5096 1257 5166 quod
1292 5110 1387 5149 vos
1433 5094 1549 5165 pari
1591 5093 1870 5149 intenditis

288 5196 586 5266 proposito,
613 5208 711 5248 nec
743 5199 827 5246 est
850 5189 1121 5245 diversum
1148 5187 1290 5259 quod
1310 5201 1411 5258 ego
1431 5186 1498 5241 de
1532 5185 1684 5241 vobis
1709 5198 1864 5240 com-

1955 3206 2242 3260 tunitatem
2270 3217 2485 3273 semper
2507 3201 2865 3257 contendatis.
2897 3200 3162 3266 Quoniam
3188 3213 3423 3268 namque
3448 3198 3537 3254 in-

1955 3306 2039 3353 ter
2067 3294 2265 3352 multos
2292 3302 2513 3349 vocatos
2538 3292 2695 3363 pauci
2725 3300 2851 3347 sunt
2876 3291 3027 3345 electi
3051 3289 3292 3361 (Mallh.,
3310 3306 3402 3354 ιι,
3429 3288 3545 3360 16).

1953 3386 2087 3443 certi
2130 3398 2317 3440 sumus
2363 3397 2584 3447 omnes,
2636 3380 2880 3437 Veritate
2914 3380 3130 3435 dicente
3171 3396 3185 3433 :
3239 3379 3334 3433 sed
3375 3394 3538 3448 quam

1954 3477 2111 3547 pauci
2141 3476 2283 3541 sint,
2335 3474 2530 3530 incerti
2559 3487 2747 3528 sumus
2776 3472 2993 3537 cuncti,
3041 3469 3282 3526 Veritate
3311 3478 3545 3526 tacente.

1954 3567 2293 3637 Quapropter
2317 3565 2626 3635 quicunque
2661 3562 2900 3618 nondum
2948 3561 3084 3615 vivit
3129 3569 3189 3615 ut
3225 3561 3416 3630 pauci,
3454 3569 3549 3615 aut

1961 3657 2133 3710 vitam
2163 3670 2317 3708 suam
2352 3654 2622 3721 corrigat,
2670 3660 2764 3706 aut
2802 3652 2946 3706 inter
2980 3665 3185 3720 paucos
3212 3665 3271 3705 se
3300 3649 3545 3720 colligat;

1958 3753 2053 3798 aut
2080 3759 2202 3797 cum
2229 3742 2554 3796 certitudine
2582 3739 3017 3810 reprobationem
3054 3741 3274 3806 timeat;
3302 3743 3393 3812 qui
3417 3757 3545 3798 vero

1956 3833 2067 3904 jam
2092 3832 2193 3887 sibi
2224 3832 2435 3886 videtur
2457 3832 2523 3885 de
2550 3830 2765 3901 paucis,
2804 3846 2912 3886 non
2944 3831 3131 3885 statim
3160 3830 3227 3884 de
3252 3833 3547 3887 securitate

1959 3922 2241 3978 electionis
2278 3922 2533 3977 confidat.
2573 3921 2781 3991 Quippe
2808 3921 3064 3991 quoniam
3105 3936 3267 3978 nemo
3299 3931 3544 3977 nostrum

1960 4014 2063 4068 scit
2094 4014 2146 4066 in
2178 4023 2437 4083 quantam
2469 4012 2796 4081 paucitatem
2832 4010 3145 4081 redigantur
3187 4010 3387 4066 electi:
3420 4012 3544 4067 nul-

1960 4102 2044 4157 lus
2070 4101 2257 4170 utique
2283 4100 2348 4131 ⁸⁸⁷
2376 4101 2526 4155 novit
2569 4100 2614 4154 si
2656 4098 2770 4167 jam
2800 4099 2873 4154 sit
2902 4099 3046 4154 inter
3086 4114 3288 4169 paucos
3312 4100 3546 4166 electos,

1960 4190 2089 4245 licet
2108 4189 2219 4260 jam
2248 4204 2540 4259 paucorum
2569 4188 2639 4243 sit
2666 4187 2866 4242 similis
2905 4188 3049 4241 inter
3078 4187 3147 4220 ¹⁸⁸
3172 4188 3370 4244 multos
3389 4202 3549 4244 voca-

1963 4289 2066 4335 tos.
2116 4278 2302 4333 Nullus
2355 4278 2518 4347 igitur
2565 4287 2711 4333 retro
2762 4278 3101 4347 respiciendo
3143 4290 3335 4349 penset
3382 4296 3548 4351 quam

1963 4371 2162 4425 multos
2192 4370 2241 4424 in
2270 4369 2358 4425 via
2388 4370 2628 4425 caelestis
2656 4368 2846 4438 patria:
2870 4370 3174 4439 praecedat;
3214 4371 3309 4425 sed
3333 4370 3549 4427 indecli-

1883 4432 1938 4492 D
1968 4462 2216 4517 nahiliter
2255 4461 2309 4514 in
2339 4461 2612 4515 anteriora
2649 4462 2894 4517 intentus
2941 4462 3176 4517 sollicite
3206 4462 3549 4527 consideret,

1968 4555 2012 4608 si
2035 4554 2148 4623 jam
2180 4552 2389 4623 pariter
2420 4566 2543 4606 cum
2572 4551 2688 4617 his,
2720 4552 2787 4608 de
2822 4568 3054 4622 quorum
3097 4553 3360 4608 electione
3393 4567 3550 4608 nemo

1968 4641 2208 4705 dubitat,
2242 4640 2479 4695 incedat.
2506 4640 2698 4696 Videte
2725 4641 2912 4712 igitur,
2941 4642 3249 4698 charissimi
3270 4683 3286 4708 ,
3325 4656 3393 4698 ne
3419 4657 3553 4712 qua—

1972 4732 2105 4786 libet
2130 4732 2418 4786 occasione
2447 4732 2609 4787 timor
2641 4732 2768 4798 Dei,
2808 4748 2968 4802 quem
3023 4734 3369 4804 concepistis,
3409 4742 3553 4801 tepe-

1971 4832 2116 4887 scat;
2148 4822 2241 4877 sed
2262 4837 2479 4892 semper
2500 4824 2655 4893 quasi
2684 4825 3015 4881 indelicienti
3047 4826 3228 4880 studio
3258 4823 3553 4880 ventilatus

1978 4913 2032 4966 in
2063 4912 2178 4967 dies
2206 4913 2502 4979 fervescat,
2534 4913 2707 4970 donec
2747 4915 2899 4970 vobis
2928 4914 2982 4968 in
3010 4914 3360 4971 securitatem
3390 4923 3553 4969 teter-

1977 5020 2101 5059 nam
2131 5012 2370 5059 nmtatus
2390 5005 2653 5061 lucescat.

2051 5094 2263 5163 Valete,
2293 5097 2454 5150 amici
2487 5098 2591 5152 mei
2622 5098 3019 5164 amantissimi;
3051 5107 3137 5164 et,
3178 5113 3309 5170 rogo
3348 5114 3442 5155 vos
3464 5114 3559 5168 per

1978 5185 2275 5243 fraternam
2305 5188 2632 5245 charitatem
2662 5204 2827 5261 quam
2851 5189 2983 5246 mibi
3008 5191 3247 5259 debetis,
3287 5200 3440 5247 orate
3472 5207 3558 5248 so-

1607 5388 1842 5447 VABIE
1883 5389 2289 5448 LECTIONES.

372 5511 437 5542 m
467 5508 600 5563 Cum
625 5509 807 5564 iisdem
836 5509 1163 5564 mss.collata
1238 5507 1305 5540 ⁸⁸³
1334 5506 1548 5562 Futurzn
1597 5502 1894 5562 fmticitatis
1930 5524 2025 5561 ms.
2080 5509 2131 5562 l.
2179 5506 2375 5563 futura:
2421 5506 2653 5565 fteliecm
2733 5510 2801 5543 ηδ
2830 5510 2959 5565 Cum
2996 5510 3178 5565 iisdem
3206 5527 3329 5564 mss.
3368 5508 3555 5563 collata

299 5580 365 5611 ’⁸⁸
417 5580 626 5634 Ιιοιηὶηἰ
656 5579 834 5634 Patris
860 5596 983 5633 mss.
1008 5578 1219 5633 Domini
1249 5588 1299 5632 et
1329 5576 1508 5631 Patris
1582 5576 1649 5607 ¹⁸⁶
1678 5576 1910 5631 Temere
1963 5593 2071 5631 non
2124 5582 2485 5633 contemnatis
2540 5595 2669 5634 mss.
2702 5588 2887 5639 tenere
2921 5597 3027 5638 non
3058 5580 3416 5640 contemnatis
3489 5578 3555 5612 “'

295 5648 487 5705 Nullus
516 5651 701 5723 itaque
748 5665 874 5705 mu.
945 5649 1127 5705 nullus
1152 5648 1338 5717 utique
1409 5647 1476 5681 ⁸⁸⁸
1502 5646 1586 5705 Sit
1612 5646 1805 5706 similis
1830 5648 1977 5707 inter
2001 5664 2099 5704 ms.
2133 5650 2183 5705 l.
2213 5648 2287 5705 sit
2311 5647 2471 5706 simul
2499 5649 2642 5706 inter
