3872 6028
412 332 553 393 1119

964 332 1025 388 S.
1064 328 1363 387 ANSELMI
1394 327 1747 387 CANTUAR.
1786 322 2104 384 ARCHIEP.
2136 321 2289 383 OPP.
2321 321 2503 382 PARS
2539 319 2629 379 ιιι.
2670 348 2743 363 —
2779 314 3159 375 EPISTOLJE.

3549 315 3697 374 “Si

408 449 737 524 dignationis
776 455 968 503 vestrae
1012 463 1327 517 suscepero,
1356 455 1448 502 ant
1472 446 1681 501 videam
1712 446 1800 501 cui
1848 445 1987 501 scri-‘
2014 443 2243 500 Aamor
2291 454 2476 505 meus,
2521 434 2795 509 quomodo
2840 433 3062 505 vigilet,
3108 430 3410 487 intimetur.
3473 434 3697 504 Quippe

408 540 572 607 bitis;
604 547 719 603 aut,
748 535 830 592 vel
860 552 966 593 nou
995 537 1204 592 videam
1226 537 1313 592 cui
1341 552 1448 591 non
1480 536 1741 592 scribitis.

913 673 1249 731 EPISTOLA
1300 673 1487 729 XLIX.

1004 782 1072 821 ΑΙ)
1093 781 1385 821 ηεαιιιεωι.

404 853 616 910 Gratias
659 857 768 926 agit
788 872 882 925 pro
926 872 1077 922 auro,
1110 857 1167 909 in
1216 873 1321 925 quo
1361 866 1535 926 tamen
1578 853 1695 926 plus
1729 853 1982 909 laudatur

469 927 649 1050 guttis
677 924 884 980 animus
917 942 1077 995 quam
1119 924 1328 980 munus.
1372 924 1441 978 Et
1481 925 1682 979 veniam
1718 926 1843 995 petit
1884 940 1980 997 pro

518 1012 541 1049 ε
578 1012 727 1050 eruo.

473 1082 698 1138 Domino
741 1083 1039 1139 revercndo
1067 1092 1122 1139 et
1144 1083 1338 1149 amico,
1372 1082 1589 1138 domino
1636 1082 1804 1154 priori
1840 1080 1983 1136 Heu-

401 1188 542 1238 ntco,
574 1172 745 1228 frater
772 1174 1072 1240 Ausenuus,
1104 1173 1354 1229 salutem.

472 1264 689 1321 Gratias
718 1266 867 1320 vobis
896 1280 1119 1336 magnas
1154 1264 1331 1319 scribo
1367 1278 1464 1335 pro
1485 1277 1617 1319 auro
1644 1264 1787 1335 quod
1818 1262 1975 1318 misi-

398 1355 527 1421 stis;
557 1357 653 1411 sed
696 1356 866 1411 multo
912 1357 1147 1425 majores
1169 1357 1332 1410 corde
1362 1365 1518 1411 teneo
1544 1371 1642 1426 pro
1671 1356 1811 1410 bona
1846 1369 1976 1428 erga

400 1461 487 1501 me
529 1447 845 1514 voluntate,
901 1463 1061 1518 quam
1137 1446 1455 1502 retinuistis.
1512 1446 1683 1513 Quam
1739 1445 1980 1515 quotidie

398 1537 570 1592 multo
624 1538 816 1593 melius
864 1548 918 1592 et
968 1538 1170 1593 clarius
1227 1537 1479 1606 experior
1510 1537 1562 1590 in
1613 1537 1809 1592 dilecto
1859 1551 1980 1592 meo

397 1627 672 1681 communi
729 1625 897 1681 fratre
940 1636 1129 1682 nostro
1159 1624 1431 1691 Mauritio,
1461 1640 1622 1693 quam
1658 1624 1710 1678 in
1742 1624 1979 1679 millibus

396 1716 513 1770 auri
539 1726 592 1772 et
617 1717 848 1787 argenti.
878 1717 958 1770 Ah
986 1717 1069 1770 his
1093 1715 1236 1769 enim
1266 1715 1357 1785 qui
1387 1715 1453 1769 ab
1476 1730 1541 1769 eo
1568 1715 1789 1770 veniunt
1818 1715 1979 1771 audio

2085 534 2229 589 sicut
2256 533 2323 588 de
2352 539 2444 587 tuo
2477 529 2671 585 affectu
2722 542 2852 599 erga
2894 539 2983 581 me
3010 533 3197 581 eertus
3220 540 3303 591 es,
3345 525 3423 581 ita
3450 525 3529 581 de
3564 542 3697 582 meo

2084 636 2213 694 erga
2246 631 2299 677 te
2323 636 2428 676 non
2457 620 2697 676 dubitas.
2724 618 2937 674 Idcirco
2965 616 3129 687 igitur
3161 623 3450 686 tantopere
3476 618 3695 688 scripta

2084 723 2207 766 mea
2251 709 2517 780 postulas,
2546 716 2608 762 ut
2635 706 2778 778 quod
2829 706 2883 760 in
2921 704 3112 760 intima
3159 713 3342 759 mente
3382 703 3693 761 formatum

2084 801 2288 869 pariter
2315 800 2576 871 gerimus,
2600 798 2654 852 in
2698 799 2889 853 charta
2916 795 3178 866 scriptum
3214 795 3431 863 videas,
3446 797 3693 851 videndo

2082 891 2253 962 legas,
2281 890 2507 962 legendo
2542 887 2906 960 congaudeas.
2943 884 3051 940 Sed
3087 884 3239 954 quid,
3273 884 3319 939 si
3350 900 3453 941 nec
3497 885 3688 939 oculus

2084 982 2231 1045 vidit,
2266 997 2358 1035 nec
2382 980 2530 1034 auris
2554 977 2773 1042 audivit,
2806 975 2902 1031 sed
2933 972 3107 1029 solum
3131 973 3189 1027 in
3214 989 3307 1027 cor
3332 974 3569 1028 hominis
3596 990 3687 1028 as-

2084 1075 2280 1140 cendit,
2329 1088 2491 1144 quem
2544 1071 2794 1127 allectum
2840 1073 3147 1139 preparent
3189 1065 3471 1136 diligentia
3514 1065 3685 1120 corda

2084 1164 2430 1236 diligentibus
2470 1164 2564 1219 se?
2594 1162 2645 1234 (Ι
2671 1162 2795 1217 Cor.
2827 1176 2892 1227 ιι,
2918 1158 2997 1231 9.)
3029 1158 3211 1214 Testis
3240 1157 3386 1213 enim
3420 1157 3563 1213 mihi
3599 1167 3685 1214 est

2085 1268 2315 1326 experta
2356 1254 2693 1312 conscientia
2735 1262 2847 1319 tua,
2878 1250 3006 1322 quia
3040 1250 3109 1282 '°'
3141 1265 3243 1304 nec
3285 1249 3407 1305 visu
3450 1248 3549 1314 ³⁸⁸,
3582 1265 3684 1306 nee

2085 1350 2271 1406 auditu
2298 1364 2463 1420 sapor
2485 1347 2647 1418 hujus
2677 1344 2901 1402 allectus
2946 1359 2977 1399 a
3024 1359 3300 1415 quoquam
3339 1343 3677 1414 percipitur;

2082 1441 2186 1496 nisi
2224 1448 2486 1510 quantum
2521 1446 2702 1492 mente
2733 1436 2803 1491 ab
2826 1448 3155 1503 unoeunqne
3176 1433 3508 1503 concipitur.
3541 1432 3677 1488 Cum

2084 1530 2246 1600 igitur
2294 1529 2436 1585 scias
2488 1530 2615 1599 quia
2668 1540 2830 1597 sapor
2884 1524 3190 1580 dilectionis
3227 1523 3303 1555 ’θ’
3342 1523 3553 1589 oeulis,
3576 1539 3677 1579 nec

2083 1621 2307 1676 auribus
2323 1620 2660 1691 agnoscitur;
2686 1618 2781 1673 sed
2806 1617 2924 1672 solo
2949 1616 3131 1672 cordis
3158 1629 3255 1672 ore
3277 1614 3675 1672 delectabiliter

2084 1718 2331 1781 gnstatur
2361 1727 2374 1763 ε
2405 1708 2604 1779 quibus
2641 1707 2821 1763 verbis
2856 1715 2951 1761 aut
2976 1706 3179 1776 quibus
3212 1704 3413 1759 litteris
3441 1720 3599 1760 meus
3621 1716 3675 1760 et

396 1823 493 1863 vos
518 1825 641 1863 eum
686 1783 841 1863 tanto
891 1809 1095 1863 honore
1125 1817 1179 1862 et
1225 1783 1411 1862 amore
1442 1814 1695 1872 tractare,
1724 1815 1784 1861 ut
1809 1820 1976 1877 appa~
2008 1783 2054 1844 Β
2084 1809 2208 1856 tuus
2236 1814 2391 1855 amor
2418 1797 2796 1855 describetur?
2833 1797 2900 1852 Et
2926 1805 3108 1852 tamen
3141 1804 3199 1851 tu
3230 1796 3404 1852 instas
3438 1797 3511 1829 “‘
3540 1798 3671 1852 mihi

400 1906 519 1953 reat
559 1914 657 1953 vos
688 1915 792 1954 non
849 1898 1061 1953 modice
1116 1914 1201 1953 me
1254 1898 1568 1954 dilectorem
1608 1898 1726 1968 ejus
1769 1911 1975 1952 amare.

396 1985 631 2043 Litteras
658 2004 794 2058 quas
840 1989 1162 2045 charissimo
1202 1988 1312 2043 lilio
1354 1997 1537 2044 vestro
1585 1987 1739 2043 fratri
1790 1996 1979 2043 nostro

396 2078 617 2135 Salviuo
665 2080 889 2135 misistis
945 2079 1045 2151 legi
1085 2100 1102 2135 ;
1137 2082 1189 2135 in
1226 2080 1420 2150 quibus
1468 2089 1578 2134 tam
1629 2078 1881 2150 benigne,
1923 2086 1979 2134 et

392 2178 634 2225 vestram
672 2187 798 2242 erga
845 2186 967 2226 eum
1000 2170 1346 2241 expressistis
1374 2170 1749 2235 dilectionem,
1773 2179 1828 2224 et
1868 2170 1975 2225 mei

392 2260 512 2331 plus
542 2278 701 2332 quam
733 2276 944 2318 merear
979 2262 1253 2318 indidistis
1286 2262 1635 2327 mentionem,
1668 2272 1725 2316 ut
1753 2263 1823 2318 ibi
1851 2263 1973 2318 ani-

392 2352 780 2409 madvertercm
834 2369 1085 2423 magnam
1116 2352 1409 2423 quamdam
1467 2353 1741 2422 sapienter
1794 2354 1970 2409 laten-

392 2451 520 2506 tem,
554 2453 608 2499 et
628 2444 859 2499 latenter
885 2444 1183 2515 sapientem
1214 2444 1676 2514 deprecationem;
1704 2453 1973 2512 quatenus
2078 2470 2083 2475 -

387 2544 511 2601 ego,
542 2547 699 2602 quem
732 2534 811 2588 sic
844 2534 1170 2602 describitis,
1195 2535 1486 2606 benignum
1529 2549 1653 2605 erga
1684 2535 1838 2602 alios,
1871 2536 1970 2605 illi,

388 2638 550 2691 quem
606 2624 687 2680 sic
724 2624 965 2696 diligitis,
998 2625 1300 2696 impendam
1334 2641 1509 2681 meam
1536 2640 1720 2681 curam
1758 2633 1814 2681 et
1837 2626 1966 2682 dile-

390 2712 651 2765 ctionem.
696 2712 762 2766 Et
789 2714 861 2767 ita
895 2712 1008 2779 fiat,
1040 2713 1252 2784 quando
1279 2714 1495 2784 quidem
1517 2714 1590 2768 ita
1614 2713 1797 2769 vultis.
1829 2713 1967 2772 Cum

385 2799 531 2853 enim
558 2814 679 2854 eum
707 2816 883 2857 amem
917 2811 1137 2873 propter
1158 2803 1323 2858 Deum
1352 2810 1407 2857 et
1437 2810 1658 2873 propter
1676 2802 1916 2874 seipsum
1945 2819 1965 2859 :

384 2899 438 2944 et
466 2890 592 2960 quia
624 2892 911 2947 conﬁtetur
939 2909 998 2948 se
1034 2894 1267 2949 amicum
1299 2908 1419 2949 esse
1461 2893 1663 2948 domini
1692 2892 1963 2962 Gondulll,

383 2981 560 3037 adhuc
586 2993 796 3039 crescat
827 3000 999 3052 amor,
1024 2985 1149 3055 quia
1179 2993 1263 3039 est
1290 2984 1522 3040 dilectus
1559 2983 1763 3038 domini
1812 2984 1963 3055 prio-

382 3071 459 3126 ris
487 3071 728 3129 Henrici.
768 3073 825 3129 lu
872 3075 1075 3130 eisdem
1106 3074 1322 3140 litteris,
1354 3073 1633 3143 cujusdam
1663 3074 1837 3145 culpae
1869 3089 1965 3131 ve-

382 3163 526 3217 niam
554 3174 848 3233 spontanea
882 3167 1211 3237 benignitate
1241 3166 1417 3222 eidem
1467 3165 1666 3222 dilecto
1695 3173 1878 3222 vestro
1908 3174 1964 3222 et

380 3269 503 3311 meo
549 3272 867 3314 concessam
924 3258 1127 3315 inveni.
1186 3259 1256 3314 Et
1303 3258 1430 3328 quia
1475 3257 1721 3312 servulus
1758 3267 1961 3325 vester,

377 3344 550 3403 frater
576 3358 761 3406 noster
801 3350 1099 3418 Osbernus,
1127 3367 1251 3406 cum
1294 3366 1361 3406 eo
1401 3349 1610 3419 pariter
1637 3364 1697 3405 se
1725 3364 1831 3404 non
1862 3364 1961 3419 per

376 3437 707 3506 superbiam,
726 3441 819 3495 sed
838 3456 935 3510 per
949 3440 1363 3509 imprudentiam
1380 3454 1635 3509 peccasse
1658 3439 1957 3509 cognoscit,

379 3537 482 3578 nec
506 3525 608 3580 sibi
657 3527 821 3580 sentit
868 3528 1133 3582 indultum
1179 3542 1329 3593 esse;
1375 3535 1628 3582 moestum
1670 3543 1769 3597 pro
1799 3526 1956 3598 culpa

375 3620 433 3671 et
460 3613 751 3668 sollicitum
775 3617 840 3669 de
870 3617 1022 3671 venia
1058 3616 1297 3687 percepi.
1324 3615 1523 3672 Precor
1545 3616 1709 3687 igitur
1730 3626 1787 3672 ut
1811 3617 1954 3687 quod

376 3702 430 3756 in
458 3718 544 3757 me
572 3702 823 3771 laudatis,
858 3720 1068 3761 mecum
1110 3705 1164 3759 in
1202 3705 1351 3760 vobis
1389 3705 1692 3763 exhibeatis
1720 3724 1735 3761 :
1768 3716 1956 3778 quate-

380 3807 483 3846 nus
514 3808 722 3847 mecum
772 3809 935 3864 super
956 3792 1296 3850 alﬂictionem
1318 3794 1433 3864 ejus
1456 3796 1540 3867 pia
1568 3805 1842 3866 gestantes
1868 3798 1952 3853 vi-

372 3894 548 3946 scera,
572 3882 712 3937 sicut
729 3882 948 3939 Salviuo
971 3884 1267 3941 indulsistis
1292 3894 1514 3955 propter
1527 3896 1760 3943 vestram
1783 3888 1951 3944 solam

369 3970 685 4039 bonitatem,
711 3973 783 4027 ita
807 3974 1052 4031 Osberno
1086 3976 1369 4031 dimittatis
1396 3978 1442 4032 si
1467 3977 1596 4048 quid
1626 3979 1679 4032 in
1703 3994 1803 4034 vos
1826 3972 1953 4049 pec;

367 4064 533 4129 cavit,
574 4074 795 4135 propter
850 4076 1088 4123 vcstram
1136 4067 1551 4140 benignitatem,
1605 4076 1662 4124 et
1705 4077 1949 4125 nostrain

367 4152 710 4211 cbaritatem.

869 4246 1200 4305 EPISTOLA
1258 4248 1300 4303 L
1338 4248 1430 4303 ²⁰⁸.

929 4354 997 4394 ΔΙ)
1027 4353 1368 4396 ῦοΝυυιῐιὊΙο

2082 1892 2410 1962 importune,
2447 1900 2508 1946 ut
2550 1890 2746 1946 faciam
2775 1890 2921 1960 quod
2964 1888 3081 1944 ﬁeri
3117 1903 3224 1944 non
3273 1896 3473 1960 potest.
3507 1889 3672 1944 Suﬂi-

2080 1984 2227 2039 ciant
2253 1984 2409 2039 nobis
2434 1982 2780 2039 conscientiae
2793 1988 3013 2046 nostrae,
3027 1978 3225 2050 quibus
3250 1979 3405 2035 nobis
3437 1980 3673 2036 invicem

2078 2075 2281 2131 conscii
2326 2090 2512 2131 sumus
2540 2083 2802 2143 quantum
2834 2088 2932 2127 nos
2967 2070 3672 2143 diligamus.-Omnipotens

2078 2168 2220 2224 Deus
2246 2163 2329 2224 sic
2385 2177 2437 2224 te
2484 2167 2691 2241 diligat,
2720 2176 2777 2222 et
2826 2166 3098 2238 diligendo
3130 2175 3401 2237 protegat,
3430 2176 3491 2221 ut
3528 2168 3670 2222 nihil

2076 2258 2171 2315 liat
2201 2275 2231 2313 a
2257 2268 2329 2327 te,
2356 2269 2450 2314 aut
2479 2260 2534 2315 in
2566 2268 2640 2325 te,
2664 2259 2838 2314 autde
2866 2267 2940 2326 te,
2969 2258 3070 2314 nisi
3088 2260 3235 2329 quod
3255 2258 3331 2313 illi
3362 2258 3602 2329 placeat,
3617 2269 3676 2315 et

2074 2348 2170 2403 tibi
2200 2349 2474 2419 expediat.

2492 2460 2655 2533 330
2682 2457 3017 2516 EPISTOLA
3074 2457 3143 2515 ιι
3179 2460 3267 2516 ἰν.

2652 2566 2720 2606 ΑΒ
2746 2566 3072 2608 IAURITIUM.

2070 2641 2150 2698 De
2170 2645 2392 2713 acceptis
2411 2642 2650 2698 Μινυήιῑὶ
2675 2643 2881 2708 litteris,
2902 2654 2949 2697 et
2971 2641 3210 2712 proximo
3231 2644 3368 2697 illius
3390 2643 3442 2696 in
3456 2640 3679 2697 North“

2139 2720 2408 2768 manutam
2445 2714 2638 2767 reditu.
2683 2713 2857 2767 Poscit
2898 2722 2953 2767 ut
2983 2728 3158 2767 secum
3186 2713 3385 2784 deferat
3416 2715 3667 2784 ephoris-

2144 2799 2256 2838 mos
2281 2800 2400 2838 cum
2423 2783 2632 2854 glouia.

2140 2896 2347 2950 Domno
2388 2894 2585 2959 amico,
2616 2893 2796 2959 fratri,
2833 2892 2943 2947 lilio
2987 2891 3309 2948 chartssimo
3354 2891 3660 2959 llwnt'rto,

2071 2983 2242 3039 frater
2263 2983 2566 3049 Aussuus,
2596 2984 2674 3038 sic
2697 2983 2963 3052 prolicere
2991 2981 3057 3036 de
3076 2981 3274 3036 virtute
3296 2981 3351 3035 in
3376 2982 3663 3047 virtutem,

2069 3081 2130 3128 ut
2156 3074 2430 3129 adhaereat
2456 3073 2637 3127 virtuti
2668 3073 2950 3127 virtutum.

2139 3162 2403 3219 Pcrlectis
2425 3163 2735 3219 dilectionis
2767 3174 2872 3218 tua;
2897 3179 3068 3235 nuper
3085 3161 3327 3219 dilectori
3352 3172 3451 3217 tuo
3471 3163 3669 3220 missis

2065 3254 2281 3321 litteris,
2313 3262 2367 3310 et
2410 3253 2635 3311 allectus
2667 3255 2741 3311 tui
2773 3257 3117 3325 expressione
3140 3270 3259 3310 sum
3297 3254 3653 3324 jucundatns.

2063 3353 2119 3402 et
2142 3345 2348 3401 reditus
2367 3345 2441 3400 tui
2466 3347 2824 3415 promissione
2843 3361 2964 3402 sum
2981 3346 3306 3402 laetiﬁcatus.
3328 3346 3487 3402 Sicut
3506 3349 3651 3404 enim

2062 3448 2184 3490 cum
2216 3435 2459 3507 diligenti
2491 3436 2620 3491 mihi
2648 3438 2852 3508 pariter
2877 3437 3148 3507 diligendo
3174 3438 3485 3507 respondes,
3506 3452 3647 3492 con—

2060 3526 2298 3596 gaudeo;
2328 3527 2409 3582 sic
2446 3527 2631 3583 dilecti
2682 3528 2959 3584 dilectoris
2985 3528 3091 3584 mei
3118 3529 3401 3599 praesentia
3430 3543 3653 3599 semper

2058 3616 2167 3672 frui
2211 3618 2481 3675 desidero.
2530 3618 2605 3674 De
2648 3633 2757 3689 quo
2806 3620 2981 3674 reditu
3030 3628 3125 3675 tuo
3172 3634 3274 3673 nec
3315 3619 3650 3676 reverendus

2058 3709 2189 3764 mihi
2222 3710 2663 3782 archiepiscopus
2689 3711 2985 3781 quidquam
3017 3710 3316 3777 mandavit,
3345 3710 3487 3767 sicut
3512 3712 3646 3767 olim

2057 3805 2110 3852 te
2136 3798 2347 3868 opinari
2400 3798 2454 3853 in
2498 3798 2725 3869 epistola
2770 3800 3004 3869 quadam
3042 3809 3130 3854 tua
3165 3801 3517 3865 monstrasti;
3544 3815 3645 3855 nec

2069 3888 2269 3943 domno
2314 3889 2589 3956 abbati,si
2634 3890 2893 3957 redieris,
2920 3891 3259 3961 displicebit;
3285 3893 3428 3962 quod
3459 3893 3513 3947 in
3543 3908 3637 3947 ea-

2053 3978 2174 4034 dem
2211 3979 2482 4049 scriptura
2521 3990 2576 4035 te
2606 3981 2799 4037 timere
2840 3981 3190 4051 signiﬁcasti;
3226 3992 3284 4038 et
3329 3983 3461 4037 mihi
3488 3982 3653 4038 valde

2051 4067 2304 4139 placebit,
2336 4071 2479 4140 quod
2518 4079 2576 4126 ut
2619 4080 2752 4143 puto
2796 4087 3074 4142 nunquam
3109 4072 3390 4130 dubitasti.
3419 4062 3642 4130 Glossas

2052 4157 2353 4227 aphorismi
2381 4160 2427 4215 si
2473 4174 2663 4215 omnes
2692 4170 2848 4231 potes
2874 4162 3113 4217 scribere
3139 4162 3385 4232 gaudeo;
3412 4163 3501 4217 sin
3546 4178 3643 4218 au-

2056 4257 2189 4315 tem,
2205 4264 2302 4304 eas
2326 4264 2447 4320 qua:
2466 4260 2591 4306 sunt
2611 4250 2923 4307 Graecorum
2940 4263 3034 4308 aut
3059 4252 3442 4308 inusitatorum
3466 4256 3643 4310 nomi-

2047 4355 2178 4394 num
2230 4355 2299 4394 ne
2321 4340 2543 4398 deseras
2569 4344 2639 4376 ’“
2668 4344 2955 4401 admoneo.
2984 4344 3136 4413 Quod
3170 4355 3349 4402 tamen
3382 4350 3647 4417 temporis

791 4426 1099 4486 Familiaris
1152 4441 1227 4486 est
1260 4429 1497 4496 epistola.

437 4517 616 4575 Fratri
638 4520 829 4586 frater,
855 4522 1051 4578 dilecto
1074 4523 1324 4587 dilectus,
1339 4522 1628 4578 Gonnum
1640 4522 1941 4592 ANSELIIUS,

365 4610 420 4663 in
457 4608 558 4664 hac
579 4611 688 4665 vita
729 4613 1062 4678 diuturnam,
1099 4622 1154 4669 et
1181 4614 1235 4668 in
1263 4616 1377 4670 dies
1406 4614 1773 4685 proficientem
1803 4631 1933 4672 san-

361 4698 606 4753 ctitatem
625 4739 639 4763 ,
677 4699 730 4753 in
775 4701 954 4756 futura
980 4704 1145 4758 vitam
1171 4714 1449 4773 aeternam,
1482 4714 1536 4763 et
1558 4720 1773 4777 semper
1795 4706 1943 4765 sulIi-

360 4790 595 4846 cientem
623 4789 959 4848 felicitatem.

431 4879 633 4937 Omnes
682 4890 948 4953 quotquot
973 4883 1250 4940 veniunta
1278 4886 1476 4941 domno
1522 4885 1811 4954 Gondulfo,
1849 4904 1939 4945 re-

362 4971 545 5028 ferunt
586 4974 728 5045 quod
767 4974 977 5031 litteras
1027 4992 1175 5032 meas
1204 4976 1475 5034 desiderat
1519 4979 1749 5037 domnus
1791 4981 1937 5037 Gon-

362 5061 560 5118 dulfus.
604 5064 660 5119 In
687 5066 884 5136 quibus
912 5066 1048 5122 bene
1078 5068 1200 5123 novi
1232 5068 1356 5138 quia
1384 5069 1517 5124 nihil
1556 5070 1701 5125 aliud
1751 5086 1940 5142 exspe-

1977 4472 2022 4530 D
2047 4430 2102 4485 in
2139 4432 2318 4530 libello
2342 4435 2410 4489 de
2437 4434 2678 4505 pulsibus
2707 4435 2981 4492 insumere
3007 4436 3297 4503 deliberas,
3315 4435 3463 4491 malo
3493 4446 3556 4492 ut
3577 4438 3645 4494 ad

2052 4523 2443 4593 perﬁciendum
2486 4525 2747 4595 quidquid
2798 4532 2885 4581 est
2915 4526 3313 4601 inpaphorismo
3330 4525 3637 4596 impendas.

2044 4612 2163 4669 Non
2197 4612 2344 4668 enim
2400 4612 2639 4682 ejusdem
2695 4612 2863 4669 libelli
2912 4614 3139 4670 scicntia
3189 4613 3343 4669 utilis
3386 4623 3499 4682 est,
3537 4614 3642 4670 nisi

2044 4705 2483 4774 frequentissimo
2529 4713 2585 4761 et
2629 4704 3044 4774 diligentissimo
3074 4720 3173 4760 usu
3211 4719 3272 4760 se
3319 4704 3413 4760 illa
3468 4721 3643 4762 occu-

2042 4793 2317 4865 pantibus.
2345 4794 2403 4849 Si
2433 4794 2562 4864 quid
2591 4803 2767 4850 tamen
2794 4802 2917 4864 post
2937 4794 3329 4864 aphorismum,
3357 4802 3412 4849 et
3439 4794 3513 4849 de
3535 4795 3643 4850 hoc

2043 4893 2220 4954 potes,
2264 4883 2497 4940 libenter
2544 4885 2774 4955 accipio.
2824 4883 2900 4941 De
2944 4895 3171 4953 utroque
3212 4883 3315 4939 hoc
3362 4887 3647 4956 praecipue

2046 4987 2241 5027 moneo
2263 4982 2321 5027 ut
2344 4973 2605 5043 quidquid
2628 4973 2825 5029 feceris
2852 4973 3247 5029 studiosissima
3270 4974 3642 5043 exquisitione

2045 5072 2376 5130 correctum,
2406 5064 2626 5134 dignum
2675 5064 2746 5119 sit
2792 5064 2898 5119 dici
2952 5064 3157 5133 perfect
3198 5079 3268 5118 m.
3302 5062 3445 5117 Malo
3493 5066 3640 5120 enim

357 5160 495 5219 ctas,
523 5152 625 5209 nisi
682 5164 742 5211 ut
785 5165 1030 5212 mutuum
1076 5167 1275 5213 nostra!
1326 5158 1630 5215 dilectionis
1684 5159 1934 5215 allectum
2047 5154 2102 5210 in
2158 5154 2339 5225 ignota
2396 5154 2761 5225 inusitataque
2808 5156 3076 5225 scriptura
3112 5163 3325 5224 partem
3362 5154 3639 5226 integram

360 5241 530 5314 legas.
562 5243 715 5312 Quod
756 5248 973 5318 quidem
1018 5258 1201 5303 certus
1229 5264 1346 5304 sum
1378 5250 1505 5319 quia
1549 5266 1655 5306 non
1708 5251 1843 5307 facis
1874 5261 1936 5307 ut
2046 5246 2298 5314 veritate,
2327 5261 2489 5315 quam
2515 5255 2687 5301 totum
2717 5256 3030 5317 corruptum
3058 5244 3313 5301 falsitate.
3344 5244 3495 5299 Ante
3522 5261 3641 5300 om-

361 5346 518 5388 amor
553 5342 698 5403 tuus,
726 5350 795 5391 ne
838 5339 1165 5408 obdormiat,
1195 5339 1390 5397 litteris
1418 5336 1713 5407 é'xcitetur;
1746 5351 1842 5397 aut
1878 5350 1943 5396 ut
2042 5341 2133 5396 nia
2183 5340 2386 5410 gratias
2441 5340 2561 5406 tibi,
2597 5348 2828 5410 quantas
2880 5354 3120 5408 possum,
3152 5353 3286 5410 ago;
3335 5337 3470 5408 quia
3520 5338 3640 5394 ubi-

1643 5474 1878 5532 VARIE
1916 5473 2317 5532 LECTIONES.

444 5560 517 5591 ’“
551 5562 1006 5636 Campi-ignotam
1031 5568 1233 5623 duobus
1270 5583 1393 5621 mss.
1427 5568 1619 5623 collata
1690 5568 1761 5602 "7
1792 5567 2172 5631 Conscientia;
2205 5567 2334 5636 quia
2371 5583 2469 5621 uta.
2498 5568 2552 5621 l.
2576 5566 2923 5622 Conscientia
2948 5565 3208 5636 tua,quia
3280 5563 3353 5596 “'
3380 5561 3500 5636 Nec
3528 5578 3635 5617 usu

361 5640 564 5708 ῃςξελει
592 5631 731 5708 Egit.
761 5633 977 5689 Picardi
1014 5653 1114 5708 nec
1141 5638 1257 5693 visu
1334 5638 1404 5670 ’θ’
1433 5638 1568 5705 Quia
1619 5638 1925 5708 dilectionis
1972 5654 2099 5691 mss.
2140 5631 2264 5705 quia
2316 5651 2483 5708 sapor
2526 5637 2833 5692 dilectionis
2906 5636 2976 5668 ²¹⁰
3015 5631 3245 5708 injustas
3292 5649 3418 5690 mas.
3448 5633 3649 5691 instas

364 5696 431 5728 ’“
464 5697 594 5754 Cum
616 5700 798 5754 iisdem
825 5718 949 5759 mu.
976 5705 1169 5760 collata
1241 5709 1311 5740 ³³⁸
1347 5696 1647 5765 ὃίιιῖιιιιειη
1683 5722 1848 5765 eas...
1880 5706 2103 5764 deseras
2134 5696 2259 5763 vita.
2301 5696 2398 5764 sin'
2448 5714 2668 5765 autem:
2698 5722 2860 5766 eas...
2884 5721 2951 5763 ne
3004 5696 3225 5764 deseras
