3898 6052
232 174 367 231 Hii

232 384 327 430 tus
371 382 593 430 sanctus
644 381 696 426 te
732 370 872 427 bene
900 371 1084 426 vivere
1127 371 1393 437 docuerit,
1422 380 1600 426 tamen
1643 372 1814 427 honor

231 461 367 518 mihi
388 461 554 517 etiam
585 461 656 515 sit
682 459 824 514 inter
846 459 1059 530 ignotos
1084 467 1139 513 et
1163 458 1494 528 alienigenas
1524 458 1684 515 talem
1714 475 1815 514 nu-

231 554 400 609 trisse
437 550 777 620 discipulum.
807 549 1228 618 Tantautrique
1252 550 1364 605 eris
1401 549 1511 606 Deo
1540 559 1597 604 et
1621 550 1814 606 amicis

231 640 334 695 Dei
375 640 615 706 cbarior,
653 647 857 709 quanto
904 637 1073 693 fueris
1125 639 1178 693 in
1231 638 1532 708 periculosa
1583 653 1813 695 conver-

231 730 447 785 satione
480 729 733 784 iuventus
760 727 1055 797 probatior.
1084 726 1234 793 Vale,
1265 738 1319 783 et
1337 744 1471 785 cave
1497 744 1563 784 ne
1591 730 1817 798 promit-

234 817 400 872 tendo
443 817 697 882 reditum,
730 824 786 872 et
808 832 914 871 non
946 815 1243 883 redeunda,
1270 816 1505 872 amicum
1541 826 1688 871 tuum
1722 817 1815 873 de-

234 907 413 963 ludas.
446 906 631 962 Saluta
653 907 913 963 dilectum
934 904 1163 961 fratrem
1195 916 1443 962 nostrum
1480 904 1813 963 damnumm

238 998 581 1055 Ilerluinum.
702 1060 703 1065 η

736 1084 1069 1143 EPISTOLA
1115 1085 1202 1141 LII
1228 1085 1319 1142 “".

836 1213 906 1252 ΑΒ
928 1210 1228 1252 FULCONUI.

241 1284 314 1341 Ut
350 1286 582 1342 oblatam
628 1286 931 1356 dignitatem
980 1287 1264 1356 suscipiat,
1299 1301 1456 1355 quam
1493 1290 1607 1342 sine
1637 1288 1815 1343 strobe-

615 1356 817 1409 dientia
845 1373 949 1409 non
982 1365 1146 1425 potest
1178 1370 1438 1410 recusare.

310 1446 521 1503 Damno
547 1456 603 1502 et
646 1446 794 1501 Patri
827 1447 1126 1501 reverenda
1150 1448 1244 1514 ²¹⁸,
1272 1447 1450 1502 amica
1493 1445 1815 1503 charissima

240 1536 502 1604 Famam,
532 1538 703 1594 frater
736 1538 1043 1604 ANSELIUS,
1083 1538 1163 1595 sic
1205 1540 1258 1593 in
1294 1540 1543 1610 prmsenti
1573 1538 1678 1592 vita
1719 1553 1816 1607 per

245 1628 484 1683 divinam
515 1630 744 1701 gratiam
766 1629 998 1700 disponi,
1018 1641 1078 1685 ut
1097 1629 1152 1685 in
1175 1628 1357 1685 futura
1378 1630 1584 1686 sanctis
1606 1644 1815 1685 merea-
1842 1611 1888 1672 Β

249 1730 338 1775 tur
364 1721 584 1791 apponi.

317 1808 473 1879 Cogit
500 1823 588 1864 me
618 1808 789 1866 dulcis
816 1809 947 1866 mihi
987 1810 1249 1867 sanctitas
1282 1818 1463 1868 vestra
1492 1811 1605 1868 suis
1644 1812 1816 1883 preci-

241 1898 346 1955 bus
370 1901 706 1969 promittere,
750 1909 805 1956 et
841 1901 984 1971 quod
1029 1916 1244 1972 semper
1286 1903 1521 1959 servitus
1560 1918 1678 1957 mea
1708 1917 1815 1958 non

241 1990 607 2061 promittendo
655 1999 903 2061 prompta
953 1999 1057 2059 est,
1109 2000 1271 2061 prout
1315 2001 1523 2063 potest,
1577 1992 1812 2049 efﬁcere.

242 2081 418 2137 Tanta
440 2097 673 2152 namque
693 2083 902 2139 vilitate
926 2083 1154 2155 deprimi
1176 2083 1288 2139 scio
1317 2083 1371 2138 in
1403 2091 1693 2154 conspectu
1720 2083 1814 2139 Dei

242 2187 392 2227 meas
418 2172 712 2240 orationes,
751 2180 810 2228 ut
852 2172 1013 2228 alicui
1063 2188 1156 2228 eas
1201 2172 1443 2243 polliceri
1472 2187 1558 2228 me
1584 2175 1811 2244 pudeat;

241 2273 297 2317 et
325 2263 405 2318 sic
432 2278 519 2318 me
559 2272 797 2320 vestrum
841 2264 1052 2332 devovi,
1081 2272 1141 2320 ut
1171 2279 1268 2336 pro
1299 2265 1450 2319 vobis
1486 2265 1815 2336 possibilitas

243 2368 363 2408 mea
393 2354 632 2425 quotidie
677 2369 835 2411 orare
880 2357 1113 2412 studeat.
1154 2357 1491 2426 Quapropter
1511 2365 1567 2412 et
1606 2356 1659 2411 in
1690 2357 1810 2422 hoc,

241 2446 313 2511 de,
339 2461 445 2517 quo
472 2445 599 2501 mihi
644 2446 839 2503 litteris
867 2450 980 2503 suis
1001 2448 1216 2505 dilectio
1241 2459 1421 2506 vestra
1464 2463 1633 2520 nuper
1659 2463 1814 2504 man-

240 2536 390 2591 davit
421 2537 658 2607 negotia;
702 2546 757 2593 et
787 2539 840 2592 in
869 2537 1121 2593 omnibus
1149 2555 1267 2608 quae
1291 2539 1356 2593 ad
1403 2555 1497 2595 vos
1520 2539 1812 2610 pertinent,

238 2625 511 2682 orationes
532 2636 747 2683 nostras
767 2626 1168 2705 qualescunque
1188 2629 1318 2697 sint,
1336 2629 1487 2685 vobis
1501 2644 1604 2684 non
1626 2629 1815 2684 deesse

240 2716 446 2772 sciatis.
476 2717 713 2773 Consilio
747 2726 927 2773 autem
961 2728 1145 2774 nostra
1170 2719 1297 2775 licet
1324 2728 1503 2775 vestra
1530 2718 1812 2790 prudentia

239 2817 348 2857 non
369 2813 552 2873 egeat;
578 2813 759 2860 tamen
789 2805 914 2874 quia
949 2806 1179 2875 jubetis,
1212 2808 1448 2864 breviter
1485 2808 1611 2863 illud
1656 2807 1813 2862 sche-

240 2888 364 2943 dula
393 2904 632 2958 prresens
662 2892 935 2948 exhibeat.
964 2894 1177 2950 Scimus
1207 2895 1422 2963 quidem
1448 2895 1700 2965 quoniam
1730 2904 1810 2949 tu—

238 2976 430 3030 tiusm
441 2988 524 3032 est
538 2978 743 3034 homini
760 2978 1123 3036 inﬁrmitatem
1148 2997 1300 3038 suam
1324 2996 1536 3052 semper
1556 2983 1810 3050 timendo,

239 3072 501 3134 quantum
559 3066 613 3121 in
658 3081 720 3122 se
765 3076 868 3135 est,
919 3078 1024 3123 tam
1078 3085 1330 3139 maguum
1379 3085 1517 3126 onus
1545 3072 1813 3142 refugere,

237 3169 400 3225 quam
432 3156 497 3211 de
527 3158 734 3214 viribus
760 3158 1076 3215 conﬁdendo
1107 3161 1361 3216 humeros
1394 3160 1553 3216 facile
1587 3165 1817 3220 submit-

240 3255 376 3303 tere.
411 3246 516 3302 Sed
539 3249 793 3317 quoniam
823 3252 1084 3321 scriptum
1107 3259 1189 3307 est
1216 3269 1230 3306 :
1260 3251 1429 3307 Nemo
1452 3264 1685 3308 nostrum
1713 3256 1813 3310 sibi

236 3336 380 3401 vivit,
402 3345 451 3390 et
475 3352 622 3391 nemo
650 3338 749 3392 sibi
773 3341 1025 3407 moritur;
1053 3341 1144 3396 sed
1167 3342 1275 3396 sive
1302 3343 1545 3409 vivimus,
1575 3345 1681 3398 sive
1700 3361 1810 3399 mo-

236 3425 427 3490 rimur,
451 3426 662 3482 Domini
676 3444 890 3496 sumus;
916 3431 995 3486 sic
1023 3448 1121 3487 nos
1147 3441 1360 3502 oportet
1390 3435 1531 3491 inter
1561 3436 1810 3492 timorem

237 3516 468 3583 propria:
509 3516 859 3583 inﬁrmitatis,
898 3528 955 3573 et
995 3520 1355 3575 obedientiam
1400 3522 1692 3580 Dominica:
1715 3540 1812 3580 vo-

237 3604 483 3671 luntatis,
504 3607 591 3659 via
612 3607 954 3663 discretionis
977 3609 1245 3675 incedere,
1271 3621 1330 3667 ut
1355 3626 1605 3669 neutrum
1628 3616 1810 3670 videa-

238 3707 361 3748 mur
417 3696 671 3765 abjicere.
718 3698 775 3752 In
830 3700 1021 3769 primis
1064 3715 1193 3772 ergo
1223 3717 1320 3758 vos
1373 3705 1567 3760 divinae
1624 3706 1809 3775 pietati

237 3798 375 3853 puro
395 3785 596 3841 mentis
621 3784 836 3853 all‘ectu,
855 3798 914 3844 ut
934 3789 1099 3844 vitam
1123 3800 1356 3847 vestram
1388 3792 1442 3847 in
1473 3794 1811 3864 beneplacito

234 3888 336 3929 suo
373 3875 645 3945 disponat,
671 3880 1043 3935 commendate
1076 3897 1091 3936 :
1122 3882 1314 3937 deinde
1361 3883 1591 3954 simplici
1631 3894 1812 3940 mente

235 3976 291 4022 et
338 3966 525 4021 humili
547 3976 765 4035 conatu,
796 3970 1210 4044 quibuscnnque
1245 3975 1417 4031 modis
1439 3977 1683 4048 potestis,
1714 3994 1810 4034 ex-

234 4063 392 4124 cepto
436 4055 551 4111 solo
593 4066 842 4127 peccato,
874 4075 1015 4118 onus
1058 4064 1239 4119 subire
1271 4075 1539 4122 recusate.
1573 4067 1726 4134 Quod
1758 4070 1807 4125 si

236 4144 339 4200 nisi
371 4159 470 4213 per
510 4157 791 4216 peccatum
822 4151 1095 4209 declinare
1128 4168 1231 4209 non
1273 4157 1522 4227 potestis,
1552 4158 1807 4215 obedien-

1464 166 1591 226 ΠΒ.
1628 168 1671 237 I,
1700 168 1915 227 EPIST.
1954 169 2090 230 LIV.

231 298 449 356 cunque
485 283 566 342 sic
595 281 758 347 vivis,
788 290 849 337 ut
882 296 1192 352 quanquam
1228 295 1336 337 non
1372 295 1493 350 ego,
1523 283 1619 339 sed
1649 281 1817 352 Spiri-
1841 290 1890 349 Α
1916 284 2147 349 nachus,
2184 295 2283 353 per
2327 279 2611 351 prementis
2638 279 2708 313 ⁸⁸⁸
2735 278 2857 335 vitae
2897 278 3265 349 sanctitatem,
3294 280 3490 340 futurae
3583 289 3590 295 '

3351 168 3488 227 Im

1912 372 2113 429 mereri
2140 370 2479 427 felicitatem.

1980 464 2116 519 Cum
2138 462 2397 533 scriptum
2419 461 2486 516 sit
2518 479 2532 514 :
2558 459 2748 515 Omnia
2776 459 2863 528 fac
2886 474 3004 513 cum
3024 460 3264 526 consilio,
3293 471 3342 516 et
3374 472 3489 532 post

1909 554 2108 624 factum
2157 570 2261 608 non
2305 549 2785 623 prenitebis(Eccli.
2820 564 2992 614 χχιιι,
3044 548 3172 620 24);
3212 560 3268 606 et
3313 552 3489 607 alibi:

1912 643 2173 710 Quoniam
2199 641 2350 710 quasi
2395 649 2676 711 peccatum.
2700 636 2965 690 ariolandi
3004 644 3077 691 est
3105 653 3411 707 repugnare,
3442 650 3491 694 et

1909 735 2062 805 quasi
2074 731 2244 787 scelus
2260 730 2560 786 idololatria
2578 727 2714 783 nolle
2729 728 3052 798 acquiescere
3064 726 3115 797 (1
3134 727 3262 797 Reg.
3278 728 3489 799 xxv,3);

1910 828 2067 884 valde
2095 828 2249 884 nobis
2283 826 2585 882 cavendum
2614 831 2699 879 est
2737 838 2805 878 ne
2838 832 3103 890 nostram,
3144 831 3338 880 contra
3369 840 3490 880 am-

1912 922 2063 977 nium
2130 919 2450 984 consilium,
2502 916 2729 971 nimium
2770 930 3073 985 sequamur
3127 914 3492 979 voluntatem,

1909 1010 2124 1065 etiamsi
2154 1017 2299 1065 recta
2327 1008 2484 1063 nobis
2522 1007 2788 1062 videatur.
2832 1004 3017 1075 Neque
3055 1006 3201 1060 enim
3232 1004 3492 1075 quidquid

1914 1099 2137 1171 singulis
2155 1110 2363 1155 rectum
2394 1098 2630 1163 videtur,
2655 1106 2860 1154 rectum
2884 1106 2999 1163 est;
3032 1098 3289 1167 quoniam
3318 1098 3493 1166 scrip-

1913 1198 2026 1245 tum
2053 1197 2179 1244 est:
2212 1187 2309 1243 Via
2351 1187 2499 1242 stulti
2527 1197 2667 1242 recta
2705 1188 2762 1241 in
2803 1185 2967 1241 oculis
3014 1187 3125 1256 ejus
3170 1184 3354 1256 (Prov.
3383 1202 3485 1252 xu,

1914 1279 2042 1349 i3);
2095 1290 2191 1335 et:
2219 1279 2357 1334 Sunt
2401 1279 2498 1333 via:
2520 1292 2637 1348 qua:
2679 1276 2923 1331 videntur
2969 1275 3263 1330 hominibus
3308 1284 3491 1338 rectte,

1914 1382 2135 1438 quarum
2187 1368 2310 1436 ﬁnis
2358 1384 2521 1438 usque
2550 1367 2619 1421 ad
2655 1364 2974 1436 profundum
3002 1363 3195 1432 inferni
3224 1362 3489 1416 descendit

1915 1455 2096 1527 (Prov.
2149 1471 2260 1524 xrv,
2294 1456 2404 1527 12).
2460 1456 2799 1526 Quapropter
2847 1469 2936 1521 ne,
2994 1467 3143 1508 more
3184 1452 3492 1517 stultorum,

1915 1562 2153 1604 errarem
2216 1547 2594 1601 rectitudinem
2649 1546 2990 1613 iudicantes.
3043 1552 3324 1598 teneamus
3378 1541 3493 1596 vias

1914 1650 2140 1707 quarum
2167 1635 2289 1689 ﬁnis
2315 1650 2486 1704 usque
2511 1635 2579 1689 ad
2614 1631 2936 1702 prolundum
2964 1630 3160 1686 inferni
3187 1629 3490 1694 descendit,

1914 1740 2254 1797 nequaquam
2295 1724 2686 1793 unusquisque,
2716 1737 2814 1779 suo
2859 1721 3227 1776 inexaminato
3264 1718 3492 1788 judicio,

1913 1816 2037 1871 vitae
2057 1830 2167 1871 sua:
2190 1814 2349 1870 debet
2377 1814 2623 1870 ordinem
2654 1812 2994 1869 committere
3020 1827 3034 1877 ;
3057 1811 3152 1867 sed
3188 1810 3493 1880 diligenter,

1914 1920 1983 1961 ne
2030 1904 2410 1975 plurimorum,
2439 1912 2494 1958 et
2523 1902 2760 1957 maxime
2803 1901 3119 1971 sapientum
3153 1900 3378 1969 judicio,
3404 1910 3493 1954 aut

1914 1994 2253 2060 abedientiae,
2278 2000 2371 2047 aut
2403 1991 2817 2054 misericordiae,
2844 1998 2937 2045 aut
2964 1991 3197 2060 denique
3233 1990 3490 2045 charitati

1914 2092 2197 2155 repugnet,
2225 2083 2576 2154 perpendere.
2595 2081 2749 2137 Unde
2771 2080 2945 2151 magis
2969 2091 3051 2135 est
3074 2080 3373 2136 mirandum
3399 2096 3495 2135 cur

1913 2182 2093 2229 vestra
2150 2172 2410 2228 sanctitas
2461 2179 2754 2239 vestraque
2798 2169 3089 2239 prudentia
3144 2170 3257 2224 fere
3305 2176 3495 2224 contra

1912 2262 2154 2318 omnium
2182 2259 2492 2326 consilium,
2518 2266 2708 2314 contra
2745 2257 3112 2313 obedientiam
3157 2258 3261 2312 sibi
3308 2257 3496 2312 divina

1913 2351 2268 2422 dispositione
2290 2365 2384 2420 per
2410 2348 2875 2419 archiepiscOpum
2900 2363 3077 2414 suum,
3105 2357 3159 2404 et
3181 2347 3488 2419 regularem

1912 2445 2229 2502 electionem
2261 2445 2581 2515 injunctam,
2611 2450 2803 2497 contra
2830 2441 3256 2497 misericordiam
3284 2449 3340 2495 et
3364 2440 3497 2496 cha-

1912 2537 2154 2601 ritatem,
2182 2548 2310 2590 oves
2329 2533 2430 2589 sibi
2472 2530 2790 2588 commissas
2825 2529 3082 2599 pastorali
3106 2543 3235 2585 cura
3266 2528 3497 2584 destitu-

1913 2635 2016 2693 tas,
2052 2625 2189 2696 lupis
2220 2623 2602 2679 infestantibus
2632 2621 2948 2676 lacerandas
2985 2618 3284 2674 deserendo
3328 2631 3496 2688 crpo-

1912 2716 1992 2769 nit
2024 2734 2037 2769 :
2072 2714 2309 2785 quandiu
2337 2713 2419 2768 vel
2448 2727 2607 2766 unam
2638 2711 2950 2767 considerat
2978 2724 3073 2766 sua
3119 2724 3251 2764 cura
3300 2711 3367 2762 ad
3400 2722 3493 2762 sa-

1911 2804 2075 2860 lutem
2146 2817 2304 2874 posse
2366 2801 2652 2874 proﬁcere.
2713 2800 3039 2869 Acquiescat
3090 2798 3255 2868 igitur
3308 2806 3495 2852 vestra

1912 2897 2173 2961 charitas,
2195 2894 2523 2964 acquiescat,
2548 2900 2603 2948 et
2626 2899 2701 2947 tot
2716 2890 2787 2922 ²¹⁹
2807 2888 3145 2945 orationibus
3167 2887 3390 2943 astricta
3424 2887 3493 2941 all

1917 2986 2300 3042 monasterium
2336 2999 2493 3040 suum
2535 2983 2740 3048 redeat,
2767 2994 3064 3049 curamque
3087 2979 3355 3049 abiectam
3386 2979 3489 3032 mi-

1912 3078 2255 3136 sericorditer
2284 3083 2545 3141 resumat,
2580 3082 2643 3129 ut
2666 3073 2934 3129 desolatas
2963 3070 3293 3127 consolando
3321 3079 3375 3125 et
3404 3072 3494 3125 ad-

1908 3166 2166 3238 iuvando,
2189 3166 2382 3222 divina:
2401 3162 2786 3219 consolationis
2808 3170 2864 3216 et
2893 3160 3078 3215 auxilii
3103 3173 3491 3229 recompensa-

1912 3258 2114 3314 tionem
2142 3264 2433 3312 mereatur.
2462 3253 2600 3307 Nam
2644 3252 2939 3316 calumnia,
2965 3266 3085 3321 quae
3113 3266 3210 3306 vos
3247 3251 3484 3305 maxime

1912 3355 2116 3403 terrere
2140 3346 2298 3411 solet,
2321 3347 2389 3399 ab
2410 3343 2604 3398 abbate
2634 3340 2693 3396 S.
2724 3339 2929 3394 Arnulﬁ
2980 3340 3059 3395 sic
3080 3347 3166 3395 est
3205 3354 3301 3409 per
3331 3353 3487 3393 corn-

1910 3452 2125 3493 munem
2152 3436 2267 3505 ejus
2290 3443 2345 3490 et
2367 3433 2594 3489 fratrum
2626 3429 2938 3486 monasterii
2960 3429 3126 3485 vestri
3161 3443 3487 3485 consensum

1909 3529 2197 3593 exstincta,
2227 3534 2287 3582 ut
2307 3529 2420 3597 jam
2452 3521 2596 3578 nullo
2623 3521 2782 3576 modo
2806 3534 2905 3595 vos
2938 3520 3214 3591 impediat.

2378 3630 2713 3692 EPISTOLA
2774 3627 2886 3686 LIV
2921 3630 3013 3684 ³³⁸.

2505 3736 2572 3773 AD
2593 3734 2884 3774 IIENRICUI.

1983 3813 2047 3870 Ut
2075 3811 2446 3869 malevolorum
2476 3811 2728 3888 invidiam
2757 3819 2807 3862 et
2848 3807 3138 3865 calumnias
3163 3814 3420 3884 patienter

2559 3889 2835 3932 sustineat.

1983 3972 2205 4028 Domino
2227 3969 2440 4026 etPatri
2459 3983 2557 4025 sua
2577 3968 2919 4035 charissima,
2937 3968 3135 4024 domno
3160 3970 3324 4039 priori
3350 3970 3486 4025 llas.

1908 4079 2051 4128 meo,
2078 4061 2247 4117 frater
2280 4061 2584 4125 Anseruus,
2613 4059 2738 4113 vitae
2765 4058 3045 4129 praesentis
3074 4059 3334 4129 integram
3364 4077 3487 4130 pro-

1909 4151 2242 4222 speritatem,
2273 4158 2329 4204 et
2356 4147 2551 4203 futurae
2570 4156 2829 4203 aeternam
2858 4146 3204 4202 felicitatem.

238 4234 574 4331 ternsubite,
605 4245 659 4292 et
706 4237 936 4331 sollicite
979 4251 1211 4311 portate.
1262 4243 1618 4317 Omnipotens
1665 4247 1808 4305 Deus
1837 4275 1882 4331 ι)
1979 4247 2034 4303 Si
2077 4261 2172 4315 per
2191 4255 2431 4300 vestrum
2477 4242 2726 4297 nuntium
2770 4241 3076 4298 didicissem
3118 4254 3222 4310 qua
3256 4241 3483 4296 infamia

237 4322 368 4376 nihil
391 4337 423 4377 a
452 4324 629 4390 vobis,
655 4334 751 4380 aut
776 4327 843 4382 de
864 4330 1019 4385 vobis
1050 4328 1167 4387 ﬁeri
1191 4334 1493 4403 permittat,
1528 4336 1631 4392 nisi
1659 4338 1805 4407 quod
1837 4322 1875 4331 ”
1906 4338 2276 4395 diffamaretur
2335 4334 2573 4390 charitas
2633 4340 2843 4401 vestra,
2910 4346 3019 4401 quo
3082 4331 3269 4387 dolare
3291 4373 3308 4400 ,
3370 4347 3483 4402 qua

234 4411 309 4467 illi
335 4412 566 4482 placeat,
594 4423 649 4470 et
670 4415 825 4471 vobis
844 4419 1117 4489 expediat.

710 4526 1045 4586 EPISTOLA
1083 4530 1192 4587 LIII
1229 4534 1321 4588 ν’.

797 4636 865 4676 ΑΒ
894 4638 1238 4680 θυλιτειιωι.

272 4707 339 4763 Ut
375 4722 584 4781 propter
606 4714 923 4769 calumniam
952 4733 1054 4769 non
1074 4716 1286 4786 abjiciat
1313 4720 1481 4789 gregis
1505 4723 1766 4777 commissi

916 4802 1117 4840 curam.

306 4870 514 4927 Damna
562 4883 617 4929 et
640 4873 790 4930 Patri
823 4878 1117 4932 venerabili
1153 4879 1334 4935 abbati
1363 4879 1678 4948 Gaurano,
1701 4882 1804 4937 fra-

236 4970 320 5016 ter
350 4962 638 5020 Artssutus
671 4964 982 5035 Beccensis,
1012 4967 1120 5023 vita
1158 4978 1432 5037 peccator,
1464 4972 1647 5027 habitu
1685 4987 1801 5028 mo-

1903 4432 2061 4503 331
2120 4429 2337 4485 miseria
2373 4427 2707 4490 adiceretur;
2754 4435 2808 4481 et
2847 4426 3044 4481 exinde
3087 4440 3265 4480 meum
3306 4427 3486 4481 consi—

1907 4500 2113 4577 milia
2148 4518 2413 4575 auxilium
2447 4516 2825 4587 qumsiissetis,
2863 4516 3005 4571 sicut
3032 4514 3241 4581 dicitis;
3282 4524 3337 4571 et
3362 4516 3484 4570 nul-

1908 4612 2016 4667 lum
2064 4611 2419 4667 reddidissem
2458 4621 2775 4678 responsum
2836 4624 2851 4662 :
2904 4605 3076 4662 fateor
3119 4607 3244 4677 quia
3292 4607 3488 4663 merito

1907 4699 2343 4764 admiraremini,
2375 4705 2431 4753 et
2451 4697 2706 4752 diceretis
2732 4711 2820 4752 me
2847 4696 3039 4752 fecisse
3071 4696 3213 4767 quad
3252 4711 3358 4752 non
3388 4697 3484 4752 de-

1908 4791 2140 4847 buerim.
2210 4789 2316 4846 Sed
2375 4789 2563 4844 credat
2615 4788 2745 4843 mihi
2793 4788 3054 4844 sanctitas
3089 4796 3305 4853 vestra,
3358 4789 3483 4857 quia

1910 4896 2184 4950 nunquam
2219 4879 2528 4950 hujusmadi
2566 4879 2815 4934 nuntium
2858 4890 3099 4935 vestrum
3147 4878 3367 4934 memini
3399 4892 3485 4932 me

1908 4972 2142 5028 audisse.
2196 4971 2388 5027 Audivi
2438 4979 2615 5027 tamen
2662 4986 2693 5026 a
2745 4970 3096 5042 quibusdam,
3140 4986 3248 5026 non
3289 4969 3380 5039 qui
3426 4986 3485 5025 se

1516 5148 1751 5205 VARUE
1790 5150 2190 5208 LECTIONES.

305 5304 375 5378 ’ξ
403 5303 926 5378 Fratrem__nastrum
954 5307 1235 5363 Dominum
1267 5326 1365 5364 ms.
1395 5310 1445 5365 l.
1478 5309 1699 5367 fratrem
1734 5320 1880 5367 tuum
1909 5312 2190 5368 Dominum
2266 5314 2335 5346 ³⁸⁸
2366 5312 2498 5368 Cum
2546 5310 2749 5367 duobus
2796 5308 3059 5378 prtedictis
3102 5323 3227 5378 mss.
3277 5307 3473 5364 collata

239 5372 305 5404 ¹¹⁵
334 5372 403 5427 Et
434 5373 605 5429 Fratri
642 5375 954 5431 Reverentia
982 5393 1110 5432 mss.
1135 5387 1189 5432 et
1215 5378 1359 5434 Patri
1396 5383 1688 5435 reverenda
1761 5382 1831 5413 ¹¹⁶

1879 5382 2049 5452 Quam
2081 5384 2247 5452 tutius
2274 5398 2401 5436 mss.
2450 5378 2925 5452 quoniam_tut_ius
3000 5378 3067 5411 ’"
3107 5377 3246 5452 _Cum
3290 5378 3475 5432 iisdem

239 5458 374 5523 mss;
418 5442 643 5523 collata‘
682 5444 752 5523 'j'
797 5445 1085 5523 Praesentis
1129 5465 1228 5503 ms.
1280 5449 1333 5505 l.
1384 5464 1483 5520 per
1546 5451 1828 5523 praesentis
1889 5442 1967 5486 ⁷ῖ¹⁹
1998 5451 2270 5522 Charitas,
2328 5462 2382 5509 et
2420 5442 2499 5511 to't
2543 5469 2665 5508 mss.
2692 5447 2935 5505 charitas
2963 5447 3267 5519 acquiescat
3301 5456 3357 5504 et
3397 5456 3478 5504 tot

238 5511 307 5544 ¹²⁶
334 5509 465 5566 Cum
510 5514 749 5580 prtvlatis
772 5531 896 5570 mss.
924 5516 1115 5570 collata
