3872 6028
408 145 550 205 «ηδ

948 142 1005 199 8.
1050 139 1350 198 ANSELMI
1383 136 1734 195 CANTUAR.
1767 130 2086 192 ARClllEP.
2126 128 2278 188 ουρ.
2312 125 2507 211 PARS
2548 128 2633 184 lll.
2659 158 2729 169 —
2756 126 3140 185 EPISTOLE.

3554 129 3581 184 ί
3600 129 3699 185 ιξι

406 257 625 316 nuntios
664 265 877 313 vestros
928 255 1263 316 faterentur,
1309 250 1435 321 quia
1488 262 1597 305 non
1640 249 1779 304 bene
1821 248 1991 303 eratis
2018 248 2066 308 Α
2095 251 2305 307 certat,
2340 241 2435 311 qui
2466 256 2579 298 non
2602 254 2776 311 usque
2810 241 2867 295 ia
2887 239 3052 295 ﬁnem
3084 248 3180 295 aut
3214 255 3413 309 nam,
3460 251 3571 298 aut
3605 242 3701 297 ia:-

407 347 550 419 apud
580 345 852 402 dominum
877 341 1364 411 archiepiscopum.
1397 337 1505 393 Sed
1531 350 1653 392 cum
1684 350 1985 407 quaererem

407 452 632 512 propter
679 437 839 507 quid,
890 431 1281 489 circumeundo
1324 429 1696 502 signiﬁcantes
1742 427 1987 499 quaedam

409 526 842 587 inconvenientia
879 522 1012 578 nihil
1048 530 1255 577 certum
1288 522 1683 590 esprimebant.
1721 522 1856 575 Dum
1887 519 1989 590 igi-

409 632 500 676 tur
533 628 903 689 exspectarem
946 614 1237 671 certiorem
1276 627 1453 667 rerum
1496 612 1778 678 notitiam,
1811 609 1989 665 audivi

412 714 555 768 inter
581 725 677 765 vos
703 710 965 777 integram
988 705 1204 760 venisse
1236 701 1755 758 reconciliationem.
1789 700 1867 754 De
1895 701 1990 754 de-

420 802 624 858 siderio
662 809 876 863 autem,
920 798 1072 868 cujus
1114 810 1210 851 vos
1242 793 1383 848 velle
1412 792 1686 848 licentiam
1724 791 1923 847 habere
1962 803 1994 844 a

414 893 614 947 domno
645 889 839 946 abbate
864 896 919 943 et
942 904 971 942 a
1012 901 1096 939 me
1124 884 1474 954 signiﬁcatis,
1502 883 1580 938 sic
1620 882 1746 938 olim
1781 882 1990 947 audivi,

408 981 593 1037 nescio
608 979 722 1049 jam
753 994 783 1033 a
822 993 963 1047 quo,
1001 985 1058 1029 ut
1086 974 1441 1044 intelligerem
1474 988 1651 1027 meum
1678 972 1744 1026 ad
1767 972 1871 1026 hoc
1893 972 1989 1026 deo

416 1072 646 1128 siderari
695 1069 985 1135 auxilium;
1037 1083 1140 1121 non
1193 1075 1372 1119 tamen
1422 1063 1597 1133 expeti
1650 1076 1989 1134 responsum.

410 1164 516 1220 Sed
554 1162 807 1233 quoniam
856 1159 1194 1215 certissimus
1237 1170 1386 1211 eram
1436 1157 1692 1209 domuum
1736 1153 1987 1209 abbatem

410 1256 464 1311 id
493 1270 765 1325 nunquam
795 1268 916 1308 esse
957 1265 1374 1315 concessurum;
1411 1248 1601 1302 melius
1631 1262 1745 1301 rem
1780 1246 1993 1316 penitus

409 1346 626 1401 silentio
659 1345 942 1413 tegendam
961 1382 975 1408 ,
1026 1358 1187 1413 quam
1218 1341 1418 1395 frustm
1444 1339 1613 1394 verbo
1636 1337 1989 1407 detegendam

407 1437 590 1508 putavi
621 1446 674 1492 et
704 1442 852 1506 puto.
900 1434 1051 1503 Quod
1100 1442 1281 1488 autem
1322 1429 1562 1486 scribitis
1600 1427 1775 1496 quod,
1826 1427 1991 1482 mise-

407 1538 563 1584 rante
591 1530 730 1594 Deo,
761 1529 955 1584 claruit
983 1527 1215 1589 veritas,
1247 1523 1472 1580 confusa
1502 1530 1557 1577 et
1585 1520 1875 1575 obscurata
1906 1529 1991 1577 est

408 1621 618 1677 falsitas
639 1630 692 1676 et
715 1620 830 1689 ejus
856 1621 1163 1675 inventores
1188 1637 1200 1672 :
1231 1619 1425 1673 scitote
1445 1630 1527 1670 me
1551 1615 1732 1670 verius
1756 1615 1993 1686 gaudens

412 1713 481 1768 de
510 1713 785 1768 soliditate
814 1712 1089 1777 veritatis,
1134 1723 1296 1779 quam
1332 1708 1527 1774 credo,
1566 1721 1728 1776 quam
1756 1707 1992 1764 doluisse

410 1805 477 1859 de
509 1803 763 1875 ﬁgmento
811 1802 1089 1865 falsitatis,
1139 1815 1299 1871 quam
1348 1813 1624 1867 nunquam
1660 1798 1882 1853 credidi.
1916 1798 1993 1854 De

417 1894 617 1950 invidis
639 1909 800 1959 vero,
833 1910 969 1964 quos
999 1895 1174 1949 adhuc
1200 1893 1536 1948 oblatrantes
1572 1890 1994 1961 insidiantesque

407 1988 691 2056 patimini,
724 1987 827 2042 hoc
856 1987 977 2041 dico
1011 1986 1153 2056 quod
1179 1986 1359 2052 scitis;
1390 1986 1513 2056 quia
1544 2001 1760 2055 semper
1795 1986 1995 2040 invidet

408 2078 602 2133 vitium
632 2079 836 2132 virtuti.
864 2077 921 2133 Si
957 2077 1118 2148 igitur
1148 2077 1363 2133 invidia:
1391 2078 1768 2150 persecutione
1805 2090 1992 2132 carere

410 2169 609 2233 vultis;
658 2177 750 2222 aut
794 2168 1003 2235 locum,
1049 2168 1137 2222 ubi
1167 2166 1381 2224 lateatis
1430 2168 1681 2235 vitiosos,
1724 2166 1989 2233 invenite;

411 2270 505 2315 aut
545 2260 829 2315 virtutibus
881 2259 1205 2313 renuntiate.
1254 2256 1361 2313 Sed
1401 2266 1651 2312 neutrum
1694 2258 1887 2312 horum
1914 2255 1993 2312 fa-

409 2348 593 2413 cietis;
634 2348 759 2417 quia
803 2347 1032 2402 alterum
1056 2356 1140 2403 est
1165 2346 1526 2417 impossibile,
1576 2346 1805 2401 alterum
1838 2360 1996 2401 exse-

410 2440 645 2495 crabile.
695 2440 832 2506 Quid
878 2440 1043 2512 igitur
1088 2447 1285 2505 restat,
1344 2439 1449 2495 nisi
1492 2448 1550 2494 ut
1593 2439 1786 2494 armati
1829 2439 1996 2494 armis

405 2533 653 2606 justitiw,
677 2549 708 2585 a
734 2532 933 2585 dextris
960 2541 1008 2585 et
1033 2548 1065 2584 a
1102 2532 1330 2603 sinistris
1358 2532 1674 2599 transeatis,
1706 2546 1829 2585 cum
1854 2530 1998 2599 Apo-

415 2620 588 2686 stolo,
624 2638 714 2692 per
747 2620 971 2691 gloriam
1006 2630 1052 2674 et
1091 2620 1498 2690 ignobilitatem,
1530 2636 1621 2689 per
1648 2619 1922 2689 infamiam
1947 2628 1995 2672 et

411 2709 601 2763 bonam
625 2710 822 2778 famam
852 2709 944 2781 (II
974 2709 1098 2764 Cor.
1128 2725 1213 2775 γι,
1240 2709 1305 2780 8)
1340 2728 1352 2763 :
1389 2719 1445 2765 et
1468 2710 1728 2781 quidquid
1758 2710 1857 2779 ipsi
1885 2724 1998 2765 ιιιο-

410 2798 641 2866 liantur,
676 2816 950 2870 nunquam
992 2801 1059 2855 ad
1087 2816 1210 2865 eos,
1258 2802 1351 2857 sed
1397 2801 1462 2857 ad
1502 2818 1718 2873 gressus
1753 2813 1994 2871 vestros,

2088 332 2435 404 pugnationis
2489 331 2941 401 perseveraverit.
2986 331 3260 400 Scriptum
3313 340 3399 387 est
3451 348 3701 402 namque

2091 424 2216 495 quia
2272 424 2526 493 patientia
2575 439 2705 497 opus
2757 423 3042 492 perfectura
3101 423 3252 478 habet
3296 424 3460 496 (Jac.
3510 441 3565 493 ι,
3606 428 3695 497 4};

2091 490 2146 570 et.
2188 532 2202 569 :
2251 490 2319 569 In
2359 490 2823 585 patientia/vestra
2851 490 3191 583 lpossidebitis
3240 490 3451 571 animus

2094 603 2256 674 (Luc.
2281 619 2407 659 sxrv
2430 646 2444 669 ,
2477 604 2586 674 i9.)
2611 604 2669 660 Si
2693 619 2821 660 vero
2848 606 3030 661 mente
3058 605 3446 676 amplectimini
3477 612 3696 678 patien-

2094 696 2222 751 tiam
2244 739 2259 764 ,
2296 706 2354 753 et
2382 697 2785 753 tribulationem
2829 697 3107 753 declinare
3143 700 3425 770 satagitis,
3460 704 3692 771 scitote,

2092 790 2203 845 imo
2241 789 2391 845 scitis
2427 790 2743 860 patientiam
2784 805 2891 845 non
2918 804 3040 846 esse
3076 792 3177 847 nisi
3222 793 3276 846 in
3315 794 3691 851 tribulatione.

2093 883 2135 940 C
2141 883 2332 936 audete
2360 880 2525 949 igitur
2547 881 2601 934 in
2626 880 3058 935 tribulationibus
3074 920 3090 948 ,
3129 883 3347 938 scientes
3367 885 3499 954 quia
3520 888 3691 941 triba-

2092 976 2220 1029 latio
2281 972 2592 1043 patientiam
2635 986 2913 1039 operatur,
2970 977 3226 1042 patientia
3281 977 3688 1045 probationem,

2090 1063 2329 1132 probatio
2367 1083 2540 1135 spent,
2580 1080 2694 1133 spes
2719 1074 2891 1117 autem
2930 1080 3034 1118 non
3064 1067 3336 1135 confundit
3375 1067 3533 1137 (Jac.
3561 1085 3608 1129 ι,
3636 1072 3688 1134 3;

2092 1155 2245 1210 Rom.
2278 1173 2310 1211 v
2331 1198 2347 1223 ,
2370 1157 2459 1227 4).
2486 1155 2677 1210 Dicitis
2695 1169 2793 1209 vos
2822 1154 2966 1209 nullo
2989 1157 3149 1212 modo
3180 1172 3338 1225 posse
3368 1160 3695 1215 essevobis-

2093 1262 2218 1303 cum
2263 1248 2382 1302 sine
2429 1247 2644 1316 integra
2681 1245 3083 1315 archipraasulis
3122 1246 3319 1317 gratia.
3358 1247 3461 1303 Hic
3511 1260 3689 1306 autem

2095 1340 2396 1409 respondeo
2424 1346 2619 1394 vestrae
2637 1336 2968 1407 prudentiae,
3000 1352 3263 1407 nusquam
3285 1354 3384 1394 vos
3413 1340 3554 1394 bene
3571 1356 3692 1396 esse

2092 1444 2286 1499 posse;
2320 1431 2364 1485 si
2395 1444 2515 1486 eam
2537 1469 2552 1494 ,
2581 1426 2725 1498 quod
2751 1441 2815 1481 ex
2846 1425 2999 1481 vobis
3024 1436 3138 1493 est,
3194 1443 3300 1483 non
3356 1429 3690 1491 habueritis;

2095 1522 2139 1578 si
2168 1537 2298 1579 vero
2323 1538 2443 1578 eam
2470 1520 2672 1577 habere
2694 1537 2800 1576 non
2827 1520 3289 1590 eoutempseritis,
3328 1523 3424 1585 sed
3455 1535 3562 1575 non
3597 1537 3690 1592 po-

2023 1595 2067 1655 Β
2098 1612 2304 1678 teritis,
2328 1621 2388 1666 ut
2410 1626 2631 1668 necesse
2654 1612 2724 1667 sit
2748 1626 2842 1666 vos
2865 1610 2991 1665 alibi
3022 1624 3143 1665 esse
3161 1652 3176 1676 ,
3209 1626 3372 1681 quam
3400 1627 3529 1666 cum
3558 1613 3649 1667 illo
3672 1651 3686 1667 .

2093 1719 2362 1774 nusquam
2412 1719 2508 1758 vos
2558 1702 2781 1770 melius,
2816 1702 2942 1772 quia
2989 1717 3254 1771 nusquam
3291 1704 3528 1768 rectius,
3572 1719 3690 1760 esse

2092 1810 2281 1867 posse,
2342 1810 2503 1865 quam
2533 1788 2815 1849 nobiscum
2867 1793 2936 1824 ’ίί
2997 1811 3010 1846 :
3066 1793 3213 1848 nulla
3272 1794 3419 1848 enim
3479 1796 3689 1852 ratione

2094 1886 2326 1940 domnus
2346 1884 2547 1951 abbas,
2584 1894 2638 1939 et
2673 1883 2871 1938 fratres
2901 1883 3067 1939 vestri
3099 1882 3266 1939 aliter
3298 1886 3685 1941 concederent.

2094 1978 2228 2035 Nam
2255 1994 2363 2033 non
2393 1988 2500 2034 tam
2532 1978 2682 2050 parvi
2708 1977 3029 2041 mstimatur,
3060 1984 3154 2030 aut
3184 1985 3292 2030 tam
3315 1991 3509 2045 parum
3537 1994 3686 2031 ama-

2096 2082 2184 2128 tur
2205 2071 2511 2128 sanctitatis
2559 2079 2752 2124 vestra:
2796 2070 3119 2133 strenuitas,
3168 2078 3228 2122 ut
3262 2068 3354 2137 qui
3383 2082 3504 2122 eam
3539 2068 3687 2138 juste

2106 2173 2285 2234 potest
2307 2172 2520 2225 tenere,
2556 2170 2749 2230 sponte
2775 2169 2869 2215 aut
2892 2158 3050 2215 facile
3075 2159 3203 2215 velit
3223 2174 3286 2214 ea
3322 2175 3531 2216 carere.
3563 2160 3690 2217 0m-

2098 2257 2348 2325 nipotens
2375 2252 2515 2309 Deus
2548 2251 2627 2307 sic
2650 2252 2817 2307 vitam
2850 2259 3087 2306 vestram
3131 2261 3381 2321 protegat
3416 2261 3469 2307 et
3508 2253 3686 2323 dispo-

2096 2357 2221 2413 nat,
2254 2356 2309 2403 ut
2342 2346 2593 2402 omnibus
2632 2343 3130 2416 itnpugnationibus
3174 2352 3231 2400 et
3270 2344 3686 2401 adversitatibus

2096 2439 2435 2511 przevalcatis
2450 2480 2465 2505 ,
2505 2439 2647 2494 unde
2670 2451 2927 2494 coronam
2946 2436 3334 2506 sempiternam
3351 2437 3684 2511 percipiatis.

2100 2530 2264 2587 Orate
2292 2545 2392 2602 pro
2421 2543 2530 2585 me.

2586 2620 2921 2679 EPISTOLA
2962 2618 3053 2674 LV
3092 2620 3186 2674 "’.

2672 2728 2739 2768 AD
2781 2727 3113 2766 lAUlll'l‘lUl.

2156 2822 2467 2878 Gratulatur
2492 2822 2631 2894 quod
2660 2823 2843 2876 audiat
2873 2822 3161 2891 Arnulfum
3183 2821 3625 2877 Crammaticum.

410 2893 537 2948 forti
565 2901 617 2947 et
647 2894 828 2962 quieta
861 2901 1040 2946 mente
1071 2892 1390 2948 intendatis.
1421 2892 1477 2948 Si
1501 2896 1645 2949 enim
1672 2895 1835 2950 vestri
1859 2896 1996 2949 oculi
2025 2932 2070 2997 Ο
2174 2918 2379 2973 θειωιο
2405 2892 2514 2972 δυσ
2535 2915 2689 2971 {ram
2720 2923 2777 2971 ει
2804 2914 2916 2969 quo
2949 2913 3231 2969 Mum-“0
3285 2912 3455 2969 [ηιρι.
3485 2915 3689 2970 usu-

410 3000 609 3053 semper
648 2983 718 3036 ad
767 2983 1082 3051 Dominum,
1132 2985 1242 3054 ipse
1285 2984 1461 3039 evellet
1496 2985 1559 3039 de
1599 2985 1787 3056 laqueo
1841 2986 1995 3057 pedes

410 3086 603 3131 vestros
636 3074 806 3147 (Psal.
827 3092 989 3141 xxiv,
1014 3076 1139 3147 l5);
1169 3077 1266 3147 ipsi
1284 3093 1413 3133 vero
1436 3078 1747 3133 incidentia
1769 3078 1998 3149 foveam,

409 3184 569 3237 quam
616 3168 857 3222 fecerunt
902 3166 1086 3238 (Psal.
1132 3184 1243 3235 vu,
1300 3168 1428 3239 16);
1489 3178 1537 3223 et
1591 3170 1787 3240 captio,
1833 3184 1997 3239 quam

410 3259 842 3326 absconderunt,
876 3261 1243 3329 apprehendet
1285 3276 1379 3316 eos
1428 3261 1610 3332 (Psal.
1638 3280 1801 3320 xxxiv
1823 3306 1839 3333 ,
1888 3268 1953 3338 8)
1981 3281 1996 3319 :

410 3362 567 3414 cum,
599 3351 740 3404 sicut
768 3349 883 3419 jam
923 3351 1122 3423 coepit,
1175 3350 1437 3407 eminebit
1481 3353 1649 3409 libera
1674 3357 1873 3411 veritas
1896 3398 1911 3425 ,
1945 3367 2000 3413 et

410 3438 477 3491 ad
502 3439 759 3521 gloriam;
790 3447 846 3493 et
872 3440 1133 3496 obruetur
1156 3440 1380 3496 confusa
1408 3440 1652 3510 falsitas,
1683 3446 1734 3500 in
1769 3446 2001 3517 ignomi-

410 3528 579 3581 niam.
652 3529 709 3582 In
775 3544 883 3599 quo
953 3538 1132 3584 tamen
1201 3531 1430 3586 sollicite
1485 3548 1603 3599 vos,
1649 3534 1789 3589 sicut
1841 3535 1997 3591 decet

411 3616 709 3688 perfectum
732 3620 947 3673 servum
969 3618 1100 3686 Dei,
1131 3617 1421 3676 observare
1442 3635 1677 3692 oportet,
1716 3641 1785 3682 ne
1814 3627 1997 3683 inimi-

412 3725 598 3767 corum
652 3711 967 3768 confusione
1022 3714 1352 3786 gaudentes,
1423 3730 1543 3771 eam
1628 3718 1994 3789 cxprobretis,

411 3804 788 3875 exprobrando
801 3804 1129 3875 praedicetis,
1145 3808 1487 3877 praedicando
1500 3806 1803 3879 divulgetis,
1825 3810 1997 3864 divul-

422 3898 602 3967 gando
624 3896 897 3967 augeatis;
923 3911 990 3951 ne
1016 3896 1067 3951 in
1094 3907 1384 3968 conspectu
1409 3897 1535 3965 Dei,
1574 3899 1776 3955 ultione
1813 3900 1996 3956 inimi—

411 4003 602 4043 corum
635 3987 891 4043 delectari
918 3988 1259 4058 judicemini.
1290 3991 1365 4048 De
1390 4000 1570 4047 vestra
1600 3991 1766 4060 igitur
1795 3991 1995 4048 libera-

2101 3026 2228 3066 IUS.

2174 3097 2362 3155 Audivi
2406 3097 2550 3168 quod
2574 3096 2724 3165 legas
2748 3111 2780 3150 a
2808 3097 3028 3153 domino
3053 3094 3292 3151 Arnulfo.
3332 3095 3490 3163 Quod
3518 3096 3571 3153 si
3600 3111 3689 3155 ve-

2100 3208 2222 3247 rum
2265 3201 2382 3257 est,
2413 3190 2592 3261 placet
2620 3188 2751 3243 mihi
2797 3189 2889 3259 qui
2913 3205 3118 3261 semper
3155 3192 3470 3261 profectum
3501 3208 3687 3265 tuum,

2099 3284 2241 3339 sicut
2264 3285 2378 3353 ipse
2396 3298 2460 3338 ex
2490 3290 2643 3352 parte
2669 3294 2928 3353 expertus
2950 3299 3041 3350 es,
3080 3287 3385 3342 desideravi
3413 3302 3429 3342 :
3467 3306 3571 3345 nec
3595 3306 3682 3345 un-

2098 3390 2261 3445 quam
2302 3374 2490 3443 utique
2526 3374 2811 3445 plusquam
2847 3378 3026 3435 modo.
3072 3378 3266 3434 Audivi
3301 3395 3513 3451 quoque
3544 3387 3687 3452 quod

2100 3464 2217 3534 ipse
2250 3463 2481 3517 multum
2514 3463 2697 3520 valeat
2738 3465 2791 3520 in
2835 3465 3232 3534 declinatione;
3270 3478 3323 3523 et
3348 3480 3398 3524 tu
3426 3472 3534 3526 scis
3558 3474 3689 3541 quia

2096 3553 2384 3609 molestum
2410 3553 2539 3608 mihi
2567 3568 2780 3624 semper
2805 3554 2971 3611 fuerit
2997 3559 3183 3627 pueris
3208 3560 3479 3615 declinare
3495 3602 3513 3627 ,
3543 3565 3689 3619 unde

2096 3643 2267 3698 valde~
2300 3644 2480 3698 minus
2510 3658 2671 3713 quam
2702 3645 2797 3700 tibi
2832 3648 3137 3716 expediret.
3177 3648 3305 3707 Scio
3339 3660 3391 3706 te
3423 3653 3571 3720 apud
3608 3668 3687 3707 me

2095 3735 2153 3791 in
2180 3735 2483 3791 declinandi
2514 3737 2742 3791 scientia
2770 3738 3091 3806 profecisse.
3150 3741 3352 3798 llortor
3395 3745 3606 3813 itaque,
3636 3755 3683 3799 et

2096 3844 2319 3898 precor,
2377 3838 2433 3884 et
2467 3838 2527 3885 ut
2566 3828 2678 3885 tilio
2726 3831 3047 3888 charissima
3093 3835 3379 3904 praecipio,
3422 3846 3685 3906 quatenus

2096 3918 2355 3989 quidquid
2376 3919 2445 3974 ab
2468 3933 2535 3975 eo
2574 3918 2806 3989 legeris,
2851 3929 2908 3976 et
2946 3922 3209 3992 quidquid
3259 3923 3406 3979 aliud
3454 3926 3686 3994 poteris,

2095 4009 2510 4079 diligentissime
2555 4010 2832 4066 declinare
2860 4014 3100 4070 studeas.
3132 4013 3245 4070 Nec
3287 4016 3491 4085 pudeat
3525 4025 3580 4071 te
3608 4018 3686 4071 sic

418 4078 594 4179 tione,
629 4080 684 4179 in
709 4088 919 4179 secreto
947 4082 1174 4179 mentis,
1222 4082 1275 4136 in
1316 4094 1606 4153 conspectu
1636 4084 1764 4150 Dei,
1793 4084 1996 4156 gratias
2054 4098 2055 4101 ‘
2092 4102 2148 4157 in
2179 4078 2283 4159 hoc
2319 4104 2538 4158 studere
2575 4103 2742 4159 etiam
2776 4105 2973 4174 quibus
3016 4106 3087 4139 ιιι
3131 4117 3185 4163 ιο
3224 4078 3387 4179 βείω,
3415 4126 3523 4165 non
3554 4111 3685 4165 εηεη,

412 4169 487 4224 illi
518 4170 723 4240 agendo
773 4172 1032 4240 gaudete;
1081 4171 1292 4227 illorum
1331 4188 1463 4229 vero
1505 4185 1819 4244 peccatum,
1879 4177 1992 4233 sive

2098 4209 2243 4265 gere,
2274 4200 2427 4268 quasi
2477 4215 2623 4257 nunc
2658 4201 2712 4256 id
2756 4200 3135 4257 recentissime
3175 4200 3407 4270 incipias
3439 4217 3456 4254 :
3498 4216 3611 4270 quo
3637 4211 3686 4257 et

411 4270 695 4327 eventum,
732 4277 832 4332 pro
863 4261 966 4317 illis
997 4263 1234 4328 orando,
1278 4265 1396 4319 miti
1421 4275 1602 4321 mente
1631 4267 1987 4323 dissimulate.

2098 4301 2160 4342 ea
2193 4302 2312 4359 qua:
2354 4290 2498 4356 scis,
2536 4292 2655 4360 ejus
2695 4293 2885 4347 auditu
2916 4291 3277 4358 conﬁrmata,
3323 4294 3573 4349 securius
3614 4307 3687 4348 te-

411 4353 566 4420 Quod
594 4365 773 4409 autem
803 4370 899 4411 vos
928 4371 1092 4428 super
1119 4356 1390 4426 frequenti
1420 4359 1780 4416 commotione
1812 4360 1983 4428 illius,

412 4458 572 4511 quem
594 4441 706 4499 fere
727 4459 888 4514 super
907 4461 1096 4501 omnes
1114 4446 1332 4517 diligitis
1360 4447 1628 4514 homines,
1651 4448 1810 4519 allligi
1838 4456 1988 4505 mouo

412 4533 626 4597 stratis;
659 4534 861 4590 nullum
887 4536 1031 4591 aliud
1056 4537 1211 4593 video
1232 4536 1539 4605 consilium,
1566 4539 1668 4595 nisi
1690 4539 1818 4595 illud
1844 4547 1986 4610 quod

413 4628 498 4674 est
521 4621 779 4689 Optimum
807 4641 820 4677 :
846 4623 959 4679 sola
998 4625 1216 4680 virtutis
1243 4626 1545 4698 patientiaa,
1590 4644 1753 4700 quam
1779 4630 1985 4702 jamdiu

415 4708 641 4764 viriliter
690 4714 970 4778 tenuistis,
1043 4720 1507 4775 consununatione
1563 4736 1697 4792 opus
1753 4723 1985 4780 habetis.

413 4800 569 4857 Nullo
597 4803 742 4859 enim
786 4805 944 4862 modo
989 4806 1296 4874 efﬁcacius,
1341 4818 1435 4865 aut
1481 4820 1742 4881 quantum
1791 4813 1859 4870 ad
1896 4830 1990 4870 vos

415 4893 693 4951 honestius
724 4896 974 4954 utiliusve
1010 4896 1225 4969 fugietis
1253 4899 1319 4954 ad
1350 4901 1546 4956 mentis
1588 4903 1854 4971 quietem,
1898 4915 1992 4960 aut

417 4985 562 5041 illum
596 4987 910 5057 placabitis,
950 5002 1045 5048 aut
1070 4993 1280 5050 hostem
1310 4996 1611 5061 occultum,
1649 4996 1738 5065 qui
1765 5012 1860 5051 vos
1886 4998 1990 5054 hac

392 5078 531 5146 .ipsa
562 5078 899 5137 tribulatione
924 5084 1229 5156 impugnat,
1254 5087 1609 5157 superabitis,
1647 5097 1704 5142 ut
1733 5105 1987 5145 coronam

416 5168 655 5223 victoria:
694 5173 1021 5243 percipiatis.
1056 5177 1178 5231 Non
1207 5180 1344 5232 enim
1372 5180 1737 5245 coronabimr,
1777 5182 1878 5236 nisi
1903 5185 1992 5252 qui

416 5258 640 5332 legitime
698 5268 966 5321 certaverit
1013 5267 1108 5339 (11
1157 5268 1290 5322 Tim.
1331 5285 1402 5336 ll,
1447 5271 1551 5342 5);
1611 5288 1711 5328 nec
1750 5274 1993 5345 legitime

2096 4394 2261 4447 neas;
2299 4389 2354 4436 et
2382 4397 2448 4438 eo
2478 4384 2740 4450 docente,
2779 4384 2824 4439 si
2856 4384 2907 4438 in
2933 4384 3116 4454 aliquo
3146 4384 3383 4451 falleris,
3418 4387 3470 4440 id
3514 4387 3685 4441 curri-

2093 4486 2216 4542 gas;
2249 4482 2303 4528 et
2327 4473 2468 4544 quod
2497 4475 2746 4545 ignoras,
2788 4474 3059 4532 addiscas.
3098 4474 3156 4531 Si
3200 4485 3382 4531 autem
3417 4477 3555 4531 nihil
3596 4479 3683 4531 tibi

2093 4563 2251 4635 legit,
2285 4573 2340 4618 et
2376 4573 2463 4619 tua
2498 4566 2601 4622 hoc
2636 4576 2721 4622 est
2753 4566 3078 4638 negligentia
3099 4606 3114 4633 ,
3150 4568 3399 4639 displicet
3434 4570 3604 4635 mihi;
3636 4580 3686 4624 et

2095 4654 2215 4711 volo
2248 4663 2518 4725 quatenus
2552 4665 2611 4713 ut
2659 4657 2754 4712 tiat
2795 4668 3059 4728 quantum
3102 4671 3286 4730 potes,
3335 4668 3593 4731 satagas,
3633 4672 3685 4715 et

2096 4747 2365 4815 praecipue
2390 4746 2456 4801 de
2492 4747 2716 4818 Virgilio
2742 4758 2797 4803 et
2826 4748 2947 4805 aliis
2982 4752 3329 4817 auctoribus,
3360 4766 3498 4821 quos
3532 4766 3565 4805 a
3604 4768 3682 4805 me

2094 4849 2204 4890 non
2233 4835 2440 4906 legisti,
2477 4839 2720 4908 exceptis
2747 4840 2863 4907 his,
2896 4840 2950 4894 in
2972 4842 3170 4910 quibus
3193 4841 3372 4911 aliqua
3405 4842 3681 4911 turpitudo

2096 4933 2277 4982 sonat.
2314 4924 2468 4991 Quod
2514 4928 2559 4982 si
2596 4927 2777 4998 aliqua
2806 4940 2858 4985 te
2896 4930 3148 4986 obstante
3184 4946 3292 4985 non
3337 4941 3495 5000 petes
3523 4933 3596 4986 ab
3621 4947 3680 4985 eo

2098 5015 2306 5087 legere,
2338 5016 2423 5070 vel
2462 5017 2563 5072 hoc
2594 5020 2783 5083 stude,
2837 5030 2896 5074 ut
2942 5019 3234 5086 librorum,
3282 5037 3422 5091 quos
3475 5022 3676 5094 legisti,

2098 5120 2447 5177 quoscunque
2488 5116 2665 5176 potes,
2703 5118 2758 5165 et
2791 5111 2987 5179 quibus
3037 5112 3186 5167 horis
3235 5123 3419 5183 potes,
3466 5125 3609 5171 totos
3650 5131 3676 5167 a

2101 5197 2365 5267 principio
2396 5214 2563 5267 usque
2588 5200 2652 5254 ad
2682 5199 2841 5255 ﬁnem
2871 5203 3315 5273 diligentissime,
3352 5206 3498 5261 sicut
3522 5221 3674 5276 supra

2102 5287 2315 5350 monui.
2358 5287 2613 5344 declines.
2655 5289 2891 5347 Ostende
2924 5294 3086 5349 etiam
3134 5295 3308 5351 eidem
3355 5297 3675 5353 charissima

1697 5390 1929 5450 VARUE
1966 5396 2367 5455 LECTIONES.

436 5464 1457 5570 mf"gniﬁnl‘ecgfpggﬁg.2igitisgtl‘m
1472 5495 1621 5570 ranas:
1638 5483 1760 5570 quia
1788 5500 2053 5570 nusquam
2082 5491 2282 5548 rectius
2310 5508 2494 5551 esse...
2521 5494 2798 5552 nobiscum
2873 5498 2944 5530 “'
2969 5499 3102 5554 Cum
3140 5515 3242 5555 uno
3278 5516 3345 5555 ex
3412 5500 3675 5570 prtrdictis

421 5546 542 5587 mss.
566 5536 754 5590 collata
829 5541 896 5571 ²¹³
919 5542 1091 5598 Etiam
1124 5547 1319 5615 quibus
1340 5563 1437 5602 ms.
1468 5536 1706 5608 etiamin
1739 5536 1933 5623 quibit;
