3872 6028
276 173 427 234 1125

1518 172 1647 230 LIB.
1679 174 1716 241 Ι,
1755 173 1970 231 Ειηδτ.
2031 174 2170 232 LVI.

3400 191 3558 250 1126

279 290 461 344 amico
491 293 676 342 nostro
706 287 848 360 hanc
871 279 1157 355 epistolam
1181 324 1198 351 ,
1228 283 1282 338 in
1325 298 1434 354 qua
1460 295 1523 342 ut
1551 285 1879 342 breviterm
1906 290 1956 349 Α
1985 287 2181 344 diendo
2213 288 2582 360 respondebo;
2635 289 2774 348 forte
2822 306 2932 350 non
2979 294 3126 365 quod
3167 297 3428 370 sufﬁciat,
3463 308 3559 362 sed
3631 307 3639 313 ’

276 389 339 436 et
403 378 627 433 multum
686 375 807 447 ejus
879 391 980 448 pro
1055 384 1108 432 te
1165 376 1427 445 deprecor
1487 376 1867 444 dilectionem,

275 477 408 538 peto
436 476 491 522 ut
522 466 615 523 tibi
648 465 898 522 ostendat
924 473 1185 536 quantum
1221 465 1287 521 de
1306 477 1433 519 vera
1457 463 1574 535 ejus
1597 464 1870 521 conlidere

276 571 505 626 possum
533 555 772 611 amicitia
797 572 812 611 :
848 562 903 610 et
929 553 1110 610 indico
1137 553 1208 585 m
1237 553 1362 622 quia
1390 553 1535 623 quod
1566 553 1658 609 tibi
1685 553 1866 622 faciet,

277 667 389 706 non
420 651 578 708 alteri
612 665 776 722 quam
818 649 968 709 cordi
1012 663 1133 706 meo
1173 648 1354 703 faciet.
1386 647 1488 701 Diu
1516 648 1660 702 enim
1689 656 1774 704 est
1801 664 1868 704 ex

273 756 388 812 quo
415 757 516 814 ego
558 750 614 796 et
659 741 774 811 ipse
804 740 872 795 de
901 747 1085 795 mutua
1118 739 1253 794 certi
1290 751 1477 793 sumus
1505 737 1741 792 amicitia
1769 754 1784 801 ;
1823 739 1866 792 si

275 833 428 903 ipse,
469 833 615 902 quod
654 846 754 903 ego
799 845 1075 900 nunquam
1114 827 1439 891 obliviscar,
1489 824 1762 882 reminisci
1789 825 1867 879 di-

276 932 496 994 gnatur.
545 922 733 978 Saluta
781 921 927 976 illum
977 934 1142 991 quam
1205 916 1541 973 reverentius
1593 925 1743 985 potes
1800 930 1867 970 ex

280 1022 472 1070 nostra
521 1023 707 1085 parte;
768 1021 824 1067 et
874 1012 1128 1072 domuum
1180 1009 1448 1080 priorem,
1504 1012 1560 1060 et
1609 1004 1866 1059 domuum

279 1117 462 1158 meum
496 1101 855 1165 Gondulfum,
897 1100 1142 1169 aliosque
1177 1099 1404 1153 domuos
1452 1100 1510 1148 et
1547 1091 1742 1149 fratres
1771 1109 1868 1148 no-

279 1203 463 1261 stros,
500 1193 591 1264 qui
621 1203 795 1248 tecum
825 1200 973 1248 sunt.
1003 1190 1167 1255 Vale,
1199 1189 1273 1244 (ili
1319 1190 1392 1245 mi
1434 1189 1773 1253 dulcissime,
1811 1195 1867 1242 et

278 1304 354 1344 ne
403 1297 722 1343 contemnas
767 1285 1056 1342 consilium
1097 1291 1326 1353 paterno
1377 1291 1430 1338 te
1469 1280 1742 1353 diligentis
1784 1277 1865 1334 af-

277 1377 442 1434 fectu.
474 1375 624 1432 Vale.

763 1441 1100 1499 EPISTULA
1137 1439 1249 1496 LVI
1287 1441 1382 1494 "5.

833 1553 900 1591 ΔΙ)
940 1549 1305 1590 ουιιιειυωι.

268 1630 352 1686 De
377 1629 561 1684 comite
584 1627 1049 1691 excommunicato,
1089 1626 1178 1696 qui
1217 1625 1492 1696 sacrisser
1520 1624 1859 1679 immiscebat.
1895 1631 1939 1688 Β

345 1700 423 1756 De
447 1698 758 1770 presbyteris
781 1695 1243 1770 incontinentibus,
1285 1705 1332 1748 et
1370 1695 1434 1749 de
1477 1695 1637 1764 lapsis
1682 1710 1860 1749 sacros

349 1768 558 1824 ordines
588 1768 918 1822 habentibus.

343 1840 550 1894 Domuo
570 1848 624 1893 et
640 1837 787 1893 Patri
812 1835 1110 1893 reverendo
1130 1834 1312 1891 abbati
1335 1834 1677 1902 GUILLELIIO,
1694 1835 1862 1891 frater

272 1931 588 1993 Asssuws,
627 1927 682 1982 in
708 1927 810 1982 hac
835 1927 942 1980 vita
972 1925 1283 1982 diuturnam
1321 1925 1772 1998 prosperitatem,
1805 1927 1860 1982 in

265 2019 452 2078 futura
473 2027 736 2074 aeternam
758 2015 1098 2072 felicitatem.

342 2109 422 2166 Ex
457 2124 566 2180 quo
610 2116 786 2164 vestra
837 2107 1082 2178 probitas
1125 2105 1260 2162 mihi
1305 2121 1460 2162 suam
1509 2106 1729 2179 dignata
1775 2115 1861 2164 est

268 2201 516 2271 praebere
558 2199 842 2266 notitiam,
904 2207 1112 2254 tantam
1157 2195 1274 2266 ejus
1327 2197 1554 2268 concepi
1603 2199 1857 2256 dilectio-

266 2307 396 2350 nem
424 2301 484 2347 ut
505 2305 721 2362 semper
743 2290 864 2362 ejus
906 2289 1041 2346 mihi
1085 2288 1257 2344 dulcis
1287 2288 1359 2344 sit
1387 2289 1671 2345 memoria.
1703 2289 1858 2358 Quod

267 2394 528 2456 expertus
552 2399 672 2440 sum
717 2399 825 2440 non
871 2382 1144 2439 immerito
1169 2381 1371 2448 fuisse,
1405 2383 1663 2453 quoniam
1693 2394 1750 2441 et
1776 2385 1859 2441 vi-

268 2486 380 2531 tam
428 2484 663 2532 vestram
710 2475 874 2547 332
930 2489 1120 2531 amore
1169 2481 1226 2530 et
1278 2477 1584 2533 reverentia
1636 2476 1854 2548 dignam

267 2565 465 2638 agnovi
514 2567 784 2630 existere;
837 2573 893 2620 et
939 2564 1320 2636 paternitatem
1365 2551 1602 2623 vestram
1641 2568 1711 2600 ”"
1747 2583 1853 2623 non

263 2657 387 2724 sine
415 2654 610 2713 affectu
640 2656 947 2713 dilectionis
975 2671 1104 2727 erga
1137 2654 1458 2725 parvitatem
1498 2673 1672 2716 meam
1709 2672 1851 2714 esse.

269 2747 428 2816 Saepe
472 2762 710 2818 namque
753 2748 948 2804 fratres
989 2763 1021 2802 a
1065 2751 1220 2806 vobis
1260 2750 1573 2814 venientes,
1616 2762 1702 2803 me
1745 2763 1854 2804 non

265 2837 446 2894 solum
492 2838 798 2893 sanctitatis
833 2847 1031 2894 vestrae
1087 2840 1350 2896 relatione
1403 2839 1849 2905 aedilicaverunt,

269 2927 364 2982 sed
400 2935 456 2981 et
481 2926 810 2998 dignationis
843 2936 1035 2982 vestra:
1061 2927 1391 2984 salutatione
1416 2929 1848 2983 bonoraverunt.

263 3017 451 3086 Quare
491 3018 618 3074 licet
644 3017 904 3089 quidquid
933 3027 1019 3073 est
1049 3019 1101 3073 in
1150 3034 1237 3075 me
1284 3027 1394 3074 toto
1423 3018 1645 3072 minime
1682 3018 1854 3088 possit

268 3110 439 3166 tantis
467 3109 677 3164 meritis
706 3109 1063 3180 respondere;
1096 3125 1274 3164 meum
1317 3118 1494 3164 tamen
1525 3117 1637 3174 est,
1681 3124 1852 3178 quan-

273 3211 382 3255 tum
423 3200 624 3256 amoris
658 3209 713 3255 et
757 3200 1070 3255 reverentiae
1115 3215 1363 3271 possum,
1415 3200 1692 3256 exhibere.
1743 3197 1852 3255 Sed

265 3289 385 3346 haec
414 3292 524 3346 Deo
555 3292 607 3348 in
639 3292 794 3348 nobis
821 3294 1085 3348 servanda
1114 3302 1169 3348 et
1191 3294 1435 3364 augenda
1461 3293 1807 3350 committens
1830 3335 1846 3362 ,

269 3384 336 3437 ad
363 3397 426 3438 ea
458 3383 524 3438 de
552 3384 745 3454 quibus
789 3399 960 3440 meam
989 3385 1306 3456 parvitatem
1336 3393 1520 3440 vestra
1565 3384 1850 3440 consulere

260 3474 486 3546 dignata
528 3485 612 3532 est
637 3476 954 3546 prudentia,
980 3492 1090 3531 non
1145 3475 1548 3547 praesumendo,
1587 3477 1680 3532 sed
1717 3477 1850 3532 obe-

1972 379 2113 448 quod
2154 379 2286 434 mihi
2333 380 2566 436 videtur.
2599 381 2792 438 Comes
2835 386 3054 454 quidem
3093 398 3303 460 vester,
3341 396 3432 464 qui
3461 412 3559 452 ex-

1971 473 2402 526 communicatus
2437 472 2590 527 vobis
2620 471 2800 527 divina
2828 473 3226 536 celebrantibus
3257 496 3317 538 se
3343 483 3556 550 miscet,

1971 561 2102 616 mihi
2155 561 2370 617 videtur
2414 563 2687 619 humiliter
2731 563 3136 636 admonendus;
3194 587 3264 628 ne
3312 583 3557 631 contem-

1970 652 2149 708 nendo
2196 654 2521 708 sententiam
2553 668 2774 719 eorum,
2815 653 2866 709 in
2907 656 3103 727 quibus
3141 658 3280 716 Deus
3326 661 3560 720 aliirmat

1970 757 2029 797 se
2060 743 2232 798 audiri
2261 758 2380 798 cum
2428 744 2746 809 audiuntur,
2777 754 2831 800 et
2874 749 3086 816 sperni,
3119 765 3242 806 cum
3287 768 3555 823 spernun-

1971 842 2086 900 tur;
2125 850 2184 891 sc
2215 836 2407 907 ligare,
2437 853 2558 892 cum
2588 837 2754 908 ligant
2802 839 2871 869 ’³⁸
2911 849 2966 894 et
2995 840 3242 911 solvere,
3287 860 3410 900 cum
3451 848 3558 904 sol-

1969 934 2132 990 vunt;
2166 936 2424 996 aggravet
2453 943 2617 998 super
2641 946 2701 986 se
2727 932 2819 986 Dei
2843 930 3105 1001 judicium
3126 973 3144 1000 ,
3175 951 3205 990 a
3232 950 3338 1005 quo
3367 937 3554 1010 fugere

1970 1028 2235 1084 nusquam
2281 1014 2441 1070 homo
2489 1027 2687 1086 potest.
2723 1019 2902 1087 Quare
2953 1021 3142 1077 melius
3185 1023 3257 1078 illi
3285 1037 3460 1094 esset,
3496 1038 3557 1083 ut

1967 1119 2064 1174 per
2089 1104 2360 1160 salubrem
2392 1107 2752 1165 humilitatem
2776 1111 3043 1167 abstineat
3070 1113 3276 1180 abhis,
3307 1131 3335 1170 a
3359 1117 3558 1186 quibus

1966 1209 2088 1250 cum
2123 1197 2413 1265 apostolica
2444 1209 2692 1271 segregat
2736 1203 2998 1258 sententia
3023 1245 3037 1269 ,
3089 1220 3250 1275 quam
3299 1224 3396 1277 per
3421 1225 3557 1281 pra:-

1965 1285 2289 1355 sumptionis
2337 1297 2705 1360 contemptura
2769 1306 2831 1347 se
2884 1291 3093 1362 ingerat
3147 1293 3202 1348 in
3255 1295 3380 1362 illa,
3435 1313 3555 1368 qua-

1965 1390 2241 1444 nunquam
2269 1377 2371 1432 nisi
2402 1394 2499 1449 per
2526 1380 2886 1437 humilitatem
2919 1385 3140 1453 quiesita
3176 1396 3444 1456 prosunt,
3495 1398 3550 1444 et

1964 1480 2180 1536 semper
2225 1467 2526 1524 inordinate
2577 1482 2901 1542 prmsumpta
2931 1475 3148 1532 obsunt.
3201 1477 3310 1534 Nec
3356 1479 3553 1534 debere

1963 1557 2107 1613 enim
2140 1557 2285 1613 nullo
2312 1574 2410 1614 suo
2450 1563 2763 1628 commodo,
2811 1571 2864 1617 et
2913 1565 3232 1635 gravissimo
3273 1582 3371 1623 suo
3409 1568 3552 1624 malo

1965 1662 2162 1718 cogere
2198 1663 2294 1704 vos
2322 1657 2413 1716 ut,
2443 1665 2568 1705 cum
2595 1665 2718 1705 eum
2750 1650 3025 1710 offendere
3057 1655 3258 1721 nolitis,
3297 1656 3466 1713 Deum
3495 1667 3552 1714 et

1962 1740 2107 1795 sedis
2154 1741 2464 1809 apostolicae
2508 1745 2884 1799 auctoritatem
2911 1747 3147 1816 graviter
3173 1749 3439 1805 irritetis:
3481 1754 3548 1807 ad

1963 1844 2098 1899 quos
2125 1830 2417 1900 placandos
2446 1832 2515 1863 “’
2549 1832 2696 1888 illum
2730 1833 3030 1904 adjutorem
3059 1837 3260 1895 habere
3291 1855 3396 1895 non
3424 1857 3550 1911 pos-

1961 1920 2100 1976 sitia.
2147 1919 2384 1978 Facilius
2413 1936 2626 1994 quoque
2669 1934 2832 1994 atque
2875 1925 3158 1996 benignius
3187 1930 3546 2000 apostolicum

1960 2010 2076 2082 ejus
2110 2013 2347 2070 rationes
2388 2024 2803 2086 suscepturum,
2849 2018 2894 2074 si
2947 2034 3100 2074 suam
3135 2019 3284 2076 illum
3322 2033 3545 2080 senten-

1960 2105 2090 2160 tiam
2143 2107 2454 2179 cognoverit
2511 2107 2824 2162 reveritum.
2879 2107 3033 2176 Quod
3083 2111 3127 2168 si
3179 2127 3363 2172 comes
3402 2115 3546 2171 idem

1958 2195 2102 2251 hanc
2120 2196 2541 2253 admonitionem
2571 2198 2858 2268 respuerit,
2893 2199 3045 2256 scitis
3068 2202 3194 2270 quia
3225 2203 3294 2234 ”'
3322 2203 3444 2274 plus
3465 2216 3547 2262 est

1959 2285 2102 2342 Deus
2130 2286 2401 2344 timendus
2440 2304 2602 2360 quam
2640 2292 2821 2347 homo.
2865 2289 3207 2362 Quapropter
3233 2304 3326 2350 aut
3353 2311 3546 2353 secun-

1957 2378 2082 2434 dutn
2124 2379 2236 2450 jam
2285 2381 2550 2451 prolatam
2605 2383 2956 2454 apostolicam
3009 2386 3366 2454 sententiam,
3414 2403 3545 2462 erga

1956 2470 2105 2526 illum
2136 2473 2422 2544 agendum,
2451 2485 2544 2530 ant
2571 2475 2742 2546 ipsum
2765 2477 3144 2548 apostolicum,
3172 2480 3285 2534 sive
3306 2479 3539 2550 aliquem

1955 2562 2071 2634 ejus
2093 2564 2237 2624 vices
2264 2575 2568 2635 gerentem,
2593 2567 2659 2622 de
2680 2568 2782 2624 hoc
2814 2568 2928 2639 ipso
2951 2569 3126 2626 denuo
3152 2573 3538 2628 consulendum

1954 2655 2226 2711 existimo.
2257 2656 2332 2712 De
2360 2658 2694 2730 presbyteris
2719 2675 2870 2726 vero,
2895 2661 2984 2731 qui
3012 2676 3072 2717 se
3097 2671 3282 2732 aperte
3310 2664 3543 2735 reproba

1953 2745 2196 2802 libidinis
2225 2747 2294 2779 ¹³¹
2345 2750 2758 2807 conversatione
2803 2751 2916 2807 Deo
2964 2751 3330 2822 reprobabiles
3381 2755 3543 2810 exhi-

1952 2835 2115 2903 bent;
2154 2837 2377 2894 omnine
2409 2840 2702 2896 tenendum
2733 2848 2818 2897 cst
2853 2843 2997 2912 quod
3026 2843 3322 2913 apostolica
3359 2847 3542 2916 provi-

1955 2927 2133 2983 dentia
2199 2929 2570 2986 ecclesiastico
2602 2930 2864 3002 justeque
2903 2932 3108 3003 judicio
3133 2941 3188 2988 et
3243 2933 3420 3004 rigore
3469 2937 3540 2968 ³³³

1955 3020 2256 3075 constituit.
2286 3020 2491 3092 Nempe
2526 3022 2832 3079 nullatenus
2871 3025 3126 3080 convenit
3172 3034 3230 3079 ut
3283 3025 3356 3082 ibi
3386 3042 3543 3082 reve—

1956 3118 2142 3165 renter
2193 3120 2400 3167 astetur
2429 3113 2522 3180 ²³⁸,
2555 3114 2646 3168 ubi
2668 3115 3019 3184 pertinaciter
3062 3123 3249 3186 aperta
3277 3125 3331 3171 et
3361 3116 3541 3187 impu-

1954 3200 2103 3257 denti
2132 3202 2356 3259 libidine
2389 3203 2654 3271 fetentes,
2704 3204 2798 3259 Dei
2835 3214 2892 3260 et
2929 3215 3242 3260 sanctorum
3294 3206 3543 3275 prohibi—

1961 3293 2164 3349 tionem
2219 3294 2644 3360 contemnendo,
2683 3294 2858 3350 sacris
2908 3293 3167 3350 altaribus
3192 3294 3536 3362 deserviunt;

1956 3383 2065 3439 imo
2092 3398 2196 3438 non
2230 3384 2539 3439 deserviunt
2567 3383 2660 3441 sed
2689 3393 2949 3455 quantum
2965 3384 3032 3440 ad
3060 3385 3208 3457 ipsos
3226 3400 3537 3442 commacu-

1952 3473 2086 3529 lant.
2107 3472 2221 3545 (l7)
2244 3473 2359 3530 Non
2373 3488 2482 3545 quo
2493 3474 2614 3545 quis
2629 3489 2692 3530 ea
2710 3489 2830 3545 qua
2849 3483 3102 3540 tractant,
3121 3475 3535 3542 contemnenda,

1587 3587 1677 3644 VA
1685 3587 1822 3642 ΜΕ
1861 3583 2262 3644 LECTIONES.

339 3679 412 3711 m
431 3678 547 3744 Qua
566 3677 803 3760 brevi-ter
835 3695 933 3733 ms.
962 3692 1067 3760 qua
1095 3686 1158 3760 ut
1185 3679 1434 3760 breviter~
1492 3679 1564 3760 ξπ
1603 3679 1674 3759 Et
1699 3679 1883 3748 judico
1913 3685 2100 3760 manet
2123 3677 2309 3760 indi-co
2336 3754 2346 3760 _
2372 3675 2685 3760 ξιξϐρίιρέα
2708 3695 2828 3760 eam
2849 3679 3053 3734 duobus
3075 3680 3380 3760 armantur?
3402 3696 3531 3760 mea.

271 3749 322 3802 in
371 3741 475 3802 uno
512 3749 701 3818 codice
743 3741 1024 3817 compactis
1080 3757 1128 3803 et
1170 3765 1269 3818 ma.
1310 3747 1621 3818 Lavanicnai
1650 3761 1670 3798 :
1699 3741 1747 3818 ei
1790 3763 1909 3818 cam
1942 3745 2095 3818 Edit.
2120 3741 2276 3818 Go_t_h.
2299 3754 2355 3818 et
2369 3743 2482 3818 Col.
2518 3745 2675 3818 1525.
2705 3759 2755 3800 et
2778 3763 3038 3818 ωιτη-πῃ.
3073 3741 3132 3802 S.
3154 3748 3361 3818 iEbru/i
3394 3764 3416 3801 .’
3445 3752 3531 3804 ubi

273 3827 541 3899 tractatas
572 3811 1014 3899 deft-“estinteris
1039 3817 1423 3871 concubinariis
1465 3815 1762 3899 legitur‘ab
1793 3814 1900 3899 “his
1921 3896 1935 3899 Α
1959 3811 2291 3899 ᾳᾳᾲνὸξγηῇυθ-
2306 3811 2800 3899 -ιξςςξρχξεξνὶεῗεις,
2854 3815 2933 3899 ad.
2962 3815 3079 3899 illa,
3125 3811 3528 3899 Gonfessionetn

271 3887 549 3958 compellit
621 3888 690 3920 ’⁸⁷
721 3879 1106 3942 Patérnitatem
1155 3901 1330 3941 meam
1356 3901 1484 3939 mas.
1509 3879 1830 3954 parvitatem
1855 3896 2032 3937 meam
2072 3879 2219 3933 Edit.
2264 3879 2583 3950 pravitatem
2615 3898 2788 3936 meam
2861 3883 2933 3915 ’³⁸
2962 3883 3096 3937 Cum
3125 3885 3290 3954 ligent
3314 3902 3438 3940 mss.
3479 3899 3528 3941 et

272 3957 416 4033 fidit.
444 3973 565 4033 cum
603 3956 826 4033 ligant__
846 3958 916 3990 “’
936 3957 1368 4033 Pacandosgnsa.
1397 3953 1691 4033 placandos
1761 3951 1982 4033 “°.Scis
2002 3950 2129 4020 quia
2147 3961 2359 4033 (mas-met
2391 3948 2537 4033 ζῖάξι.
2573 3951 2870 4033 scitisguia
2930 3952 3017 4033 Α¹³ξ
3058 3953 3525 4033 Apertenreproba

268 4028 508 4098 libidinis
535 4018 722 4098 pna.'S.
758 4025 888 4082 Ebr.
913 4035 1098 4098 aperta
1119 4024 1354 4082 libidinis
1399 4018 1492 4062 ’⁸³³
1525 4023 1785 4094 iustoque
1803 4023 1982 4093 rigore
2008 4018 2108 4074 ins.
2139 4018 2200 4074 S.
2241 4019 2369 4073 Ebr.
2388 4018 2641 4090 justeque
2657 4018 2860 4093 judicio
2889 4029 2946 4080 et
2974 4018 3150 4093 rigore
3220 4018 3528 4082 “'Astetur

1329 4162 1618 4222 JOANNIS
1648 4160 1926 4219 PICARDI
1951 4155 2186 4216 NOTAE.

341 4256 456 4325 (Π)
499 4255 620 4310 Νοη
646 4272 750 4325 quo
777 4255 915 4325 quis,
947 4273 1007 4311 ea
1033 4272 1151 4325 quae
1172 4265 1423 4320 tractant,
1446 4254 1840 4325 contemnenda,
1875 4257 1920 4315 D
1951 4265 2140 4325 omnes
2162 4248 2436 4325 historici,
2463 4249 2630 4325 etiam
2661 4249 2940 4325 Germani,
2969 4261 3030 4308 ut
3043 4253 3396 4325 doctissimus
3421 4254 3527 4311 Ge-

269 4113 368 4152 rus.
413 4095 476 4152 S.
521 4097 648 4151 Ebr.
681 4104 857 4154 aslenl

273 4335 378 4381 etc.
410 4324 678 4380 Interdicti
705 4324 965 4393 pontiﬁcii
993 4324 1280 4380 Anselmus
1309 4325 1648 4380 verissimam
1677 4324 1845 4379 edidit

275 4397 562 4475 rationem,
593 4396 678 4448 cui
695 4395 930 4475 similem
955 4394 1321 4475 aliq_ua_m_non
1341 4395 1708 4475 encogitantes
1735 4393 1846 4462 ple-

276 4468 446 4536 rique,
477 4466 807 4536 contendunt
847 4463 1097 4536 Gregorii
1127 4462 1213 4518 VII
1253 4462 1846 4536 prohibitionem_san-

274 4531 414 4590 ctam
438 4544 492 4590 et
519 4536 694 4604 piam;
718 4534 805 4588 alii
830 4531 1193 4604 vero'impiam
1218 4531 1659 4604 etadversantem
1675 4531 1846 4586 Evan-

275 4605 431 4676 gelio.
460 4599 786 4674 Sigibertus.
817 4599 1082 4676 Gregorio
1107 4601 1305 4670 alioqui
1337 4599 1755 4676 infensissimlts,
1786 4611 1845 4656 ut

275 4669 494 4745 apparet
521 4669 588 4728 ἐκ
611 4673 885 4745 opusculis
913 4669 1170 4745 adversus
1199 4669 1320 4745 eum
1350 4671 1586 4745 scriptis,
1598 4669 1842 4745 afﬁrmat

275 4740 508 4800 id’novo
548 4740 929 4814 exeinplo,et,
958 4761 976 4794 ι
1015 4750 1091 4806 ut,
1130 4741 1324 4810 inquit,
1352 4741 1534 4796 multis
1563 4740 1733 4814 visum
1761 4747 1845 4794 est

275 4815 672 4868 inconsiderato
707 4809 1047 4882 'praajudicio,
1093 4809 1360 4865 sancitum
1390 4819 1586 4882 contra
1617 4809 1841 4882 Patrum

276 4885 620 4945 sententiam,
670 4879 1028 4938 asserentium
1084 4888 1424 4936 sacramenta
1474 4879 1842 4934 ecclesiastica

276 4965 425 5021 aeque
458 4968 553 5021 per
582 4954 752 5007 bonos
786 4968 849 5006 ac
875 4965 1071 5021 pravos
1102 4949 1379 5021 ministros
1407 4948 1642 5021 Operari.
1680 4966 1702 4999 ι
1733 4947 1843 5021 Be-

277 5018 407 5090 liqui
446 5018 1046 5094 scriptores__Sigiberto
1073 5018 1549 5094 posterioresejus
1574 5018 1715 5073 dicta
1759 5019 1843 5094 di-

277 5088 423 5154 cunt,
456 5100 512 5144 et
550 5088 667 5146 Sine
703 5091 810 5144 ullo
836 5088 1048 5146 delectu
1074 5088 1259 5158 aliena
1299 5088 1842 5158 qualiacunque__suis

275 5162 606 5220 commiscet,
636 5161 842 5216 scilicet
881 5159 1163 5215 Mattbzeus
1191 5155 1365 5214 Paris.
1411 5155 1648 5213 Thomas
1689 5155 1839 5211 Wal-

275 5231 411 5301 sing.
429 5300 434 5301 ί
449 5231 500 5284 in
530 5229 848 5301 Hypodigm.
879 5229 1163 5301 Neustrite,
1188 5228 1456 5301 AViucent.‘
1478 5227 1839 5301 Belvacensjs,

274 5295 592 5368 Nauclerus,
615 5295 875 5356 doaimes
918 5298 1407 5368 Frasquetiusims.
1442 5297 1496 5351 in
1534 5295 1843 5368 nostraABi.

274 5367 550 5435 hliotbcc.,
602 5368 838 5425 Achilles
876 5365 1145 5425 Gassar'us
1191 5368 1246 5421 in
1279 5367 1526 5435 Epitouie
1561 5365 1842 5435 chronica-

276 5455 413 5504 rutu,
443 5433 543 5494 ubi
570 5440 817 5508 exetnplo
845 5439 1290 5508 Henritianorum
1313 5433 1684 5508 episcoporum
1710 5433 1841 5488 Vor-

276 5455 413 5504 rutn,
443 5451 531 5494 υυι
570 5451 817 5508 exempto
845 5451 1290 5495 uenrtttanorum
1313 5451 1684 5560 episcoporum
1715 5451 1840 5488 vor-

276 5510 458 5563 tnacize
489 5519 959 5579 congregatorum,
984 5522 1126 5562 anno
1147 5506 1306 5579 ψη,
1354 5505 1654 5579 Ῐνεευι-ξυιη
1682 5512 1840 5560 vocat

278 5573 752 5636 necromanticurh.
805 5579 911 5636 Sed
956 5578 1109 5650 longe
1151 5576 1307 5631 aliter
1336 5576 1400 5630 de
1440 5573 1504 5631 eo
1550 5573 1839 5645 qununtur

1945 4318 2474 4393 nebra_rdus_lib:_tv
2506 4318 2932 4393 Chronicorum,
2958 4333 3014 4379 et
3039 4322 3287 4393 Papirius
3312 4323 3522 4379 Masso-

1943 4405 2045 4446 nus
2069 4389 2163 4462 lib.
2191 4405 2224 4443 v
2253 4388 2328 4444 De
2367 4388 2858 4462 Vitis__pon_tilicum
2891 4388 3260 4448 Romanorum
3297 4393 3526 4462 diligen-

1946 4470 2028 4517 ter
2072 4460 2452 4531 observarunt.
2494 4458 2606 4514 Nec
2642 4460 2695 4514 id
2734 4475 2882 4531 novo
2910 4463 3178 4531 exemplo.
3212 4473 3305 4517 aut
3331 4458 3523 4518 contra

1942 4537 2252 4586 sanctorum
2274 4527 2494 4585 Patrum
2531 4537 2767 4584 mentem
2792 4545 2822 4584 a
2852 4527 3114 4587 Gregorio
3155 4531 3320 4587 fuisse
3360 4533 3520 4587 insti-

1945 4609 2118 4653 tutum
2151 4597 2322 4667 liquet
2361 4611 2426 4651 ex
2458 4598 2541 4652 his
2584 4613 2706 4667 qua:
2745 4600 2929 4654 retulit
2964 4597 3208 4656 Gratian.
3255 4600 3384 4657 dist.
3429 4601 3519 4664 32.

1943 4683 2064 4724 ean.
2114 4667 2308 4721 Nullus
2336 4667 2585 4732 missam;
2627 4677 2683 4722 et
2705 4683 2828 4724 can.
2878 4669 3083 4726 Prwter
3113 4672 3211 4726 hoc
3238 4683 3430 4736 autem,
3467 4668 3521 4727 in

1940 4753 2050 4862 quo
2080 4735 2350 4820 .Urbanus
2397 4735 2646 4818 Gregorii
2697 4753 2981 4820 successor
3027 4735 3520 4824 argumentantle

1990 4809 2200 4862 ambus
2234 4807 2451 4860 ductum
2493 4806 2756 4862 dissolvu.
2784 4806 2938 4862 Licet
2964 4809 3258 4862 Greaonus
3301 4827 3407 4862 non
3439 4827 3520 4862 tn-

1990 4808 2200 4881 atribus
2234 4807 2451 4881 ductum
2493 4806 2938 4881 dissolvit._Licet
2964 4806 3260 4881 Gregorius
3283 4827 3407 4881 non
3439 4811 3523 4865 in-

1943 4877 2226 4948 terdiserit
2262 4876 2601 4948 sacerdotum
2657 4876 3100 4948 conjugatorum'
3123 4879 3407 4934 sacrificiis
3461 4889 3520 4933 ut

1941 4945 2214 5016 inanibus,
2235 4945 2330 4997 sed
2353 4945 2454 4998 hac
2476 4947 2799 5016 verecundia
2823 4945 3051 5016 permotl
3083 4948 3148 5002 ad
3172 4962 3232 5002 se
3258 4949 3515 5003 redirent.

1941 5015 2167 5084 Reliqua
2194 5028 2314 5082 qua:
2334 5013 2571 5068 nonnulli
2594 5013 2894 5071 obtendunt
2915 5016 3254 5072 incommoda
3279 5025 3329 5070 ct
3359 5031 3519 5072 scan-

1941 5083 2230 5155 dala’binc
2257 5091 2396 5155 orta,
2449 5099 2552 5138 non
2604 5084 2712 5155 legi
2768 5085 2864 5140 sed
2912 5085 3188 5155 hominum
3244 5085 3516 5154 iniquitati

1940 5152 2196 5222 vertenda
2230 5152 2456 5222 quilibet
2488 5152 2742 5212 cordatus
2779 5155 3053 5210 fatebitur.
3109 5152 3242 5208 Nam
3274 5152 3517 5211 uta-eote

1941 5223 2004 5278 D.
2049 5221 2361 5292 llieronym.
2392 5224 2550 5292 epist.
2603 5225 2670 5278 ad
2707 5224 3014 5280 Amandum
3045 5223 3232 5279 scribit
3267 5241 3281 5277 :
3338 5239 3356 5274 ι
3394 5223 3504 5277 Pu-

1941 5292 2092 5346 tridae
2124 5291 2317 5362 carnes
2338 5291 2484 5346 ferro
2523 5293 2761 5362 indigent
2791 5305 2848 5348 et
2875 5293 3137 5356 cauterio,
3169 5306 3266 5348 nec
3295 5301 3378 5348 est
3401 5309 3514 5347 me-

1939 5362 2129 5417 dicina:
2155 5361 2335 5429 culpa,
2365 5363 2459 5416 sed
2483 5361 2738 5428 vulneris,
2761 5377 2884 5416 cum
2912 5361 3164 5418 clementi
3195 5362 3514 5417 crudelitate

1939 5447 2044 5487 non
2084 5431 2256 5501 parcit
2295 5432 2556 5496 medicus,
2603 5443 2663 5487 ut
2701 5439 2928 5501 parcat;
2959 5433 3132 5496 srevit,
3169 5440 3229 5485 ut
3256 5431 3514 5486 miserea-

1937 5510 2050 5556 tur.
2077 5500 2114 5572 ξε
2146 5500 2464 5572 Gregorium
2510 5502 2673 5572 igitur
2699 5500 3174 5572 Necromanticum
3197 5516 3326 5572 cum
3351 5501 3512 5572 impie

1938 5570 2225 5644 appellavit
2249 5570 2550 5640 Gassarus,
2575 5573 2629 5627 in
2672 5571 2775 5631 hoc
2805 5570 2961 5628 valde
2983 5571 3308 5628 dissentiens
3339 5585 3370 5624 a
3403 5570 3512 5625 Vo-
