3898 6052
231 194 370 252 U29

1532 196 1663 253 LIB.
1705 197 1749 264 I,
1790 195 2006 254 EPIST.
2048 193 2226 251 LVIII.

3372 189 3508 244 “50

223 302 364 375 quod
418 319 524 359 non
569 313 926 375 prtcsumant,
985 306 1150 361 etiam
1213 305 1524 362 revocandi.
1582 307 1717 363 Nam
1756 309 1810 363 in
1842 315 1887 376 Λ
1915 309 2063 364 circa
2090 308 2266 378 ipsum
2313 313 2459 375 sunt,
2485 302 2621 360 vidit
2650 309 2704 358 et
2729 303 2796 358 ab
2821 302 3009 359 eodem
3054 301 3282 366 audivit,
3329 311 3507 372 potest

225 397 362 460 illis,
401 397 445 452 si
473 406 825 461 revocentur,
857 397 1177 454 obedientite
1211 400 1442 469 tegmine
1472 401 1822 472 praesumptio

223 490 513 560 palliatur;
565 491 616 545 in
653 491 772 544 istis
801 507 930 545 vero
961 493 1235 547 lnunilitas
1276 493 1597 548 obedientiae
1625 495 1820 549 robore

222 579 526 649 ailjuvatur.
575 580 703 648 Qua:
729 583 1000 636 revocatio
1029 597 1135 635 non
1161 581 1558 648 indifferenter,
1592 585 1685 639 sed
1715 600 1821 638 ma-

222 685 328 740 gna
383 671 592 741 prmlati
655 673 1053 729 confessionem
1106 675 1448 745 suspicientis
1491 675 1819 732 discretione

222 760 470 815 facienda
513 769 618 815 est.
659 761 814 831 Saepe
864 778 1099 832 namque
1141 764 1406 835 contingit
1450 775 1509 818 ut
1555 766 1678 834 quis
1713 781 1816 820 non

224 865 320 918 per
349 852 672 905 immensum
705 853 950 908 criminis
969 854 1249 909 horrorem
1271 895 1284 919 ,
1317 865 1369 909 et
1399 870 1496 924 per
1520 859 1625 909 vim
1643 857 1819 910 humi-

221 942 393 996 litatis
414 943 709 997 humanam
742 944 1126 998 verecundiam
1157 954 1405 1013 superet;
1445 946 1536 999 sed
1567 960 1662 1013 per
1687 945 1818 999 stul-

223 1033 355 1088 titite
395 1035 647 1089 tenebras
669 1044 721 1088 et
763 1034 1111 1104 impudentim
1156 1036 1452 1096 duritiam,
1516 1035 1813 1090 fmditatem

220 1125 445 1180 sceleris
471 1137 524 1180 et
546 1127 806 1196 pudorem
837 1144 941 1181 non
967 1127 1202 1192 sentiat,
1236 1138 1291 1182 et
1314 1141 1409 1196 per
1431 1129 1812 1198 negligentiam

219 1218 455 1272 oIIicium
478 1234 634 1273 suum
663 1234 768 1272 non
791 1227 1030 1288 appetat.
1062 1219 1358 1286 Quiautem
1383 1219 1686 1290 hujusmodi
1704 1229 1810 1284 est,

220 1327 497 1381 nunquam
551 1311 619 1365 ad
669 1327 883 1366 sacrmn
930 1311 1166 1366 officium
1216 1329 1372 1366 sumn
1407 1321 1500 1366 aut
1539 1315 1814 1368 vocandus

218 1413 311 1456 aut
346 1404 679 1458 revocandus
707 1413 812 1458 eSI.
871 1403 976 1458 Sed
1039 1418 1161 1457 cum
1220 1418 1315 1474 pro
1354 1404 1468 1474 ipso
1518 1405 1813 1474 pmtiitciite

217 1495 486 1564 supplicat
525 1496 837 1561 humilitas,
890 1497 1130 1566 suggerit
1182 1496 1471 1560 contritio,
1529 1497 1814 1551 intercedit

216 1587 344 1640 vita:
372 1588 601 1641 mutatio
633 1606 646 1641 :
683 1597 808 1642 tunc
831 1589 1084 1641 nimirum
1113 1588 1156 1641 si
1181 1587 1434 1656 praelatus
1464 1602 1570 1641 non
1609 1598 1718 1641 tam
1747 1589 1812 1642 de

1920 399 2380 472 interrogantibus
2426 399 2608 454 dicere
2660 412 2820 468 quam
2869 395 3096 466 epistola
3161 410 3279 450 mea
3337 398 3509 464 possit

1919 491 2249 546 describere.
2283 489 2436 556 Quod
2473 497 2652 544 autem
2699 487 2764 540 ad
2793 502 2878 542 me
2907 486 3118 545 attinet.
3174 486 3253 539 sic
3288 501 3374 540 me
3405 485 3503 539 sibi

1919 600 2026 640 non
2056 584 2285 639 invitum
2320 598 2442 638 cum
2482 591 2702 652 propter
2725 595 2842 645 vos,
2865 587 2974 633 tam
3004 588 3221 648 propter
3247 579 3504 646 seipsum,

1919 685 1980 730 ut
2011 685 2218 730 taceam
2246 674 2510 728 fraterna:
2540 671 2828 727 charitatis
2863 671 3114 725 astrinxit
3148 685 3164 734 ;
3204 679 3261 722 ut
3284 668 3335 722 in
3361 669 3506 722 nullo

1918 766 2036 835 ejus
2058 765 2363 831 commodo,
2414 765 2558 833 quod
2616 776 2846 832 possun,
2898 775 2983 814 me
3007 758 3165 812 velim
3193 757 3265 812 illi
3295 759 3508 812 subtra-

1920 856 2052 912 here
2095 855 2185 909 ‘“.
2234 855 2474 910 Domnus
2526 852 2826 917 Osbernus,
2889 866 3048 921 quem
3095 850 3162 904 ad
3209 864 3272 903 se
3323 850 3505 904 reduci

1918 948 2218 1004 auctoritas
2269 955 2451 1002 vestra
2495 945 2670 1014 jubet,
2724 945 2918 1009 fateor,
2974 943 3110 997 adeo
3170 942 3334 995 menti
3378 955 3509 995 mea:

1913 1039 2124 1111 glutino
2154 1038 2461 1094 dilectionis
2491 1039 2817 1101 adlizeserat,
2847 1045 2904 1088 ut
2952 1034 3067 1102 ejus
3111 1035 3506 1102 separationem

1919 1146 2014 1186 cor
2067 1145 2246 1184 meum
2309 1128 2523 1184 nonnisi
2579 1144 2702 1184 cum
2745 1127 2978 1196 quadam
3022 1126 3104 1179 sui
3143 1126 3379 1178 scissura
3429 1135 3507 1177 to-

1918 1221 2075 1277 leret.
2134 1221 2315 1276 Testis
2363 1222 2508 1275 enim
2557 1228 2641 1274 est
2665 1220 2738 1273 illi
2800 1227 3054 1272 nontam
3115 1217 3288 1287 stylus
3352 1232 3510 1270 meus

1915 1328 2077 1383 quam
2109 1311 2439 1366 conscientia
2462 1310 2587 1380 quia
2610 1310 2994 1382 sienobiscum
3021 1319 3102 1361 est
3133 1318 3505 1367 C(lII\'CI‘S:IIIlS.

1916 1413 1975 1458 ut
2005 1404 2074 1458 ab
2096 1404 2348 1458 omnibus
2381 1405 2534 1458 bonae
2582 1402 2916 1472 propositum
2951 1401 3246 1455 voluntatis
3297 1401 3509 1455 sincere

1916 1497 2282 1568 diligentibus,
2356 1497 2478 1568 plus
2534 1507 2810 1550 mereatur
2885 1495 3134 1549 affectum
3201 1495 3522 1560 charitatis,

1916 1604 2079 1657 quam
2104 1590 2454 1659 asperitatem
2505 1588 2735 1658 alicujus
2785 1587 3092 1642 severitatis
3119 1587 3213 1640 ³³⁸.
3249 1586 3507 1653 Quamvis

219 1680 430 1735 meritis
450 1681 741 1748 aliquibus,
765 1696 926 1748 quam
953 1680 1018 1733 de
1043 1695 1234 1750 magna
1265 1679 1639 1734 misericordia
1665 1689 1717 1734 ct
1746 1680 1811 1735 de
1847 1667 1888 1721 Β
1917 1679 2102 1748 itaque
2128 1678 2493 1732 admonitione
2525 1693 2629 1732 non
2665 1687 2824 1745 egeat
2846 1687 3033 1731 sancta
3063 1684 3236 1730 vestra
3267 1676 3510 1746 benigni-

217 1772 567 1827 multitudine
597 1771 1009 1825 miserationum
1057 1771 1146 1826 Dei
1174 1770 1320 1824 illum
1369 1771 1712 1836 confortans,
1740 1771 1806 1825 ad

213 1865 298 1919 siii
345 1880 498 1918 usum
541 1864 731 1918 invitet
758 1863 946 1928 officii,
994 1871 1123 1931 puto
1164 1862 1290 1930 quia
1323 1876 1427 1916 non
1464 1870 1569 1915 tam
1607 1870 1809 1914 temere

215 1968 380 2021 quam
424 1952 718 2020 prudenter
747 1952 923 2018 egisse
971 1951 1236 2005 videatur.
1269 1950 1365 2005 Est
1405 1950 1549 2005 enim
1582 1966 1724 2020 saepe
1755 1951 1806 2003 in

217 2045 526 2112 hujusmodi
559 2044 941 2115 prteveuicuda
981 2044 1403 2114 pusillanimitas
1425 2085 1439 2108 ,
1473 2043 1807 2098 excludenda

216 2141 560 2202 contemptus
635 2131 912 2201 suspicio,
986 2131 1321 2186 ostendenda
1393 2129 1805 2191 benevolentia,

221 2225 526 2280 exhibenda
558 2225 886 2293 eompassio.
913 2222 1027 2277 Iloc
1051 2225 1194 2278 enim
1227 2223 1386 2277 modo
1409 2223 1500 2292 qui
1530 2222 1662 2277 tales
1685 2233 1811 2278 sunt

216 2327 425 2386 quanto
469 2315 755 2387 benignius
779 2356 792 2380 ,
826 2324 975 2370 tanto
1004 2315 1273 2370 efﬁcacius
1309 2314 1374 2368 ad
1419 2316 1807 2386 perfectionem

219 2421 615 2477 pravoeautur,
682 2419 736 2464 et
789 2419 939 2463 tanto
985 2409 1228 2463 strictius
1265 2409 1316 2461 in
1343 2409 1484 2463 bono
1531 2408 1811 2478 proposito

222 2501 484 2570 ligantur.
536 2501 691 2554 I’otui
741 2500 891 2570 plura
942 2501 1008 2554 de
1049 2500 1267 2570 scriptis
1305 2498 1523 2553 Patrum
1554 2498 1640 2553 his
1673 2498 1813 2552 inte-

219 2606 376 2656 xere;
420 2592 511 2645 sed
541 2592 665 2660 quia
698 2591 1006 2661 epistolaris
1037 2590 1307 2656 brevitas,
1344 2605 1463 2661 qua:
1483 2591 1594 2660 jam
1637 2606 1696 2644 se
1726 2589 1810 2643 ni-

220 2682 325 2736 mis
385 2683 604 2737 extendi
647 2683 938 2748 reclamat,
989 2699 1092 2737 non
1147 2683 1449 2746 consentit,
1489 2681 1810 2752 simpliciter

218 2774 1072 2843 quiddeinterrogatisscntirem,
1111 2775 1591 2845 paternilati333
1618 2785 1808 2830 vestrae

217 2861 404 2930 jussus
433 2865 682 2931 exposui.
720 2863 1075 2932 Omnipotens
1112 2864 1371 2919 Dominus
1398 2879 1527 2926 vos,
1557 2874 1608 2918 ct
1635 2863 1689 2917 in
1726 2863 1808 2918 his

217 2963 270 3005 ct
305 2953 356 3004 in
384 2954 635 3006 omnilms
659 2968 776 3020 qua:
803 2954 952 3006 vobis
981 2954 1185 3022 agenda
1232 2962 1357 3006 sunt
1381 2993 1395 3018 ,
1436 2953 1513 3007 sic
1550 2954 1601 3006 in
1643 2953 1804 3006 recti-

219 3043 405 3096 tu.iiue
457 3043 704 3096 veritatis
755 3043 980 3113 dirigat,
1033 3053 1092 3097 ut
1123 3060 1221 3113 pro
1262 3045 1341 3098 eis
1387 3049 1623 3113 seipsum
1657 3045 1808 3099 vobis

218 3135 497 3188 retribuat.
540 3134 593 3188 Si
627 3151 866 3203 praesens
901 3151 1074 3190 essem
1123 3151 1303 3190 coram
1341 3137 1524 3203 vobis,
1555 3147 1605 3191 et
1627 3152 1807 3191 coram

216 3235 404 3281 Sancta
452 3229 869 3297 congregatione
919 3236 1098 3281 vestra
1147 3228 1248 3296 (de
1274 3245 1376 3296 qua
1411 3228 1576 3282 multa
1614 3229 1750 3283 bona
1778 3243 1807 3282 a

218 3317 406 3371 multis
456 3318 800 3371 concorditer
848 3318 1043 3387 audio)
1102 3318 1328 3387 supplici
1389 3328 1570 3374 mente
1615 3334 1812 3388 corpus

221 3419 389 3464 totum
422 3419 818 3478 prosternerem
841 3453 854 3476 ,
888 3420 941 3464 ct
979 3418 1036 3464 nt
1067 3426 1151 3464 me
1180 3411 1446 3466 bonormn
1496 3427 1616 3481 qua:
1671 3411 1812 3466 Deus

217 3507 476 3569 operatur
498 3498 548 3551 in
583 3509 762 3553 vestro
790 3500 1152 3562 monasterio,
1202 3501 1254 3553 in
1289 3511 1604 3568 perpelumn
1639 3501 1808 3570 parti-

221 3591 394 3660 cipem
429 3590 482 3643 in
513 3589 752 3643 fraterna
803 3590 1075 3643 charitate
1110 3573 1481 3646 concederetis
1503 3633 1516 3656 ,
1547 3603 1807 3662 peterem.

224 3683 332 3737 Sed
363 3681 616 3750 quoniam
643 3697 742 3752 ego
773 3681 875 3735 hoc
903 3697 1008 3734 non
1035 3696 1283 3751 possum,
1313 3699 1578 3752 praesumo
1611 3701 1715 3738 non
1747 3685 1813 3740 de

224 3775 362 3828 meis
396 3773 637 3839 meritis,
670 3775 763 3826 sed
789 3775 854 3828 de
887 3783 1065 3828 vestra
1097 3775 1386 3828 sanctitate
1415 3791 1607 3845 rogare
1638 3786 1696 3829 ut
1720 3791 1816 3831 vos

223 3865 327 3918 hoc
374 3880 472 3933 pro
523 3878 608 3918 me
649 3880 754 3917 non
799 3864 1086 3918 humilialo
1139 3880 1402 3932 corpore,
1437 3868 1530 3920 sed
1587 3866 1814 3936 benigna

223 3966 406 4012 mente
439 3957 504 4010 ab
535 3957 738 4011 eisdem
774 3955 898 4009 filiis
926 3956 1124 4011 vestris
1162 3955 1294 4011 mihi
1332 3957 1527 4028 petatis
1611 3969 1666 4012 et
1693 3975 1814 4014 cum

225 4050 331 4103 illis
357 4048 686 4104 concedatis.
724 4047 925 4103 Valete.

711 4160 1039 4216 EPISTOLA
1075 4161 1208 4216 LVII
1239 4163 1326 4215 “3.

792 4288 859 4326 AD
898 4288 1264 4329 ιΑΝςιιΑΝουκ.

1914 1777 2020 1833 tas,
2049 1784 2166 1838 quae
2197 1782 2413 1837 semper
2459 1767 2615 1821 bonis
2666 1769 2856 1821 adesse
2911 1765 3068 1830 solet,
3123 1765 3396 1834 compellit
3425 1779 3509 1818 ine

1923 1871 2102 1915 tamen
2157 1859 2370 1914 meritis
2422 1857 2631 1929 prarfati
2685 1857 2872 1912 fratris
2925 1868 3235 1926 comparata
3287 1856 3508 1910 dilectio

1916 1961 2027 2007 toto
2050 1952 2260 2022 precari
2291 1961 2510 2016 conatu,
2537 1959 2807 2019 quatenus
2852 1965 2955 2004 nou
2984 1949 3156 2003 solum
3210 1949 3334 2017 quia
3395 1949 3507 2018 ipse

1913 2043 2132 2107 meruit,
2179 2042 2349 2096 sedet
2391 2040 2517 2110 quia
2559 2039 2735 2093 fidelis
2767 2054 2956 2094 servus
2988 2047 3170 2092 vester
3211 2037 3503 2100 desiderat,

1913 2134 2275 2190 desiderando
2328 2131 2582 2201 postulat,
2645 2131 2792 2185 illum
2851 2131 3083 2200 benigne
3137 2129 3502 2198 suscipiendo,

1913 2226 2166 2297 benigne,
2192 2226 2294 2280 nisi
2325 2227 2484 2280 aliter
2515 2225 2677 2278 vitam
2706 2223 2822 2292 ejus
2869 2223 2967 2291 ipsi
3004 2222 3199 2276 mereri
3233 2222 3503 2283 videritis,

1916 2319 2179 2373 tractetis.
2222 2317 2512 2380 Praeterea,
2575 2315 2831 2386 quoniam
2872 2329 2976 2368 non
3016 2315 3189 2368 audeo
3239 2314 3418 2368 dicere
3450 2325 3506 2368 ut

1915 2409 2063 2464 illum
2115 2409 2181 2464 ad
2227 2424 2325 2463 nos
2374 2407 2666 2478 aliquando
2726 2405 3066 2472 remittatis;
3103 2406 3224 2468 hoc,
3268 2414 3326 2458 ut
3354 2415 3502 2474 puto,

1914 2502 2142 2558 licenter
2172 2502 2294 2557 dico
2323 2501 2447 2571 quia
2480 2516 2755 2568 nunquam
2801 2498 2870 2552 ab
2899 2514 2964 2552 eo
3005 2497 3191 2551 vivens
3222 2497 3502 2551 dissociari

1911 2595 2125 2651 vellem.
2160 2595 2432 2664 Epistolas
2478 2593 2621 2648 beati
2655 2591 2804 2646 l’anli
2846 2600 3026 2645 vestro
3060 2589 3312 2644 mandato
3360 2589 3526 2642 liben-

1913 2696 1995 2742 ter
2017 2695 2270 2757 parentes
2307 2686 2462 2741 vobis
2493 2685 2761 2739 mittimus
2797 2699 2810 2749 ;
2844 2683 2959 2748 sed,
3006 2683 3260 2752 quoniam
3283 2681 3424 2752 quod
3451 2683 3504 2736 in

1911 2779 2100 2834 eodem
2131 2779 2316 2834 codice
2343 2778 2409 2832 de
2445 2787 2624 2832 vestro
2654 2791 2818 2855 opere
2866 2783 2968 2839 est,
3014 2773 3141 2827 alibi
3195 2788 3299 2827 non
3335 2773 3503 2827 habe-

1912 2886 2052 2936 mus,
2087 2870 2218 2925 satis
2251 2871 2394 2925 scire
2433 2869 2660 2939 potestis
2689 2867 2817 2938 quid
2855 2881 2952 2921 vos
2982 2865 3268 2936 aliquando
3300 2865 3502 2921 factum

1859 3018 1874 3034 η
1913 2964 1992 3019 ire
2022 2963 2415 3020 desideremus.

2383 3076 2718 3132 I‘JPISTOLA
2752 3075 2906 3132 LVIII
2936 3075 3025 3129 ²⁵⁶.

2511 3185 2579 3222 ΑΙ)
2607 3182 2896 3221 ιιεκιιιεωι.

1985 3261 2194 3316 Domno
2241 3269 2299 3317 et
2353 3260 2530 3316 amico
2579 3260 2924 3326 charissimo,
2980 3257 3282 3314 revereudo
3336 3257 3505 3328 priori

1915 3352 2155 3408 HENRICO
2214 3355 2382 3407 frater
2433 3355 2734 3414 Auseuws,
2779 3351 2832 3404 in
2875 3361 3019 3405 terra
3056 3350 3329 3405 seminare
3372 3365 3499 3406 san-

1914 3445 2183 3512 ctitatem,
2218 3442 2270 3498 in
2303 3443 2440 3500 coelo
2471 3451 2678 3498 metere
2710 3440 3050 3496 felicitatem.

2327 3558 2396 3613 Ei
2424 3559 2753 3614 commendat
2793 3558 3106 3614 Osbernum.

1987 3654 2226 3709 Dilectus
2279 3668 2434 3708 meus
2483 3653 2716 3707 domnus
2751 3650 3026 3707 Osbernus
3058 3659 3262 3716 vester,
3295 3652 3386 3720 qui
3440 3651 3510 3706 ad

1918 3757 2014 3797 vos
2039 3742 2178 3796 redit
2201 3741 2293 3804 "7,
2335 3741 2415 3794 sic
2458 3741 2700 3808 pristina:
2725 3741 2849 3793 vita:
2875 3740 3286 3808 perversitatem
3319 3749 3512 3809 sponte

1920 3839 2142 3884 accusat
2193 3837 2248 3883 et
2297 3836 2617 3881 exsecratur
2661 3843 2676 3890 ;
2736 3836 2919 3894 atque,
2951 3827 3272 3895 inquantum
3323 3841 3391 3881 ex
3445 3844 3509 3882 ea

1919 3937 2083 3992 quam
2131 3919 2411 3974 nobiscum
2465 3917 2655 3972 habuit
2685 3917 3102 3971 conversatione
3142 3917 3320 3986 palam
3352 3927 3513 3972 etse-

1920 4021 2070 4067 crete
2121 4009 2360 4078 experiri
2421 4008 2597 4076 potui,
2653 4021 2732 4061 sne
2795 4007 2920 4060 vita:
2984 4006 3270 4061 laudabilis
3325 4022 3512 4065 amore

1921 4103 2262 4166 accenditur,
2322 4110 2382 4155 ut
2409 4116 2513 4155 non
2551 4100 2822 4154 immerito
2853 4100 3080 4155 interior
3109 4101 3276 4155 homo
3315 4101 3433 4167 ejus
3458 4101 3510 4154 in

1923 4195 2114 4250 melius
2169 4201 2263 4246 aut
2307 4193 2416 4263 jam
2465 4199 2726 4256 mutatus,
2776 4202 2870 4247 aut
2916 4191 3105 4262 procul
3155 4192 3316 4248 dubio
3354 4191 3511 4248 facile

1924 4285 2214 4340 imitandus
2236 4286 2594 4340 existimetur.
2629 4285 2697 4339 Et
2723 4295 2918 4340 vestra:
2941 4285 3159 4354 quidem
3209 4296 3396 4342 notum
3425 4296 3513 4341 est

231 4383 308 4438 De
351 4382 649 4448 Lauri-mica
703 4392 883 4449 nepote
932 4382 1064 4435 bona
1113 4384 1369 4448 rescribit,
1430 4401 1522 4438 nec
1587 4402 1690 4440 non
1758 4388 1822 4440 de
1856 4359 2222 4449 l)prudentize
2276 4377 2403 4446 quia
2452 4393 2726 4446 nunquam
2779 4386 2923 4431 tanta
2965 4377 3314 4448 benignitatis
3377 4394 3512 4447 opus

452 4452 706 4507 Osberno.
737 4453 802 4504 Et
838 4453 996 4506 mittit
1021 4452 1088 4506 Β.
1112 4452 1271 4506 Pauli
1324 4455 1606 4522 Epistolas.

308 4565 535 4619 Domino
565 4574 618 4620 et
644 4565 791 4619 Patri
823 4581 921 4620 suo
958 4566 1276 4620 reverentiae
1334 4567 1558 4632 honore,
1590 4579 1644 4623 et
1673 4585 1822 4624 amo-

234 4673 312 4712 ris
359 4658 551 4711 affectu
600 4659 757 4710 matri
809 4659 1088 4713 catholica:
1138 4660 1364 4715 colendo
1410 4662 1820 4732 archiepiscopo

231 4748 552 4804 Laxrnasco
578 4749 743 4804 frater
784 4751 1067 4806 ANSELuus
1098 4767 1248 4812 suus,
1285 4754 1426 4822 quod
1453 4770 1601 4808 suus.

309 4844 461 4898 Licet
486 4845 662 4898 rarius
692 4859 854 4913 quam
882 4845 1072 4900 debeat
1122 4847 1440 4902 humilitatis
1456 4863 1590 4902 mere.
1609 4847 1820 4904 litteras

235 4948 460 5000 paterna
487 4936 748 4989 sanctitas
774 4944 955 4990 vestra
981 4937 1258 5005 suscipiat,
1301 4937 1609 4994 fidelitatem
1641 4950 1819 4996 tamen

235 5029 391 5082 vobis
423 5027 659 5082 debitam
695 5041 790 5080 cor
813 5041 989 5080 meum
1042 5042 1146 5080 non
1197 5027 1322 5082 alibi
1355 5044 1516 5098 quam
1547 5031 1598 5084 in
1641 5031 1821 5100 seipse

237 5125 494 5193 scriptam
551 5123 812 5190 integram
869 5130 1067 5175 servat.
1111 5121 1186 5175 De
1208 5122 1530 5175 charissimo
1574 5137 1694 5176 meo
1722 5137 1819 5176 ne-

241 5223 364 5286 pote
406 5221 585 5267 vestro
630 5211 900 5286 cepiosius
951 5213 1172 5267 nuntius
1219 5222 1415 5276 vester,
1461 5214 1549 5283 qui
1600 5229 1661 5270 ea
1702 5228 1822 5284 qua:

1923 4479 2008 4525 est
2035 4469 2391 4533 exhibitione,
2432 4477 2632 4537 quanta
2675 4468 2726 4521 in
2775 4484 2912 4522 nova
2939 4476 2995 4522 et
3019 4469 3138 4521 rudi
3165 4470 3232 4524 de
3265 4469 3511 4538 reprobis

1925 4562 1992 4614 ad
2035 4561 2234 4631 probos
2285 4574 2466 4614 mores
2519 4557 2890 4622 conversione,
2968 4573 3038 4614 ne
3084 4560 3226 4614 bona
3285 4568 3497 4630 mcepta

1923 4668 2045 4724 quae
2071 4653 2265 4707 nutriri
2305 4661 2360 4708 et
2387 4654 2454 4708 ad
2483 4651 2783 4723 profectum
2831 4653 2954 4708 duci
3010 4661 3241 4719 possunt
3295 4669 3392 4723 per
3432 4654 3514 4707 fo—

1923 4755 2107 4802 menta
2137 4745 2506 4815 benignitatis,
2541 4746 2904 4815 impediantur
2953 4755 3048 4800 aut
3093 4755 3244 4801 certe
3296 4750 3513 4817 fragan-

1927 4845 2017 4891 tur
2050 4851 2150 4906 per
2194 4835 2568 4890 austeritatem
2612 4835 2942 4891 severitatis.
2984 4835 3187 4891 Precor
3247 4835 3410 4906 igitur
3431 4835 3513 4888 di-

1927 4928 2125 4984 lectam
2157 4936 2394 4982 vestram
2419 4927 2792 4990 sanctitatem,
2817 4935 3110 4996 quatenus.
3165 4925 3305 4980 sicut
3343 4923 3509 4978 vestri

1928 5019 2086 5074 decet
2133 5017 2516 5075 discretionem
2545 5017 2828 5088 regimiuis
2886 5026 2942 5072 et
2971 5015 3195 5086 praefato
3227 5014 3382 5070 fratri
3408 5029 3512 5069 ex-

1927 5113 2096 5185 pedit,
2127 5127 2341 5167 omnem
2367 5109 2654 5182 praeterita;
2693 5108 3070 5181 perversitatis
3109 5107 3228 5178 ejus
3257 5106 3512 5162 dissimu-

1930 5209 2107 5263 lantes
2150 5206 2220 5238 ""
2267 5203 2608 5269 memoriam,
2659 5202 2800 5258 lacte
2853 5201 3155 5272 perspicuae
3205 5199 3512 5256 dileCtionis

1522 5386 1750 5441 VARI/E
1793 5381 2189 5441 LECTIONES.

313 5503 383 5537 ’⁸³
415 5499 546 5555 Cum
597 5515 700 5552 uno
731 5516 830 5553 ms.
892 5499 1158 5552 Victorino
1214 5499 1267 5552 in
1320 5496 1512 5551 Codice
1539 5496 1633 5563 Er.
1655 5497 1746 5552 20.
1773 5497 1967 5552 collata

243 5577 312 5607 ’⁵⁸
339 5571 662 5629 Severitatis
687 5587 785 5622 ms.
817 5571 1045 5639 alicujus
1067 5570 1372 5625 severitatis
1444 5568 1513 5598 ’"
1543 5565 1676 5623 Cum
1706 5570 1884 5624 eodem
1926 5585 2024 5624 ms.
2057 5566 2251 5623 collata
2327 5563 2396 5596 ³³⁷
2434 5563 2595 5618 Redit
2640 5579 2739 5617 ms.
2771 5563 3049 5620 reducitur

246 5647 406 5701 lautis
434 5659 532 5696 ms.
563 5639 969 5696 dissimulantes

423 5739 700 5798 Parnm.
749 5733 1017 5796 CLVIII.

2069 5495 2142 5529 '“
2167 5492 2339 5549 Velim
2367 5492 2711 5547 subtrahere.
2739 5507 2836 5544 ms.
2873 5493 3043 5549 Velim
3075 5486 3146 5542 illi
3191 5484 3511 5539 subtrahere

2069 5566 2251 5608 mflnm
2327 5563 2396 5596 ³⁸⁷
2434 5563 2595 5608 IImlil
2641 5579 2738 5608 ms-
2771 5563 3049 5608 I‘IHIIIPIIIII’
3145 5555 3217 5589 ¹⁸⁸
3251 5555 3511 5608 Dissimu-

3299 5573 3512 5611 iSSIItlU'

3113 5720 3188 5779 36
