3872 6028
455 157 587 212 1151

982 148 1045 207 S.
1088 144 1382 202 ANSELMI
1437 141 1790 200 CANTUAl'l.
1828 134 2146 195 ARCIIIEI‘.
2183 132 2337 190 OPP.
2383 133 2561 191 PARS
2601 133 2687 189 Ill.
2719 163 2789 176 —
2815 133 3196 191 EPISTOLAS.

3607 134 3736 191 “52

453 265 714 340 propositi
771 262 1025 317 nutriatis
1079 258 1318 315 melioris
1366 257 1670 339 infantiam,
1720 253 1823 309 nisi
1879 254 2035 316 forte,
2070 266 2113 322 Α
2146 249 2501 316 visitavimus,
2559 251 2811 319 quoniam
2842 250 2909 304 de
2949 249 3224 306 soliditate
3276 262 3484 305 mutua:
3532 261 3735 309 nostra
3828 249 3829 295 ἒ

451 360 595 432 quod
637 373 743 413 non
785 365 939 426 puto,
990 353 1044 408 in
1089 352 1376 422 pristinam
1426 364 1532 403 non
1599 364 1666 403 ex
1718 345 2032 402 inﬁrmitate

449 449 771 512 ostenderit,
805 445 897 501 sed
927 459 993 499 ex
1024 443 1302 498 voluntate
1339 440 1562 497 redierit
1587 439 1871 494 malitiam.
1899 436 2033 493 Nul-

448 541 663 597 latenns
696 536 839 591 enim
884 533 957 590 illi
990 531 1351 604 opportunius
1393 528 1637 603 probatis
1686 528 1912 583 latuisse
1952 526 2035 580 di-

449 632 735 687 lectionem
778 627 881 684 sub
929 626 1223 683 severitate
1267 639 1429 694 quam
1489 622 1661 678 sensit
1706 620 1761 675 in
1820 634 2031 684 errore,

449 737 614 794 quam
643 738 687 777 Si
718 730 846 776 tunc
876 719 1114 791 patuerit
1138 718 1190 772 in
1222 716 1428 773 erroris
1457 713 1817 770 correctione.
1870 713 2029 768 Deni-

448 831 574 886 que,
607 821 667 868 ut
689 811 821 868 milii
854 811 1088 876 videtur,
1119 810 1188 865 ad
1230 819 1393 863 recta:
1428 807 1553 862 vita:
1583 808 1858 860 tramitem
1907 804 2033 859 nul-

450 908 536 962 lus
565 907 721 962 debet
765 904 989 975 impelli,
1040 903 1143 957 nisi
1174 901 1265 972 qui
1299 916 1405 955 non
1440 907 1618 971 potest
1646 897 1871 953 attrahi.
1903 896 2036 953 Pre-

447 1014 542 1054 cor
571 998 759 1063 etiam,
789 1011 905 1064 seu,
961 995 1142 1065 potius
1190 993 1350 1062 exigo
1393 1006 1460 1047 ex
1512 990 1712 1056 debito,
1758 990 1897 1060 quod
1930 989 2031 1045 sibi

447 1093 679 1149 invicem
713 1091 912 1145 debent
948 1088 1131 1154 amici,
1156 1094 1213 1141 ut
1237 1086 1379 1142 sicut
1404 1098 1593 1139 omnes
1629 1083 1840 1139 dilecta:
1894 1082 2028 1137 mihi

446 1180 774 1237 fraternitati
815 1188 1007 1235 vestra:
1063 1178 1288 1233 dilectos
1323 1175 1446 1231 volo
1502 1175 1746 1246 diligere.
1802 1174 1883 1229 sic
1931 1174 2030 1228 do-

446 1286 605 1328 mnus
649 1272 926 1327 Oshernns
980 1270 1033 1324 in
1083 1253 1434 1341 adipiscendd
1471 1280 1644 1321 meam
1691 1262 2031 1319 dilectionem

445 1363 671 1420 multum
705 1362 806 1417 sibi
849 1361 1050 1433 gaudet
1072 1369 1311 1415 vestram
1346 1358 1605 1414 crevisse.
1637 1352 1847 1410 Valete.

943 1451 1275 1508 EPISTOLA
1306 1449 1423 1505 LIX
1452 1448 1547 1504 ⁸⁸⁸.

1024 1560 1088 1598 ΔΙ)
1126 1558 1465 1601 δοκοίην-ου.

442 1664 520 1719 Pe
542 1667 845 1721 muneribus
868 1665 932 1718 ab
960 1666 1071 1733 ipso
1095 1662 1492 1733 missisgmlias
1514 1661 1625 1733 agit
1653 1674 1749 1714 suo
1771 1666 1817 1712 et
1843 1655 2027 1728 Πυθο-

849 1736 928 1788 nis
951 1731 1104 1805 atque
1131 1731 1348 1787 Basilia:
1383 1731 1611 1785 nomine.

515 1829 628 1885 Suo
681 1829 924 1895 domino,
968 1820 1066 1884 suo
1115 1826 1296 1891 fratri,
1335 1841 1433 1881 suo
1485 1828 1662 1880 amico
1702 1821 2027 1877 cbarissimo

444 1924 642 1976 donmo
668 1920 959 1978 GONDULFO
994 1918 1165 1975 frater
1184 1920 1487 1984 ANSELHUS,
1545 1928 1688 1988 quod
1720 1934 1841 1984 suo,
1875 1931 2026 1972 suus.

510 2013 648 2068 Cum
715 2023 768 2068 tu
813 2029 919 2067 non
963 2022 1119 2083 potes
1172 2009 1427 2083 precibus
1488 2025 1712 2065 monere
1756 2009 2026 2082 pigritiam

443 2118 617 2158 meam
642 2112 699 2158 ut
730 2104 822 2160 tibi
875 2103 1226 2159 salutatorias
1272 2102 1481 2157 litteras
1535 2102 1766 2168 mittam,
1806 2115 2029 2156 convrr-

447 2195 517 2251 tis
544 2203 595 2251 te
626 2197 692 2251 ad
719 2195 867 2251 aliud
892 2196 1204 2264 consilium,
1237 2195 1491 2265 ctpulsas
1522 2210 1607 2249 me
1636 2195 1742 2249 tuis
1763 2194 1942 2258 donis,
1971 2202 2031 2247 ut

442 2287 528 2343 vel
553 2289 759 2360 gratias
797 2288 1073 2343 remittam
1108 2304 1122 2353 ;
1156 2296 1213 2342 et
1235 2302 1397 2357 quem
1442 2285 1718 2340 blanditia:
1753 2292 2030 2355 nequeunt

441 2380 510 2435 ad
546 2380 897 2436 scribendum
947 2380 1245 2446 attrahere,
1299 2378 1491 2434 saltem
1546 2378 1720 2448 pudor
1762 2385 1926 2447 queat
1961 2374 2030 2429 ad

439 2473 648 2543 gratias
693 2472 959 2544 agendum
1008 2470 1308 2541 impellere.
1370 2471 1486 2541 Ago
1531 2469 1696 2539 igitur
1755 2479 1858 2523 tuas
1896 2468 2030 2523 dile-

441 2566 631 2633 ctioni,
661 2581 780 2636 qua:
809 2564 981 2621 dulcis
1019 2573 1099 2620 est
1124 2564 1275 2620 cordi
1301 2579 1442 2632 meo,
1465 2563 1688 2634 gratias,
1720 2574 1826 2616 non
1855 2576 2032 2632 quan-.

444 2665 557 2710 tum
600 2655 735 2710 milii
757 2657 923 2711 chara
957 2662 1084 2709 sunt
1118 2655 1257 2710 dona
1291 2662 1382 2710 tua
1419 2694 1434 2719 ,
1476 2655 1571 2709 sed
1605 2663 1866 2724 quantum
1897 2653 2029 2708 milii

442 2748 660 2803 cliarior
681 2756 765 2803 est
788 2748 1030 2803 cliaritas
1059 2754 1170 2813 tua,
1198 2762 1304 2818 qua
1340 2748 1477 2801 liunt
1504 2756 1559 2801 et
1592 2746 1939 2812 condiuntur,
1975 2754 2030 2800 et

442 2855 605 2910 quam
650 2840 783 2894 mihi
839 2840 1057 2909 sapiunt
1117 2854 1342 2893 munera
1406 2848 1518 2893 tua.
1568 2837 1743 2893 Tanto
1793 2850 2028 2906 namque

440 2930 660 2986 citarier
687 2939 772 2985 est
803 2930 934 2985 milii
967 2930 1209 2985 charitas
1236 2938 1351 2995 tua,
1379 2944 1540 2999 quam
1585 2928 1848 2999 quidquid
1891 2928 2025 2983 mihi

443 3023 644 3078 donare
694 3033 847 3093 potes
878 3062 895 3090 ,
959 3031 1165 3093 quanto
1207 3037 1271 3078 ea
1320 3037 1441 3092 qua:
1499 3022 1669 3077 donas
1716 3030 1871 3093 potes
1899 3036 1929 3075 a
1976 3029 2029 3075 te

440 3114 598 3187 longe
651 3116 1046 3181 transmittere,
1092 3123 1148 3171 et
1193 3115 1518 3170 cliaritatem
1569 3130 1676 3169 non
1733 3122 1888 3184 potes
1915 3122 2029 3168 ate

435 3208 732 3264 dimittere.
779 3209 871 3264 illa
925 3210 1072 3264 enim
1111 3218 1339 3279 possunt
1385 3208 1503 3264 sine
1545 3223 1699 3264 mare
1753 3206 2023 3274 transire;

437 3302 531 3358 sed
573 3304 677 3359 ista
704 3317 811 3358 non
848 3311 1025 3373 potest
1047 3303 1115 3358 de
1152 3302 1318 3358 corde
1339 3301 1492 3356 exire
1539 3307 1673 3355 tuo:
1714 3299 1856 3354 hanc
1876 3307 2027 3354 certe

437 3400 553 3454 sive
577 3399 771 3465 dones,
822 3400 936 3454 sive
965 3414 1070 3454 non
1126 3399 1295 3454 dones
1351 3397 1506 3462 milii,
1557 3396 1757 3466 aliquid
1813 3408 2028 3466 semper

442 3492 560 3544 scio
592 3491 644 3544 in
674 3499 724 3544 te
751 3490 963 3546 fervere
994 3507 1011 3557 ;
1039 3491 1165 3545 huic
1188 3490 1305 3545 sive
1325 3489 1517 3558 loquar
1542 3489 1633 3555 "°,
1660 3488 1773 3543 sive
1796 3496 2024 3553 taceam,

437 3594 655 3651 semper
680 3583 819 3636 scito
849 3597 944 3637 cor
971 3596 1151 3637 meum
1202 3580 1367 3636 simili
1417 3580 1608 3636 alfectu
1671 3578 2022 3650 respondere.

445 3673 699 3729 Dominus
728 3671 880 3743 llngo
909 3680 961 3726 et
990 3670 1210 3728 domina
1255 3669 1453 3725 Basilia
1482 3685 1621 3726 uxor
1663 3669 1780 3738 ejus
1802 3681 2027 3738 magnas

435 3766 536 3822 sibi
567 3765 773 3837 gratias
824 3777 991 3837 agunt
1046 3781 1143 3836 pro
1188 3766 1384 3837 gratiis
1439 3765 1548 3820 tuis
1596 3776 1731 3834 quas
1772 3763 2021 3829 mandas,

439 3871 538 3926 pro
588 3858 745 3914 donis
795 3859 900 3913 tuis
950 3874 1072 3930 quas
1133 3858 1327 3925 mittis,
1378 3872 1478 3926 pro
1520 3854 1863 3912 orationibus
1915 3855 2023 3910 tuis

440 3964 580 4019 quas
628 3966 727 4020 pro
757 3952 839 4007 eis
885 3950 1043 4017 facis,
1073 3959 1128 4005 et
1152 3966 1288 4020 quas
1312 3950 1393 4006 eis
1415 3950 1711 4020 promittis.
1744 3946 1859 4018 Ego
1906 3946 2024 4017 ipse

433 4047 758 4114 prmsentavi
798 4047 879 4102 cis
904 4061 1129 4102 munera
1154 4055 1265 4106 tua,
1305 4054 1361 4101 et
1405 4045 1508 4116 legi
1537 4044 1750 4098 litteras
1794 4050 1936 4108 tuas,
1965 4051 2024 4099 et

437 4134 597 4189 retuli
621 4135 785 4190 verba
810 4145 901 4190 tua
928 4151 944 4190 :
968 4151 1089 4207 qua:
1118 4135 1299 4190 omnia
1326 4134 1633 4205 gratissime
1660 4141 1717 4189 et
1741 4131 2019 4188 laetissime

436 4233 810 4295 susceperunt.

845 4338 1010 4413 334
1036 4339 1363 4397 EPlSTOLA
1390 4338 1483 4395 Lx
1510 4339 1601 4395 πί.

1021 4453 1089 4491 ΔΙ)
1124 4450 1449 4492 ΙΙΛΒΒΙΤΙΗΙ.

434 4523 617 4595 Exigit
654 4524 719 4579 ab
767 4541 827 4580 eo
877 4527 1125 4595 epistolas
1157 4544 1175 4593 ;
1205 4537 1252 4580 et
1284 4542 1403 4580 eum
1452 4523 1718 4579 collaudat
1767 4521 1908 4579 quod
1952 4521 2017 4576 ab

858 4598 1096 4651 omnibus
1133 4600 1324 4668 ubique
1364 4606 1589 4651 antetur.

504 4684 717 4739 Domno
759 4695 813 4740 et
859 4687 1212 4743 dilectissimo
1271 4687 1423 4743 fratri
1475 4697 1530 4743 et
1580 4687 1691 4742 lilio
1741 4684 2020 4743 Μλυιιτιο

388 4770 393 4775 ’
435 4772 602 4831 frater
649 4777 954 4843 Ansswes,
996 4779 1261 4848 sapientia
1284 4789 1337 4836 et
1366 4780 1539 4851 gratia
1577 4778 1847 4852 prolicere
1881 4778 2023 4850 apud

431 4869 600 4926 Deum
629 4881 684 4928 et
713 4872 979 4928 homines.

508 4965 609 5021 Diu
659 4975 745 5022 est
785 4966 930 5037 quod
973 4965 1180 5022 nostris
1235 4979 1335 5022 nos
1374 4965 1607 5023 invicem
1659 4964 1859 5022 litteris
1906 4978 2020 5020 non

2133 341 2443 397 dilectionis
2495 356 2602 396 non
2648 341 3058 407 dubitavimus;
3107 349 3163 395 et
3200 340 3325 411 quia
3405 342 3732 398 nuntiorum

2132 434 2490 502 sermonibus,
2522 448 2646 490 cum
2675 439 3039 505 opportunum
3066 432 3185 500 fuit,
3216 447 3316 487 nos
3340 432 3733 492 salutavimus.
3828 470 3829 475 η

2134 525 2240 582 Sed
2262 541 2329 582 ne
2354 542 2461 597 qua
2485 525 2772 582 occasione
2815 539 2972 580 amor
3023 524 3140 593 ipse
3169 521 3238 577 ab
3273 523 3461 594 aliquo
3515 533 3734 594 putetur

2134 627 2318 689 tepere
2346 659 2362 685 ,
2393 617 2651 687 expedire
2679 624 2810 687 puto
2840 625 2899 669 ut
2925 614 3217 685 aliquando
3241 612 3551 680 scliedulis,
3578 615 3729 683 quasi

2133 710 2385 767 scintillis
2415 710 2485 765 ab
2510 710 2743 765 invicem
2770 708 3151 773 emicantibus,
3197 707 3454 761 videatur
3496 706 3726 763 fervere.
3828 734 3829 773 ξ

2133 801 2248 858 Hoc
2269 803 2414 857 enim
2449 802 2567 873 ipso
2604 802 2728 871 quia
2778 800 3180 856 desiderantem
3218 799 3289 831 ²⁶³
3315 810 3368 855 te
3410 799 3727 855 desiderans
3828 860 3829 883 ξ

2134 897 2337 952 habere
2363 911 2573 950 mecum
2597 909 2702 949 non
2730 908 2946 964 possmn
2971 909 2988 959 ;
3017 906 3359 963 nequaquam
3393 893 3608 961 minus,
3637 893 3723 948 sed

2132 988 2308 1059 magis
2341 998 2392 1042 te
2413 987 2618 1057 diligo;
2652 985 2776 1055 quia
2808 1000 2931 1040 cum
2976 995 3030 1039 te
3062 985 3144 1039 sic
3195 982 3341 1054 diligi
3372 997 3404 1038 a
3431 982 3724 1054 majoribus

2100 1086 2186 1134 .et
2217 1077 2532 1133 melioribus
2581 1091 2669 1132 me
2694 1075 2784 1140 “',
2814 1084 2872 1128 ut
2907 1084 2958 1130 te
2978 1074 3254 1130 dimittere
3299 1074 3501 1140 nolint,
3533 1074 3721 1142 \ideo;

2130 1168 2252 1240 plus
2276 1178 2329 1224 te
2359 1168 2689 1238 diligendum
2748 1165 3014 1236 intelligo.
3074 1165 3226 1222 Unde
3273 1164 3334 1220 ﬁt
3361 1174 3423 1221 ut
3447 1180 3595 1235 pene
3634 1166 3726 1220 da-
3828 1148 3829 1205 Ῡ

2130 1257 2280 1312 bium
2324 1257 2456 1311 mihi
2488 1258 2564 1311 sit
2600 1266 2785 1310 utrum
2817 1256 2945 1325 quia
2994 1255 3075 1311 sic
3120 1265 3173 1311 te
3218 1256 3357 1310 facis
3408 1257 3721 1321 aniabilem,

2131 1347 2252 1418 plus
2273 1348 2569 1419 gaudeam;
2600 1363 2667 1401 an
2693 1347 2819 1417 quia
2847 1359 2953 1401 tam
2980 1345 3200 1401 amabili
3222 1345 3327 1400 frui
3348 1360 3459 1401 non
3482 1360 3720 1417 possum,

2134 1440 2255 1511 plus
2283 1440 2512 1495 doleam.
2542 1440 2743 1495 Verum
2774 1440 3031 1512 quoniam
3066 1440 3181 1494 scio
3201 1439 3329 1509 quia
3376 1455 3488 1494 non
3521 1449 3721 1495 tantum

2135 1542 2355 1602 propter
2397 1548 2484 1587 me
2511 1541 2776 1603 quantum
2810 1543 3032 1602 propter
3064 1540 3117 1587 te
3141 1546 3172 1586 a
3198 1545 3284 1586 me
3317 1531 3493 1588 debes
3516 1533 3719 1587 amari:

2058 1619 2103 1677 Β
2132 1624 2305 1679 soluta
2342 1624 2643 1693 quaestione
2695 1631 2908 1678 certum
2959 1633 3044 1677 est
3085 1623 3214 1692 quia
3266 1622 3392 1692 plus
3452 1624 3629 1677 debeo
3659 1626 3721 1676 de

2132 1719 2398 1774 bonorum
2458 1719 2749 1787 prmscntia
2798 1731 2921 1787 quas
2961 1724 3138 1770 tecum
3194 1724 3281 1770 est
3327 1715 3721 1784 congratulari,

2131 1824 2295 1878 (piam
2319 1809 2384 1863 de
2408 1808 2654 1876 corporis
2680 1805 2756 1860 tui
2797 1803 3042 1859 absentia
3072 1819 3193 1873 quae
3219 1818 3437 1857 mecum
3466 1812 3557 1858 est
3593 1818 3723 1857 corio

2134 1901 2359 1977 tristari.
2385 1900 2628 1970 Denique
2662 1912 2898 1968 semper,
2920 1906 2978 1951 ut
3006 1896 3118 1951 Deo
3139 1906 3193 1951 et
3221 1896 3382 1951 bonis
3413 1895 3724 1949 hominibus

2131 1990 2382 2046 amabilis
2401 2005 2573 2055 esses,
2603 1987 2935 2053 desideravi,
2968 1995 3024 2043 et
3055 2001 3152 2057 pro
3183 2001 3302 2040 mea
3333 1986 3721 2055 possibilitate,

2132 2093 2191 2137 ut
2217 2084 2348 2138 mihi
2381 2084 2633 2138 conscius
2662 2096 2744 2149 es,
2773 2081 2953 2136 studui
3003 2078 3241 2148 quandiu
3270 2094 3487 2134 mecum
3517 2078 3673 2133 fuisti
3706 2093 3721 2131 :

2131 2190 2234 2231 nec
2264 2185 2445 2231 tamen
2475 2175 2805 2231 desiderium
2856 2175 3059 2230 idcirco
3083 2173 3271 2246 tepuit,
3328 2173 3454 2243 quia
3485 2173 3723 2228 studium

2130 2267 2345 2337 operari
2405 2282 2510 2321 non
2556 2266 2730 2337 potuit
2781 2266 2904 2336 plus
2949 2281 3113 2336 quain
3165 2278 3402 2331 mecum,
3436 2281 3566 2320 cum
3616 2280 3722 2319 non

2131 2359 2278 2414 fuisti
2313 2376 2327 2412 :
2358 2374 2543 2414 verum
2580 2373 2685 2413 non
2718 2357 3027 2427 ubicunque
3077 2356 3303 2422 amaris,
3351 2371 3477 2411 esse
3521 2366 3718 2425 potes;

2130 2452 2225 2509 sed
2260 2452 2568 2523 ubicunque
2623 2452 2720 2516 sis,
2761 2451 2933 2505 amari
2965 2460 3022 2506 et
3069 2450 3245 2504 bonus
3289 2463 3413 2503 esse
3441 2458 3619 2518 potes.
3657 2447 3726 2503 L‘t

2132 2546 2296 2617 igitur
2321 2543 2392 2599 ibi
2410 2553 2464 2599 et
2496 2541 2617 2599 talis
2641 2543 2739 2607 sis,
2763 2542 2853 2597 ubi
2881 2550 2935 2597 et
2956 2541 3174 2612 qualem
3203 2549 3257 2595 te
3280 2554 3401 2596 esse
3424 2538 3530 2592 vult
3553 2538 3725 2601 Deus,

2130 2646 2186 2693 et
2218 2636 2313 2691 tibi
2349 2636 2588 2705 expedit,
2645 2634 2798 2690 salvo
2849 2643 3028 2688 tamen
3096 2642 3287 2687 mutuo
3336 2639 3544 2695 nostro,
3573 2629 3726 2698 quod

2132 2730 2307 2802 exigit
2360 2738 2582 2785 mutuus
2631 2742 2807 2793 amor,
2855 2725 3128 2781 desiderio
3158 2764 3173 2789 ,
3230 2733 3482 2779 exoretur
3528 2721 3722 2775 Deus:

2129 2832 2185 2878 et
2213 2821 2471 2893 quoniam
2491 2819 2628 2890 jam,
2660 2818 2970 2889 ubicunque
3020 2817 3119 2885 sis,
3173 2817 3334 2871 bonis
3359 2813 3651 2869 amabilem
3674 2821 3724 2867 te

2132 2917 2630 2985 fecitibenedielus
2707 2917 2874 2970 Deus.
2928 2913 3117 2970 Saluta
3169 2913 3401 2968 dilectos
3451 2911 3653 2966 fratres
3672 2919 3726 2965 et

2056 2985 2102 3052 Ο
2135 3008 2341 3063 amicos
2409 3016 2628 3062 nostros
2675 3007 2933 3062 domuum
2992 3002 3306 3059 llerluinum
3356 3010 3415 3057 et
3461 3004 3719 3056 domuum

2131 3099 2434 3156 Guidonem
2468 3100 2559 3166 '“,
2588 3099 2845 3154 domuum
2902 3095 3166 3151 Elmerum
3193 3103 3247 3148 et
3286 3093 3560 3149 domnum
3595 3091 3721 3148 ιιυι.

2130 3198 2372 3253 wardum
2397 3197 2783 3255 consobrinum
2816 3193 2998 3250 domui
3025 3190 3282 3248 Osberni.

2629 3306 2967 3364 EPISTOLA
2997 3304 3111 3360 LXI
3138 3303 3234 3360 "'.

2591 3416 2766 3456 DURAN
2775 3416 2823 3454 ω
2853 3414 2922 3453 ΔΙ)
2952 3410 3259 3453 Ακεειιιιυιί.

2129 3494 2272 3553 Laus
2310 3492 2720 3549 Medilalionum
2765 3490 3024 3613 Anale‘lmil,
3051 3506 3082 3611 (lt
3106 3503 3207 3559 quo
3238 3484 3391 3556 exigit
3430 3481 3499 3538 B.
3552 3483 3723 3539 Pauli

2893 3576 2995 3613 .nts
3022 3578 3050 3613 ο
3076 3577 3155 3612 as.

2893 3576 3155 3631 :ptstotas.

2197 3655 2486 3712 Damasus
2538 3653 2653 3710 sola
2698 3651 3009 3724 dignatione
3059 3648 3158 3705 Dei
3214 3647 3383 3703 abbas
3428 3644 3709 3701 Casa-Dei

2127 3745 2345 3802 domino
2366 3745 2624 3801 Assumo
2650 3751 2914 3797 aeternam
2942 3739 3193 3795 salutem.

2194 3837 2519 3908 Bajocenses
2541 3837 2648 3892 duo
2681 3834 2879 3890 litteris
2908 3832 3123 3898 imbuti,
3168 3829 3399 3900 juvenes
3429 3826 3711 3899 praeclara

2124 3930 2458 3987 babitudinis
2482 3929 2534 3984 in
2563 3926 2712 3983 omni
2743 3924 2901 3982 modo
2929 3940 2990 3981 se
3012 3923 3245 3980 habendi
3271 3939 3288 3987 ;
3320 3922 3500 3976 minor
3519 3933 3715 3975 eorum

2094 4010 2387 4082 vocabulo
2432 4031 2517 4079 est
2560 4022 2841 4094 Rogerius,
2903 4020 3043 4075 alter
3080 4026 3163 4073 est
3204 4014 3558 4073 Willelmus:
3607 4014 3713 4068 duo

2123 4116 2223 4183 illi,
2239 4124 2295 4171 et
2316 4122 2513 4185 praeter
2531 4128 2646 4179 eos,
2674 4112 2875 4183 plures,
2899 4111 2995 4166 sed
3019 4109 3253 4164 maxime
3274 4107 3351 4161 illi
3373 4105 3715 4161 distillarunt

2123 4209 2345 4264 auribus
2397 4206 2599 4262 nostris
2625 4205 2804 4261 oleum
2845 4213 2902 4260 et
2922 4204 3245 4260 suavitatem
3279 4201 3356 4255 tui
3400 4208 3459 4254 et
3486 4198 3719 4253 nominis

2122 4310 2177 4358 et
2201 4298 2495 4371 religionis.
2549 4296 2754 4353 Deinde
2787 4312 2801 4350 :
2837 4294 3015 4350 Terret
3043 4310 3122 4350 me
3167 4294 3271 4348 vita
3300 4307 3463 4354 mea;
3497 4303 3719 4359 namque

2043 4359 2098 4421 Β
2123 4394 2241 4468 (18)
2264 4359 2540 4464 diligenter
2590 4389 2829 4444 discussa
2859 4387 2953 4455 '“,
2982 4400 3105 4440 cum
3141 4399 3207 4440 eo
3256 4382 3400 4453 quod
3446 4381 3714 4451 sequitur,

2123 4487 2387 4557 scriptum
2417 4483 2541 4548 hoc,
2574 4488 2629 4535 et
2674 4487 2873 4551 prater
2905 4480 3034 4545 hoc,
3080 4476 3186 4532 alia
3223 4474 3471 4545 piissime
3498 4474 3571 4527 de
3594 4484 3718 4525 con-

2126 4580 2257 4634 trito
2304 4576 2497 4649 spiritu
2529 4585 2644 4641 tuo,
2674 4581 2730 4628 et
2768 4572 2838 4628 de
2876 4572 3078 4641 pietate
3124 4568 3345 4625 contriti
3401 4566 3485 4621 tui
3535 4562 3716 4621 cordis

2126 4673 2269 4728 edita
2298 4680 2355 4727 et
2378 4670 2602 4739 scripta,
2624 4667 2743 4737 pias
2767 4672 3030 4737 praestant
3068 4663 3226 4719 nobis
3261 4661 3542 4731 lacrymas
3602 4666 3713 4711 tuas

2124 4765 2323 4835 legere,
2363 4770 2579 4819 nostras
2603 4760 2764 4814 edere
2794 4773 2809 4824 ;
2840 4756 2912 4811 ita
2944 4764 3004 4811 ut
3028 4765 3320 4824 utrumque
3376 4751 3716 4807 miremuret

2124 4862 2180 4918 in
2209 4858 2374 4917 corde
2397 4867 2490 4915 tuo
2522 4857 2826 4913 redundare
2861 4862 3029 4909 tanta:
3059 4865 3239 4905 rorem
3288 4844 3710 4903 benedictionis,

2122 4962 2179 5012 et
2221 4954 2341 5011 sine
2390 4965 2619 5010 susurro
2649 4947 2982 5006 descendere
3010 4943 3136 5000 inde
3160 4942 3338 4998 rivum
3374 4936 3433 4993 in
3460 4933 3713 4993 cordibus

1721 5117 1952 5175 VARUS
1989 5111 2390 5172 LECTIONES.

500 5236 573 5272 "’
587 5235 718 5291 Cum
742 5235 920 5292 eodem
944 5252 1043 5290 ms.
1074 5232 1268 5289 collata
1325 5232 1394 5265 "°
1421 5231 1549 5288 Sive
1567 5232 1762 5303 loquor
1783 5247 1887 5303 ms.
1900 5230 2031 5303 sive
2053 5227 2254 5303 loquar
2301 5224 2369 5256 ²⁶¹
2396 5222 2724 5303 Carneadem
2746 5218 3053 5303 macella!!!
3215 5214 3596 5303 Desultanten}

431 5287 1175 5375 desideranteni'"miDiligo
1197 5320 1226 5358 a
1256 5287 1555 5375 majoribus
1583 5287 1669 5359 me
1689 5318 1792 5375 me.
1816 5300 1966 5375 diligi
1991 5315 2021 5353 a
2047 5287 2342 5375 majoribus
2368 5294 2756 5375 etnmeliorilnts
2779 5309 2866 5375 me
2927 5287 3330 5375 ":‘l‘le'r‘lninum
3349 5287 3708 5375 et‘dorninnm

429 5378 637 5436 Gondul

429 5395 637 5436 UOIIOUI
681 5395 807 5433 num
828 5395 922 5431 Ml.
958 5395 1274 5431 llCl‘llllllllﬂl
1321 5395 1376 5429 Cl.
1406 5395 1523 5429 uom

429 5462 529 5504 ius.
555 5458 602 5503 et
626 5395 776 5503 Edit.
812 5446 930 5502 Pic.
962 5446 1252 5519 diligenter
1278 5445 1523 5502 discussa

681 5359 922 5433 liuinims.
958 5359 1274 5431 llerlti’inum
1321 5359 1376 5429 εἰ
1406 5373 1664 5430 domuum
1695 5359 1997 5430 GuidonEm
2074 5359 2144 5409 ³⁸⁵
2173 5365 2302 5423 Cum
2337 5365 2518 5421 eodem
2568 5379 2669 5420 ms.
2710 5362 2906 5418 collata
2980 5359 3051 5393 ¹⁶⁶
3085 5359 3326 5431 Diligent
3363 5366 3425 5415 et
3469 5360 3715 5416 discussa

1645 5553 1932 5615 JOANNIS
1968 5551 2239 5611 PICARDI
2274 5546 2507 5607 ΝΟΤᾸΞ.

500 5629 615 5701 (l8)
650 5628 926 5686 Heditatio
946 5629 1006 5697 Ξ,
1029 5645 1210 5700 supra,
1232 5646 1285 5701 p.
1312 5619 1440 5685 907.
