3898 6052
284 221 424 275 1135

1561 209 1686 266 LIB.
1723 209 1764 276 I,
1805 208 2026 264 EPIST.
2065 207 2249 264 LXIII.

3417 214 3554 268 1154

277 335 484 390 nostris
537 334 667 384 Nam
701 328 774 382 ita
805 337 891 384 est
920 341 1090 383 vere:
1139 324 1316 396 pietas
1362 329 1708 393 seripttetuae
1735 339 1861 378 ora-
1891 321 2236 391 Adiltgendo
2269 329 2424 376 orate
2475 329 2534 375 ut
2597 321 2720 376 sim.
2789 321 2878 376 Sic
2934 321 3077 377 enim
3132 332 3312 378 vestra
3367 324 3473 378 erit
3500 334 3556 378 et

279 424 442 480 tionis
473 423 674 478 excitat
711 439 764 476 ιιι
789 419 944 474 nobis
972 419 1230 489 pietatem
1273 416 1460 485 sopitae
1490 413 1865 484 compunctio—

277 516 362 570 nis
385 531 400 580 ;
422 514 558 568 adeo
579 523 636 566 ut
661 512 814 583 quasi
840 519 1018 566 mente
1045 510 1374 580 prosiliendo
1403 509 1861 578 congaudeamus,

273 626 340 667 ea
371 607 644 679 diligendo
671 608 722 660 in
753 615 828 666 te,
855 603 942 658 vel
971 603 1152 672 potius
1181 602 1235 656 in
1263 600 1342 656 eis
1379 608 1430 654 te
1459 615 1474 666 ;
1501 611 1663 668 super
1687 611 1748 651 ea
1767 595 1862 660 ³⁸⁷,

271 714 332 760 et
359 719 457 774 per
485 717 550 756 ea
575 701 744 754 Deum
771 706 824 752 et
855 705 930 752 te.
971 695 1251 750 Intercedc
1288 692 1472 762 igitur,
1518 690 1642 759 quia
1697 689 1865 742 inter-

277 795 474 848 cedere
491 799 665 862 potes,
692 803 788 859 pro
813 785 968 840 nobis
989 782 1447 839 intercedentibus
1473 795 1570 850 pro
1588 789 1638 832 te
1657 786 1716 831 ut
1736 791 1864 846 pos-

276 900 465 942 sumus
495 899 511 949 ;
539 891 593 938 et
629 882 784 936 mitte
834 877 956 942 alia,
1003 877 1046 930 si
1088 890 1195 945 qua
1247 874 1468 936 habeas,
1495 887 1524 925 a
1557 880 1608 924 te
1638 869 1861 938 scripta,

275 994 394 1046 qum
429 991 534 1030 non
581 973 900 1033 habeamus,
930 979 1091 1023 nutus
1125 977 1174 1022 et
1209 974 1430 1036 rogatus
1460 964 1514 1018 in
1547 963 1859 1026 dilectione,

277 1083 398 1136 qua:
427 1064 684 1120 continua
721 1071 803 1116 est
839 1059 996 1114 nobis
1044 1057 1348 1124 utrobique.
1397 1051 1668 1122 Rogamus
1699 1051 1864 1104 etiam

277 1161 332 1212 in
365 1173 592 1228 corpore
636 1159 754 1224 ipso
785 1150 1216 1222 congregationis
1252 1148 1512 1202 imitatem
1563 1142 1862 1208 societatis,

277 1257 333 1302 et
377 1257 428 1302 te
471 1261 568 1317 pro
619 1245 774 1298 nobis
817 1243 871 1296 in
919 1256 984 1295 eo
1035 1239 1181 1310 fungi
1233 1237 1502 1308 legatione
1555 1234 1867 1298 mittimus;

277 1341 401 1408 quia
455 1337 764 1392 redundans
809 1345 862 1388 tu
915 1331 1183 1387 charitate
1238 1328 1466 1383 ﬁdeliter
1507 1325 1710 1396 poteris
1763 1325 1867 1380 hoc

276 1443 492 1498 rogare,
520 1436 574 1482 et
618 1435 802 1496 mgata
849 1425 963 1493 ipse
1015 1423 1165 1476 dare.
1217 1417 1398 1474 Parati
1447 1419 1612 1472 etiam
1667 1425 1868 1471 nostra:

275 1517 586 1573 dilectionis
615 1518 746 1570 dare
803 1515 1018 1584 pignus,
1079 1513 1272 1582 pignus
1321 1510 1586 1581 exigimus
1614 1525 1644 1562 a
1674 1509 1864 1564 vobis:

276 1626 374 1664 vos
397 1610 578 1680 eligite
605 1608 746 1678 quod
797 1621 1104 1676 possumus,
1149 1620 1178 1658 a
1224 1603 1418 1668 nobis;
1473 1617 1572 1656 nos
1617 1601 1867 1672 eligimus

1967 428 2096 468 vera
2122 413 2189 468 de
2211 428 2299 468 me
2322 413 2630 479 aestimatio,
2659 425 2714 470 et
2738 429 2858 468 vera
2909 429 3034 486 erga
3089 430 3175 469 me
3231 414 3470 482 dilectio,
3500 427 3555 471 et

1967 520 2160 560 secura
2184 505 2316 560 tnihi
2347 505 2414 560 de
2443 515 2624 560 vestro
2647 520 2834 560 amore
2877 505 3191 562 exsultatio.
3246 507 3396 576 Rogo
3455 508 3555 562 ita-

1967 612 2092 668 que,
2124 605 2324 668 quanta
2353 612 2571 668 possum
2622 597 2946 662 humilitate,
2977 598 3332 652 reverendam
3375 607 3554 668 pater-

1965 689 2192 743 nitatem
2215 696 2476 760 vestram,
2502 689 2646 760 agite
2667 690 2870 748 sanctis
2895 691 3094 744 vestris
3115 689 3390 760 precibus,
3415 706 3552 760 qua—

1969 786 2128 832 tenus
2156 787 2210 834 et
2241 781 2386 849 quod
2424 795 2524 850 ego
2551 780 2730 834 adhuc
2789 779 2948 834 noxie
2977 794 3120 843 sum,
3158 794 3188 833 a
3233 796 3322 835 me
3344 780 3557 835 aufera-

1969 877 2077 934 tur,
2108 869 2324 940 etquod
2355 871 2590 924 nondum
2615 870 2822 924 utiliter
2851 886 2992 934 sum,
3051 871 3184 924 mihi
3236 873 3505 928 tribuatur
3537 894 3552 938 ς

1967 969 2023 1014 et
2074 960 2252 1024 vobis,
2311 959 2452 1030 quod
2509 960 2936 1014 misericorditer
3000 960 3258 1030 indigenti
3307 965 3555 1034 proximo

1971 1051 2288 1122 impenditis
2316 1053 2408 1118 ’V',
2444 1054 2800 1108 retribuatur.
2835 1053 3061 1108 Nostras
3085 1070 3216 1110 vero
3259 1071 3359 1125 pro
3402 1059 3554 1112 vobis

1968 1144 2265 1209 orationes,
2321 1143 2445 1214 quia
2494 1144 2727 1212 perviles
2779 1152 2928 1209 sunt,
2997 1147 3308 1200 reverenda:
3361 1157 3556 1203 vestra:

1967 1235 2291 1290 beatitudini
2331 1238 2649 1306 promittere
2702 1252 2808 1291 non
2859 1237 3070 1302 audeo;
3119 1240 3214 1293 sed
3258 1253 3371 1304 eas,
3426 1241 3553 1310 quia

1967 1341 2190 1397 poscere
2241 1328 2563 1398 dignau‘titti,
2623 1343 2822 1397 negare
2871 1344 2976 1383 nou
3039 1329 3228 1384 debeo.
3281 1329 3462 1395 Quare
3507 1332 3554 1386 si

1969 1419 2170 1490 aliquid
2201 1419 2284 1474 vel
2321 1428 2469 1486 sunt,
2501 1420 2585 1474 vel
2609 1421 2804 1474 vestris
2851 1419 3276 1490 suffragantibus
3343 1423 3555 1477 meritis

1969 1509 2164 1564 futura:
2191 1518 2320 1564 sunt
2353 1550 2368 1576 ,
2419 1510 2471 1564 in
2519 1525 2647 1564 vera
2688 1509 2956 1565 charitate
2987 1511 3056 1541 ’7’
3081 1519 3278 1568 vestrae
3329 1513 3458 1576 sint,
3499 1523 3556 1566 et

1971 1616 2304 1674 sanctorum,
2339 1606 2431 1676 qui
2453 1607 2768 1660 monasterii
2795 1605 2946 1660 vobis
2994 1607 3252 1662 divinitus
3275 1607 3552 1662 commissi

279 1701 355 1732 ⁸⁸⁸
389 1699 662 1770 Epistolas
702 1697 851 1752 Pauli
881 1713 910 1750 a
947 1697 1118 1750 vobis.
1173 1694 1357 1764 Neque
1397 1693 1784 1764 praetendimus
1813 1691 1864 1745 ίιι

1972 1701 2051 1756 vel
2079 1711 2224 1764 sum,
2267 1701 2350 1754 vel
2379 1701 2546 1755 futttri
2601 1709 2746 1755 sunt.
2783 1699 2850 1754 Et
2879 1702 3125 1770 quamvis
3177 1709 3270 1754 aut
3325 1701 3552 1754 nimittm

279 1806 346 1846 eo
375 1791 527 1844 dolos
547 1788 702 1860 quasi
745 1788 905 1858 primi
955 1787 1130 1857 parati
1166 1786 1432 1854 accipere,
1468 1794 1522 1840 et
1548 1799 1652 1838 non
1701 1783 1864 1852 primi

203 1901 224 1920 ο
276 1863 452 1952 parati
493 1881 643 1946 dare,
687 1879 828 1950 quod
859 1877 1279 1932 remotissimum
1309 1885 1394 1930 est
1439 1892 1470 1930 a
1523 1885 1866 1930 sacramento

279 1971 610 2037 dilectionis,
639 1985 760 2040 qua:
787 1971 928 2024 Deus
953 1979 1054 2024 est.
1082 1969 1282 2024 Verum
1309 1967 1566 2024 ardentes
1598 1967 1866 2022 charitate

277 2077 383 2116 nou
417 2062 778 2132 praevidemus
815 2060 1300 2132 quomodocunque
1351 2061 1703 2130 postulemus,
1752 2075 1866 2114 om-

279 2153 438 2206 nibus
485 2161 688 2206 sancta:
738 2151 894 2220 hujus
943 2150 1294 2220 professionis
1333 2151 1506 2219 parati
1549 2165 1646 2204 nos
1677 2159 1732 2204 et
1770 2165 1865 2204 tto-

277 2251 394 2296 stra
425 2243 708 2298 commode
739 2244 902 2312 petita
937 2257 1042 2296 nou
1069 2257 1288 2311 negare.
1319 2241 1382 2295 lli
1414 2242 1579 2313 igitur
1607 2243 1713 2298 duo
1752 2242 1864 2295 fra-

281 2344 393 2388 tres
417 2335 492 2388 tui
533 2334 800 2389 desiderio
833 2334 1044 2390 accensi
1075 2342 1125 2388 te
1147 2333 1496 2403 opitulantem
1527 2333 1598 2365 ²⁶⁹
1629 2335 1868 2389 habeant

278 2425 335 2480 iu
361 2427 632 2494 omnibus,
665 2425 792 2498 quia
823 2427 889 2482 de
921 2435 972 2481 te
995 2427 1196 2495 pendet
1235 2424 1486 2481 voluntas
1535 2427 1776 2480 omnium
1809 2426 1863 2479 in

276 2518 550 2574 munibus.

751 2611 1084 2667 EPISTOLA
1116 2610 1254 2666 LXII
1283 2613 1374 2666 ³⁷⁸.

875 2719 940 2756 AD
972 2717 1278 2757 DURANDUM.

733 2793 1023 2864 Respondet
1071 2790 1404 2864 prn'cedenli.

359 2884 590 2940 Domino
621 2893 676 2937 et
713 2881 861 2938 Patri
916 2883 1112 2938 merito
1152 2884 1478 2950 sanctitatis,
1520 2899 1642 2938 cum
1684 2899 1868 2940 amore

1965 1794 2117 1864 quid,
2145 1803 2239 1848 aut
2289 1793 2423 1848 nihil
2465 1794 2536 1848 sit
2567 1794 2710 1863 quod
2740 1794 2893 1848 vobis
2915 1809 2980 1848 ex
3011 1809 3097 1848 me
3138 1794 3376 1848 concedo
3405 1835 3421 1860 ,
3453 1793 3552 1848 ali-

1965 1889 2097 1958 quid
2149 1897 2327 1942 tamen
2367 1901 2622 1956 magnum
2651 1901 2680 1938 a
2713 1885 2868 1940 vobis
2911 1885 3198 1954 deposcere
3229 1885 3391 1955 335
3417 1899 3557 1954 pra:-

1965 1978 2469 2036 sumo.Prosternit
2505 1979 2684 2047 itaque
2707 1993 2766 2032 se
2809 1991 2961 2032 mens
3011 1993 3126 2032 mea
3175 1992 3358 2032 coram
3405 1992 3556 2032 reve-

1966 2069 2134 2126 renda
2162 2075 2344 2123 vestra
2385 2068 2739 2138 paternitate,
2771 2073 2826 2120 et
2862 2080 3045 2119 coram
3091 2066 3341 2120 omnibus
3363 2075 3556 2122 vestra:

1966 2170 2171 2215 sancta:
2221 2158 2660 2230 congregationis
2712 2157 2990 2222 fratribus,
3045 2157 3234 2214 humili
3286 2158 3556 2227 supplica-

1967 2255 2112 2309 tione
2143 2267 2365 2323 rogaus,
2411 2260 2686 2322 quatenus
2711 2265 2797 2306 me
2825 2266 3040 2306 servum
3073 2257 3334 2314 vestrum,
3389 2250 3554 2304 vestri

1965 2346 2282 2414 monasterii
2333 2343 2575 2410 fratrem,
2609 2342 2754 2397 velut
2797 2357 2960 2398 ttnum
2985 2357 3050 2397 es
3083 2341 3233 2398 vobis
3267 2342 3316 2396 in
3357 2355 3554 2408 perpe-

1969 2444 2120 2488 tuum
2181 2434 2540 2499 concedatis,
2595 2443 2651 2488 et
2705 2447 2900 2486 nomen
2949 2447 3128 2486 meum
3181 2432 3430 2486 ultimum
3463 2433 3554 2485 ubi

1967 2533 2150 2582 vestra
2197 2526 2398 2596 scripta
2445 2535 2572 2581 sunt
2627 2525 2845 2580 nomina
2895 2523 3166 2578 subscribi
3218 2523 3446 2578 faciatis.
3477 2521 3552 2578 Ea

1969 2633 2119 2684 vero,
2181 2633 2300 2688 quae
2357 2619 2552 2673 vestris
2609 2605 2880 2674 mandatis
2939 2617 3332 2687 respondeatur
3353 2625 3407 2671 et
3437 2632 3556 2684 qua:

1970 2711 2320 2776 mandantur,
2357 2711 2639 2768 reverendi
2687 2710 2894 2765 domini
2923 2719 2980 2764 et
3007 2711 3206 2764 fratres
3257 2710 3428 2764 nostri
3461 2711 3552 2764 lilii

1969 2801 2135 2856 vestri
2163 2802 2254 2871 qui
2304 2801 2372 2856 ad
2405 2817 2502 2858 nos
2525 2811 2812 2866 venerunt,
2866 2800 3060 2854 melius
3097 2799 3366 2864 loquendo
3393 2817 3552 2869 quam

1971 2911 2070 2950 nos
2101 2894 2392 2950 scribendo
2435 2895 2758 2950 narrabunt.
2805 2893 3158 2963 Omnipotens
3182 2893 3322 2949 Deus
3345 2894 3424 2949 sic
3461 2909 3556 2946 vos

277 2978 602 3040 I'm'crendo.
652 2991 772 3030 cum
825 2978 1124 3032 reverentia
1167 2978 1419 3041 amando,
1471 2976 1727 3034 DURANDO
1771 2977 1868 3030 ab-
1897 3043 1938 3062 ﬂ
1973 2983 2064 3038 det
2087 2984 2396 3040 conversari
2451 2984 2505 3038 in
2543 2984 2810 3039 Casa-Dei
2841 2984 2894 3037 in
2928 2985 3031 3038 hoc
3072 2984 3290 3048 saeculo,
3324 2991 3383 3036 ιιι
3415 2983 3558 3038 inter

281 3070 392 3124 bati
445 3068 682 3124 emnobii
757 3067 899 3137 quod
947 3068 1144 3122 dicitur
1183 3068 1442 3124 Casa-Dei
1473 3067 1644 3122 frater
1663 3067 1864 3122 Anser.-

1972 3077 2153 3131 beatos
2177 3077 2268 3146 qui
2309 3077 2558 3132 habitant
2593 3077 2646 3130 in
2687 3077 2846 3132 domo
2879 3077 2972 3130 Dei
3005 3077 3055 3130 itt
3089 3077 3284 3132 saecula
3334 3076 3559 3132 steculo-

281 3176 386 3216 tws
441 3159 749 3228 Beccensis,
822 3162 928 3215 vita
985 3169 1260 3231 peccator,
1305 3160 1491 3215 habitu
1541 3160 1864 3215 monachus:

283 3251 364 3305 sic
389 3252 442 3304 iu
474 3251 576 3306 hac
606 3251 712 3306 vita
741 3266 1093 3320 perseverare
1131 3252 1184 3306 in
1220 3251 1526 3322 proficienti
1557 3251 1866 3315 sanctitate,

281 3350 346 3394 ut
383 3343 435 3394 in
473 3339 652 3396 futura
683 3343 916 3413 gaudeat
956 3343 1008 3396 in
1041 3343 1322 3398 sufﬁcienti
1355 3342 1628 3398 felicitate.

359 3434 564 3488 Vestra:
596 3436 942 3504 paternitatis
983 3437 1210 3504 epistola
1273 3445 1549 3506 percepta,
1611 3452 1863 3506 maguum

281 3540 345 3581 se
373 3527 521 3582 cordi
568 3542 690 3581 tneo
748 3529 1002 3597 gaudium
1064 3527 1298 3581 infudit:
1331 3529 1428 3582 sed
1466 3531 1574 3582 vita
1623 3545 1742 3582 utea
1783 3543 1866 3582 re-

283 3629 494 3689 spectu,
530 3637 636 3674 non
665 3619 838 3674 solum
881 3619 1021 3674 idem
1047 3634 1104 3674 se
1121 3619 1378 3689 gaudium
1429 3619 1544 3674 fere
1601 3627 1770 3674 totum
1801 3621 1867 3676 de

283 3712 451 3766 corde
509 3727 629 3765 meo
665 3711 924 3775 refudit;
971 3711 1063 3766 sed
1125 3713 1343 3780 insuper
1410 3712 1605 3782 dignus
1666 3727 1868 3766 tnoeror

285 3813 524 3860 tuentem
559 3820 732 3858 meam
783 3804 1020 3874 graviter
1073 3803 1332 3874 perfudit.
1379 3801 1512 3856 Nam
1541 3817 1609 3856 ex
1638 3817 1703 3858 eo
1724 3802 1868 3872 quod

285 3906 526 3951 vestram
556 3895 900 3950 sanctitatem
931 3909 1018 3949 me
1047 3894 1289 3964 ignotum
1316 3892 1701 3948 homunculum
1734 3897 1869 3948 adeo

285 3986 538 4042 dilexisse
581 3987 836 4055 cognovi,
884 3994 943 4039 ut
987 4001 1074 4040 me
1115 3985 1229 4039 suis
1281 3984 1478 4038 litteris
1517 3983 1584 4038 de
1615 3994 1720 4038 tam
1755 3984 1868 4038 lon-

283 4078 484 4149 ginquo
521 4079 746 4133 visitare
774 4079 1084 4134 etsalutare
1136 4080 1474 4150 dignaretur,
1523 4093 1630 4132 non
1679 4079 1868 4134 imme-

283 4170 390 4224 rito
419 4169 518 4224 sibi
547 4169 658 4224 visa
687 4179 771 4224 est
801 4155 926 4224 'mea
951 4169 1147 4224 debere
1173 4168 1448 4225 exsultare
1469 4171 1532 4202 ⁸⁷³
1565 4169 1864 4224 humilitas.

287 4260 418 4326 Sed,
445 4277 568 4316 cutn
591 4261 877 4316 considero
915 4275 1004 4316 me
1043 4275 1380 4331 nequaquam
1425 4277 1456 4314 a
1503 4261 1658 4316 vobis
1695 4260 1863 4332 diligi,

1968 3183 2090 3222 rum
2143 3168 2376 3224 laudetis
2431 3169 2625 3234 Deum,
2673 3154 2892 3224 domine
2941 3169 3126 3234 Pater,
3173 3178 3228 3224 et
3273 3169 3477 3224 domini
3501 3170 3554 3223 in

1969 3259 2182 3316 Christo
2209 3261 2424 3319 fratres.
2461 3261 2657 3317 Amen.

2443 3355 2778 3412 EPISTOLA
2821 3353 2982 3409 LXIII
3007 3355 3098 3406 ³⁷⁵⁵.

2523 3463 2591 3502 AD
2631 3460 3002 3502 LANFBANCUM.

2185 3535 2254 3590 Ut
2286 3537 2546 3592 exantinet
2581 3539 2778 3592 editum
2806 3554 2838 3590 a
2881 3553 2936 3591 se
2967 3535 3345 3608 Monoloyium.

2039 3627 2270 3684 Domino
2315 3641 2528 3694 servus,
2563 3629 2710 3684 Patri
2755 3629 2918 3694 ﬁlius,
2953 3631 3249 3684 reverendo
3293 3630 3560 3700 archiepi-

1969 3733 2132 3788 scopo
2151 3719 2470 3776 LANFBANCO
2497 3722 2665 3776 frater
2700 3722 3001 3776 ANSELIIUS.

2044 3809 2089 3880 (I
2101 3809 2158 3878 9)
2178 3807 2649 3878 Opusculumillud
2679 3815 2820 3881 quod
2838 3825 3078 3884 paterna:
3105 3822 3296 3869 vestra:
3315 3828 3560 3868 censura:

1969 3901 2116 3966 misi,
2147 3901 2402 3956 libentius
2437 3903 2697 3972 ipsemet,
2727 3905 2772 3958 si
2817 3915 3180 3975 opporttmum
3223 3905 3434 3970 fuisset,
3461 3922 3556 3961 co-

1971 4007 2086 4045 ram
2115 3991 2228 4062 ipsa
2257 3993 2678 4048 examinandum
2692 3992 2762 4026 ³⁷⁸
2785 3997 3054 4066 legissem.
3080 3995 3233 4063 Quod
3261 3995 3388 4064 quia
3419 4011 3560 4050 nttnc

1971 4095 2090 4138 esse
2125 4098 2229 4138 non
2271 4092 2472 4153 potest,
2519 4083 2710 4140 vellem
2767 4087 2992 4140 multum
3036 4087 3244 4156 ptecari
3291 4097 3561 4156 quatenus

1971 4170 2142 4226 dulcis
2170 4171 2300 4228 mihi
2343 4183 2565 4243 paterna
2605 4184 2788 4230 vestra
2835 4177 3120 4244 prudentia
3149 4177 3278 4230 tllud
3323 4193 3430 4231 non
3467 4179 3560 4232 dc—

1971 4261 2289 4332 dignaretur
2323 4265 2407 4320 vel
2441 4265 2684 4335 quolibet
2721 4267 2830 4322 alio
2857 4267 3066 4338 legente
3093 4269 3298 4334 audire,
3327 4278 3382 4323 et
3416 4270 3558 4338 quod

283 4354 386 4408 nisi
409 4354 534 4423 quia
555 4354 882 4416 existimatis
903 4369 988 4408 me
1015 4354 1218 4422 aliquid
1250 4369 1390 4416 esse.
1431 4369 1554 4408 cum
1579 4353 1714 4408 nihil
1739 4354 1864 4422 sint,
1899 4382 1944 4440 ο
1970 4368 2038 4408 ex
2063 4367 2130 4408 eo
2157 4352 2272 4409 fieri
2295 4354 2518 4412 deberet
2541 4360 2972 4429 praeciperemisi
3001 4360 3246 4416 timerem
3270 4360 3560 4415 indiscrete

283 4445 528 4515 intelligo
554 4445 680 4516 quia
709 4461 814 4499 non
865 4443 1086 4514 diligitis
1125 4445 1286 4500 vilem
1317 4452 1372 4499 et
1395 4445 1862 4513 contemptibilem

245 4547 248 4550 '
282 4549 466 4590 coram
491 4535 602 4590 Deo
623 4545 677 4591 et
707 4535 1014 4592 hominibus
1042 4551 1328 4606 personam
1375 4535 1538 4604 (quod
1570 4551 1670 4607 ego
1699 4535 1859 4607 sum),

281 4629 376 4682 sed
404 4635 682 4682 strenuum
714 4635 770 4682 et
809 4625 1060 4693 alicujus
1086 4628 1302 4682 virtutis
1339 4629 1538 4694 virum,
1573 4629 1716 4696 quod
1765 4643 1864 4698 ego

285 4721 470 4788 utique
497 4735 602 4773 non
635 4735 774 4774 sum.
813 4719 1156 4788 Quapropter
1199 4718 1396 4773 timens
1447 4735 1554 4774 non
1597 4733 1657 4775 so
1684 4734 1772 4772 um
1799 4733 1864 4772 ne

283 4813 416 4866 tnihi
448 4811 696 4866 nihilaut
723 4827 914 4881 parum
941 4812 1114 4881 prosit
1140 4821 1322 4866 vester
1369 4827 1544 4878 amor,
1589 4826 1716 4881 quia
1755 4826 1862 4866 non

281 4917 402 4956 sunt
433 4901 569 4969 quod
607 4901 850 4970 diligitis,
903 4903 996 4958 sed
1029 4919 1098 4956 ne
1127 4903 1260 4957 mihi
1297 4903 1520 4956 nimitttn
1543 4901 1686 4957 ob5tt
1713 4917 1865 4958 meus

283 5006 457 5063 tepor,
487 5009 647 5064 quem
675 4995 728 5048 in
761 5009 846 5050 me
878 5011 985 5050 non
1015 4996 1346 5066 cognoscitis
1375 5012 1390 5061 ;
1441 5009 1656 5065 precor,
1703 4995 1863 5051 obse-

281 5100 377 5140 cro
401 5095 456 5140 ιιι
504 5103 590 5140 me
638 5085 839 5154 putetis
883 5094 980 5140 aut
1025 5087 1243 5150 ametis,
1300 5088 1456 5154 quasi
1499 5086 1615 5156 jam
1639 5085 1867 5154 alicujus

282 5179 580 5250 spiritualis
610 5187 898 5248 provectus
938 5179 1038 5233 sint
1071 5195 1086 5246 ;
1122 5181 1218 5234 sed
1248 5171 1314 5233 ad
1369 5179 1470 5234 hoc
1515 5194 1600 5234 me
1629 5179 1858 5248 diligite,

1969 4445 2228 4502 molestus
2251 4461 2370 4504 esse
2395 4447 2643 4518 dignitati
2672 4459 2890 4516 vestrae,
2917 4467 3076 4521 quam
3117 4451 3302 4508 multis
3329 4453 3562 4521 magnis-

1968 4552 2072 4606 que
2107 4553 2289 4594 rerum
2342 4538 2614 4609 majorum
2653 4543 3148 4599 consultationibus
3191 4544 3560 4600 indesinenter

1965 4624 2286 4698 occupatam
2318 4643 2425 4683 non
2455 4629 2664 4686 dubito.
2707 4630 3072 4702 Quapropter,
3117 4635 3372 4703 quoniam
3422 4633 3554 4688 nihil

1967 4721 2046 4776 sic
2077 4721 2210 4776 mihi
2257 4721 2378 4776 volo
2407 4721 2644 4791 placere,
2677 4733 2736 4778 ut
2779 4725 2932 4780 vobis
2961 4727 3262 4796 displiceat,
3295 4729 3438 4782 sicut

1969 4810 2072 4868 lius
2103 4821 2188 4868 est
2224 4822 2416 4869 vestra:
2467 4815 2814 4884 experientia:
2857 4817 3124 4886 judicare,
3153 4829 3413 4887 quantum
3465 4833 3558 4872 vo-

1973 4903 2056 4958 bis
2084 4903 2188 4958 hoe
2222 4903 2364 4972 quod
2395 4919 2482 4959 me
2511 4905 2734 4960 multum
2771 4908 2908 4962 velle
2949 4909 3218 4977 significo,
3251 4908 3448 4972 liceat;
3483 4907 3554 4960 ita

1973 4997 2045 5052 sit
2081 4997 2245 5052 vestri
2273 4997 2482 5052 arbitrii
2513 4997 2712 5070 eligere
2739 5009 2918 5054 utrum
2955 5001 3108 5055 volzis
3138 5000 3189 5054 id
3227 4999 3414 5055 libeat.
3447 4999 3556 5054 Iloc

1979 5098 2154 5146 tamen
2202 5091 2366 5145 etiam
2405 5107 2527 5146 cum
2575 5093 2984 5161 importunitate
3023 5109 3054 5146 ιι
3103 5101 3282 5147 vestra
3320 5099 3558 5146 auctori--

1975 5191 2084 5236 tate
2121 5198 2226 5238 non
2265 5183 2508 5240 desinam
2539 5185 2774 5256 exigere,
2804 5196 3070 5254 quatenus
3105 5185 3169 5240 de
3195 5185 3382 5239 cedem
3419 5200 3556 5253 opu-

1565 5269 1797 5324 VAIllA‘I
1838 5271 2241 5328 LECTIONES.

355 5339 424 5418 ’ἔτ
456 5339 692 5418 Semper;
707 5356 768 5396 ea
801 5359 910 5418 ms._
925 5357 1086 5411 super
1114 5355 1175 5394 ea
1225 5341 1322 5418 __’“
1345 5341 1576 5418 Eligi_tc_._.
1602 5341 1851 5418 eligiums
1875 5359 1972 5396 ms.
2000 5348 2186 5418 rectius
2209 5346 2453 5418 exigite.
2483 5347 2752 5418 exigimus
2824 5348 2894 5380 ’⁸⁸
2923 5347 3233 5418 Opitulante
3261 5364 3356 5401 ms.
3382 5357 3552 5417 opttu-

283 5409 482 5488 latitetn
555 5411 624 5442 ’⁷ο
651 5411 782 5488 Cum
817 5409 1116 5488 cadent—ms.
1153 5411 1347 5488 collato
1374 5409 1490 5488 _’“
1522 5409 1778 5488 Exultare
1807 5429 1903 5466 ms.
1936 5415 2213 5488 exaltarg
2263 5409 2332 5488 [⁷³
2372 5409 2738 5488 Ιιιιρθιιιῖιιιιιὶε
2760 5435 2858 5472 ms.
2885 5409 3196 5488 impenditis
3271 5419 3340 5450 ³⁷³
3365 5409 3551 5475 Ιιίνὶἱιι

282 5481 550 5536 charitate
569 5497 666 5535 ms.
702 5483 754 5535 in
785 5497 904 5536 vera
933 5483 1196 5538 charitate
1269 5483 1340 5513 ’⁷⁵
1365 5481 1497 5536 Cum
1521 5481 1701 5535 eodem
1735 5499 1830 5535 ms.
1877 5485 2070 5538 collata
2145 5487 2214 5517 ’⁷⁵
2261 5481 2632 5543 Exatuinanda
2661 5505 2757 5544 ms.
2788 5481 3210 5544 examinandtuu

1508 5573 1789 5638 JOANNES
1822 5573 2088 5633 I’lCAIlDI
2119 5578 2346 5637 NOTAE.

362 5642 472 5714 (I9)
516 5643 642 5700 Vide
666 5647 816 5714 epist.
847 5645 936 5712 74,
969 5647 1130 5717 infra.
