3872 6028
407 205 546 264 1155

944 203 1002 259 S.
1036 200 1335 258 ANSELMI
1373 196 1725 254 CANTUAR.
1762 192 1994 249 ARCHII

2127 190 2277 248 OPP.
2312 189 2492 245 PARS
2527 189 2611 247 111.
2639 219 2709 231 -—
2729 188 3110 246 EPISTOLJE.

3551 186 3698 244 1156

403 325 577 390 sculo,
603 324 717 379 sive
739 321 941 386 audito,
966 319 1079 372 sive
1104 315 1370 380 inaudito,
1400 314 1489 383 qui
1522 312 1637 366 fieri
1662 312 1874 378 debeat,
1903 324 1995 365 ve-
2025 320 2069 379 Α
2097 309 2341 371 obediat,
2373 308 2514 378 quod
2562 317 2647 363 est
2682 308 3049 363 coronandnm
3084 323 3098 360 :
3136 308 3236 363 hoc
3276 310 3558 380 prmeipit,
3593 312 3699 369 hoc

403 430 516 474 stra
544 418 803 472 decernat
828 412 1147 467 auctoritas.
1174 409 1414 465 Titulum
1466 420 1646 463 autem
1672 406 1877 462 nullum
1919 404 1993 461 illi

401 509 669 583 przeposui
700 525 712 561 :
737 506 935 577 quippe
964 505 1106 575 quod
1134 519 1472 574 nequaquam
1499 503 1629 557 tanti
1659 500 1990 567 existimavi,

401 608 463 656 ut
491 598 620 653 illud
649 611 749 651 suo
785 595 1005 650 nomine
1053 594 1325 665 dignarer.
1379 593 1437 648 Si
1483 594 1649 665 igitur
1689 602 1873 648 vestro
1904 607 1992 648 se-

403 691 543 747 derit
576 687 802 742 arbitrio
835 695 893 741 ut
922 686 1065 755 quod
1093 687 1287 756 scripsi
1324 686 1668 755 scripserim;
1697 700 1725 738 a
1757 699 1864 755 quo
1894 685 1992 739 ba-

400 782 546 836 behit
573 778 907 844 firmitatem,
935 778 1003 832 ab
1030 793 1094 832 eo
1121 779 1320 833 habeat
1344 786 1400 832 et
1426 792 1621 832 nomen
1657 795 1670 830 :
1701 785 1874 847 etper
1899 791 1995 830 vos

402 872 561 926 detur
590 884 750 924 servo
795 880 998 934 vestro,
1031 866 1427 925 dilectofratri
1455 877 1511 923 et
1555 882 1820 923 conservo
1873 883 1993 923 meo

402 964 601 1016 domno
648 959 923 1025 Mauritio,
954 959 1045 1029 qui
1086 975 1224 1013 unus
1255 969 1337 1015 est
1369 975 1434 1014 ex
1479 958 1584 1013 illis
1620 972 1848 1028 quorum
1887 972 1994 1011 ma-

404 1055 554 1111 xime
582 1054 785 1109 factum
827 1060 907 1107 est
944 1053 1225 1106 instantia.
1260 1052 1317 1107 Si
1372 1058 1553 1106 autem
1611 1050 1772 1105 aliter
1813 1059 1995 1104 vestro

402 1147 674 1217 placuerit
723 1145 981 1208 examini,
1018 1142 1298 1212 exemplar
1325 1143 1469 1212 quod
1505 1140 1658 1197 vobis
1689 1140 1865 1205 mitto,
1895 1154 1997 1194 nec

405 1235 537 1290 mihi
588 1248 690 1289 nec
737 1232 963 1303 praefato
1001 1232 1155 1287 fratri
1200 1234 1482 1299 reddatur;
1517 1232 1611 1287 sed
1661 1231 1842 1302 aliquo
1882 1230 1995 1286 ele-

403 1334 586 1381 mento
627 1333 722 1380 aut
769 1322 1047 1389 obrutum,
1079 1334 1174 1379 aut
1221 1325 1549 1390 demersum,
1601 1333 1696 1379 aut
1741 1338 1993 1379 consum-

401 1427 574 1490 ptum,
606 1427 698 1472 aut
725 1417 1026 1487 dispersum
1052 1416 1119 1471 de
1162 1416 1340 1471 medio
1366 1416 1475 1470 fiat.
1507 1414 1778 1484 Quidquid
1809 1423 1993 1469 autem

401 1511 527 1564 inde
551 1518 736 1563 vestro
783 1506 1052 1577 placuerit
1094 1505 1319 1576 judicio,
1346 1514 1407 1560 ut
1437 1504 1568 1559 mihi
1616 1503 1802 1574 aliquo
1834 1503 1995 1558 modo

403 1609 587 1656 nctum
625 1600 739 1654 fieri
776 1596 1032 1668 iubeatis,
1077 1596 1363 1667 elllagito:
1417 1604 1685 1666 quatenus
1719 1593 1996 1663 exemplar

2094 416 2224 472 ergo
2261 400 2430 456 frater
2453 408 2508 455 et
2533 409 2748 455 amator
2762 413 2939 455 veSter
2962 399 3183 456 consulo
3211 409 3266 457 et
3290 400 3504 473 ﬂagito,
3526 413 3587 458 ut
3615 412 3696 460 to-

2099 492 2204 547 tius
2228 492 2350 546 vitze
2379 501 2553 546 status
2577 491 2663 545 liis
2685 491 2894 547 duabus
2924 490 3130 546 nitatur
3157 490 3453 558 columnis,
3478 493 3699 551 scilicet

2095 582 2402 638 obedientia
2434 592 2488 638 et
2510 583 2791 652 patientia.
2820 582 2887 637 Et
2907 584 3124 653 quidem
3155 583 3223 639 de
3246 582 3694 655 patientia.bene

2094 672 2478 729 novitdilectio
2503 684 2687 730 vestra
2714 674 2857 744 quod
2880 688 2986 727 non
3011 674 3184 729 solum
3199 690 3321 729 cum
3344 677 3577 731 meritus
3597 692 3693 748 pu-

2096 765 2263 829 nitur,
2286 765 2549 821 violenter
2575 774 2658 820 est
2698 764 2989 835 exigenda,
3021 765 3115 820 sed
3139 765 3303 820 etiam
3338 781 3465 821 eum
3507 767 3694 824 imme-

2097 853 2233 909 ritus
2260 852 2515 925 allligitur
2552 855 2783 909 libenter
2803 864 2889 909 est
2909 854 3328 913 exhibendani
3347 858 3499 913 enim
3528 874 3689 916 exse-

2096 945 2295 999 cranda
2318 953 2402 999 est
2436 946 2799 1016 impatientia,
2831 960 2900 1001 ne
2929 961 3133 1002 nocens
3161 947 3439 1005 infelicius
3467 950 3691 1008 damne-

2097 1046 2187 1090 tur
2215 1053 2228 1088 :
2257 1036 2347 1090 hic
2382 1038 2648 1091 servanda
2678 1045 2763 1092 est
2791 1038 3152 1107 patientia,ut
3186 1039 3445 1098 innocens
3482 1040 3692 1099 felicius

2096 1135 2405 1183 coronetur.
2437 1127 2514 1183 De
2538 1128 2847 1183 obedientia
2898 1144 3028 1184 vero
3064 1130 3165 1185 hoc
3210 1132 3435 1186 mandat
3460 1135 3691 1189 domnus

2096 1216 2285 1283 abbas,
2308 1217 2454 1287 quod
2494 1232 2595 1273 nec
2622 1218 2875 1274 dubitare
2903 1219 2973 1251 ’⁷⁸
2998 1234 3094 1274 vos
3130 1219 3403 1287 arbitror;
3432 1212 3689 1292 quoniam

2096 1306 2354 1377 quidquid
2398 1308 2699 1364 reverendo
2734 1309 2954 1365 domino
2981 1325 3046 1365 ac
3074 1309 3221 1365 Patri
3266 1324 3456 1369 nostro
3516 1317 3693 1371 archi-

2095 1395 2350 1474 episcopo
2387 1398 2694 1456 Lanfraneo
2719 1400 2971 1465 obeditis,
3013 1402 3091 1458 sic
3120 1402 3250 1459 illud
3295 1405 3517 1476 accipit,
3550 1408 3693 1462 velut

2096 1489 2142 1545 si
2166 1488 2267 1545 sibi
2307 1492 2624 1548 obediretur
2662 1510 2678 1550 :
2718 1494 2828 1549 imo
2876 1502 3026 1549 tanto
3066 1495 3275 1566 gratius
3298 1513 3462 1568 quam
3498 1500 3546 1554 si
3588 1499 3690 1554 sibi

2095 1582 2411 1652 obediretis,
2440 1595 2645 1656 quanto
2691 1586 2808 1657 ipse
2841 1601 2942 1657 per
2982 1599 3156 1645 semet
3183 1588 3259 1644 illi
3302 1591 3532 1646 obedire
3560 1592 3693 1646 desi.

402 1692 547 1760 quod
576 1690 775 1745 retinui
807 1705 912 1743 non
961 1687 1120 1741 aliam
1167 1689 1429 1743 sortiatur
1456 1686 1801 1752 sententiam,
1832 1701 1993 1757 quam
2026 1668 2072 1729 Β
2100 1672 2281 1741 derat;
2314 1682 2368 1730 θι
2390 1685 2592 1746 (ιιιιιηιο
2618 1676 2674 1730 in
2702 1691 2769 1731 θο
2802 1677 2944 1746 (μιοά
2985 1692 3094 1732 ηοη
3135 1678 3309 1734 εοιιηη
3341 1679 3470 1750 ίρείν
3503 1681 3601 1737 sed
3640 1690 3691 1736 α

403 1782 531 1836 illud
564 1782 707 1853 quod
737 1781 883 1835 misi.
914 1780 991 1835 De
1025 1780 1377 1834 dilectissimo
1419 1794 1560 1845 meo,
1579 1787 1775 1849 nepote
1795 1790 1998 1844 vestro,

402 1882 457 1927 et
485 1872 648 1926 corde
676 1878 732 1924 et
755 1884 850 1925 ore
889 1878 944 1925 et
974 1868 1223 1939 epistola,
1250 1877 1515 1940 quantum
1542 1884 1784 1939 possum,
1812 1870 2000 1940 depre-

401 1972 582 2018 corut
618 1977 742 2016 eum
794 1961 1027 2032 primum
1063 1961 1212 2016 illum
1253 1962 1541 2016 sanitatem
1593 1961 1862 2032 recepisse
1906 1976 1999 2018 co-

402 2053 721 2125 gnoveritis,
767 2068 1108 2123 nequaquam
1157 2052 1273 2122 ejus
1303 2068 1390 2109 me
1447 2053 1665 2108 amabili
1708 2069 1998 2109 conversa-

404 2146 552 2201 tione
596 2146 800 2201 diutius
837 2159 1027 2201 carere
1076 2144 1311 2201 faciatis.
1368 2143 1566 2200 Verum
1616 2145 1817 2214 quippe
1871 2145 1993 2200 dico

401 2238 576 2304 vobis,
612 2238 774 2294 talem
803 2252 864 2293 se
894 2238 1143 2292 exhibuit
1183 2237 1336 2303 mihi,
1362 2246 1415 2291 et
1440 2237 1649 2292 cunctis
1680 2237 1878 2292 nostris
1905 2236 1999 2292 bo-

404 2346 501 2385 nos
526 2330 835 2385 amantibus
855 2344 1035 2385 mores
1062 2338 1406 2400 praesentem,
1433 2339 1490 2383 ut
1514 2327 1688 2393 illum,
1716 2328 1760 2381 si
1793 2327 1999 2398 absque

404 2422 509 2478 ulla
540 2438 637 2478 sua
654 2422 727 2455 ³⁷⁸
768 2421 1235 2487 incommoditate,
1269 2436 1429 2491 quam
1478 2419 1628 2475 nullo
1654 2418 1814 2474 modo
1839 2418 1994 2473 volu-

402 2530 544 2582 mus,
573 2514 757 2571 reduci
801 2515 1004 2585 possit,
1036 2513 1345 2569 desiderare
1368 2524 1626 2579 cogamur
1654 2508 1958 2564 absentem.

868 2601 1202 2660 EPISTOLA
1248 2599 1407 2655 LXIV
1435 2600 1525 2652 "7.

1001 2711 1068 2750 AD
1099 2708 1392 2750 HENRICUN.

647 2786 1014 2858 ,Obedientiam
1047 2798 1093 2843 et
1124 2786 1428 2850 patientiam
1464 2782 1707 2839 consulit.

475 2877 705 2933 Domino
738 2887 791 2932 et
841 2877 998 2932 fratri
1025 2878 1369 2942 charissimo,
1408 2875 1607 2931 domno
1656 2873 1825 2945 priori
1856 2873 1993 2930 iisn-

404 2982 528 3024 moo
560 2965 730 3023 frater
765 2968 1048 3025 Ansswus
1075 2985 1091 3036 ;
1117 2984 1214 3040 per
1241 2969 1555 3024 diuturnam
1596 2967 1795 3022 bonam
1826 2968 1993 3023 vitam

404 3061 604 3117 mereri
634 3070 895 3117 aeternam
920 3062 1134 3117 beatam
1162 3062 1352 3137 vitam.

475 3148 717 3205 Domnns
740 3150 907 3206 abbas
935 3160 991 3206 et
1016 3150 1246 3205 fratrum
1300 3158 1609 3207 vestrorum
1644 3149 1999 3222 congregatio

403 3240 511 3296 laeti
557 3251 933 3312 susceperunt,
985 3242 1358 3308 laudaverunt,
1403 3253 1727 3298 amaverunt
1771 3258 1998 3299 munera

406 3343 598 3389 vestra:
646 3334 974 3401 charitatis;
1031 3336 1124 3390 sed
1181 3335 1352 3391 multo
1373 3335 1560 3406 utique
1609 3336 1781 3409 magis
1828 3338 1998 3408 ipsam

406 3423 749 3491 cbaritatem,
786 3440 906 3494 quae
952 3440 1228 3495 nunquam
1291 3440 1399 3488 non
1441 3426 1554 3480 vult
1593 3436 1856 3497 quantum
1904 3442 2001 3498 po-

408 3525 534 3581 test,
586 3525 641 3571 et
688 3532 904 3585 semper
948 3516 1065 3572 vult
1111 3516 1398 3586 plusquam
1453 3527 1654 3588 poteSt.
1703 3515 2001 3574 Gratanter

406 3619 623 3677 quoque
659 3607 901 3676 suscepit
952 3606 1186 3661 domnus
1229 3606 1423 3673 abbas,
1450 3615 1505 3661 et
1551 3615 1834 3679 gratanter
1873 3609 2001 3680 legit

406 3710 462 3755 et
485 3699 690 3755 audivit
730 3714 847 3754 mea
878 3698 1141 3769 parvitas,
1171 3699 1315 3769 quod
1340 3699 1623 3770 prudentia
1659 3709 1838 3756 vestra
1868 3716 2001 3758 con-

407 3789 586 3844 silium
615 3787 733 3857 ejus
765 3798 822 3843 et
849 3789 1044 3860 patris,
1079 3798 1135 3845 et
1177 3803 1353 3844 meum
1384 3797 1445 3843 ut
1479 3789 1666 3843 fratris
1698 3790 1909 3861 petivit,
1947 3800 2002 3846 et

406 3881 699 3937 secundum
731 3880 857 3934 illud
888 3896 984 3951 per
1013 3880 1195 3949 omnia
1224 3894 1284 3934 se
1317 3878 1589 3935 facturum
1616 3881 1887 3950 promisit.
1908 3880 2001 3937 Sic

409 3986 603 4042 nempe
628 3972 783 4027 decet
806 3971 1129 4041 sapientem,
1160 3969 1394 4041 sapienti
1417 3970 1627 4025 scilicet
1648 3971 1724 4023 uti
1747 3971 1996 4027 consilio.

408 4064 638 4134 Sapiens
662 4063 861 4134 quippe
889 4060 1175 4117 consilium
1199 4069 1303 4128 est,
1336 4060 1478 4116 sicut
1505 4060 1679 4125 scitis,
1703 4061 1845 4132 quod
1867 4076 2000 4117 con-

405 4156 535 4211 sulit
558 4158 739 4212 omnia
777 4156 958 4211 facere
998 4170 1123 4210 cmn
1166 4153 1417 4210 consilio.
1448 4154 1582 4209 Cum
1632 4154 1796 4226 igitur
1827 4165 1996 4212 totum

406 4246 508 4314 rei,
535 4246 601 4301 de
625 4260 731 4315 qua
758 4243 1151 4309 consulitis'",
1181 4244 1448 4299 consistat
1468 4243 1759 4299 consilium
1788 4246 1840 4301 in
1867 4248 1999 4302 obe-

406 4339 608 4394 dientia
635 4347 698 4394 et
728 4336 1019 4408 patientia;
1062 4343 1118 4393 et
1163 4338 1426 4407 seriptum
1466 4337 1537 4392 sit
1568 4337 1697 4408 quia
1731 4338 1994 4394 obedien-

408 4433 542 4489 tiam
570 4432 774 4487 mavult
804 4433 948 4488 Deus
975 4446 1138 4502 quam
1166 4430 1495 4486 sacrificium
1521 4429 1573 4501 (Ι
1601 4429 1730 4500 Reg.
1748 4447 1840 4495 xv,
1864 4417 1989 4489 22)·

406 4534 462 4580 et
490 4525 616 4593 quia
654 4523 906 4591 patientia
957 4540 1085 4592 opus
1133 4523 1417 4592 perfectum
1457 4523 1610 4577 habet
1656 4522 1801 4594 (Jac.
1832 4538 1871 4589 t,
1910 4524 1992 4596 4),

408 4612 608 4668 nullius
651 4614 851 4684 justius
888 4614 1072 4683 petitis
1119 4623 1177 4668 et
1206 4612 1480 4682 suscipitis
1507 4612 1789 4668 consilium
1829 4629 1993 4684 quam

408 4702 553 4758 illius
592 4703 678 4756 cui
723 4702 932 4757 debetis
961 4702 1356 4769 obedientiam;
1399 4711 1455 4758 et
1503 4700 1708 4758 nullum
1765 4704 1994 4760 servatis

405 4793 722 4867 perfectius,
774 4809 937 4864 quam
984 4809 1107 4850 cum
1138 4792 1353 4849 fortiter
1407 4794 1605 4851 tenetis
1649 4794 1992 4865 patientiam.

408 4887 524 4944 lloc
553 4888 716 4959 igitur
745 4886 980 4942 consulit
1016 4888 1247 4943 domnus
1277 4889 1466 4955 abbas,
1500 4889 1605 4945 hoc
1650 4898 1826 4962 rogat,
1854 4900 1911 4946 et
1933 4903 1995 4946 ut

408 4997 517 5039 non
547 4981 720 5037 solum
769 4980 1075 5037 consulenti
1126 4990 1179 5036 et
1224 4984 1435 5054 roganti
1466 4992 1646 5039 vestra
1697 4984 1993 5041 strenuitas

411 5076 748 5146 acquieseat,
772 5074 916 5144 quod
941 5083 1021 5130 est
1050 5072 1376 5130 laudandum
1410 5091 1424 5128 :
1456 5076 1549 5131 sed
1582 5085 1638 5131 et
1660 5075 1991 5147 praicipienti

2100 1764 2189 1820 alii
2214 1780 2438 1837 prop'er
2467 1767 2640 1838 ipsum
2669 1767 2901 1824 obeditis
2924 1784 2938 1822 :
2965 1768 3224 1840 majorem
3249 1772 3421 1840 ipsam
3451 1785 3688 1829 vestram

2099 1858 2463 1916 obedientiam
2491 1860 2817 1915 considerat.
2851 1860 3168 1932 Quanquam
3209 1862 3254 1918 si
3277 1864 3704 1921 consideremus

2100 1963 2199 2004 nos
2222 1949 2293 1984 ’³⁸
2329 1959 2383 2005 et
2412 1950 2584 2018 illum,
2632 1952 2846 2007 cui~vos
2876 1954 3101 2008 obedire
3144 1953 3467 2018 invitamus,
3524 1956 3691 2010 multa

2099 2042 2288 2113 procul
2335 2044 2498 2100 dubio
2544 2044 2598 2098 in
2642 2044 2799 2099 nobis
2844 2054 2901 2099 et
2940 2045 2992 2099 in
3034 2044 3126 2100 illo
3166 2046 3278 2101 sint
3319 2061 3417 2101 cur
3474 2063 3576 2104 nos
3616 2048 3691 2103 illi

2100 2145 2293 2207 sponte
2321 2137 2672 2207 studioseque
2701 2136 2921 2193 obedire
2960 2138 3271 2195 debeamus.
3294 2137 3506 2196 Valete.

2586 2228 2919 2286 EPISTOLA
2962 2229 3100 2287 LXV
3115 2232 3208 2285 ²⁸¹.

2677 2337 2745 2376 AD
2783 2337 3109 2378 υΑυιιιτιωί.

2099 2413 2176 2468 De
2233 2412 2475 2468 Mauritii
2517 2414 2820 2484 exiAngt'ia
2879 2416 3171 2469 reversione
3227 2414 3489 2484 Beatum,
3538 2427 3587 2472 et
3624 2419 3691 2472 de

2559 2483 2846 2554 Monologii
2883 2485 3224 2539 correctione.

2168 2595 2378 2652 Domno
2413 2604 2468 2652 et
2500 2595 2676 2661 fratri,
2707 2595 2816 2650 filio
2843 2595 3168 2651 charissima
3189 2596 3480 2665 Mannum,
3511 2597 3692 2655 frater

2099 2688 2403 2756 Aassuws,
2448 2689 2589 2743 servi
2622 2688 3005 2755 reverentiam,
3047 2687 3238 2745 fratris
3282 2689 3557 2757 affectum,
3591 2707 3698 2761 pa-

2100 2779 2198 2833 tris
2225 2778 2577 2849 diligentiam.

2175 2867 2405 2939 Sempcr
2447 2878 2520 2935 te,
2551 2868 2904 2927 dilectissime
2932 2871 3026 2938 illi,
3058 2872 3330 2941 desidero,
3369 2887 3695 2945 semperque

2102 2970 2154 3017 te
2193 2977 2280 3017 me
2314 2961 2624 3018 desiderare
2656 2977 2763 3018 non
2791 2964 2997 3020 dubito.
3026 2965 3155 3036 Sed,
3200 2967 3456 3036 quoniam
3502 2976 3695 3025 neuter

2100 3064 2348 3110 nostrum
2375 3071 2505 3111 suus
2535 3063 2637 3122 est,
2671 3071 2772 3112 nec
2813 3072 3001 3113 sumus
3044 3057 3269 3114 invicem
3294 3059 3433 3114 alter
3458 3060 3696 3116 alterius

2103 3150 2205 3205 nisi
2245 3165 2341 3221 per
2370 3151 2655 3207 charitatis
2684 3149 2959 3216 affectum,
3007 3150 3219 3207 consulo
3245 3162 3300 3206 et
3327 3152 3528 3208 hortor
3558 3171 3697 3226 qua-

2104 3252 2261 3298 tenus
2291 3244 2529 3315 quandiu
2553 3244 2630 3312 hi,
2655 3259 2790 3314 quos
2817 3244 3275 3315 nobispraposuit
3295 3245 3485 3301 divina
3514 3248 3691 3318 (Γερο-

2101 3335 2248 3398 sitio,
2293 3350 2396 3391 nos
2443 3335 2704 3404 iusserint
2743 3349 2866 3391 esse
2919 3346 3225 3407 separatos,
3257 3336 3461 3391 nullam
3499 3349 3691 3394 contra

2099 3427 2435 3482 voluntatem
2486 3427 2652 3498 336
2702 3442 2893 3483 eorum
2935 3427 3288 3499 exquiramus
3336 3429 3691 3484 cohabitandi

2101 3518 2548 3574 accelerationem
2579 3535 2591 3573 :
2632 3527 2689 3575 et
2718 3520 2762 3575 si
2794 3520 3028 3591 benigne
3061 3528 3252 3576 nostro
3275 3522 3534 3576 desiderio
3558 3538 3694 3578 con-

2101 3610 2394 3675 senserint,
2420 3610 2623 3665 nullam
2659 3609 2956 3666 inferamus
2987 3611 3320 3668 dilationem.
3348 3612 3693 3683 Quapropter

2101 3699 2243 3768 quod
2266 3698 2571 3754 audivimus
2598 3714 2697 3769 per
2722 3700 2976 3755 domuum
3007 3700 3329 3767 Robertmn,
3366 3702 3494 3772 quia
3518 3704 3692 3758 domi-

2101 3804 2203 3844 nus
2229 3798 2413 3846 noster
2433 3789 2875 3861 archiepiscopus
2906 3793 3158 3863 promisit
3188 3807 3249 3849 se
3292 3792 3450 3848 nobis
3501 3794 3693 3848 remis-

2101 3897 2288 3938 surum
2334 3882 2387 3937 in
2437 3885 2687 3954 proximo
2725 3894 2871 3938 tuam
2919 3884 3266 3940 dilectionem
3315 3902 3330 3941 :
3371 3885 3416 3940 si
3460 3886 3691 3955 benigne

2100 3979 2206 4026 tute
2234 3970 2377 4027 favet
2411 3972 2694 4041 voluntati,
2742 3988 2842 4029 nec
2886 3975 3087 4029 domno
3118 3974 3299 4030 abbati
3333 3973 3604 4044 displicet,
3634 3982 3691 4028 et

2099 4061 2232 4116 mihi
2261 4062 2411 4117 valde
2436 4063 2632 4133 placet.
2666 4063 2721 4119 Si
2753 4073 2933 4119 autem
2976 4080 3080 4121 non
3108 4066 3344 4137 benigne
3384 4066 3531 4121 favet
3556 4081 3689 4136 sup-

2102 4152 2347 4221 plicanti,
2382 4152 2475 4208 sed
2497 4168 2621 4209 eum
2650 4153 2913 4224 aliquo'"
2950 4170 3177 4211 rancore
3217 4157 3487 4225 permittit
3510 4166 3693 4211 extor-

2056 4280 2063 4286 ι
2100 4239 2319 4318 ῳιθιιιίξ
2353 4261 2456 4301 nec
2480 4246 2681 4302 domno
2708 4248 2887 4303 abbati
2924 4263 3024 4303 nec
3049 4248 3179 4303 mihi
3204 4247 3380 4319 placet
3404 4258 3466 4303 ut
3491 4249 3575 4304 sic
3606 4264 3691 4305 re-

2028 4362 2078 4418 υ
2100 4338 2250 4393 deas.
2283 4333 2641 4406 Scripturam,
2683 4352 2862 4407 quam-
2896 4347 2950 4391 te
2997 4338 3235 4392 instante
3262 4348 3316 4391 et
3346 4338 3676 4408 quibusdam

2102 4426 2224 4482 aliis
2242 4426 2502 4483 fratribus
2539 4426 2663 4494 feci,
2688 4435 2740 4483 et
2770 4443 2932 4499 quam
2962 4436 3017 4483 tu
3044 4428 3138 4483 tibi
3165 4429 3363 4485 debere
3393 4430 3689 4484 transmitti

2101 4518 2364 4590 precaris,
2388 4519 2606 4574 domino
2626 4526 2683 4574 et
2720 4517 2866 4573 Patri
2892 4528 3080 4574 nostro
3109 4519 3527 4590 archiepiscOpo
3569 4536 3691 4575 exa-

2101 4610 2411 4666 minandam
2459 4624 2559 4680 per
2609 4611 2864 4665 domuum
2919 4609 3212 4665 Robcrtum
3262 4611 3453 4675 mitto;
3494 4621 3557 4665 et
3600 4628 3693 4681 per

2101 4704 2379 4776 epistolam
2414 4703 2525 4775 (20)
2559 4703 2708 4759 illum
2738 4718 2890 4775 rogo,
2932 4711 2993 4758 ut
3014 4703 3059 4758 si
3088 4702 3234 4757 illum
3256 4704 3467 4759 destrui
3490 4704 3692 4759 debere

2098 4813 2206 4855 non
2255 4798 2499 4870 jusserit,
2546 4797 2640 4853 tibi
2685 4796 2876 4852 reddat
2926 4796 3203 4867 exemplar
3232 4798 3377 4868 quod
3436 4801 3687 4868 suscipit.

2101 4888 2252 4961 Roga
2291 4888 2457 4958 igitur
2500 4902 2657 4954 eum,
2702 4887 2826 4943 siin
2874 4887 3125 4957 proximo
3166 4887 3447 4942 rediturus
3499 4902 3603 4951 es,
3636 4896 3690 4941 ut

2099 4982 2415 5053 priusquam
2472 4979 2690 5035 redeas.
2740 4980 3019 5050 pracipiat
3070 4981 3139 5035 de
3181 4980 3371 5035 eadem
3416 4981 3684 5050 scriptura

2103 5074 2245 5146 quod
2299 5081 2664 5144 praecepturus
2713 5081 2818 5140 est,
2851 5080 3119 5142 quatenus
3168 5080 3264 5127 aut
3305 5071 3684 5128 conﬁrmatam

1687 5190 1919 5247 VARIIE
1959 5189 2362 5249 LECTIONES.

479 5283 549 5316 m
574 5283 664 5339 Illa
693 5299 788 5338 sua
812 5301 908 5339 ms.
938 5284 1046 5339 ulla
1069 5299 1167 5340 sua
1238 5286 1307 5317 ’⁷⁷
1339 5281 1471 5338 Cum
1498 5284 1675 5343 eodem
1696 5300 1795 5339 ms.
1826 5283 2020 5338 collata

1353 5355 1422 5387 ’⁸ο
1466 5355 1885 5412 Consuleremus
1933 5369 2035 5411 nos
2085 5370 2185 5410 ms.
2241 5354 2646 5410 consideremus
2679 5368 2775 5409 nos
2876 5352 2944 5384 '“
2985 5351 3113 5408 Cum
3144 5356 3326 5408 eodem
3354 5369 3456 5407 ms.
3493 5355 3683 5409 collata

408 5363 525 5424 tare
550 5372 648 5410 ms.
673 5357 814 5424 quod
859 5371 960 5412 nec
1003 5354 1248 5410 dubitare

409 5423 479 5457 ²⁶¹
500 5424 638 5480 Eum
666 5423 845 5496 aliquo
871 5442 968 5480 ms.
997 5427 1188 5483 rectius
1218 5440 1339 5483 cum
1372 5424 1551 5496 aliquo

2122 5284 2193 5315 ’⁷⁸
2235 5281 2562 5338 Consuluisti
2597 5298 2696 5337 ms.
2731 5280 3010 5338 consulitis
3111 5282 3181 5314 ’⁷⁸
3209 5281 3367 5349 Quod
3400 5297 3513 5337 non
3539 5282 3684 5338 dubi-

1616 5513 1901 5573 JOANNlS
1938 5492 2209 5570 PlCAttbl
2249 5511 2480 5571 NOTAE.

479 5585 592 5656 (20)
634 5585 802 5651 Epist.
841 5586 927 5641 (i5.
955 5602 1074 5655 sup.
