3898 6052
229 337 364 394 115⁵1

1509 327 1635 383 LlB.
1679 327 1718 396 ι,
1757 323 1970 382 EPlST.
2013 321 2242 380 vant.

3358 314 3500 371 H58

230 473 350 514 eam
380 465 555 511 tecum
584 451 818 518 deferas,
853 459 944 506 aut
976 449 1304 506 destructam
1351 461 1472 503 esse
1503 446 1634 502 mihi
1676 443 1812 500 refe-
1844 444 1888 500 Λ
1922 437 2310 498 indesinenter,
2347 441 2401 488 et
2433 447 2528 502 per
2562 430 2924 488 obedientiam
2977 443 3187 484 mecum
3227 443 3332 482 non
3385 443 3508 484 esse

229 565 341 604 ras.
375 547 526 614 Quod
551 546 595 600 si
639 544 727 599 illa
761 551 1011 612 suscepta
1066 541 1246 597 redire
1286 539 1603 602 tardaveris,
1657 537 1810 592 mitte

231 642 364 698 mihi
395 639 674 710 exemplar
719 639 788 671 ³⁸³
828 638 954 692 illud
982 651 1142 708 quam
1171 636 1328 691 citius
1353 649 1448 705 per
1489 633 1650 688 fidum
1677 648 1814 686 nun-

233 738 362 796 tium
387 736 591 806 poteris
621 752 634 788 :
662 744 928 804 quatenus
954 732 996 786 si
1023 731 1153 802 quid
1185 731 1238 784 in
1287 745 1352 785 eo
1385 729 1524 784 idem
1564 727 1814 783 dominus

232 839 418 886 noster
469 827 910 896 archiepiscopus
960 823 1290 890 correxerit,
1342 821 1636 877 secundum
1689 819 1815 873 illud

233 913 736 992 corrigatur‘ctiam
771 919 898 973 illud
927 918 1070 987 quod
1117 931 1326 971 mecum
1373 915 1594 982 retinui,
1624 924 1679 969 et
1719 928 1820 984 ego

233 1029 402 1070 unum
453 1028 518 1067 ex
549 1011 635 1067 his
663 1010 872 1065 duobus
909 1010 1002 1064 tibi
1039 1009 1146 1064 cito
1174 1009 1467 1063 remittam.
1501 1005 1556 1060 Si
1590 1019 1717 1061 vero
1743 1005 1822 1060 sic

235 1105 558 1160 sententiam
618 1101 1047 1158 confirmationis
1087 1100 1224 1154 idem
1269 1097 1588 1168 opusculum
1639 1111 1822 1152 susce—

235 1198 394 1268 perit,
413 1206 470 1252 ut
515 1195 712 1250 nullius
740 1192 1100 1250 correctionis
1125 1191 1370 1262 indigere
1391 1191 1685 1258 judicetur,
1703 1197 1823 1244 tene

235 1291 460 1346 missum
501 1288 780 1358 exemplar
822 1287 1060 1358 quandiu
1112 1287 1351 1342 volueris
1389 1305 1402 1339 :
1444 1293 1676 1350 tantum,
1711 1285 1825 1340 sive

236 1383 307 1434 ita
357 1381 451 1446 sit,
483 1380 596 1434 sive
639 1379 818 1444 aliter,
871 1379 1132 1448 quidquid
1181 1377 1305 1432 inde
1358 1377 1610 1433 dominus
1643 1385 1828 1430 noster

236 1471 674 1541 archiepiscopus
723 1469 1093 1539 judicaverit,
1142 1479 1236 1524 aut
1280 1483 1386 1538 quo
1430 1468 1648 1522 nomine
1697 1468 1827 1522 illud

241 1564 440 1620 titulari
473 1563 719 1632 jusserit,
746 1563 941 1618 tuanda
969 1561 1099 1616 mihi
1139 1577 1236 1632 per
1265 1561 1546 1631 epistolam
1573 1575 1694 1615 cum
1720 1559 1824 1629 prio

239 1671 384 1710 mum
419 1656 643 1724 poteris.
684 1654 870 1709 Saluta
899 1653 1153 1708 dilectum
1182 1651 1407 1707 fratrem
1443 1660 1690 1706 nostrum
1735 1651 1828 1704 do-

241 1763 424 1801 muum
457 1745 797 1812 Heriuinum,
826 1753 880 1800 et
909 1745 1126 1800 hortare
1147 1759 1270 1799 eum
1296 1745 1364 1798 de
1387 1744 1503 1797 vice
1533 1757 1669 1806 mea,
1693 1757 1830 1812 qua-

1918 530 2088 587 tolcro
2115 527 2220 581 nisi
2249 525 2614 595 impatienter.
2649 524 2840 591 Quem,
2879 532 2932 575 ut
2964 520 3190 576 dilectus
3225 519 3504 578 dilectum.

1915 635 2110 675 moneo
2129 627 2181 674 et
2205 633 2398 688 precor
2429 626 2486 670 ut
2519 616 2758 672 studiose
2791 615 2932 668 inter
2975 613 3122 682 ipsas
3173 627 3302 664 suas
3347 626 3507 665 occu-

1917 711 2162 780 pationes
2187 709 2352 763 vitam
2379 723 2533 762 suam
2581 706 2837 760 discutiat
2867 721 2879 756 :
2929 712 2982 758 et
3017 703 3070 756 in
3105 701 3276 761 bouis.
3305 717 3422 769 quac
3447 702 3513 756 de

1917 801 2008 854 illo
2031 800 2098 856 ab
2120 799 2370 854 omnibus
2401 798 2526 852 inde
2558 797 2898 852 venientibus
2927 793 3366 862 audio,quotidie
3389 808 3514 862 pro—

1921 893 2068 948 ficiat
2094 909 2106 946 :
2137 901 2192 946 et
2215 891 2258 946 si
2287 905 2394 961 qua
2427 891 2482 944 in
2510 905 2576 946 eo
2605 890 2784 943 adhuc
2817 888 3018 942 veteris
3063 887 3298 944 hominis
3329 901 3517 954 super-

1925 991 2050 1038 sunt
2095 981 2344 1052 vestigia,
2382 980 2449 1036 ab
2481 979 2564 1033 his
2609 978 2826 1031 assidue
2853 977 3090 1032 deficiat.
3115 975 3288 1036 Ambo
3321 974 3516 1030 valete.

2392 1069 2722 1128 EPISTULA
2751 1068 2932 1124 LXVII
2961 1067 3050 1128 “8.

2532 1179 2599 1218 AD
2627 1177 2920 1217 ROGEIIIL'II.

2227 1253 2576 1308 Prmstolatur
2611 1263 2884 1306 venturum
2926 1249 3222 1321 Rogerium.

2002 1347 2112 1402 Suo
2140 1348 2192 1401 in
2237 1345 2458 1400 Christo
2503 1345 2719 1408 dilecto,
2765 1343 3093 1403 desiderato,
3145 1349 3382 1409 sperato,
3429 1353 3524 1394 cx-

1929 1451 2175 1512 spectato
2229 1439 2492 1502 ltocsuto,
2549 1435 3033 1490 I'ratcrANssLuus
3074 1449 3203 1487 suus
3253 1431 3521 1486 dilectus:

1933 1531 2076 1601 quod
2113 1531 2220 1584 Dco
2247 1529 2456 1598 gratius
2480 1537 2534 1582 et
2559 1526 2660 1582 sibi
2691 1534 2774 1581 est
2796 1525 3066 1580 salubrius
3109 1524 3403 1593 prudenter
3433 1522 3520 1577 eli-

1932 1638 2082 1692 gere,
2107 1629 2523 1692 perseveranter
2573 1627 2778 1680 tenere,
2818 1617 3050 1672 feliciter
3088 1631 3488 1670 consummare.

2015 1711 2168 1779 Quod
2199 1711 2366 1765 solius
2408 1709 2498 1764 Dci
2537 1707 3200 1772 connuisimus‘consilio,
3233 1722 3335 1762 non
3361 1707 3528 1760 audeo

517 1799 690 1894 ibono
745 1799 978 1908 i';ceplo,
1035 1839 1178 1908 quod
1229 1837 1282 1891 in
1339 1851 1403 1893 eo
1451 1835 1580 1898 vidi,
1631 1799 1828 1891 duilius
1867 1814 1912 1873 Β
1945 1804 2164 1876 proprio
2209 1804 2501 1857 decernere
2537 1801 2781 1856 arbitrio.
2808 1800 2960 1855 Licet
2989 1799 3122 1854 mihi
3149 1809 3328 1853 tamen
3353 1813 3530 1852 meum

242 1931 568 1985 transitoria:
613 1929 990 1986 delectationis
1037 1944 1222 1984 amore
1265 1929 1523 1985 deficiat:
1552 1931 1644 1984 sed
1689 1929 1830 1984 sicut

241 2024 308 2076 de
336 2022 422 2076 die
469 2022 520 2076 in
551 2021 692 2077 diem
737 2022 941 2076 ultimae
981 2021 1086 2077 diei
1124 2023 1426 2093 appropiat,
1457 2024 1534 2078 sic
1587 2021 1829 2092 quotidie

241 2113 308 2166 ad
345 2119 718 2181 contemptum
769 2112 1171 2182 temporalium,
1223 2121 1270 2166 et
1321 2127 1562 2166 amorem
1598 2121 1830 2166 mtcrno-

243 2217 362 2256 rum
393 2201 656 2272 proficiat.
693 2201 878 2256 Saluta
911 2203 1170 2257 domuum
1220 2201 1505 2257 Arnulfum
1541 2203 1830 2258 Bcivaccn-

244 2307 358 2348 sem
396 2335 410 2360 ,
452 2294 706 2348 domuum
765 2293 1095 2349 llulvardum
1149 2293 1380 2365 Anglum
1447 2295 1830 2350 consobrinum

245 2386 426 2442 domui
465 2385 714 2451 Osberui,
740 2395 793 2442 et
834 2387 1091 2442 domuum
1131 2387 1389 2452 Vitalem,
1427 2391 1684 2442 domuum
1725 2388 1834 2443 Ro-

245 2491 460 2548 gcrum,
511 2476 732 2532 fratrem
773 2477 1102 2543 Samnelem,
1149 2479 1532 2534 Cadomenscs.
1574 2479 1727 2534 Vale.
1781 2485 1836 2534 ct

247 2565 456 2640 profice
475 2569 527 2623 in
555 2569 784 2625 Domino
819 2585 1054 2640 semper,
1083 2570 1422 2628 charissime.

711 2659 1044 2716 EPISTULA
1076 2659 1254 2720 ,LXVI
1281 2661 1368 2714 ³⁸⁸.

807 2769 876 2808 ΑΒ
910 2769 1280 2809 LANFBA‘NCUII.

249 2843 508 2900 Guidonis
524 2843 793 2900 Beccensis
818 2848 1302 2929 neaplzyti'teditum
1325 2847 1377 2901 in
1395 2844 1840 2901 Northmtmmam

877 2927 1216 2986 concupiscit.

323 3005 512 3061 Amico
565 3020 663 3060 suo
712 3003 1068 3060 dilectissimo
1108 3014 1162 3059 et
1233 3005 1482 3062 dilectori
1527 3005 1841 3062 fidelissimo

251 3097 570 3153 LANFRANCO
605 3096 775 3152 frater
801 3095 1102 3163 Ausscnus,
1144 3097 1388 3166 corporis
1423 3105 1478 3152 et
1505 3095 1700 3151 animae
1721 3111 1842 3166 per-

253 3187 452 3244 fectam
481 3189 550 3220 ³⁸⁵
595 3187 845 3243 salutem.

325 3279 549 3346 Quoties
571 3289 764 3336 vestra:
793 3279 970 3336 dulcis
1003 3279 1135 3336 mihi
1169 3279 1488 3336 reminiscor
1509 3279 1840 3346 dilectionis,

253 3371 440 3442 utique
472 3371 630 3427 taedet
659 3386 746 3426 me
777 3382 884 3426 tam
906 3371 1082 3444 longae
1107 3379 1304 3428 vestrae
1329 3371 1623 3428 dilationis.
1642 3371 1844 3439 Quam-

253 3464 338 3519 vis
364 3463 508 3518 enim
529 3465 794 3520 hactenus
818 3478 944 3533 spes
989 3473 1188 3518 vestrae
1240 3463 1624 3532 recuperanda:
1653 3463 1844 3518 salutis

258 3554 496 3609 maxime
533 3552 809 3608 consolata
835 3553 908 3606 sit
939 3552 1121 3607 cordis
1148 3552 1253 3606 mei
1278 3567 1538 3620 angorem
1565 3552 1632 3608 de
1659 3561 1842 3607 vestra

261 3645 526 3708 absentia,
571 3644 682 3714 jam
729 3653 908 3700 tamen
947 3659 1155 3713 nequeo
1191 3659 1296 3700 non
1340 3643 1674 3710 contristari,
1719 3645 1844 3714 quia

262 3744 374 3788 tam
405 3733 566 3802 longe
593 3741 646 3788 et
678 3733 830 3787 vobis
873 3734 986 3803 ipsa
1038 3733 1287 3787 sanitatis
1318 3732 1596 3802 perfectio,
1632 3740 1686 3786 et
1716 3732 1846 3786 mihi

257 3835 442 3883 vestra
476 3827 806 3882 ditierturm
837 3827 1084 3884 amabilis
1121 3827 1430 3896 praesentia.
1460 3825 1692 3890 Etenim,
1738 3840 1847 3880 non

261 3920 402 3974 sit-ut
426 3920 588 3990 vulgo
619 3920 723 3974 dici
749 3920 908 3984 solet,
945 3920 1070 3990 quia
1100 3919 1242 3988 quod
1268 3917 1424 3988 longe
1449 3926 1530 3972 est
1569 3917 1638 3972 ab
1677 3915 1850 3972 oculis

261 4010 421 4081 longe
449 4021 534 4064 est
563 4025 592 4064 a
633 4011 796 4065 corde
829 4030 842 4066 :
873 4027 978 4066 non
1017 4011 1258 4079 inquam,
1283 4011 1362 4066 sic
1391 4019 1592 4079 quanto
1618 4007 1850 4078 benigna

262 4115 442 4160 vestra
495 4106 853 4161 mansuetudo
900 4105 1111 4176 longius
1146 4103 1230 4159 vel
1283 4103 1400 4159 loco
1429 4113 1483 4160 et
1535 4112 1778 4174 tempore
1819 4119 1850 4156 a

263 4211 350 4250 me
386 4195 558 4259 abest,
575 4205 725 4250 tanto
749 4213 902 4250 amor
927 4198 1043 4266 ejus
1067 4197 1118 4250 in
1143 4212 1230 4252 me
1257 4196 1510 4267 tepescit;
1531 4197 1622 4251 sed
1647 4205 1854 4265 quanto

261 4289 444 4345 minus
483 4289 570 4344 illa
605 4288 706 4343 frui
743 4305 841 4359 pro
869 4299 996 4345 voto
1025 4305 1241 4358 possum
1263 4291 1356 4356 ²⁸⁷,
1382 4301 1530 4346 tanto
1556 4291 1728 4362 magis
1756 4289 1854 4344 de-

265 4379 529 4435 siderium
563 4379 678 4450 ejus
707 4381 758 4434 in
790 4381 905 4436 veri
943 4381 1222 4436 dilectoris
1269 4382 1434 4436 vestri
1468 4391 1649 4436 mente
1681 4381 1854 4436 ferve-

265 4471 390 4526 scit.
421 4470 761 4540 Quapropter
783 4471 1030 4540 quamvis
1062 4487 1183 4525 cnm
1217 4471 1308 4526 illo
1340 4471 1482 4536 sitis,
1525 4472 1591 4526 de
1620 4487 1726 4540 quo
1755 4486 1856 4526 nec

267 4563 443 4615 audeo
493 4561 672 4616 dicere
720 4564 864 4632 quod
917 4577 1011 4617 vos
1058 4573 1265 4618 tantum
1315 4563 1554 4632 diligam,
1592 4574 1852 4632 quantum

265 4651 357 4706 ille
393 4691 408 4718 ,
457 4667 558 4706 nec
605 4653 774 4708 debeo
826 4653 1042 4724 exigere
1093 4662 1152 4706 ut
1201 4668 1286 4707 me
1332 4661 1540 4706 tantum
1594 4652 1853 4721 diligatis,

269 4751 535 4814 quantum
566 4742 712 4796 illum
749 4761 762 4796 :
793 4753 974 4797 tamen
1025 4758 1220 4814 rogare
1263 4757 1532 4813 praesumo
1567 4751 1852 4812 quatenus,

269 4833 488 4904 quando
531 4835 764 4904 primum
808 4849 930 4889 cum
976 4833 1094 4902 ejus
1142 4835 1372 4906 benigna
1406 4834 1756 4890 concessione
1805 4841 1861 4888 et

268 4927 388 4980 sine
417 4933 599 4980 vestro
641 4925 984 4980 incommodo
1013 4927 1279 4994 poteritis,
1317 4935 1500 4981 vestro
1549 4926 1726 4986 reditu
1773 4939 1860 4979 me

273 5023 517 5070 vestrum
568 5015 800 5069 amicum
833 5014 1136 5074 Imtiﬁcctis.
1167 5013 1352 5070 Saluto
1380 5015 1656 5071 vobiscum
1690 5013 1860 5070 domi-

277 5123 405 5159 num
434 5115 488 5160 et
522 5104 747 5160 fratrem
799 5121 978 5158 Inuum
1008 5106 1392 5164 charissimum
1421 5106 1698 5161 dominum
1728 5104 1864 5160 Gui-

276 5199 475 5254 tlonem
507 5217 518 5252 :
545 5215 704 5270 quem
731 5212 898 5270 certe,
918 5211 976 5256 ut
999 5197 1716 5270 simpliciterconscientiam
1743 5211 1867 5252 cor-

277 5289 360 5346 dis
390 5289 492 5345 mci
524 5292 786 5362 aperiam,
817 5306 1024 5347 mecum
1055 5305 1176 5352 esse
1205 5304 1302 5360 per
1333 5303 1572 5344 amorem
1619 5286 1866 5342 desidero

1932 1909 2182 1968 promere
2212 1893 2582 1952 desiderium:
2616 1891 2802 1960 utique
2846 1899 3004 1944 vexat
3051 1905 3137 1944 me
3175 1888 3362 1944 dilatio
3413 1898 3524 1942 tua.

1941 1987 2131 2054 utique
2169 1993 2384 2053 torquet
2413 1998 2500 2037 me
2545 1981 2878 2052 exspectatio
2929 1981 3002 2036 tui
3038 1979 3373 2048 longitudine
3414 1994 3530 2033 sua.

1933 2077 2140 2132 Etenim
2172 2091 2272 2130 nec
2295 2075 2406 2129 vult
2441 2089 2540 2128 nec
2561 2082 2734 2144 potest
2760 2089 2854 2128 cor
2880 2088 3056 2126 meum
3080 2071 3346 2136 oblivisci,
3373 2085 3531 2138 quam

1933 2176 2084 2222 certo
2122 2181 2227 2220 non
2276 2164 2397 2220 dico
2435 2163 2760 2234 promisisti,
2800 2162 2892 2216 sed
2943 2161 3240 2231 praedixisti
3281 2160 3410 2214 mihi
3453 2175 3534 2214 me

1935 2273 2090 2329 posse
2112 2266 2431 2327 exspectare
2459 2263 2510 2310 te
2531 2255 2832 2310 rediturum
2863 2262 2916 2309 et
2947 2268 3283 2308 mansurum.
3303 2252 3368 2305 Et
3392 2261 3536 2308 certe

1935 2349 2078 2420 quod
2110 2347 2310 2412 dixisti,
2330 2347 2473 2402 serio
2490 2344 2693 2400 dixisti.
2719 2343 2858 2414 Ergo
2887 2341 3173 2398 intendunt
3203 2341 3339 2395 oculi
3365 2343 3466 2396 mei
3489 2344 3538 2394 in

1936 2440 2194 2512 eloquium
2215 2449 2360 2492 tuum
2375 2439 2604 2492 dicentes
2619 2454 2636 2490 :
2653 2435 2876 2502 Quando
2890 2433 3239 2488 cousolaberis
3253 2433 3382 2502 me?(
3394 2430 3539 2486 Psal.

1937 2547 2126 2596 cxvm,
2166 2531 2280 2602 8'2.)
2334 2531 2550 2586 Utinam
2593 2544 2697 2583 non
2743 2525 2918 2592 fallar,
2946 2525 3200 2596 quoniam
3233 2525 3445 2600 speravi
3489 2525 3540 2578 in

1943 2637 2028 2692 te;
2055 2627 2260 2680 utinam
2305 2639 2409 2679 non
2442 2623 2786 2689 erubescam,
2813 2620 3067 2690 quoniam
3107 2617 3414 2689 exspectavi
3449 2625 3530 2682 te;

1942 2718 2146 2772 utinam
2181 2732 2284 2770 non
2305 2716 2590 2790 mirentur,
2613 2729 2713 2768 nec
2740 2714 2922 2768 dicant
2953 2711 3048 2774 llli,
3080 2710 3544 2780 quos,_prmmisisti

1941 2807 2207 2880 primitias
2235 2806 2442 2861 fructus
2461 2806 2532 2836 ’⁸³
2563 2805 2664 2870 ιιιί,
2689 2813 2742 2858 et
2767 2804 2960 2874 pignus
3006 2801 3271 2856 adventus
3305 2801 3398 2854 tui.
3435 2799 3544 2856 Cur

1942 2915 2036 2955 eos
2072 2899 2364 2972 impegeris
2395 2897 2544 2962 illuc,
2573 2911 2678 2968 quo
2701 2908 2798 2948 eos
2829 2893 2910 2947 vel
2941 2892 3246 2970 prmccdcre
3291 2889 3370 2943 vel
3419 2890 3546 2944 sub-

1944 2990 2096 3060 scqui
2143 2987 2596 3059 comtcmpscris;
2649 2984 2949 3058 praesertim
2995 2999 3116 3038 cum
3151 2981 3253 3050 ipsi
3302 2979 3546 3033 libentis-

1945 3080 2083 3136 sime
2109 3081 2221 3136 sint
2266 3079 2333 3134 ad
2381 3093 2480 3132 nos
2511 3075 2766 3150 ingrcssi,
2793 3083 2848 3127 et
2893 3086 2924 3124 a
2965 3070 3121 3124 nobis
3162 3068 3399 3137 suscepti
3449 3083 3540 3136 spe

1867 3167 1916 3230 C
1949 3182 2052 3228 tua:
2091 3170 2511 3227 subsecutionis.
2569 3167 2777 3238 Dirigat
2825 3162 3086 3218 Dominus
3145 3162 3196 3214 iu
3249 3169 3543 3228 conspectu

1945 3278 2044 3320 suo
2082 3264 2222 3318 viam
2263 3271 2408 3318 tuam
2447 3257 2624 3330 (Paul.
2669 3273 2724 3322 v,
2756 3255 2810 3324 9)
2840 3272 2853 3320 ;
2880 3264 2934 3308 et
2971 3253 3178 3306 directo
3225 3249 3388 3303 corde
3425 3261 3536 3308 tuo,

1945 3355 2140 3412 tribuat
2178 3353 2272 3407 tibi
2315 3350 2570 3406 Dominus
2605 3347 2896 3401 secundum
2945 3361 3034 3398 cor
3066 3355 3210 3396 tuum
3241 3376 3255 3402 ,
3310 3351 3357 3394 ct
3400 3357 3540 3393 omn:

1947 3445 2222 3504 consilium
2253 3455 2401 3498 tuum
2450 3441 2721 3510 conﬁrmet
2751 3436 2921 3510 (Paul.
2953 3451 3068 3502 xxx,
3097 3435 3172 3506 5).

2405 3551 2742 3608 EPISTOLA
2773 3550 2864 3605 LX
2877 3550 2978 3605 Vlll
3005 3549 3096 3602 ²⁰⁰.

2494 3660 2560 3699 ΔΙ)
2611 3657 2984 3698 ιΑΝῖιιΑδςυιι.

1954 3761 2032 3816 De
2077 3757 2340 3813 nonnullis
2369 3773 2400 3810 a
2449 3755 2752 3822 Lanfranco
2796 3751 3187 3822 animadversis
3215 3751 3268 3800 in
3323 3747 3551 3822 Ausclmi

2027 3827 2322 3900 opuscula;
2365 3842 2482 3896 qua:
2533 3820 2642 3894 ipse
2688 3825 2858 3880 sancti
2909 3821 3190 3892 Augustini
3241 3820 3552 3870 auctoritate

2029 3907 2346 3970 propugnat.

2029 3991 2140 4046 Suo
2167 3987 2386 4044 domino
2428 3993 2482 4042 ct
2522 3985 2692 4052 Patri,
2726 3999 2912 4048 amore
2957 3991 3012 4038 et
3058 3979 3360 4035 reverentia
3417 3977 3552 4039 filio,

1955 4103 2099 4152 rum,
2135 4085 2395 4138 Ecclesia:
2443 4081 2725 4137 catholicae
2770 4080 2932 4152 digno
2967 4076 3374 4154 archiepiscopo
3414 4073 3554 4132 Luc

1958 4193 2161 4233 ruauco
2192 4175 2666 4230 fratcrANssLuus
2702 4187 2831 4228 suus
2857 4169 3190 4239 subjectione
3224 4180 3432 4229 servus,
3471 4163 3554 4218 af-

1959 4269 2106 4326 fectu
2139 4269 2302 4333 filius,
2341 4268 2586 4323 doctrina
2619 4263 2936 4334 discipulus,
2971 4260 3114 4332 quod
3142 4259 3331 4314 melius
3353 4265 3550 4328 potest.

2031 4361 2246 4416 Gratias
2284 4359 2581 4414 immensas
2619 4356 2730 4426 agit
2769 4370 2864 4410 cor
2895 4368 3075 4408 meum
3105 4361 3298 4404 vestrae
3330 4349 3550 4404 celsitu-

1958 4453 2092 4518 dini,
2119 4466 2238 4522 quae
2263 4450 2408 4506 inter
2434 4459 2514 4504 tot
2546 4457 2600 4503 et
2626 4457 2804 4501 tantas
2833 4461 2944 4501 suae
2994 4442 3271 4516 dignitatis
3319 4455 3553 4510 occupa-

1964 4545 2214 4600 tiones’“
2231 4557 2330 4600 nec
2346 4548 2602 4611 gravatur
2625 4552 2726 4598 nec
2751 4537 3074 4606 dedignatur
3101 4533 3392 4588 otiositatis
3412 4545 3547 4585 mete

1961 4637 2349 4692 verbositatem
2381 4643 2603 4702 paterna
2643 4629 2976 4700 benignitate
3001 4625 3306 4690 attendere,
3334 4623 3554 4678 etbeni-

1966 4747 2069 4802 gna
2092 4730 2354 4799 sapientia
2381 4727 2675 4796 corrigere.
2691 4722 2844 4791 Quod
2867 4723 3010 4778 enim
3034 4720 3239 4789 rogatis
3267 4733 3334 4773 ne
3359 4732 3456 4785 pro
3473 4715 3557 4768 his

1967 4837 2094 4892 erga
2114 4836 2212 4874 vos
2246 4818 2464 4874 dilectio
2490 4832 2606 4871 mea
2632 4822 2890 4883 tepescat,
2915 4812 3040 4883 quia
3060 4819 3196 4864 teste
3219 4811 3324 4862 Deo
3354 4815 3409 4860 et
3431 4820 3559 4859 san-

1970 4915 2074 4970 ctis
2101 4913 2218 4982 ejus
2242 4913 2342 4966 hoc
2372 4909 2658 4966 dilectione
2679 4906 2957 4970 facitis;et
2980 4917 3077 4972 ego
3093 4903 3276 4969 utique
3299 4897 3459 4963 hujus
3481 4895 3558 4946 rei

1973 5003 2316 5061 conscientiae
2343 5009 2538 5056 vestrm
2567 4997 2719 5052 testis
2742 4993 3052 5050 sum.Absit
3075 5005 3205 5060 ergo
3236 4995 3293 5039 ut
3325 4986 3456 5040 milu
3487 4985 3557 5037 sit

1975 5097 2262 5152 molestum
2295 5095 2568 5162 suscipere
2591 5083 3054 5152 consilium,quod
3082 5083 3148 5135 de
3177 5077 3554 5132 transmarinis

1975 5189 2220 5262 partibus
2232 5197 2288 5242 et
2305 5201 2405 5258 ego
2425 5199 2618 5257 magno
2641 5179 2910 5236 desiderio
2934 5173 3150 5247 peto’”,
3167 5181 3219 5225 et
3235 5186 3330 5224 vos
3347 5169 3559 5223 sincera

1977 5260 2262 5334 dilectione
2279 5276 2507 5332 mittitis.
2539 5273 2830 5328 Gratanter
2862 5269 3045 5336 itaque
3067 5273 3347 5334 paternam
3373 5260 3556 5313 admo-

1565 5417 1800 5478 VARUE
1841 5413 2134 5472 LECTION
2143 5412 2246 5468 ES.

355 5541 425 5575 ’⁸³
455 5541 603 5596 Mitte
647 5541 923 5610 exemplar
962 5557 1059 5593 ms.
1090 5535 1402 5610 ιιιῖιιςιιιίιιί
1437 5533 1718 5603 exemplar

281 5615 350 5656 ’³⁸
378 5613 626 5666 Defertur
654 5629 751 5665 ms.
775 5611 1021 5665 differtur

286 5749 554 5826 pationcm
579 5749 674 5809 ms.
706 5753 1086 5824 occupationes
1159 5751 1229 5783 ’³³
1267 5749 1408 5806 Gcro
1441 5763 1534 5801 ms.
1583 5753 1706 5815 peto

1828 5531 1896 5564 ’δ”
1921 5529 2050 5582 Cum
2074 5527 2250 5580 eodem
2274 5541 2372 5578 ms.
2410 5521 2602 5575 collata

1125 5609 1193 5640 ’⁸⁷
1233 5608 1366 5661 Volo
1397 5621 1612 5675 possunt
1663 5619 1762 5655 ms.
1789 5617 1886 5675 pro
1915 5611 2036 5675 voto
2069 5612 2284 5675 possunt
2377 5608 2470 5675 31°
2491 5608 2526 5675 te

928 5655 1130 5734 tractus
1176 5655 2306 5754 rustic-litospraemisisti'primitias'fructus
2377 5664 2452 5695 ’9"
2487 5661 2620 5715 Cum
2650 5661 2829 5714 eodem
2862 5674 2958 5713 ms.
2990 5655 3184 5710 collata

2715 5517 2783 5614 ²ῗ¹⁵
2811 5515 3114 5614 Ριαοΐεειςιιη
3139 5529 3215 5614 uis
3269 5509 3560 5614 ptigegtam

3467 5597 3560 5631 llila'l

3279 5579 3284 5582 ’
3321 5581 3387 5614 ³⁸9
3417 5579 3563 5646 Quas

3279 5653 3347 5685 ”'
3379 5651 3556 5708 Occu-

2402 5593 2470 5628 ⁸⁸⁸
2501 5591 2629 5644 Cum
2665 5589 2840 5642 eodem
2873 5603 2969 5640 ms.
3013 5583 3207 5640 collata
