3872 6028
364 274 497 331 H59

917 273 973 329 S.
1013 272 1315 328 ANSELMI
1355 272 1706 330 CANTUAB.
1736 273 2061 331 AltClllEP.
2103 271 2254 329 OPP.
2297 272 2478 329 PARS
2513 273 2674 328 lll.—
2703 273 3084 331 EPISTOLIE.

360 395 625 449 uitionem
662 401 903 446 vestram
937 389 1195 459 suscipio,
1240 399 1295 444 ct
1333 390 1612 446 humiliter
1643 391 1954 463 responsio—
1984 398 2026 454 Λ
2059 391 2240 445 divina
2275 390 2579 461 Scriptura,
2613 389 2681 446 de
2711 388 3060 446 tribulatione
3086 390 3333 446 nascitur
3356 389 3658 460 patientia,

362 502 483 542 nem
528 493 768 539 nostram
803 494 1055 550 suggero.
1089 481 1165 535 De
1211 482 1315 537 illis
1335 484 1574 552 quidem,
1599 499 1719 553 quze
1767 486 1820 538 in
1859 484 1951 539 illo

359 575 618 645 opusculo
645 573 787 627 dicta
811 581 957 634 sunt,
987 586 1107 641 qua:
1138 574 1340 629 salubri
1368 574 1705 645 sapientique
1728 575 1952 631 consilio

358 669 519 740 337
536 665 766 721 monetis
790 664 841 719 itt
866 674 1067 720 statera
1089 669 1286 723 utentis
1300 666 1550 721 solertius
1563 666 1910 737 appendenda
1933 685 1947 733 ;

359 771 549 818 etcum
573 759 803 813 eruditis
832 757 885 812 in
913 758 1370 813 sacriseodicibus
1392 757 1753 822 conferenda;
1784 768 1839 814 et
1861 759 1951 813 ubi

364 853 502 908 ratio
527 852 731 914 delicit,
764 851 962 905 divinis
1012 851 1425 906 auctoritatibus
1461 851 1815 921 accingendo,
1848 851 1951 907 hoc

359 955 555 1017 etpost
578 953 860 1015 paternam
891 942 1286 1013 amabilemque
1339 953 1575 999 vestram
1628 944 1952 999 admonitio-

362 1053 511 1103 neut,
541 1046 595 1092 et
639 1047 765 1091 ante
800 1036 925 1101 feci,
994 1045 1255 1102 quantum
1304 1036 1474 1106 potui.
1516 1035 1649 1090 Nam
1688 1037 1802 1092 haec
1830 1052 1948 1091 mea

361 1130 462 1189 fuit
495 1133 722 1186 intentio
759 1146 854 1199 per
887 1140 1053 1184 totam
1084 1131 1228 1184 illam
1253 1131 1683 1200 qualemcunque
1707 1131 1949 1200 disputa-

358 1221 585 1287 tionem,
611 1230 670 1275 ιιι
693 1220 912 1274 omnino
941 1219 1071 1272 nihil
1106 1220 1175 1273 ibi
1202 1234 1505 1275 assererem
1547 1220 1618 1252 ²⁹³
1638 1261 1653 1285 ,
1681 1220 1784 1275 nisi
1808 1221 1949 1290 quod

360 1330 451 1375 aut
478 1320 775 1388 canonicis,
807 1330 899 1375 aut
928 1320 1069 1374 beati
1093 1321 1385 1392 “Augustini
1423 1321 1582 1376 dictis
1628 1324 1949 1376 incunctan-

364 1422 445 1467 ter
463 1427 622 1483 posse
652 1412 863 1467 defendi
898 1414 1139 1467 viderem
1171 1431 1184 1466 :
1215 1423 1270 1468 et
1329 1429 1474 1469 nunc
1520 1414 1951 1485 quotiescunque

359 1519 422 1557 ea
453 1520 572 1573 quae
606 1505 716 1559 dixi
747 1513 1003 1569 retracto,
1038 1504 1171 1559 nihil
1203 1505 1348 1560 aliud
1390 1520 1476 1559 me
1501 1506 1797 1561 asseruisse
1823 1523 1950 1578 pcr-

359 1598 539 1666 cipere
561 1612 805 1667 possum.
847 1598 1058 1653 Etenim
1109 1613 1172 1652 ea
1219 1614 1337 1668 qua:
1366 1614 1430 1653 ex
1454 1597 1644 1653 eodem
1691 1601 1951 1669 opusculo

360 1690 557 1744 vestris
598 1689 792 1744 litteris
820 1690 1144 1756 inseruistis,
1173 1699 1228 1746 et
1259 1693 1503 1762 quasdam
1548 1691 1651 1746 alia
1679 1708 1798 1762 qua)
1841 1710 1947 1750 non

2056 500 2176 555 qua:
2221 501 2350 553 opus
2394 484 2680 552 perfectum
2713 482 2862 537 habet
2890 481 3032 553 (Jac.
3088 498 3129 548 ι,
3173 481 3269 561 4);
3299 492 3356 537 et
3384 482 3660 553 probatio,

2055 594 2174 647 quae
2194 589 2450 647 operatur
2475 594 2638 649 spem,
2672 594 2791 647 qua:
2827 594 2931 631 non
2953 578 3226 648 confundit
3255 575 3437 648 (Rom.
3460 593 3519 642 ν,
3548 577 3612 650 5)
3639 597 3654 634 :

2054 670 2241 741 utique
2273 686 2376 725 non
2410 671 2651 740 intelligo
2699 687 2804 725 non
2836 678 3045 725 tantum
3090 684 3211 726 esse
3253 670 3654 726 condolendum

2055 773 2253 817 vestrtr
2303 764 2578 818 sanctitati
2612 764 2663 818 itt
2695 764 3063 828 tribulatione,
3119 769 3341 833 propter
3403 762 3651 819 laborent

2053 870 2214 925 quem
2250 871 2315 911 ex
2343 856 2430 910 illa
2474 858 2769 927 suscipitis,
2825 867 3091 928 quantum
3156 858 3653 930 congratulandum

2054 957 2275 1017 propter
2295 950 2681 1019 perfectionem
2709 962 2763 1007 et
2783 967 2958 1022 spem,
2990 952 3057 1007 ad
3079 967 3324 1023 quasper
3347 953 3496 1008 illam
3524 968 3656 1023 pro-

2052 1039 2232 1096 ﬁcitis.
2270 1041 2452 1096 Gloria
2480 1042 2643 1111 igitur
2696 1044 2748 1097 in
2804 1043 3034 1099 excelsis
3060 1045 3192 1109 Deo,
3217 1045 3305 1100 cui
3332 1045 3443 1101 vita
3468 1054 3652 1101 vestra

2054 1135 2131 1190 sic
2161 1135 2378 1206 placuit,
2414 1143 2472 1189 ιιι
2500 1151 2618 1190 eam
2642 1136 2708 1190 ad
2725 1138 3033 1208 exemplum
3059 1138 3361 1205 exaltaret;
3393 1147 3449 1194 et
3463 1137 3652 1195 Gloria

2055 1225 2108 1280 in
2139 1226 2369 1280 excelsis
2395 1225 2632 1296 Deo,qui
2660 1227 2739 1282 sic
2764 1242 2860 1283 vos
2892 1228 3103 1295 dilexit,
3152 1237 3211 1284 ut
3256 1245 3355 1285 vos
3413 1230 3469 1284 in
3526 1230 3653 1299 igne

2055 1318 2425 1375 tribulationis
2489 1319 2814 1387 collocaret;
2894 1332 3165 1391 quatenus
3230 1336 3398 1391 opera
3466 1333 3649 1377 vestra

2053 1424 2225 1480 usque
2253 1410 2319 1464 ad
2353 1410 2764 1480 perfectionem,
2796 1421 2851 1468 et
2884 1428 3033 1482 spem
3092 1423 3332 1468 vestram
3387 1429 3557 1484 usque
3577 1413 3651 1468 ad

2052 1499 2293 1555 debitum
2320 1502 2484 1557 robur
2504 1511 2855 1573 exroquerel.
2878 1502 3010 1557 Nam
3038 1503 3082 1559 si
3112 1504 3449 1575 diligentibus
3483 1503 3648 1558 Deum

2053 1592 2229 1645 omnia
2260 1604 2606 1663 cooperantur
2633 1596 2690 1648 in
2717 1594 2905 1649 bonum
2931 1594 3109 1667 (Rom.
3134 1611 3251 1659 vm,
3284 1595 3399 1666 28),
3428 1611 3529 1651 cur
3563 1595 3651 1650 di-

2055 1681 2282 1753 ligentes
2342 1700 2464 1740 enm
2513 1700 2622 1740 non
2668 1686 2722 1741 in
2752 1686 3005 1743 omnibus
3050 1686 3390 1742 exsultantes
3441 1688 3652 1758 gratias

361 1782 692 1848 iusernislis,
731 1782 873 1836 nulla
908 1783 1038 1838 mihi
1066 1785 1414 1841 ratiocinatio
1463 1802 1607 1853 mea,
1655 1800 1951 1858 quantum-

2060 1790 2215 1851 agant
2234 1792 2331 1851 pro
2351 1779 2532 1834 bono?
2560 1778 2653 1834 Sie
2679 1788 2856 1835 tamen
2874 1780 2977 1835 hoc
3003 1795 3164 1851 agere
3191 1780 3413 1848 debent,
3436 1791 3491 1836 ut
3518 1797 3660 1851 quo-

363 1876 493 1930 libet
540 1875 813 1931 videretur
853 1878 1184 1945 necessaria,
1237 1882 1597 1950 persuasisset
1636 1891 1695 1938 ut
1743 1885 1951 1955 primus

360 1966 541 2021 dicere
569 1982 976 2038 praesumerem.
1011 1969 1085 2023 Ea
1142 1971 1285 2026 enim
1318 1972 1431 2044 ipsa
1479 1974 1559 2030 sic
1609 1975 1801 2032 beatus
1842 1976 1952 2032 Au-

358 2059 606 2128 gttstinus
626 2059 681 2114 in
711 2059 849 2115 libro
888 2060 964 2115 De
994 2060 1250 2117 Trinitate
1297 2065 1411 2120 suis
1460 2067 1670 2138 magnis
1711 2068 1953 2138 disputa-

361 2151 596 2207 tionibtts
618 2151 833 2222 probat,
866 2164 923 2206 ut
947 2154 1138 2209 eadem
1183 2156 1338 2226 quasi
1364 2172 1481 2213 mea
1509 2158 1744 2214 breviori
1768 2160 1839 2191 ²⁹⁵
1869 2176 1953 2215 ra-

363 2242 715 2299 tiocinatione
743 2244 1025 2301 inveniens
1050 2287 1063 2310 ,
1089 2247 1208 2316 ejus
1234 2248 1473 2305 conlisus
1525 2252 1849 2307 auctoritate
1875 2253 1955 2307 di-

364 2348 568 2389 cerem.
599 2333 752 2402 Quod
781 2336 923 2402 dico,
949 2354 1056 2393 non
1083 2338 1285 2409 aliquid
1308 2355 1495 2396 eorum
1527 2357 1646 2412 quae
1673 2343 1781 2398 diti
1812 2344 1952 2415 apud

358 2447 457 2488 vos
494 2433 867 2502 defendendo;
892 2437 985 2492 sed
1014 2452 1078 2492 ea
1109 2453 1316 2493 menon
1352 2453 1382 2492 a
1411 2454 1496 2495 me
1525 2442 1952 2512 prtesumpsissc,

361 2526 455 2578 sed
483 2526 551 2579 ab
607 2524 718 2581 alio
764 2528 1127 2598 assumpsisse
1156 2531 1515 2586 ostendendo.
1547 2530 1958 2599 Quomodocum

360 2632 466 2686 que
502 2618 646 2673 enim
679 2634 798 2675 sese
820 2619 1078 2688 habeant,
1112 2621 1380 2692 scriptura
1415 2623 1527 2692 ipsa
1574 2624 1656 2678 vel
1703 2624 1957 2679 servandi

366 2710 447 2765 vel
477 2705 692 2766 delendi
722 2713 789 2769 de
815 2722 992 2767 vestra
1025 2719 1352 2771 auctoritate
1405 2714 1709 2784 jnssionem
1766 2732 1954 2786 exspe-

363 2811 494 2854 ctat.
528 2800 784 2868 Quaedam
812 2812 1014 2869 tamen,
1042 2820 1162 2875 qua:
1187 2805 1258 2859 ibi
1301 2806 1434 2872 dixi,
1465 2806 1657 2861 melius
1682 2807 1841 2862 aliter
1866 2824 1958 2878 po—

371 2894 539 2948 tuisse
570 2894 700 2957 dici,
726 2903 781 2949 et
809 2910 838 2949 a
870 2911 957 2951 me
985 2895 1063 2952 sic
1091 2912 1213 2952 esse
1248 2898 1389 2953 dicta
1423 2915 1530 2955 non
1582 2900 1719 2961 bene
1743 2911 1798 2953 ιιι
1828 2900 1961 2956 faci-

364 2984 471 3039 lius
499 2984 703 3053 possint
754 2983 981 3057 intelligi
1018 2987 1159 3041 male
1196 3003 1358 3057 quam
1404 2990 1561 3049 bene.
1598 3000 1651 3044 et
1680 2990 1759 3045 sic
1781 2990 1956 3046 diﬂido

362 3072 431 3127 de
470 3088 590 3128 mea
620 3072 931 3144 insipientia
977 3083 1035 3129 ut
1062 3092 1166 3130 non
1200 3092 1419 3149 negem;
1466 3088 1521 3133 et
1542 3079 1623 3135 sie
1656 3081 1869 3135 conlido
1894 3082 1958 3135 de

2053 1876 2199 1931 niam
2228 1874 2299 1908 ’⁸⁸
2323 1874 2497 1931 nescit
2522 1873 2688 1928 homo
2716 1882 2895 1927 utrum
2912 1888 3091 1929 amore
3129 1874 3318 1944 dignus
3339 1874 3407 1927 sit
3435 1890 3509 1928 an
3529 1875 3653 1928 odio

2055 1966 2253 2033 (Eccle.
2302 1982 2380 2031 ιι,
2415 1965 2492 2034 t),
2523 1966 2770 2021 serviant
2797 1965 3026 2020 Domino
3056 1964 3108 2019 in
3142 1964 3357 2031 timore,
3384 1974 3441 2019 et
3468 1964 3657 2019 exsul-

2056 2068 2171 2114 tent
2196 2059 2245 2115 ei
2271 2059 2323 2114 in
2358 2068 2613 2115 tremore.
2651 2057 2762 2113 lloc
2786 2066 2966 2112 tamen
3001 2057 3180 2112 omnis
3209 2071 3402 2112 servus
3426 2055 3523 2110 Dei
3550 2054 3655 2111 ob-

2054 2168 2209 2207 serva
2220 2167 2277 2206 re
2299 2152 2481 2215 debet,
2515 2166 2583 2207 ne
2608 2151 3011 2206 tribulationem
3029 2150 3339 2221 putetquod
3372 2148 3657 2204 tribulatio

2056 2253 2290 2297 nonest.
2320 2242 2400 2298 Ne
2423 2258 2544 2298 cum
2577 2244 2630 2297 id
2657 2242 2799 2311 quod
2824 2256 2926 2297 nec
2962 2241 3166 2296 sentire
3209 2241 3392 2306 debet,
3423 2241 3653 2295 tribula-

2059 2336 2259 2390 tionem
2291 2335 2537 2404 deputat,
2571 2333 2643 2388 ibi
2668 2331 2996 2404 iudicandus
3018 2332 3091 2387 sit
3127 2346 3193 2387 eo
3230 2332 3347 2400 ipso
3375 2332 3523 2402 quod
3557 2333 3655 2387 do-

2058 2425 2132 2482 let
2160 2427 2303 2497 quod
2327 2426 2512 2481 dolere
2537 2441 2643 2481 non
2669 2425 2852 2490 debet,
2885 2439 2954 2480 ex
3003 2423 3341 2479 infirmitatis
3380 2424 3648 2480 teneritu-

2059 2516 2188 2571 dine
2216 2516 2284 2548 ³⁸⁷
2314 2515 2668 2570 succubuisse
2692 2532 2706 2581 ;
2727 2514 2819 2570 ubi
2851 2528 2909 2569 se
2926 2520 3080 2584 putat
3102 2529 3201 2584 per
3224 2515 3498 2584 patientiae
3531 2514 3651 2569 for-

2064 2608 2349 2665 titudinem
2398 2607 2760 2678 superavisse.
2793 2604 2884 2662 Sic
2907 2597 3053 2661 enim
3099 2607 3416 2662 aestimando
3438 2620 3495 2662 se
3520 2620 3651 2662 esse

2061 2700 2288 2773 aliquid,
2317 2717 2438 2757 cum
2457 2701 2590 2755 nihil
2620 2702 2708 2765 sit,
2740 2700 2857 2771 ipse
2883 2715 2944 2757 se
2988 2700 3222 2757 seducit.
3252 2699 3445 2756 llortor
3463 2700 3655 2771 itaque

2062 2794 2408 2849 sanctitatem
2437 2802 2699 2859 vestram,
2726 2801 2784 2848 ut
2830 2792 2978 2849 nullo
3031 2793 3195 2848 modo
3252 2792 3653 2849 tribulationem

2062 2886 2283 2956 putetis,
2307 2886 2448 2955 quod
2479 2901 2580 2941 nec
2604 2900 2802 2956 corpus
2849 2900 2950 2940 nec
2997 2886 3235 2952 animam
3281 2886 3441 2961 laedit.
3472 2885 3583 2942 Nec
3607 2886 3652 2940 si

2062 2978 2366 3033 adversitas
2385 2993 2445 3032 ea
2456 2994 2573 3032 rum
2600 2992 2781 3032 rerum
2805 2992 2942 3047 quas
2962 2991 3150 3033 servus
3174 2977 3265 3032 Dei
3289 2987 3654 3034 contemnere

2063 3070 2242 3131 debet.
2275 3084 2369 3125 vos
2418 3070 2726 3135 contristat,
2757 3069 3000 3139 probetis
3026 3085 3117 3124 vos
3143 3057 3259 3139 plus
3277 3084 3441 3139 quant
3482 3087 3661 3141 opor-

362 3174 541 3221 vestra
598 3142 864 3237 sapientia
899 3177 956 3222 υι
988 3183 1050 3223 ea
1077 3184 1237 3239 posse
1272 3142 1480 3243 ξοηνεεί
1524 3188 1759 3242 sperem,
1817 3172 1959 3241 Qua.
1987 3142 2031 3202 Ο
2066 3168 2143 3215 tet
2165 3160 2479 3214 transitoria
2512 3159 2803 3230 diligendo,
2836 3160 3015 3214 minus
3054 3173 3207 3228 quam
3249 3157 3411 3213 decet
3441 3167 3655 3215 aeterna

367 3266 587 3327 propter
620 3258 764 3328 quod
813 3259 878 3315 de
907 3261 1095 3316 eodem
1139 3262 1401 3331 opusculo
1457 3265 1736 3320 vobiscum
1775 3264 1961 3322 confe-

367 3350 537 3405 rendo
562 3349 763 3415 dicitis,
799 3353 1006 3407 utinam
1059 3355 1357 3408 secundum
1388 3353 1677 3426 benignam
1708 3356 1957 3411 volunta-

365 3450 470 3495 tetu
514 3442 606 3496 Dci
636 3441 810 3511 ﬁeret,
838 3452 896 3498 ut
921 3454 974 3500 et
1002 3444 1068 3500 de
1110 3444 1202 3499 illo
1224 3453 1280 3499 et
1303 3446 1370 3500 de
1407 3446 1818 3519 quibuscunque
1841 3448 1956 3503 vel-

364 3529 469 3585 lem
497 3530 702 3586 liceret.
864 3542 865 3545 ‘

830 3622 1162 3681 EPISTOLA
1200 3625 1361 3681 LXIX
1402 3627 1494 3681 m.

933 3733 960 3770 Δ
970 3732 1001 3770 D
1048 3732 1385 3775 GONDULFU".

694 3809 772 3865 De
793 3810 1063 3879 pontiﬁcio
1085 3812 1282 3866 Itonore
1308 3813 1629 3883 gratulatur.

439 3899 580 3957 Olim
632 3900 984 3957 dilectissimo
1035 3901 1214 3968 fratri,
1267 3919 1410 3959 nunc
1438 3904 1752 3962 dulcissimo
1787 3902 1954 3972 Patri,

363 3990 494 4046 olim
526 3999 579 4047 et
612 4007 754 4047 nunc
777 3993 1074 4049 reverendo
1117 3993 1337 4051 domino
1378 3998 1670 4054 venerabili
1701 4000 1956 4071 episcopo

362 4085 651 4142 GONDULFO
678 4083 847 4140 frater
869 4086 1153 4146 ANSELIIUS
1183 4106 1399 4162 semper
1449 4107 1598 4158 suus,
1629 4092 1706 4148 sic
1737 4092 1956 4162 explete

363 4177 673 4248 episc0pale
698 4175 956 4252 ollicium,
990 4187 1048 4235 ut
1077 4190 1340 4238 aeternum
1376 4193 1741 4254 consequatur
1792 4184 1956 4242 bene-

366 4267 572 4323 ficium.
1082 4273 1101 4292 '

433 4362 739 4432 Antequam
794 4363 925 4418 mihi
947 4363 1136 4421 liceret
1189 4366 1515 4424 dulcissimzc
1566 4367 1842 4424 sanctitati
1864 4383 1954 4423 ve-

362 4462 490 4508 stne
534 4452 742 4508 litteras
797 4455 1177 4512 exsultationis
1244 4473 1342 4528 pro
1390 4467 1570 4514 vestra
1624 4458 1954 4514 exaltatione

2065 3250 2309 3321 diligere.
2348 3251 2550 3320 Aperte
2578 3250 2722 3305 enim
2774 3249 3141 3320 unusquisque
3194 3248 3365 3304 homo
3410 3250 3655 3305 ostendit

2062 3357 2122 3397 se
2149 3357 2210 3397 ea
2239 3343 2486 3413 diligere,
2543 3356 2769 3411 quorum
2821 3342 3098 3397 laesionem
3145 3341 3257 3411 pati
3315 3355 3419 3395 non
3474 3349 3653 3411 potest

2060 3432 2181 3488 sine
2212 3432 2449 3488 tristitia.
2484 3430 2655 3488 Nemo
2693 3433 2839 3488 enim
2884 3431 3187 3488 molestiam
3219 3431 3325 3502 pati
3347 3431 3649 3495 existimat,

2061 3524 2313 3581 uisicum
2361 3524 2414 3579 in
2473 3524 2559 3580 his
2604 3539 2724 3595 quae
2767 3524 2945 3596 diligit
3001 3524 3379 3579 adversitatetu
3425 3522 3648 3577 tolerat.

2062 3616 2328 3672 Dilectum
2352 3616 2573 3673 frattem
2596 3625 2843 3672 nostrum
2866 3615 3201 3672 Richardum
3225 3631 3288 3672 ea
3323 3631 3424 3684 qua
3454 3630 3654 3685 possu-

2062 3725 2183 3764 mns
2209 3710 2534 3765 charitativa
2558 3709 2922 3765 sollicitudine
2946 3719 3143 3765 vestra:
3162 3709 3474 3779 pateruitali
3503 3723 3653 3762 cont-

2063 3802 2287 3867 mendo;
2320 3809 2587 3872 quatenus
2617 3815 2723 3857 non
2749 3800 2822 3855 illi
2853 3799 3032 3864 obsit,
3061 3801 3204 3869 quod
3234 3815 3262 3853 a
3296 3808 3483 3853 nostra
3522 3812 3652 3852 con-

2060 3895 2370 3950 versatione
2427 3892 2762 3965 sejnngitur;
2820 3895 2912 3949 sed
2944 3894 3118 3965 magis
3147 3894 3222 3948 illi
3252 3894 3455 3963 prosit,
3504 3894 3649 3964 quod

2061 3995 2256 4041 vestra:
2289 3985 2646 4040 familiaritati
2675 3986 3040 4057 conjungitur.

2593 4076 2925 4135 EPISTOLA
2948 4078 3109 4134 LXX.

2535 4212 2550 4234 ,
2642 4186 2708 4225 an
2739 4185 3067 4226 IIAUItl’l'lL'Il.

2059 4285 2359 4342 Commonet
2391 4295 2450 4342 ut
2480 4288 2768 4343 absentiam
2798 4290 2883 4342 sui
2911 4289 3166 4355 patienler
3184 4288 3386 4354 toleret,
3410 4286 3651 4357 quandi»

2438 4358 2581 4413 Deus
2613 4360 2676 4412 de
2709 4360 2815 4412 illis
2843 4361 2919 4414 sic
2944 4360 3278 4427 disposuerit.

2129 4450 2376 4519 Domino,
2410 4451 2534 4508 fatri
2565 4453 2908 4520 charissima,
2951 4453 3150 4509 domno
3174 4451 3452 4508 MAURITIO
3479 4450 3655 4528 frater

362 4548 599 4615 m'ttere,
630 4549 807 4605 audivi
864 4550 1005 4621 quod
1052 4564 1154 4603 non
1179 4549 1245 4603 ad
1290 4549 1555 4621 regimen,
1588 4549 1681 4604 sed
1703 4552 1769 4604 ad
1801 4549 1951 4608 labo-
1983 4523 2030 4582 D
2054 4541 2357 4607 ANSELIIUS.
2384 4543 2494 4599 Deo
2514 4545 2729 4615 placere
2759 4552 2814 4601 el
2834 4544 3160 4601 hominibus-

363 4651 508 4701 retu;
538 4652 645 4692 non
694 4639 761 4693 ad
805 4638 1222 4710 jucunditatcm,
1273 4639 1367 4693 sed
1428 4639 1494 4694 ad
1549 4640 1949 4697 tribulationem

365 4727 517 4783 vobis
539 4740 864 4800 provenerat
892 4729 1216 4800 pontificalis
1262 4730 1473 4787 electio.
1520 4733 1596 4787 Ex
1640 4749 1744 4788 una
1790 4734 1952 4805 igitur

361 4832 516 4891 parte
546 4823 668 4878 volo
701 4831 895 4880 vestrae
944 4823 1251 4894 paternitati
1291 4816 1664 4897 congaudere,
1710 4828 1848 4882 sicut
1875 4828 1948 4882 illi

362 4912 517 4979 cujus
539 4914 869 4984 prmtetitam
925 4913 1090 4968 vitam
1146 4914 1324 4969 divina
1372 4915 1546 4987 gratia
1586 4916 1686 4971 sibi
1737 4917 1949 4986 placere

360 5005 619 5071 os‘endit,
657 5004 711 5059 in
742 5005 845 5060 hoc
887 5005 1028 5075 quod
1060 5019 1157 5061 vos
1195 5004 1334 5060 inter
1383 5006 1652 5078 principes
1702 5008 1952 5066 Ecclesiae

360 5112 473 5153 sine
516 5112 912 5155 connumerare
965 5098 1238 5168 dignatur.
1290 5099 1368 5153 Ex
1417 5099 1586 5156 altera
1630 5116 1758 5157 vero
1798 5110 1952 5173 parte

362 5204 527 5259 roger
565 5199 761 5244 vestra:
809 5187 1140 5246 fraternitati
1170 5189 1483 5257 condolerc,
1536 5192 1701 5246 veluti
1751 5192 1825 5247 illi
1858 5194 1949 5265 qui

362 5295 427 5333 eo
453 5282 568 5348 ipso
594 5296 701 5351 quo
725 5283 898 5352 magis
926 5281 1200 5337 exaltatus
1234 5290 1338 5347 est,
1368 5281 1558 5352 majori
1605 5283 1951 5341 tribulatione

362 5382 641 5440 gravatur.
669 5372 776 5429 Sed
815 5375 945 5432 item
993 5391 1118 5432 cum
1176 5377 1460 5432 considero
1489 5377 1744 5447 quoniam
1772 5419 1788 5445 ,
1813 5366 1951 5436 teste

2132 4633 2283 4690 Licet
2304 4650 2411 4705 quo
2438 4644 2487 4691 te
2521 4636 2689 4708 magis
2712 4636 2898 4705 diligo,
2935 4651 3000 4691 eo
3033 4646 3084 4690 te
3110 4634 3279 4706 magis
3308 4647 3525 4689 mecum
3561 4648 3653 4688 τοι

2059 4725 2152 4780 Ιίιη
2187 4728 2420 4792 habere;
2466 4728 2585 4799 plus
2614 4739 2792 4783 tamen
2851 4728 2976 4783 inde
3007 4727 3205 4800 diligo,
3258 4728 3398 4782 unde
3448 4734 3499 4780 te
3542 4742 3649 4779 non

2056 4835 2279 4890 possum
2334 4820 2555 4874 habere.
2603 4818 2872 4886 Quoniam
2936 4820 3082 4874 enim
3145 4827 3195 4874 te
3228 4833 3333 4873 non
3366 4827 3478 4871 tam
3518 4816 3650 4871 mihi

2059 4928 2223 4984 quam
2268 4912 2376 4968 Deo
2410 4923 2465 4973 et
2491 4913 2581 4967 tibi
2612 4912 2807 4983 diligo;
2835 4914 2956 4982 plus
2985 4923 3037 4968 te
3088 4911 3274 4981 diligo,
3314 4912 3442 4981 quia
3485 4910 3651 4966 talem

2060 5015 2113 5061 te
2144 5004 2390 5074 exhibes,
2422 5015 2480 5060 ut
2519 5005 2612 5076 qui
2646 5015 2696 5060 te
2724 5006 2925 5061 habent
2954 5004 3170 5060 difﬁcile
3192 5003 3358 5058 velint
3383 5003 3647 5058 dilectum

2058 5098 2366 5163 remittere;
2401 5112 2562 5167 quam
2613 5098 2658 5153 si
2714 5097 2874 5157 facile
2903 5097 3101 5153 vellent
3129 5096 3433 5167 neglectum
3465 5095 3651 5150 dimit-

2060 5198 2192 5245 tere.
2222 5187 2421 5244 Precor
2451 5190 2635 5261 itaque
2674 5199 2726 5246 te
2752 5200 2809 5245 ut
2836 5190 3082 5255 fratrem,
3129 5199 3184 5246 et
3229 5204 3426 5244 moueo
3480 5198 3543 5243 ut
3591 5186 3652 5242 li-

2058 5283 2189 5338 lium
2234 5282 2619 5337 eharissimum
2650 5298 2712 5337 ea
2741 5297 2869 5337 cura
2903 5291 2958 5338 et
2989 5281 3294 5352 diligentia,
3337 5295 3501 5351 quam
3566 5293 3649 5334 me

2059 5389 2277 5446 semper
2331 5388 2462 5444 erga
2506 5384 2559 5430 te
2605 5373 2864 5431 habuisse
2911 5375 3048 5431 bene
3068 5373 3200 5430 mihi
3248 5388 3308 5429 es
3352 5372 3647 5436 conscius;

1675 5513 1762 5570 VA
1771 5513 1907 5571 RLE
1944 5512 2346 5572 LECTIONES.

439 5615 511 5648 ¹⁹³
566 5617 885 5695 Asseverem
918 5636 1363 5695 Ants._assereret_u
1441 5622 1509 5655 ’⁸⁸
1540 5623 1797 5679 Breviora
1826 5640 1926 5679 ms.
1959 5625 2194 5684 breviori
2272 5625 2346 5662 ²⁹⁸
2374 5625 2505 5683 Cum
2544 5626 2723 5684 eodem
2769 5638 2869 5681 tm.
2906 5622 3099 5679 collata
3173 5621 3240 5655 ²⁹⁶
3272 5620 3340 5678 Et
3387 5621 3649 5695 quoniam

366 5701 467 5740 ins.
495 5696 555 5742 ut
585 5688 840 5757 quoniam
915 5691 983 5723 "7
1023 5691 1430 5751 Temeritudinc
1454 5710 1552 5751 ms.
1589 5695 1952 5751 teneritudine

3514 275 3662 331 ιιιο
