3898 6052
206 324 344 381 ΠΗ

1493 311 1618 366 LIB.
1647 310 1686 377 Ι,
1733 308 1948 365 EPIST.
1993 309 2201 366 LXXII:

3335 301 3391 354 fl
3405 298 3484 354 ai?

205 447 474 510 quatenus
499 431 670 503 magis
697 445 762 486 ac
791 429 962 500 magis
994 429 1062 482 ad
1099 443 1278 484 mores
1317 427 1486 482 bonos
1513 427 1788 496 proﬁcias,
1821 429 1868 484 Α
1894 427 2050 496 gendi
2083 439 2354 480 nummos.
2391 423 2514 479 [free
2536 423 2696 494 igitur
2721 431 2894 477 vestra
2923 422 3202 491 prudentia
3247 419 3476 476 sollicite

208 537 262 584 et
304 524 704 596 separationem
751 531 1012 581 nostram,
1066 519 1302 589 quandiu
1349 516 1560 588 jubebit
1609 527 1792 572 noster

207 617 461 673 dominus
493 623 548 668 et
598 611 758 668 Pater
793 610 1120 666 venerabilis
1170 607 1613 678 archiepiscopus
1660 605 1794 660 Lan-

209 706 452 771 l'rancus,
479 717 690 758 mecum
717 701 1008 770 patienter,
1029 708 1086 754 ut
1111 697 1798 767 divinamdispositionem,

213 799 408 853 toleres
436 837 451 862 ,
485 811 584 850 nec
616 795 667 848 in
692 793 874 862 aliquo
911 792 984 854 id.
1017 792 1162 846 unde
1195 800 1246 846 te
1272 789 1444 860 magis
1472 789 1655 858 diligo,
1703 803 1800 858 per

214 889 604 958 impatientiam
661 885 900 940 minuas.
939 882 1200 950 Quamvis
1263 895 1498 950 namque
1553 889 1604 934 te
1647 879 1801 933 valde

214 982 434 1052 diligam
462 989 516 1035 et
553 977 858 1034 desiderem
883 1015 898 1042 ,
929 985 990 1030 ut
1020 975 1154 1030 mihi
1185 988 1400 1029 mecum
1431 973 1804 1027 conversamio

213 1073 518 1136 colunt-eas,
553 1070 674 1140 plus
697 1076 876 1124 tamen
908 1075 1036 1137 epto
1083 1073 1142 1120 ut
1195 1065 1350 1119 bouis
1376 1063 1616 1118 moribus
1640 1061 1806 1116 indis-

218 1163 516 1220 solubiliter
543 1162 832 1216 iuhmreas.
864 1159 998 1214 'l‘ota
1030 1157 1194 1228 igitur
1219 1171 1346 1212 cura
1373 1164 1462 1210 tua
1481 1154 1588 1218 sit,
1613 1161 1672 1208 ut
1691 1152 1806 1206 ubi-

217 1271 432 1326 cunque
458 1255 533 1310 sis
562 1255 640 1308 sic
671 1253 844 1317 vivas,
893 1260 954 1304 ιιι
977 1251 1178 1306 bonum
1213 1247 1484 1302 hominem
1515 1254 1570 1300 et
1593 1259 1808 1316 servum

220 1350 312 1404 Dei
335 1349 490 1404 decet
519 1365 532 1400 :
563 1353 615 1402 et
640 1353 826 1402 certus
851 1355 968 1400 esto
997 1343 1126 1414 quia
1175 1343 1320 1398 Deus
1371 1341 1466 1397 tibi
1509 1338 1810 1410 providebit

219 1441 362 1511 quod
394 1439 490 1496 tibi
521 1439 796 1509 expediet.

681 1528 1013 1585 EPISTOLA
1052 1527 1218 1584 LXXI
1249 1527 1343 1582 ’δἐι

853 1637 920 1676 ΔΙ)
947 1633 1188 1676 ΡΑυιωι.

221 1735 462 1791 ιωταιιιι·
483 1735 546 1788 de
573 1735 688 1804 ejus
718 1733 1043 1802 provectione
1085 1731 1155 1784 ad
1181 1729 1456 1804 Aabbatiam
1493 1727 1556 1782 Β.
1575 1725 1780 1804 _._4_lbani
1797 1741 1818 1791 ,-

330 1819 376 1861 ει
401 1799 626 1877 qualiter
663 1799 725 1859 ἔπ’
756 1821 818 1858 ea
845 1820 900 1858 se
944 1819 1120 1872 gerere
1155 1801 1336 1857 debeat
1370 1799 1680 1870 prwscribit.

297 1921 528 1977 Domino
569 1927 626 1974 et
651 1918 823 1982 Patri,
876 1915 1058 1972 abbati
1108 1914 1404 1970 revereudo
1460 1920 1513 1968 et
1554 1909 1822 1980 diligendo

225 2015 408 2071 Pauco
436 2013 606 2068 frater
625 2014 908 2066 ANSELMUS
937 2010 1014 2064 sic
1045 2017 1232 2064 sancte
1257 2008 1440 2061 vivere
1464 2006 1516 2060 in
1539 2000 1822 2074 temporali

228 2107 610 2179 prosperitate,
649 2113 708 2159 ut
735 2104 892 2158 beate
915 2104 1064 2158 vivat
1099 2104 1154 2158 in
1198 2107 1402 2157 aeterna
1436 2099 1716 2154 felicitate.

300 2200 484 2258 Gloria
513 2200 565 2254 in
598 2197 830 2253 excelsis
882 2197 1015 2263 Deo,
1074 2195 1228 2265 cujus
1276 2191 1591 2264 conspectui
1632 2191 1711 2246 sic
1773 2187 1826 2243 iu

230 2291 444 2347 occulto
497 2291 606 2344 vita
635 2299 808 2344 vestra
865 2287 1068 2357 placuit
1122 2293 1180 2341 ut
1230 2300 1351 2342 eam
1403 2285 1470 2338 ad
1517 2280 1827 2352 exemplum

231 2380 398 2452 338
425 2380 478 2434 in
507 2387 692 2450 aperto
722 2377 1059 2441 sublimaret,
1097 2383 1154 2430 et
1179 2390 1300 2431 eam
1329 2375 1398 2429 de
1433 2383 1576 2428 terra
1617 2371 1684 2425 ad
1715 2383 1832 2424 cce—

235 2473 344 2525 lum
397 2487 494 2541 per
526 2471 772 2525 semitam
831 2468 1089 2524 virtutum
1141 2466 1483 2523 tendentibus
1551 2477 1648 2534 per
1689 2461 1832 2514 viam

235 2561 631 2616 constitueret:
672 2569 937 2630 quatenus
984 2575 1090 2615 non
1143 2559 1310 2614 solius
1372 2572 1484 2612 smn
1529 2549 1835 2609 sanctitatis

241 2655 594 2710 retributione
623 2655 674 2708 in
709 2667 877 2722 regno
918 2652 1127 2709 caelesti
1161 2652 1409 2714 lactetur;
1441 2647 1535 2704 sed
1562 2661 1658 2717 pro
1699 2643 1838 2698 mul-

245 2747 314 2802 tis
337 2761 473 2817 quos
500 2745 608 2801 Deo
635 2745 953 2810 lucrabitur,
985 2743 1240 2814 gaudium
1276 2741 1348 2795 illi
1379 2737 1650 2793 felicitatis
1677 2744 1838 2791 reter-

245 2853 330 2892 nre
387 2837 796 2906 multiplicetur.
847 2834 1106 2902 Quamvis
1159 2835 1312 2889 enim-
1363 2829 1610 2886 barbaris
1659 2838 1840 2882 vestra

245 2930 468 3001 praelata
535 2929 608 2984 sit
664 2929 948 2992 sanctitas,
995 2943 1132 2997 quos
1155 2925 1336 2980 verbis
1391 2924 1586 2978 docere
1623 2929 1842 2992 propter

248 3019 551 3088 linguarum
583 3017 950 3071 diversitatem
973 3029 1076 3068 non
1103 3013 1327 3083 poteszis
1347 3053 1360 3077 ,
1387 3025 1494 3066 non
1527 3021 1704 3064 tamen
1723 3025 1836 3064 om-

251 3111 380 3166 niuo
408 3123 503 3164 vos
526 3109 668 3178 apud
715 3107 1016 3162 districtum
1048 3104 1292 3161 Iudicem
1336 3118 1599 3159 excusare
1633 3102 1843 3166 valetis,
1875 3123 1920 3184 ρ

251 3205 298 3259 si
327 3203 462 3258 alios
514 3201 714 3256 lucrari
755 3199 866 3254 Deo
891 3197 1182 3268 negligitis.
1215 3195 1368 3264 Quod
1408 3195 1551 3249 enim
1599 3192 1702 3247 illis
1731 3206 1846 3246 ser-

255 3308 416 3352 mone
461 3310 566 3349 non
625 3294 852 3365 potestis
873 3293 1074 3357 dicere,
1133 3291 1240 3344 vita
1291 3287 1514 3358 potestis
1537 3283 1843 3340 ostendere.

255 3389 434 3445 Tanto
494 3403 732 3456 namque
787 3383 1058 3439 efficacius
1106 3383 1306 3437 bonum
1355 3377 1632 3448 exemplo,
1684 3388 1847 3445 quam

257 3481 425 3535 verbo
469 3479 846 3550 persuadetur,
902 3482 1104 3544 quanto
1159 3473 1282 3527 boui
1331 3487 1510 3526 mores
1557 3469 1610 3524 iu
1637 3475 1851 3523 tacente

261 3571 557 3641 diliguntur
590 3610 604 3636 ,
649 3577 704 3622 et
752 3566 1000 3620 facundia
1048 3565 1101 3618 in
1151 3571 1397 3633 torpente
1463 3561 1850 3616 contemnitur.

261 3662 392 3717 Plus
420 3661 601 3727 itaque
631 3657 849 3711 studere
875 3655 1022 3725 diligi
1049 3653 1114 3708 ab
1141 3653 1392 3707 omnibus
1441 3643 1854 3706 mansuetudine

263 3763 322 3808 et
348 3750 718 3806 misericordia
753 3763 914 3817 qtmn
956 3747 1132 3802 timeri
1187 3745 1348 3798 nimis
1372 3749 1585 3797 austera
1631 3749 1686 3794 et
1727 3738 1856 3794 nulli

264 3851 524 3918 parcente
547 3840 778 3911 justitia.
807 3837 1090 3893 Gaudeant
1117 3835 1401 3902 cujuslibet
1431 3832 1642 3886 ordinis
1679 3827 1856 3884 homi-

269 3953 368 3996 nes
399 3935 550 3990 vobis
573 3931 846 3988 commissi
880 3944 998 3985 sese
1036 3925 1444 3984 connnendatos
1474 3937 1593 3977 esse
1619 3919 1766 3975 Patri
1805 3926 1860 3973 et

267 4027 472 4104 pastori
505 4045 520 4083 :
552 4041 658 4081 non
681 4027 938 4086 horreant
968 4037 1087 4077 sese
1141 4018 1366 4074 traditos
1395 4031 1516 4071 esse
1552 4023 1782 4086 tyranno
1812 4019 1866 4067 et

271 4123 540 4181 exaetori.
581 4121 858 4176 Latteutur
880 4115 1065 4171 aﬂines
1095 4112 1457 4170 consultarent
1481 4119 1536 4164 et
1563 4108 1862 4177 adjutorem

271 4215 375 4272 sibi
413 4231 443 4269 a
479 4215 589 4269 Deo
643 4212 900 4276 venisse;
955 4222 1060 4261 non
1108 4211 1512 4274 conquerantur
1563 4200 1862 4254 alienarum

275 4324 454 4366 rerum
481 4309 806 4366 invasorcm,
838 4309 929 4356 aut
976 4307 1376 4370 persecutorem
1404 4313 1431 4350 a
1459 4295 1684 4350 sinistra.
1716 4299 1869 4363 parte

276 4404 522 4460 irruisse.
550 4399 688 4454 Sunt
712 4398 854 4453 enim
883 4393 1036 4449 multi
1069 4391 1274 4464 praelati
1315 4389 1483 4443 nostri
1515 4388 1744 4452 ordinis,
1776 4385 1865 4454 qui

1893 527 2102 574 caveat.
2131 518 2208 572 lta
2254 517 2524 573 exteriora
2553 517 2706 571 vobis
2751 514 3038 569 commissa
3077 513 3363 581 disponite,
3419 521 3480 568 ut

1895 613 2154 669 interiora
2191 621 2370 668 vestra
2429 612 2680 666 mandata
2718 611 2810 664 Dei
2843 609 3152 680 disponant,
3183 615 3236 661 et
3267 622 3482 678 semper

1897 721 2050 762 mens
2080 713 2260 761 vestra
2289 705 2433 760 dicat
2458 703 2568 758 Deo
2597 719 2610 756 :
2655 703 2728 756 De
2754 701 2894 756 cuitu
2919 711 3006 754 tuo
3027 701 3288 770 judicium
3312 717 3492 754 meum-

1899 802 2116 869 prodeat
2147 797 2318 871 (Psal.
2355 813 2468 860 xvi,
2495 797 2568 868 l).
2601 796 2695 852 Sic
2736 811 2835 851 vos
2879 793 3151 848 defendite
3210 809 3307 861 per
3353 809 3482 863 pra--

1901 892 2142 946 dentiam
2203 907 2232 944 a
2285 889 2626 952 nocentibus,
2686 897 2744 941 ut
2781 903 2876 956 per
2916 886 3311 954 simplicitatem
3357 885 3486 938 rutili

1902 983 2081 1038 velitis
2113 996 2330 1048 nocere,
2355 981 2490 1036 sicut
2527 979 2801 1049 Scriptura
2831 987 2910 1034 est
2941 995 2953 1032 :
2993 978 3171 1031 Estote
3208 977 3488 1046 prudentes

1903 1077 2036 1128 sicut
2074 1081 2352 1141 serpentes,
2395 1079 2440 1123 et
2479 1069 2740 1138 simplices
2790 1067 2922 1121 sicut
2975 1065 3226 1120 columba:
3273 1065 3487 1134 (Matth.

1907 1183 1964 1230 x,
1991 1165 2102 1234 l6).
2139 1165 2229 1219 Sic
2269 1163 2536 1218 custodite
2577 1176 2664 1215 res
2701 1159 3012 1214 monasterii
3065 1158 3250 1218 vestri,
3279 1166 3336 1210 ut
3383 1173 3492 1211 non

1907 1256 2300 1311 obliviscamini
2363 1255 2504 1324 quod
2555 1253 2820 1322 scriptum
2874 1247 3078 1306 est:Si
3134 1251 3250 1320 quis
3301 1248 3496 1302 habens

1909 1350 2254 1406 substantiam
2283 1349 2466 1400 mutuli
2493 1347 2676 1400 viderit
2708 1345 2924 1414 fratrem
2967 1359 3116 1397 suum
3143 1342 3497 1396 necessitatem

1913 1439 2119 1502 habere,
2151 1448 2198 1492 et
2230 1437 2478 1492 clauserit
2507 1437 2707 1490 uiscera
2735 1452 2831 1488 sua
2859 1434 2922 1487 ab
2953 1450 3012 1487 eo
3035 1447 3055 1483 :
3087 1431 3346 1502 qun-modo
3370 1431 3500 1483 cha-

1915 1534 2042 1590 ritas
2063 1532 2159 1587 Dei
2187 1541 2358 1586 manet
2409 1532 2462 1584 in
2482 1547 2542 1586 eo
2565 1532 2590 1585 ?
2611 1531 2662 1602 (1
2685 1529 2846 1584 Joan.
2912 1545 3006 1594 ιιι,
3064 1527 3169 1596 l7.)
3227 1527 3294 1582 Et
3332 1525 3454 1580 alibi
3483 1540 3498 1576 :

1915 1625 2050 1680 Date
2073 1634 2121 1679 et
2142 1625 2354 1680 dabitur
2373 1625 2512 1678 vobis
2548 1624 2701 1695 (Luc.
2739 1639 2813 1682 vr.
2861 1621 2974 1690 58).
3035 1620 3126 1674 Sic
3174 1619 3392 1673 easdem
3417 1629 3504 1672 res

1919 1735 2118 1789 augere
2161 1727 2379 1783 curate,
2413 1726 2472 1771 ut
2501 1733 2530 1769 a
2557 1723 2736 1771 mente
2779 1729 2886 1768 nou
2937 1713 3152 1789 excidat
3185 1729 3198 1765 :
3233 1711 3354 1765 Non
3381 1726 3509 1764 con-

1921 1787 2150 1882 cupisces
2180 1827 2285 1864 rem
2339 1809 2566 1878 proximi
2619 1807 2695 1860 tui
2760 1803 2958 1877 (Exod.
3015 1787 3254 1872 132,“).
3307 1800 3510 1855 Taliter

1922 1911 2216 1974 peccantes
2247 1901 2475 1972 arguite,
2508 1907 2568 1952 ut
2601 1913 2697 1952 nec
2722 1897 3015 1952 crudelitas
3054 1895 3214 1953 adsit.
3253 1907 3354 1948 uec
3381 1908 3512 1947 ava-

1927 1998 2070 2064 ritia,
2100 1996 2224 2065 quia
2253 1995 2513 2063 scriptum
2537 2001 2619 2047 est
2648 2009 2662 2046 :
2709 1989 2771 2046 Si
2807 1999 3202 2057 pra'occnpatus
3238 1987 3394 2055 fuerit
3418 1986 3513 2038 ho-

1927 2105 2010 2144 mo
2033 2093 2088 2144 in
2114 2089 2289 2158 aliqua
2311 2086 2520 2149 delicto,
2549 2099 2660 2150 vos,
2687 2081 2775 2150 qui
2796 2079 3054 2150 spiritales
3077 2078 3218 2142 estis,
3243 2077 3513 2146 lmjusmo—

1929 2181 1984 2235 di
2021 2178 2264 2233 instruite
2291 2177 2344 2228 iu
2367 2174 2554 2244 spiritu
2598 2171 2828 2224 lenitatis
2861 2186 2878 2224 :
2906 2168 3244 2222 considerans
3273 2175 3320 2218 te
3349 2166 3515 2234 ipsum

1931 2287 1994 2324 ne
2019 2279 2064 2324 et
2095 2277 2148 2322 tu
2172 2266 2382 2321 tentet-is
2414 2262 2555 2335 (Gul.
2599 2277 2672 2329 vt,
2707 2261 2756 2331 l)
2787 2275 2806 2314 :
2835 2260 2900 2314 Et
2927 2273 3114 2312 rursus
3148 2272 3162 2308 :
3195 2253 3376 2322 Neque
3399 2269 3516 2307 ava-

1934 2363 1979 2414 ri
2013 2375 2230 2430 regnum
2268 2356 2361 2410 Dei
2387 2353 2722 2426 possidebunt
2752 2349 2803 2422 (Ι
2835 2347 2958 2403 Cor.
2999 2363 3070 2410 vt,
3107 2345 3218 2416 l0).
3269 2343 3386 2398 Non
3441 2341 3523 2396 id-

1935 2451 2084 2507 circo
2129 2451 2266 2512 haec,
2311 2444 2662 2501 dilectissime
2717 2440 2884 2504 mihi,
2947 2445 3143 2492 vestrae
3209 2431 3519 2503 paternitati

1936 2545 2148 2606 scribo,
2185 2541 2328 2611 quod
2367 2547 2548 2610 putem
2591 2549 2686 2590 vos
2718 2533 2876 2588 aliter
2901 2544 3088 2601 agere;
3122 2527 3217 2582 sed
3267 2523 3523 2594 quoniam

1937 2652 1992 2696 et
2019 2653 2112 2692 vos
2133 2633 2391 2706 iussistis,
2424 2641 2478 2688 et
2503 2645 2601 2700 ego
2649 2627 2792 2683 volui
2816 2625 3082 2680 utlittera':
3107 2629 3302 2676 nostrae
3327 2630 3421 2670 vos
3444 2629 3524 2668 sc-
3601 2645 3614 2656 -

1940 2741 2235 2804 querentur
2261 2745 2273 2783 :
2297 2725 2440 2797 quod
2457 2734 2512 2777 ιιι
2529 2722 2702 2787 fieret,
2733 2731 2952 2772 necesse
2975 2715 3077 2770 fuit
3102 2709 3302 2782 aliquid
3325 2707 3524 2763 dicere.

2407 2809 2742 2871 EPISTULA
2765 2805 2954 2862 LXXII
2977 2805 3068 2858 ³⁸⁸.

2513 2920 2582 2958 ΑΙ)
2625 2913 2961 2957 ιιυιιιῖιιιυυιι.

1947 3032 2078 3087 Orat
2112 3037 2164 3082 ut
2194 3025 2306 3095 ejus
2337 3018 2652 3095 institutioni
2680 3011 2936 3095 vacet‘qui
2986 3023 3110 3064 suas
3153 3005 3221 3060 ad
3263 3018 3381 3058 eum
3429 2999 3529 3071 (ρὶ-
3569 3057 3586 3062 5

2549 3087 2706 3143 stolas
2745 3083 2932 3152 defert.

2018 3193 2226 3246 Damno
2256 3192 2310 3239 et
2332 3181 2486 3236 fratri
2529 3179 2581 3232 in
2608 3175 2826 3231 Christo
2873 3167 3196 3226 eharissimo
3247 3163 3535 3218 Huurntno

1949 3285 2120 3340 frater
2146 3282 2430 3335 AussLuus
2481 3268 2808 3331 Bccccnsis,
2861 3264 2969 3317 vita
3019 3269 3296 3332 peccator,
3347 3255 3536 3309 habitu

1949 3373 2266 3433 monachus,
2291 3379 2502 3423 terrena
2531 3377 2628 3434 pro
2649 3358 2960 3416 coelestibus
2979 3354 3276 3424 despfccrc,
3297 3347 3538 3405 cmlestia

1951 3485 2048 3542 pro
2079 3463 2310 3521 terrenis
2326 3456 2626 3530 percipere.

2023 3559 2264 3614 Primum
2315 3549 2520 3622 gratias
2559 3559 2678 3615 ago,
2729 3551 2786 3596 et
2825 3540 3062 3596 debitam
3088 3533 3429 3590 dilectionem
3459 3543 3542 3584 re.

1957 3649 2134 3704 tribuo
2162 3661 2258 3715 pro
2291 3618 2475 3696 vestra
2537 3632 2774 3705 gratuita
2829 3623 3228 3690 benevolentia,
3277 3635 3438 3690 quam
3489 3618 3544 3672 in

1955 3741 2111 3796 vobis
2128 3711 2254 3805 erga
2293 3729 2565 3797 melmjus
2614 3727 2754 3778 lator
2811 3719 3080 3776 schedulae
3115 3731 3174 3770 se
3225 3711 3546 3784 cognovisse

1959 3803 2215 3886 aﬂirmat:
2243 3825 2318 3878 De
2343 3836 2448 3891 qua
2479 3834 2584 3872 non
2611 3829 2802 3886 parum
2825 3812 2940 3882 ipse
2993 3809 3270 3864 conlidens
3321 3803 3545 3858 multum

1965 3939 2050 3980 me
2081 3927 2258 3992 rogat,
2293 3925 2350 3971 ut
2378 3914 2526 3970 ilhun
2575 3909 2716 3981 apud
2743 3915 2977 3961 vestr-am
3027 3901 3365 3956 dilectionem
3394 3895 3546 3964 adju-

1963 4035 2082 4076 vem
2112 3989 2378 4086 quatenus
2421 4015 2618 4063 vestra:
2662 4002 2924 4058 doctrinae
2979 3995 3240 4052 beneficia
3306 4005 3426 4061 qua:
3475 3989 3558 4044 illi.

1967 4079 2392 4168 misericorditer
2437 4094 2770 4167 impenditis,
2823 4088 3024 4145 nostris
3043 4085 3296 4156 precibus
3338 4079 3550 4134 invitati

1968 4197 2230 4257 intentius
2267 4187 2612 4263 impendatis.
2663 4181 2822 4250 Quod
2871 4179 2918 4234 si
2956 4177 3110 4232 vobis
3161 4179 3306 4230 esset
3329 4179 3424 4226 aut
3459 4185 3552 4225 no-

1969 4292 2118 4348 xium
2139 4298 2232 4344 aut
2255 4284 2466 4348 inutile,
2495 4295 2602 4336 non
2631 4277 2807 4332 dicam
2835 4287 2934 4344 pro
2961 4269 3092 4335 alio,
3117 4267 3214 4322 sed
3235 4263 3424 4332 utique
3455 4273 3559 4330 pro

1971 4398 2059 4439 me
2087 4382 2242 4452 ipso;
2276 4385 2370 4431 aut
2397 4373 2726 4434 nullatenus,
2779 4373 2873 4420 aut
2914 4363 3006 4418 vix
3049 4371 3242 4430 rogare
3264 4367 3556 4426 praesume-

278 4444 522 4460 .......m.
1070 4444 1094 4464 τ
1137 4444 1173 4446 __
1731 4444 1742 4452 _
1795 4444 1806 4454 ,
2107 4444 2121 4452 _
2231 4444 2236 4445 ί

278 4494 430 4564 quasi
477 4488 694 4546 solliciti
737 4501 802 4542 ne
853 4485 1164 4540 destruatur
1219 4495 1306 4534 res
1349 4477 1444 4532 Dei
1505 4477 1557 4531 in
1619 4473 1866 4529 manibus
1901 4487 1948 4540 ι)
1972 4490 2110 4530 rem.
2141 4471 2295 4526 Nunc
2323 4477 2526 4528 autem,
2553 4461 2810 4530 quoniam
2833 4471 2934 4511 nec
2965 4452 3184 4509 noxium
3212 4463 3312 4504 uec
3369 4444 3558 4501 inutile

1727 4563 1735 4564 κ
2521 4557 2536 4564 -
2561 4554 2631 4564 ...γ
2783 4549 2855 4564 -.ιο
2912 4563 2915 4564 ,
2952 4548 3024 4564 ,,,|
3049 4545 3089 4564 ε,
3128 4543 3224 4564 -..ξι
3268 4540 3439 4564 -ιε-.ξ..-
3469 4554 3530 4564 ..Α

278 4563 490 4653 eurlun,
565 4587 731 4650 agunt
787 4583 845 4632 ut
910 4573 1202 4642 dissipetur
1229 4570 1314 4623 lex
1379 4567 1470 4621 Dei
1517 4566 1569 4619 in
1612 4563 1864 4618 cordibus

280 4689 490 4731 eorum.
547 4670 678 4724 Nam
731 4673 940 4721 tantum
981 4672 1246 4718 conantur
1291 4673 1412 4712 esse
1457 4656 1768 4726 prudentes,
1800 4666 1866 4706 ne

282 4765 621 4836 t‘ea'ipiantttr
649 4760 716 4816 ab
747 4758 866 4814 aliis
900 4765 961 4812 ut
998 4757 1128 4810 fiant
1177 4749 1342 4806 astuti
1398 4749 1464 4803 ad
1493 4745 1866 4816 decipiendum

282 4835 434 4916 alios.
473 4857 620 4910 Adeo
644 4861 768 4908 sunt
797 4849 938 4904 cauti
959 4890 973 4912 ,
1007 4861 1074 4901 ue
1113 4845 1246 4900 fiant
1277 4841 1508 4913 prodigi,
1539 4846 1596 4892 et
1624 4853 1742 4908 quae
1771 4835 1870 4890 ha-

281 4953 414 5008 bent
445 4945 893 5004 irrationabiliter
927 4940 1236 5012 perdautut
1289 4935 1440 4989 avari
1497 4933 1646 4994 fiant,
1676 4941 1872 4997 etquae

285 5051 524 5107 servant,
555 5037 822 5095 inutiliter
855 5039 1190 5105 putrescant.
1248 5027 1338 5083 Sic
1363 5024 1599 5080 studiose
1628 5021 1804 5075 servis
1822 5027 1878 5074 et

287 5133 614 5209 pauperibus
651 5129 746 5184 Dei
773 5135 828 5182 et
853 5133 1040 5181 sancto
1095 5123 1162 5156 ”’
1219 5121 1338 5174 loco
1377 5131 1592 5186 semper
1625 5119 1878 5183 satagunt

289 5207 491 5294 aliquid
523 5220 806 5289 acquirere
855 5225 914 5271 ιιι
961 5213 1144 5269 dolose
1195 5223 1412 5279 semper
1453 5207 1612 5261 alicui
1673 5209 1881 5260 tentent

292 5316 496 5386 aliquid
528 5315 758 5370 auferre.
791 5311 883 5367 Sic
913 5309 1226 5362 animantur
1272 5303 1388 5358 zelo
1415 5298 1716 5370 corrigendi
1743 5289 1878 5351 Stul-

296 5420 378 5464 tos
406 5405 850 5462 utaccendantur
900 5397 1246 5462 crudelitate,
1296 5401 1387 5448 aut
1439 5391 1690 5458 cupidine
1723 5387 1882 5456 culti:

1971 4577 2056 4626 est
2087 4565 2182 4622 sed
2209 4554 2702 4628 incomparabiliter
2743 4549 2923 4606 utilior
2943 4545 3094 4601 vobis
3122 4543 3226 4600 erit
3263 4540 3443 4596 divina
3469 4554 3556 4593 re-

1975 4656 2216 4718 tributio,
2269 4665 2431 4722 quam
2477 4646 2610 4703 huic
2637 4652 2816 4699 vestra
2847 4638 3060 4710 largitio
3089 4654 3102 4690 :
3131 4650 3232 4690 nec
3279 4631 3556 4694 audacter,

1977 4763 2076 4803 nec
2103 4745 2466 4815 impudenter,
2499 4746 2560 4790 ut
2585 4734 2816 4796 aestimo,
2849 4729 2940 4785 sed
2973 4723 3336 4783 amicabiliter
3363 4732 3560 4790 precor

1975 4848 2034 4895 et
2059 4811 2288 4892 obsecro
2333 4837 2606 4900 quatenus
2649 4816 3070 4880 reminiscamini
3115 4813 3260 4883 quod
3297 4811 3561 4878 scriptum

1977 4937 2062 4986 est
2089 4945 2104 4982 :
2135 4924 2311 4980 Gratis
2332 4898 2626 4986 accepistis,
2655 4914 2817 4986 gratis
2846 4913 2966 4966 date
2987 4905 3202 4979 (Matth.
3234 4919 3290 4968 ιι,
3319 4901 3398 4970 8).
3427 4898 3562 4954 Nam

1979 5019 2081 5078 etsi
2110 5019 2178 5074 ab
2205 5015 2422 5071 homine
2447 5009 2694 5075 forsitan,
2765 5014 2824 5059 ut
2881 5017 2974 5058 vos
3027 5001 3266 5060 doceret,
3323 4991 3561 5054 eruistis;

1936 5155 1943 5162 -
1979 5114 2200 5170 auribus
2225 5108 2440 5180 quidem
2465 5105 2765 5172 instrepere
2789 5097 2879 5152 ille
2907 5091 3106 5164 potuit;
3149 5088 3243 5144 sed
3272 5101 3366 5140 cor
3393 5083 3460 5137 ad
3487 5082 3566 5136 iu—

1983 5172 2328 5272 telligendum
2357 5194 2570 5264 aperire
2599 5205 2704 5246 nou
2741 5186 2936 5258 potuit.
2970 5181 3070 5236 nisi
3109 5179 3250 5234 Deus
3279 5219 3294 5238 .
3335 5173 3419 5230 cui
3452 5172 3569 5226 nul-

1987 5295 2067 5349 lus
2094 5263 2244 5364 prior
2269 5263 2420 5342 dedit
2445 5293 2504 5339 ut
2551 5280 2942 5337 retribueretur
2971 5272 3040 5326 ei.
3092 5268 3149 5323 Si
3186 5266 3333 5322 enim
3363 5263 3572 5324 amicos,

1988 5385 2078 5456 qui
2094 5352 2203 5438 .nos
2230 5378 2480 5449 recipiant
2512 5374 2564 5427 in
2593 5379 2788 5426 ‘a'terua
2815 5361 3174 5428 tabernacula,
3203 5357 3380 5412 facere
3418 5352 3568 5425 jube-

1589 5563 1819 5619 VARIIE
1859 5553 2260 5618 LECTIONES.

383 5717 454 5751 ’θ’
479 5713 608 5776 Cum
635 5711 810 5770 eodem
849 5727 946 5766 ms.
983 5707 1172 5764 collata
1247 5707 1314 5741 "9
1351 5703 1470 5773 Dei,
1511 5709 1696 5760 sancto
1725 5715 1823 5755 ms.
1862 5696 1980 5765 Dei,
2012 5705 2066 5752 ct
2096 5700 2285 5752 sancto

2369 5687 2438 5718 ³⁰¹⁹
2470 5681 2598 5738 Cum
2627 5675 2802 5734 eodem
2833 5691 2926 5730 ms.
2959 5671 3148 5729 collata
