3872 6028
421 243 560 306 1145

418 455 590 523 mag's
621 454 687 508 de
714 452 1070 524 intelligentia
1099 456 1363 513 veritatis.
1417 458 1569 526 Quod
1617 461 1661 517 si
1687 476 1784 531 pro
1809 476 1895 517 me
1921 461 2003 516 ni-

415 645 474 688 ut
496 651 581 689 me
610 634 908 691 debitorem
931 648 1172 693 vestrum
1205 640 1440 699 faciatis.
1480 642 1607 700 Haec
1637 646 1851 702 locutus
1877 662 1998 704 sum

412 739 509 792 pro
558 725 695 791 alio;
726 727 820 781 sed
859 742 1029 798 pauca
1059 744 1158 799 pro
1190 742 1370 788 vestra
1405 735 1599 792 dilecta
1633 738 1998 808 fraternitate,

411 832 508 884 pro
536 833 640 884 qua
676 818 826 882 plura
859 820 1073 885 vellem,
1098 824 1443 895 subjnngam.
1499 828 1841 897 Mementote,
1865 834 1999 890 eba-

409 908 631 970 r.s:-.imi.
662 913 847 967 etsine
878 914 1274 971 intermissrone
1306 929 1824 989 menteperlramate
1851 928 1994 996 quod

407 1005 667 1074 scriptum
693 1016 778 1062 est
809 1026 821 1061 :
855 1008 1037 1064 Nolite
1062 1010 1283 1081 diligere
1329 1021 1582 1071 mundum
1612 1035 1705 1074 nec
1756 1037 1819 1075 ea
1875 1038 1994 1081 quae

407 1097 461 1151 in
492 1098 685 1153 mundo
722 1111 842 1155 sunt
861 1119 881 1166 ;
908 1105 1155 1169 quoniam
1178 1106 1404 1161 mundus
1447 1110 1690 1164 transibit
1712 1121 1762 1167 et
1795 1130 1987 1170 concu-

403 1190 655 1257 piscentt'a
677 1191 792 1260 ejus
818 1192 870 1263 (1
891 1192 1052 1249 Joan.
1082 1212 1143 1264 ιι,
1178 1196 1268 1262 16,
1293 1199 1405 1270 17).
1437 1199 1504 1254 Et
1551 1203 1677 1272 quia
1714 1206 1872 1260 amici
1891 1223 1992 1262 ste—

402 1285 511 1338 culi
549 1287 727 1356 Itujus,
759 1289 958 1345 inimici
1013 1291 1110 1347 Dei
1164 1297 1552 1352 constituentur
1601 1300 1743 1371 (Jac.
1805 1319 1880 1370 tv,
1908 1306 1985 1377 4).

403 1373 572 1447 Rogo,
600 1377 849 1447 obsecro,
874 1381 1040 1438 nolite
1083 1386 1313 1442 credere
1360 1390 1585 1455 mundo,
1642 1392 1807 1447 etiam
1861 1373 1987 1451 cum

403 1467 844 1539 favet;quoniam
875 1490 980 1529 non
1015 1475 1161 1532 favet
1191 1487 1250 1533 ut
1296 1477 1495 1546 foveat,
1525 1485 1619 1538 sed
1650 1495 1707 1540 ut
1734 1486 1983 1546 sull‘ocet.

402 1557 629 1618 Mundus
657 1564 803 1618 enim
830 1565 883 1620 in
914 1569 1153 1625 tenebris
1176 1578 1276 1634 est,
1310 1581 1365 1628 et
1393 1574 1563 1645 gloria
1591 1578 1709 1647 ejus
1747 1597 1854 1637 non
1901 1593 1986 1640 est

397 1651 593 1721 gloria,
629 1656 723 1710 sed
762 1658 899 1727 ignis
925 1674 1145 1717 vorans.
1176 1660 1352 1721 Nolite
1367 1682 1515 1738 ergo,
1553 1669 1855 1728 charissimi
1886 1675 1953 1709 ὀί

948 250 1007 302 5.
1050 249 1347 305 ANSELMI
1378 251 1725 310 CANTUAR.
1766 253 2082 311 ARCHIEP.
2121 256 2270 314 OPP.
2316 260 2496 320 PARS
2554 265 2642 322 ill.
2685 296 2743 308 -
2791 268 3176 328 EPISTOLAL'.

418 360 624 416 murde
645 377 944 417 mammona
1005 363 1295 434 iniquitatis
1343 365 1495 437 (Luc.
1525 384 1637 435 xvt,
1660 368 1715 444 9)
1740 411 1757 436 ,
1799 376 2001 440 quanto
2028 374 2076 431 Α
2105 371 2297 429 deliter
2317 379 2607 436 serviendo
2650 374 2888 453 benigne
2907 384 3074 457 339
3097 387 3245 444 illum
3279 392 3372 446 'ad
3402 393 3535 451 illos
3591 413 3720 468 per-

2109 463 2283 520 duxit.
2309 468 2597 526 Retribuat
2621 474 2776 529 vobis
2822 474 2964 529 Deus
2987 492 3088 547 pro
3134 480 3220 535 liis
3240 490 3293 535 et
3322 483 3451 540 aliis
3509 463 3719 544 vestris

417 545 491 598 hil
518 544 694 599 facere
727 545 907 612 vultis,
952 547 1079 616 quia
1113 548 1249 604 nihil
1298 549 1427 605 mihi
1457 552 1694 617 debetis;
1722 553 1804 610 vel
1843 553 2005 613 facite
2105 554 2264 613 bonis
2292 560 2547 628 operibus
2599 544 3003 623 beatitudinem
3046 572 3464 641 sempiternam.
3490 577 3715 634 Bonam

2102 659 2277 703 autem
2324 650 2573 720 facientes
2630 655 2800 711 nolite
2850 657 3103 722 deﬁcere,
3162 672 3391 720 temnere
3438 669 3593 723 enim
3613 687 3711 725 suo

2101 739 2317 794 metetis
2336 755 2440 794 non
2475 742 2770 811 deﬁcientes
2794 745 2995 801 (Colat.
3025 765 3100 814 vr,
3133 750 3210 821 9).

2523 834 2861 892 EPISTOLA
2916 839 3128 896 LXXIV
3168 844 3259 899 ’°'.

2666 944 2736 983 ΑΙ)
2774 945 3101 988 ιιΑιΜιυωι.

2313 1016 2387 1073 De
2439 1034 2542 1074 non
2579 1019 2873 1091 evulgaudo
2907 1026 3107 1092 passim
3144 1025 3449 1100 Manalagio

2165 1107 2392 1164 Domino
2433 1121 2490 1166 et
2519 1111 2666 1167 Patri
2708 1115 3005 1170 reverendo
3050 1116 3233 1173 abbati
3264 1119 3555 1181 Πλικιωο
3585 1125 3699 1183 fn-

2094 1208 2175 1255 ter
2197 1200 2483 1259 Ausseuus
2511 1203 2761 1260 salutem.

2161 1292 2490 1362 Opuseulum
2522 1296 2675 1363 illud,
2699 1300 2843 1368 quod
2883 1314 2914 1354 a
2948 1315 3034 1358 me
3063 1310 3211 1358 tanto
3244 1306 3427 1362 studio
3463 1308 3535 1364 de
3575 1318 3688 1365 tam

2088 1384 2245 1456 longe
2273 1378 2844 1460 petitis'nequaquam
2876 1393 3028 1448 vobis
3068 1395 3368 1463 mitterem,
3406 1400 3456 1454 si
3488 1411 3688 1464 vestr:

2087 1475 2347 1531 voluntati
2396 1493 2504 1534 non
2544 1478 2769 1536 obedire
2813 1483 3142 1553 potuissem.
3173 1483 3366 1543 Timeo
3395 1491 3544 1545 enim
3574 1508 3645 1547 ne
3665 1532 3681 1555 ,

2085 1582 2207 1622 cum
2239 1568 2449 1623 venerit
2494 1568 2549 1623 in
2598 1584 2791 1627 manus
2818 1572 3124 1642 aliquorum
3182 1578 3274 1646 qui
3328 1581 3509 1650 magis
3552 1593 3681 1637 sunt

2085 1656 2279 1710 intenti
2326 1657 2723 1724 reprehendere
2775 1661 2920 1731 quod
2976 1665 3220 1729 audiunt,
3265 1682 3428 1736 quam
3482 1670 3683 1729 intelli~

407 1718 422 1721 ν
580 1718 585 1719 ,
780 1718 809 1727 -
1234 1718 1243 1719 κ
1330 1718 1346 1721 -
1378 1718 1515 1738 γυ-.
1558 1718 1855 1728 --._----.....
1959 1718 1973 1743 ,

399 1743 563 1798 nolite
586 1738 810 1803 currere
850 1749 903 1803 in
938 1765 1080 1817 eam,
1110 1753 1251 1809 sicut
1281 1757 1480 1826 papilio
1503 1760 1648 1816 volat
1677 1763 1728 1817 in
1759 1774 1973 1821 noctur-

2081 1763 2245 1819 gere;
2272 1749 2319 1804 si
2349 1718 2491 1805 forte
2526 1750 2600 1817 ibi
2636 1718 2871 1823 legerint
2927 1753 3135 1825 aliquid

396 1848 523 1887 num
549 1835 762 1906 ignem;
799 1840 1054 1908 quoniam
1095 1857 1255 1912 quem
1299 1844 1568 1904 demulcet
1617 1853 1871 1910 claritate
1908 1856 1978 1890 ⁸⁰⁸

396 1924 541 1980 hunc
566 1935 751 1995 postea
807 1938 1023 2000 torquet
1075 1933 1309 1990 ustione.
1340 1934 1385 1991 Ο
1411 1948 1616 2007 quanto
1652 1944 1975 2014 consultius,

334 2010 339 2019 ’
394 2021 598 2081 quanto
622 2013 834 2072 felicius
858 2018 1242 2090 relinqueretis
1290 2028 1574 2094 mundum,
1623 2039 1680 2086 et
1722 2010 1978 2104 sequere;

394 2104 523 2159 tnini
599 2105 917 2164 Christum!
952 2120 1008 2166 ut
1036 2130 1155 2168 cum
1195 2116 1251 2169 in
1297 2118 1572 2188 majestate
1628 2140 1727 2178 sua
1779 2128 1978 2183 venerit

390 2194 661 2264 Christus,
708 2198 1028 2268 iudicaretis
1082 2207 1338 2263 mundum
1362 2224 1485 2266 cum
1513 2213 1732 2273 Christo
1759 2217 1975 2290 (Matth.

391 2301 523 2353 xxv,
553 2289 681 2358 3i);
724 2300 780 2346 et
804 2296 1102 2365 centuplum
1134 2298 1458 2368 recipientes
1478 2343 1494 2368 ,
1521 2305 1678 2361 vitam
1724 2289 1976 2369 cisternam

390 2379 743 2448 possideretis
788 2382 1005 2455 (Matth.
1058 2403 1150 2444 xix
1181 2430 1198 2457 ,
1233 2390 1325 2464 29)
1353 2409 1366 2446 :
1396 2396 1540 2464 quod
1595 2398 1800 2457 utinam
1854 2404 1971 2460 fiat.

387 2469 583 2527 Amen.
1366 2534 1367 2537 η

828 2567 1161 2628 EPISTOLA
1209 2573 1422 2633 LXXIII
1456 2578 1546 2632 ⁸⁰³.

1062 2678 1130 2717 ΔΒ
1149 2680 1302 2721 ιυΑιι.

385 2746 729 2805 Commendat
762 2769 879 2808 eam
899 2770 932 2809 a
959 2755 1215 2813 charitate
1239 2760 1294 2814 in
1319 2759 1605 2819 Beccenses
1628 2774 1675 2821 et
1696 2767 1971 2839 quoslibet.

458 2839 581 2896 Sua:
602 2844 914 2899 reverendae
960 2854 1017 2901 et
1062 2847 1397 2907 charissima:
1456 2855 1708 2922 dominre,
1757 2860 1971 2930 generis

383 2933 547 2989 simul
573 2941 628 2990 et
653 2934 778 2991 vita:
802 2936 1084 2995 nobilitate
1106 2940 1427 2998 clarissimae
1447 2944 1519 2976 ³⁸⁸
1546 2947 1836 3005 comitissze
1862 2950 1969 3005 lure

358 3025 552 3083 .frater
571 3025 878 3095 Aussenus,
905 3030 970 3085 de
993 3032 1193 3089 virtute
1221 3034 1275 3089 in
1297 3036 1551 3094 virtutem
1592 3041 1876 3113 prolicere,
1904 3045 1969 3102 de

380 3124 602 3172 terrena
630 3115 894 3188 dignitate
921 3121 988 3176 ad
1016 3123 1237 3179 caeleste
1260 3140 1486 3194 regnum
1511 3132 1829 3189 ascendere.

455 3206 527 3262 Ut
565 3216 771 3264 taceam
798 3211 901 3267 alia
918 3223 1097 3269 vestra
1129 3216 1271 3272 bona
1287 3233 1472 3289 opera,
1509 3236 1607 3291 per
1625 3238 1745 3294 quae
1770 3242 1967 3284 nomen

380 3308 579 3354 vestrae
615 3302 917 3360 nobilitatis
941 3304 1097 3377 longe
1123 3307 1335 3379 lateque
1361 3311 1789 3386 circumquaque
1814 3320 1969 3376 suavi

381 3391 685 3447 sanctitatis
711 3392 888 3464 fragat
912 3396 1081 3453 odore
1114 3413 1129 3453 :
1173 3410 1321 3456 certe
1348 3402 1660 3461 hominibus
1682 3407 1970 3476 cujuslibet

294 3500 298 3505 ’
381 3486 591 3541 ordinis
619 3487 686 3540 ad
711 3496 951 3544 vestrum
980 3495 1394 3561 monasterium,
1421 3497 1506 3553 vel
1527 3499 1594 3554 de
1629 3512 1816 3558 nostro
1854 3519 1969 3559 mo—

380 3580 622 3634 nasterio
646 3583 923 3651 euntibus,
975 3593 1053 3639 tot
1077 3594 1131 3641 et
1153 3595 1302 3641 tanta
1335 3588 1643 3658 impenditis
1668 3592 1965 3650 beneficia:

381 3678 442 3725 ut
471 3670 551 3727 sic
579 3673 689 3744 jam
723 3674 829 3731 illis
852 3677 1024 3734 simus
1049 3680 1275 3746 assueti,
1306 3691 1360 3735 et
1385 3681 1463 3736 sic
1488 3683 1645 3739 nobis
1664 3685 1775 3740 sint
1811 3685 1969 3742 fami-

348 3761 572 3831 .liania;
599 3775 864 3836 quatenus
887 3769 1039 3826 vobis
1066 3773 1237 3841 possit
1276 3788 1399 3829 esse
1417 3790 1710 3832 onerosum
1752 3780 1796 3834 si
1839 3796 1967 3853 gra-

382 3856 484 3911 tias
510 3856 682 3924 vobis,
708 3860 909 3927 verbis,
935 3863 1020 3917 vel
1046 3863 1244 3920 litteris
1271 3868 1589 3924 mandemus
1614 3884 1712 3939 per
1731 3872 1964 3941 singula,

378 3961 479 4001 nec
515 3945 571 4004 in
595 3948 754 4005 nobis
774 3952 846 4006 sit
868 3956 1012 4022 quod
1046 3955 1349 4011 retribuere
1379 3958 1648 4028 possimus
1667 3964 1964 4019 secundum

377 4048 556 4093 vestra
583 4043 798 4097 merita.
825 4042 1164 4117 Quapropter
1191 4047 1259 4102 ad
1308 4049 1478 4104 Deum
1533 4066 1631 4107 vos
1672 4054 1961 4122 mittimus,

376 4137 432 4183 et
460 4129 607 4184 illum
632 4131 775 4188 inter
812 4149 913 4190 nos
941 4143 996 4191 et
1026 4151 1121 4193 vos
1148 4138 1422 4208 ponimus,
1452 4152 1535 4208 ut,
1583 4143 1724 4198 sicut
1745 4155 1965 4216 propter

346 4220 527 4275 illum
551 4219 725 4277 facitis
754 4224 899 4293 quod
934 4224 1113 4282 facitis
1140 4266 1156 4293 ,
1189 4227 1265 4282 ita
1318 4229 1436 4299 ipse
1489 4231 1643 4287 vobis
1690 4236 1963 4293 retribuat

376 4325 475 4379 pro
502 4311 682 4379 nobis,
714 4315 912 4385 quibus
964 4317 1038 4349 ³⁸⁸
1092 4317 1295 4376 facitis.
1349 4320 1588 4380 Instante
1630 4333 1808 4381 tamen
1869 4328 1960 4385 illo

375 4402 564 4471 fratre,
588 4420 751 4475 quem
782 4421 815 4461 a
861 4407 973 4465 suis
1007 4411 1276 4480 perditum
1321 4413 1479 4470 nobis
1535 4416 1783 4484 misistis,
1816 4428 1873 4474 et
1906 4421 1957 4475 iu
1991 4452 2036 4510 υ

375 4506 571 4561 magna
600 4493 933 4554 desolatione
979 4498 1424 4571 benignissimam
1468 4504 1792 4578 exhibuistis
1833 4525 1961 4565 con-

374 4581 697 4640 solationem
731 4604 746 4640 :
779 4588 920 4645 hanc
955 4593 1265 4650 reverenda:
1296 4597 1574 4654 sanctitati
1603 4610 1798 4657 vestrae
1822 4605 1950 4660 scri-

364 4673 454 4744 psi
476 4674 781 4744 epistolam,
816 4679 1004 4750 inqua
1052 4687 1459 4755 cognosceretis
1487 4691 1614 4761 quia
1651 4708 1758 4748 non
1800 4694 1957 4751 aliter

374 4768 506 4825 mihi
529 4777 741 4840 gratum
774 4779 857 4826 est
884 4773 1028 4843 quod
1065 4773 1139 4829 illi
1163 4774 1403 4847 fecistis,
1429 4796 1592 4851 quam
1619 4784 1668 4839 si
1695 4786 1829 4842 mihi
1853 4787 1953 4857 ipsi

367 4867 513 4915 esset
538 4858 742 4916 factum
775 4878 790 4916 :
822 4869 878 4918 et
904 4863 1030 4934 quia
1077 4880 1264 4922 verum
1296 4878 1380 4924 est
1435 4872 1697 4944 quidquid
1749 4876 1867 4947 ipse
1897 4888 1956 4934 et

370 4954 439 5010 de
462 4969 561 5009 suo
584 4969 712 5011 casu
736 4954 912 5023 dixit;
961 4967 1017 5012 et
1071 4958 1197 5029 quia
1245 4971 1577 5033 praeceptum
1618 4974 1860 5023 vestrum
1898 4970 1952 5024 in

366 5045 622 5102 omnibus
650 5061 769 5116 qua:
796 5048 953 5105 nobis
999 5064 1097 5120 per
1122 5050 1271 5107 illum
1322 5054 1622 5113 mandastis
1671 5060 1911 5115 servavit
1935 5076 1965 5117 :.

365 5145 425 5193 et
453 5146 630 5195 vester
654 5139 816 5197 homo
844 5143 1141 5199 secundum
1189 5152 1420 5201 vestram
1459 5146 1759 5215 iussionem
1787 5150 1861 5206 illi
1885 5153 1950 5206 ii-

2080 1841 2422 1908 audiveru‘nt,
2448 1857 2547 1898 nec
2569 1843 3099 1912 animadverterunt,
3124 1849 3313 1904 statim
3340 1850 3582 1908 clament
3605 1854 3677 1888 ³⁸⁷

2079 1946 2166 1985 mc
2193 1932 2434 1988 inaudita
2460 1942 2516 1988 et
2544 1934 2757 1989 veritati
2803 1938 3161 2006 repugnantia
3203 1940 3512 2010 scripsisse.
3542 1943 3681 2013 Qui-

2076 2024 2178 2079 bus
2205 2038 2325 2078 cmn
2376 2025 2535 2096 longe
2564 2026 2772 2098 positus
2799 2031 3127 2098 respondere
3172 2047 3277 2086 non
3322 2046 3540 2102 potero,
3565 2053 3675 2093 non

2076 2113 2251 2170 solum
2277 2116 2377 2187 ipsi
2411 2115 2698 2172 veritatem
2724 2117 3224 2189 negando,veritati
3252 2140 3312 2180 se
3338 2123 3527 2183 favere
3556 2130 3678 2199 opi-

2076 2207 2381 2275 nabantur;
2428 2209 2524 2265 sed
2576 2219 2633 2265 et
2682 2210 2806 2266 aliis
2856 2219 3078 2277 temere,
3112 2221 3407 2285 antequam
3446 2220 3679 2275 audiant

2076 2301 2205 2371 quid
2250 2300 2321 2355 sit
2360 2300 2504 2371 quod
2552 2301 2655 2371 ipsi
2705 2303 3130 2374 reprehendant,
3181 2307 3550 2368 credentibus.
3582 2326 3674 2366 me

2076 2391 2330 2448 falsitatis
2355 2401 2682 2449 assertorem
2712 2394 3135 2464 persuadebunt.
3158 2394 3278 2450 .lam
3308 2399 3452 2453 enim
3478 2399 3672 2455 talium

2076 2500 2267 2556 passus
2305 2500 2424 2540 sum
2456 2484 2618 2545 nimis
2647 2485 3004 2541 aeceleratam
3057 2490 3569 2558 reprehensionem,
3593 2508 3669 2549 ex

2074 2593 2140 2633 eo
2170 2577 2313 2648 quod
2346 2586 2567 2633 secutus
2608 2578 2826 2634 beatum
2861 2579 3225 2650 Augustinum
3276 2584 3382 2638 dixi
3427 2585 3493 2639 de
3535 2600 3671 2653 per-

2074 2669 2223 2724 sonis
2265 2654 2329 2734 et
2380 2670 2448 2725 de
2494 2668 2799 2725 substantia
2852 2670 2969 2726 Dei.
3012 2669 3115 2739 Qui
3154 2684 3338 2728 tamen
3385 2690 3525 2730 nunc
3566 2690 3672 2732 co-

2073 2767 2342 2831 gnoscunt
2372 2774 2432 2816 se
2453 2776 2561 2816 non
2590 2761 2936 2818 considerate
2966 2764 3414 2833 reprehendisse;
3457 2775 3515 2822 et
3560 2766 3670 2823 bac

2072 2849 2360 2907 occasione
2382 2851 2526 2920 quod
2552 2852 2702 2921 prius
2730 2851 2836 2909 non
2862 2853 3396 2924 animadvertebant,
3430 2858 3671 2929 gaudent

2073 2958 2134 2999 se
2154 2957 2505 3014 cognoscere.
2533 2942 2858 3002 Nesciebant
2883 2946 3028 3002 enim
3054 2948 3134 3004 sic
3163 2966 3266 3004 non
3299 2951 3407 3006 dici
3438 2954 3665 3023 proprie

2073 3037 2141 3093 de
2186 3036 2297 3093 Deo
2339 3047 2452 3093 tres
2500 3052 2781 3107 personas,
2812 3040 3080 3110 quomodo
3126 3050 3233 3096 tres
3281 3045 3668 3111 substantias;

2073 3130 2307 3201 quadam
2366 3141 2546 3187 tamen
2600 3132 2845 3199 ratione,
2896 3132 2968 3188 ob
3016 3133 3358 3202 indigentiam
3412 3136 3669 3193 nominis

2071 3220 2290 3290 proprie
2344 3220 2705 3291 signiﬁcantis
2759 3220 2906 3276 illam
2956 3221 3356 3293 pluralitatem,
3418 3240 3545 3294 qua:
3605 3228 3665 3281 in

2071 3326 2283 3367 summa
2331 3311 2599 3368 Trinitate
2643 3313 2988 3384 intelligitur,
3046 3312 3269 3370 Latinos
3317 3315 3500 3372 dicere
3540 3328 3664 3373 tres

2069 3417 2331 3472 personas
2355 3403 2655 3459 credendas
2691 3403 2746 3459 in
2780 3419 2884 3458 una
2912 3404 3251 3468 substantia;
3278 3404 3491 3461 Gnaeos
3520 3422 3663 3464 vero

2060 3511 2176 3557 non
2211 3494 2391 3549 minus
2414 3494 2645 3550 fideliter
2682 3502 2794 3550 tres
2841 3495 3179 3551 substantias
3210 3496 3261 3550 in
3291 3512 3390 3550 una
3417 3510 3663 3565 persona

2069 3587 2338 3642 confiteri.
2388 3586 2733 3656 Quapropter
2771 3595 3009 3642 vestram
3051 3587 3395 3642 vehementer
3422 3586 3661 3658 elllagiw

2069 3678 2450 3741 sanctitatem,
2498 3686 2557 3731 ut
2606 3679 2747 3733 idem
2794 3677 3114 3747 opusculum
3156 3694 3260 3733 non
3312 3678 3555 3734 verbosis
3604 3689 3661 3734 et

2070 3767 2318 3837 litigiosis
2373 3766 2721 3833 hominibus,
2766 3768 2861 3823 sed
2896 3767 3312 3822 rationabilibus
3361 3776 3415 3822 ct
3457 3768 3657 3836 quietis

2067 3859 2342 3912 ostendat.
2363 3856 2516 3924 Quod
2543 3858 2587 3913 si
2619 3859 2905 3929 contigerit
2933 3868 2992 3912 ut
3018 3858 3215 3928 aliquis
3242 3859 3320 3914 sic
3346 3859 3544 3928 aliquid
3580 3859 3654 3913 ibi

2068 3948 2454 4017 reprehendat,
2488 3959 2545 4002 ut
2572 3949 2689 4020 ejus
2730 3950 2867 4004 ratio
2912 3949 3077 4020 digna
3123 3950 3279 4005 vobis
3304 3950 3393 4006 cui
3432 3965 3655 4021 respon-

2066 4041 2182 4097 deri
2213 4041 2427 4106 debeat,
2459 4040 2708 4097 videatur
2736 4059 2750 4096 :
2782 4057 2910 4112 rogo
2940 4034 2999 4096 ut
3030 4041 3159 4096 mihi
3200 4042 3353 4110 quid,
3386 4058 3559 4113 quave
3581 4043 3655 4074 ³⁶³

2063 4132 2276 4188 ratione
2302 4128 2685 4201 reprehendat,
2726 4128 3049 4186 clraritative
3075 4140 3168 4185 aut
3197 4130 3313 4199 ejus
3333 4142 3429 4184 aut
3461 4132 3654 4186 vestris

2065 4224 2261 4280 litteris
2290 4224 2590 4289 mandetis;
2617 4232 2905 4294 quatenus,
2938 4223 3221 4278 cbaritatis
3247 4237 3379 4293 pace
3393 4233 3451 4277 et
3470 4238 3656 4278 sumre

2065 4317 2312 4372 veritatis
2349 4315 2604 4384 utrinque
2629 4324 2866 4381 servato,
2911 4324 3005 4370 aut
3054 4331 3141 4370 me
3185 4315 3328 4371 illius
3358 4316 3657 4384 reprehen-

2065 4409 2166 4475 sio,
2192 4418 2286 4464 aut
2313 4409 2464 4466 illum
2495 4424 2615 4465 mea
2645 4409 2889 4476 corrigat
2919 4410 3221 4476 responsio.

2292 4476 2301 4485 ’
2553 4486 2889 4554 EPISTOLA
2945 4496 3158 4552 Lxxv.

2628 4606 2699 4646 ΔΙ)
2738 4604 3067 4646 ῦΙιΒΕΒΤυὶΙ.

2310 4682 2379 4739 Se
2406 4683 2566 4737 amici
2604 4683 2895 4737 absentiam
2926 4681 3197 4752 tegerrime
3229 4680 3384 4750 ferre.

2135 4777 2372 4839 Dormio,
2408 4773 2599 4839 fratri,
2630 4771 2839 4838 amico,
2877 4771 3075 4827 dilecto
3105 4771 3351 4826 dilectori
3371 4769 3655 4829 (Insano

2064 4873 2233 4928 frater
2256 4874 2556 4935 Anseuus,
2588 4869 2732 4941 quod
2766 4869 3007 4925 scribere
3046 4883 3151 4923 non
3191 4869 3352 4922 valet.

2137 4965 2323 5020 Dulcia
2355 4964 2486 5020 mihi
2509 4971 2658 5029 sunt,
2687 4962 2859 5017 amite
2887 4960 3217 5025 dulcissime,
3254 4977 3488 5019 munera
3532 4964 3653 5019 dul-

2062 5055 2274 5112 cedinis
2305 5062 2410 5109 ture
2443 5071 2457 5106 :
2489 5052 2586 5108 sed
2620 5066 2961 5123 nequaquam
3002 5050 3270 5105 consolari
3300 5062 3538 5129 possunt
3562 5054 3652 5109 de-

2063 5150 2299 5206 solatam
2330 5148 2396 5204 de
2424 5156 2478 5202 te
2504 5161 2598 5202 cor
2628 5160 2809 5201 meum
2841 5159 2869 5199 a
2894 5144 3163 5200 desiderio
3189 5144 3500 5204 dilectionis
3528 5157 3646 5204 tuae.

1621 5305 1847 5362 νΑωλΕ
1870 5306 2274 5366 LECTIONES.

441 5432 509 5467 ὀι
538 5432 871 5491 Cbarissime
909 5452 1008 5492 ms.
1034 5438 1340 5493 charissimi

1463 5440 1532 5472 ³⁸⁸
1562 5439 1842 5498 Charitatc
1873 5460 1976 5501 ms.
2008 5446 2258 5500 clal’ilﬂie

362 5504 705 5586 citarissiriire
730 5523 832 5586 ius.
863 5508 1143 5586 nobilitate
1168 5509 1486 5586 c_|aris_sim:e
1528 5511 1631 5586 _'°‘
1662 5511 1770 5586 Pro
1798 5515 1952 5572 vobis
1981 5517 2184 5586 quibus
2220 5531 2321 5570 ms.
2348 5530 2448 5585 pro
2471 5513 2624 5586 nobis
2644 5513 2842 5586 quibus

362 5572 478 5625 lata
553 5573 620 5605 ³⁰⁷
651 5577 969 5635 Audivcrint
1002 5593 1099 5636 nec
1122 5581 1648 5640 animadverterint..
1682 5584 1922 5642 clamant
1954 5572 2056 5643 m's.
2088 5572 2369 5643 audierun't
2394 5599 2493 5641 nec
2508 5572 3046 5640 animadverterunt"
3080 5578 3314 5635 clament
3380 5581 3456 5614 ³⁸⁸
3473 5580 3652 5650 Quare

362 5655 466 5696 nis.
493 5657 666 5712 quave

3578 281 3724 337 1144

3822 226 3827 511 l
