3898 6052
335 283 474 340 4145

1589 280 1714 336 LIB.
1755 283 1796 351 Ι,
1833 281 2052 338 EPIST.
2093 281 2349 340 LXXVII.

3475 287 3605 344 illi}

333 395 424 450 Cet
442 403 492 448 te
530 393 574 448 si
604 393 786 447 mittas
833 407 1050 448 omnem
1099 400 1404 448 aromatum
1435 392 1678 462 odorem,
1706 409 1924 450 omnem
1951 401 1998 459 Α
2029 395 2238 450 vultum
2269 395 2406 464 ejus,
2435 403 2490 452 et
2539 396 2764 452 audiant
2799 413 2960 454 aures
3002 413 3134 454 mea:
3165 415 3348 454 vocem
3387 399 3522 468 ejus,
3555 413 3608 458 et

335 489 678 543 metallorum
711 488 968 554 nitorem,
997 501 1216 543 omnem
1241 487 1478 557 lapidum
1507 489 1920 558 pretiositatem,

331 595 550 634 omnem
581 589 812 636 texturae.
841 581 1184 648 varietatem,
1203 591 1426 647 renuet;
1453 581 1564 636 imo
1595 597 1700 636 non
1726 581 1924 652 poterit

332 673 600 727 consolari
655 688 684 726 a
725 673 962 728 scissura
1009 689 1128 739 sua,
1182 674 1286 728 nisi
1321 683 1534 742 recepta
1569 673 1737 727 altera
1767 682 1924 742 parte

327 779 426 819 sua
455 765 626 820 scissa
660 767 839 820 anima
872 781 1015 821 mea.
1041 765 1219 822 Testis
1259 777 1344 822 cst
1373 781 1544 837 angor
1587 765 1768 820 cordis
1811 765 1920 820 mei

327 859 432 913 hoc
457 859 636 928 ipsum
662 859 984 928 cogitantis;
1021 867 1188 912 testes
1217 855 1472 928 lacryuue
1497 857 1921 913 obtenebrantes

327 950 537 1014 oculos,
567 959 620 1004 et
650 951 890 1020 rigantes
921 950 1118 1004 faciem
1167 959 1222 1004 et
1272 951 1470 1020 digitos
1516 951 1748 1020 idipsum
1779 950 1918 1005 seri-

327 1041 624 1096 bentes.Et
655 1043 872 1112 quidem
905 1051 958 1096 tu
989 1043 1222 1105 sciebas,
1251 1042 1394 1096 sient
1421 1057 1522 1110 ego
1551 1043 1685 1111 ipse,
1708 1059 1834 1112 erga
1864 1053 1918 1097 te

327 1133 672 1188 dilectionem
725 1149 937 1199 meam,
972 1135 1064 1188 sed
1099 1133 1284 1202 utique
1325 1148 1426 1204 ego
1457 1135 1570 1204 ipse
1607 1135 1912 1189 nesciebam

327 1241 470 1281 eam.
508 1227 608 1294 Qui
667 1241 765 1281 nos
814 1227 975 1282 scidit
1024 1227 1091 1282 ab
1143 1227 1399 1294 invicem,
1447 1227 1534 1282 ille
1593 1243 1678 1282 me
1730 1229 1916 1283 docuit

323 1329 588 1386 quantum
633 1329 684 1373 te
707 1317 988 1386 diligerem
1015 1337 1028 1372 :
1065 1333 1193 1374 vere
1226 1336 1330 1373 non
1363 1319 1522 1374 habet
1549 1321 1710 1376 homo
1737 1321 1915 1374 scien-

328 1415 456 1466 tiam
495 1414 618 1468 boni
671 1413 753 1468 vel
789 1413 938 1474 ntali,
975 1413 1066 1483 qui
1121 1429 1226 1466 non
1267 1415 1547 1482 experitur
1599 1425 1909 1483 utrumque.

325 1503 642 1560 Nesciebam
692 1505 836 1559 enim
889 1521 995 1558 non
1051 1513 1308 1573 expertus
1359 1505 1666 1560 absentiam
1720 1513 1908 1568 tuam,

323 1609 488 1664 quam
517 1593 672 1649 dulce
701 1595 834 1648 mihi
883 1601 1004 1648 erat
1031 1609 1154 1649 esse
1184 1603 1400 1658 tecum,
1453 1611 1614 1664 quam
1659 1609 1908 1648 aurarum

321 1688 438 1742 sine
471 1697 522 1742 te
555 1703 692 1742 esse.
729 1687 832 1742 Sed
886 1697 940 1742 tu
995 1687 1162 1742 habes
1198 1705 1264 1742 ex
1306 1689 1421 1759 ipsa
1471 1697 1654 1744 nostra
1703 1687 1908 1756 tli.~jun-

2028 484 2240 540 fruatur
2263 486 2444 542 anima
2469 501 2589 542 mea
2615 489 2898 556 prtescntia
2915 487 3032 556 ejus
3055 490 3144 558 qui
3175 505 3260 542 mc
3285 499 3432 544 tanto
3459 492 3608 560 igno-

2029 573 2372 646 tusignotum
2389 591 2574 632 amore
2599 579 2767 647 gratis
2793 579 3130 648 anticipavit,
3148 581 3237 648 qui
3264 597 3348 636 me
3375 589 3483 635 tam
3505 584 3610 636 uti-

2023 663 2151 719 liter
2193 667 2696 724 ahsentemlitteris
2733 671 3008 724 exhortari
3053 671 3120 724 ad
3147 671 3450 741 profectqu
3493 686 3604 729 sm-

2024 753 2158 820 duit,
2191 757 2286 826 qui
2333 772 2418 812 me
2469 767 2576 813 tam
2629 761 2920 828 prudenter
2953 760 3113 828 bona,
3165 763 3208 818 si
3261 779 3364 832 qua
3397 775 3524 819 sunt
3552 767 3602 818 in

2023 861 2130 913 me,
2159 851 2433 906 custodire
2463 853 2806 921 prazmouuit.
2855 854 2922 907 Et
2951 855 3152 909 utinam
3187 857 3266 912 sic
3308 873 3431 912 vera
3461 869 3602 916 esset

2023 940 2377 1008 existimatio,
2403 959 2564 1012 quam
2621 943 2763 999 fama
2812 945 3090 1000 hominum
3133 956 3333 1004 temere
3383 949 3604 1020 loquen-

2023 1033 2158 1088 tium
2211 1032 2353 1101 quod
2406 1035 2660 1088 nesciunt
2695 1035 2760 1090 de
2797 1050 2884 1090 me
2925 1051 3021 1088 vos
3075 1037 3292 1098 docuit;
3329 1042 3599 1104 quomodo

2021 1125 2330 1180 necessaria
2359 1125 2489 1178 mihi
2523 1135 2606 1182 est
2633 1137 2810 1182 vestra
2838 1127 3153 1192 admonitio,
3187 1145 3306 1198 quae
3331 1147 3396 1184 ex
3425 1131 3598 1184 abun-

2019 1216 2202 1272 dantia
2247 1218 2402 1272 bona:
2427 1217 2722 1274 voluntatis
2752 1229 2804 1273 et
2844 1235 2906 1274 ex
2945 1221 3194 1290 prudenti
3247 1222 3442 1276 intuitu
3495 1224 3596 1276 hu-

2019 1323 2192 1362 mana:
2235 1307 2543 1376 fragilitatis
2579 1310 2866 1377 processit.
2901 1309 3005 1365 Per
3049 1311 3230 1364 omnia
3281 1313 3600 1368 benedictus

2017 1399 2180 1464 Deus,
2221 1401 2312 1468 qui
2346 1417 2442 1456 vos
2475 1411 2623 1456 tanta
2655 1403 2922 1456 charitate
2969 1403 3182 1468 ditavit,
3211 1413 3317 1458 tam
3363 1405 3600 1460 charita—

2017 1494 2124 1546 tiva
2161 1493 2526 1548 sollicitudine
2567 1495 2832 1548 incitavit.
2877 1493 3070 1548 Videat
3125 1495 3240 1564 ipse
3271 1495 3596 1550 desiderium

2017 1599 2214 1647 meum,
2249 1591 2308 1636 ut
2337 1584 2630 1654 aliquando
2661 1600 2874 1640 merear
2904 1584 2973 1616 ⁸¹¹
3005 1585 3056 1638 in
3089 1587 3194 1640 Deo
3225 1585 3420 1655 placita
3466 1601 3598 1642 con-

2013 1675 2323 1728 versatione
2353 1677 2434 1730 sic
2465 1685 2639 1730 vestra
2669 1677 2932 1732 societate
2961 1677 3163 1744 lmtari,
3219 1687 3275 1732 ut
3307 1679 3449 1734 nulla
3481 1695 3598 1750 pos-

321 1779 502 1833 ctioue
555 1787 874 1848 prassentem
931 1779 1182 1844 alterum,
1215 1796 1374 1850 quem
1429 1797 1533 1834 non
1589 1781 1768 1836 minus
1815 1789 1904 1834 aut

2013 1771 2183 1825 simus
2213 1771 2458 1826 viventes
2492 1772 2791 1826 mutatione
2816 1771 3121 1826 dissociari.
3152 1771 3228 1826 De
3277 1771 3596 1841 quaestionis

320 1879 467 1924 certe
520 1869 638 1940 plus
675 1885 868 1936 amas;
905 1871 1036 1924 mihi
1087 1887 1214 1926 vero
1262 1881 1349 1938 ιιι,
1402 1880 1496 1938 ιιι,
1545 1875 1800 1941 inquam,
1851 1887 1911 1928 es

321 1961 555 2026 ablatus,
585 1969 638 2014 et
669 1961 844 2015 nullus
873 1977 972 2030 pro
1013 1970 1068 2016 te
1113 1963 1346 2016 oblatus.
1379 1965 1452 2018 Te
1501 1965 1663 2034 igitur
1705 1965 1755 2018 in
1787 1979 1912 2018 con-

319 2051 585 2106 solatione
619 2061 705 2106 tua
741 2054 1028 2120 gaudente,
1058 2053 1230 2108 solum
1265 2055 1393 2108 mihi
1426 2055 1620 2110 vulnus
1653 2056 1910 2109 remansit

320 2141 373 2194 in
407 2149 587 2196 mente
621 2159 632 2192 :
673 2140 898 2195 forsitan
931 2145 1232 2212 gaudentes
1278 2145 1345 2198 de
1398 2155 1450 2200 te
1496 2144 1844 2200 offenduntur
1877 2161 1907 2198 a

320 2249 406 2286 me
439 2233 539 2286 ista
575 2233 665 2286 tibi
695 2231 930 2288 dicente.
967 2234 1074 2290 Sed
1104 2235 1150 2290 si
1179 2235 1278 2305 ipsi
1306 2237 1564 2306 gaudent,
1593 2237 1734 2306 quod
1765 2235 1910 2290 desi-

321 2329 584 2382 derabant
622 2339 895 2394 tenentes;
931 2345 1030 2384 cur
1087 2329 1378 2398 prohibent
1422 2329 1506 2384 vel
1551 2329 1736 2384 dolere
1765 2329 1906 2398 quod

316 2433 534 2488 semper
567 2429 713 2474 amat
741 2421 1094 2489 perdentem?
1125 2419 1200 2474 Ex
1232 2435 1292 2477 se
1323 2431 1584 2476 excusent
1612 2434 1718 2485 me,
1743 2421 1786 2474 si
1823 2435 1908 2475 me

317 2510 504 2564 vident
543 2512 594 2565 in
623 2527 702 2566 se.
739 2513 993 2581 Alioquin
1023 2513 1104 2568 vel
1135 2521 1187 2567 tu
1219 2513 1459 2584 intelligo
1487 2531 1648 2584 quam
1689 2529 1907 2584 compa-

315 2599 532 2666 tienter,
563 2617 724 2670 quam
749 2603 1094 2658 eonsolanter
1119 2605 1220 2672 ipsi
1249 2605 1364 2659 hzee
1401 2605 1602 2660 faciant
1632 2623 1644 2658 :
1678 2615 1732 2661 et
1763 2609 1906 2662 unde

315 2689 564 2744 mitescat
592 2693 742 2747 dolor
777 2711 950 2758 meus,
981 2711 1140 2764 quem
1184 2711 1344 2751 nemo
1373 2696 1486 2750 vult
1509 2697 1778 2753 consolari
1808 2700 1902 2768 qui

314 2789 514 2848 potest,
541 2797 698 2836 nemo
725 2793 902 2852 potest
929 2785 1016 2852 qui
1052 2785 1184 2839 vult.
1205 2785 1310 2840 Sed
1349 2786 1436 2840 ille
1459 2787 1550 2856 qui
1577 2789 1756 2842 omnia
1781 2805 1902 2858 qua}

311 2869 424 2922 νιιΙι
449 2879 648 2938 potest,
674 2873 756 2926 sic
781 2875 1093 2928 consoletur
1121 2893 1226 2942 me,
1259 2887 1316 2930 ut
1341 2879 1546 2933 nullum
1577 2881 1898 2947 contristet;

309 2962 388 3014 sic
414 2961 614 3016 nulluu‘t
637 2965 940 3032 contristet,
967 2975 1022 3019 ut
1051 2982 1290 3024 amorem
1313 2969 1384 3024 tui
1412 2971 1676 3042 integrum
1705 2971 1904 3042 ubique

309 3061 616 3107 Conservet.
661 3055 856 3108 Amen.

749 3147 1086 3204 EPISTOLA
1124 3149 1339 3206 LXXVI
1379 3151 1476 3208 ³⁰⁹..

861 3253 928 3292 Αἰ)
977 3254 1322 3295 ῦυΑιιτΕιιυλι.

307 3323 519 3380 Gratias
543 3325 698 3395 refert
721 3343 738 3381 :
760 3339 806 3381 et
835 3329 898 3382 de
923 3331 1203 3398 proposita:
1231 3331 1533 3402 qita'stionis
1563 3331 1822 3388 solutione
1840 3349 1898 3388 se

984 3411 1220 3454 excusat.

382 3485 610 3540 Domino
637 3497 830 3556 sponte
861 3489 1126 3559 diligenti,
1171 3493 1367 3548 merito
1422 3494 1647 3562 dilecto,
1689 3511 1794 3550 non
1837 3503 1894 3550 ut

307 3579 492 3648 ignoto
539 3579 634 3632 sed
685 3589 742 3633 ut
781 3581 1034 3634 familiari
1066 3583 1243 3638 amico
1265 3583 1560 3642 Guancno
1589 3587 1756 3642 frater
1783 3590 1890 3642 Ax-

305 3683 530 3733 snutus,
585 3671 728 3739 quod
767 3687 916 3726 suus.

379 3757 436 3812 Si
467 3773 564 3814 cor
600 3775 778 3816 meum
815 3771 958 3816 esset
989 3763 1166 3832 lapide
1213 3763 1403 3820 durius
1435 3776 1490 3822 et
1521 3767 1695 3836 glacie
1741 3768 1892 3839 frigi-

305 3849 448 3916 dius,
483 3852 670 3922 utique
697 3854 920 3908 deberet
956 3855 1228 3911 caleseere
1257 3863 1380 3928 igne
1410 3867 1606 3914 vestra:
1651 3861 1894 3918 dilectio-

305 3941 412 4004 nis,
459 3950 514 3996 et
545 3943 858 3999 mollescere
905 3946 1026 4000 oleo
1065 3957 1256 4002 vestrae
1306 3949 1477 4004 dulcis
1524 3950 1888 4008 allocutionis.

304 4031 480 4086 Tanto
507 4051 741 4106 namque
770 4036 1002 4108 ﬂagrant
1029 4040 1316 4096 charitatis
1347 4043 1577 4110 ardore,
1612 4054 1759 4100 tanto
1783 4045 1883 4101 fra-

301 4133 461 4192 grant
488 4125 836 4198 benignitatis
871 4132 1037 4186 odore
1063 4173 1078 4198 ,
1116 4143 1266 4188 tanta
1312 4137 1582 4192 suavitate
1632 4147 1758 4192 sunt
1795 4137 1886 4208 ju-

303 4215 510 4278 enuda:,
545 4217 622 4271 sie
663 4230 788 4272 sunt
828 4221 1062 4278 salubris
1101 4225 1486 4283 admonitionis
1529 4229 1776 4285 fecundze
1817 4233 1886 4264 ³¹⁰

299 4301 496 4359 littera-
545 4309 743 4376 quibus
790 4328 922 4366 mea:
949 4315 1204 4381 parvitati
1237 4327 1416 4372 vestra
1459 4321 1678 4390 dignata
1710 4333 1794 4378 est
1825 4341 1884 4380 se

295 4397 578 4454 notitirare
626 4402 797 4458 dulcis
845 4405 1082 4472 dilectio,
1115 4417 1170 4462 et
1214 4409 1410 4464 dilecta
1465 4413 1780 4480 prudentia,
1827 4429 1884 4472 ut

2014 1865 2284 1918 solutione
2332 1879 2493 1933 quam
2544 1880 2572 1916 a
2607 1879 2692 1917 me
2741 1865 2906 1918 scribi
2947 1865 3194 1934 poscitis,
3248 1865 3441 1918 scitote
3471 1865 3596 1934 quia

2013 1972 2112 2010 nec
2141 1956 2310 2010 Otium
2345 1971 2444 2009 nec
2474 1953 2784 2008 factdtatem
2821 1956 3014 2020 habeo,
3047 1963 3103 2008 ut
3133 1956 3200 2008 ad
3244 1955 3344 2010 hoc
3376 1956 3594 2010 credam

2011 2063 2096 2102 me
2123 2047 2388 2102 sufficere.
2426 2045 2648 2102 Habetis
2679 2047 2954 2102 vobiscum
2998 2048 3253 2101 domuum
3281 2057 3334 2102 et
3381 2047 3595 2103 Patrem

2011 2147 2254 2192 nostrum
2288 2137 2646 2192 reverendqu
2697 2137 2948 2192 abbatem
2996 2137 3348 2205 Gerbertum,
3379 2143 3469 2210 qui
3501 2157 3596 2197 vo-

2008 2227 2094 2283 bis
2122 2229 2188 2284 de
2234 2244 2320 2294 ea,
2351 2243 2514 2298 quam
2555 2229 2876 2298 scripsistis,
2907 2229 3232 2298 quaestione,
3266 2241 3320 2286 et
3371 2233 3435 2286 de
3475 2233 3594 2288 aliis

2009 2335 2106 2389 pro
2132 2319 2330 2388 quibus
2375 2334 2472 2374 vos
2519 2319 2654 2374 velle
2683 2335 2858 2372 meam
2896 2321 3050 2374 adire
3079 2322 3398 2388 parvitatem
3429 2321 3596 2392 signi-

2007 2410 2231 2478 fieastis,
2248 2411 2438 2466 melius
2462 2419 2636 2480 potest
2659 2427 2895 2482 praesens
2924 2412 3295 2481 colloqueudo,
3311 2429 3472 2482 quam
3497 2429 3596 2484 ego

2007 2503 2089 2556 vel
2119 2502 2405 2573 loquendo,
2436 2502 2518 2556 vel
2565 2503 2850 2558 scribemlo
2889 2504 3224 2558 satisfacere.
3271 2503 3470 2558 Precor
3514 2513 3593 2558 ta-

2009 2611 2150 2659 men,
2185 2611 2252 2648 ne
2295 2595 2638 2666 deSpicicndo
2667 2611 2842 2648 meam
2883 2593 3208 2660 fatuitatem,
3235 2598 3594 2650 contemnatis

2007 2687 2183 2740 visere
2213 2695 2456 2740 nostram
2505 2685 2850 2740 charitatan
2883 2685 3011 2739 Plus
3043 2687 3186 2740 enim
3219 2687 3377 2741 debet
3423 2689 3592 2742 amari

2005 2781 2246 2836 Charitas
2303 2795 2464 2849 quam
2511 2779 2756 2834 scientia.
2797 2776 3028 2832 Scientia
3071 2780 3208 2832 enim
3241 2780 3429 2848 inﬂat,
3467 2779 3592 2834 clm-

2007 2874 2137 2936 ritas
2185 2889 2306 2926 vero
2344 2871 2570 2942 wdiﬁcut
2621 2869 2670 2938 (I
2706 2869 2828 2924 Cor.
2882 2885 3008 2930 vtu,
3043 2871 3116 2938 1).
3159 2871 3396 2940 Denique
3451 2885 3588 2940 quo-

2005 2967 2148 3020 niam
2179 2965 2324 3019 utilis
2363 2963 2541 3018 omnis
2569 2963 2794 3018 scientia
2839 2962 3037 3032 pendet
3064 2978 3130 3016 ex
3163 2961 3429 3016 cliatitate
3457 2979 3468 3014 :
3505 2961 3588 3016 Ea;

2004 3072 2064 3110 ea
2099 3055 2286 3124 quippe
2313 3055 2552 3108 universa
2599 3051 2682 3106 lca:
2715 3053 2939 3122 pendet,
2981 3063 3028 3106 et
3076 3053 3337 3121 prOphetw
3367 3051 3586 3114 (Matth.

1930 3150 1976 3211 C
2009 3159 2156 3208 xx",
2193 3143 2306 3214 40).
2337 3143 2404 3197 ΕΙ,
2430 3142 2686 3211 quoniam
2739 3142 2828 3194 ubi
2873 3141 2978 3194 duo
3015 3142 3086 3196 rel
3135 3153 3236 3196 tres
3292 3145 3588 3212 congregati

1999 3231 2196 3302 fuerint
2241 3233 2294 3286 in
2351 3231 2556 3284 nomine
2597 3229 2822 3301 (Matth.
2875 3247 3028 3294 xvm,
3066 3230 3164 3300 20)
3207 3233 3472 3298 veritatis,
3513 3233 3586 3287 ibi

1997 3325 2115 3393 ipsa
2141 3339 2200 3378 se
2221 3337 2342 3378 esse
2374 3321 2425 3376 in
2457 3321 2634 3376 medio
2665 3337 2854 3375 eorum
2910 3321 3040 3374 dicit
3100 3323 3326 3376 consilio
3373 3323 3424 3377 in
3457 3339 3585 3393 pro-

1999 3413 2257 3469 missione
2288 3410 2554 3474 veritatis,
2586 3409 2630 3464 si
2662 3409 3075 3464 convenerimus
3125 3411 3177 3463 in
3225 3427 3330 3480 quo
3363 3412 3582 3466 nomine

1996 3521 2118 3562 cum
2166 3503 2360 3559 aﬂ'eetu
2407 3501 2725 3567 charitatis,
2757 3503 2880 3571 quia
2933 3503 3108 3556 oderit
3155 3503 3310 3556 nobis
3353 3503 3578 3557 scientia

1994 3598 2259 3652 veritatis.
2301 3595 2453 3664 Quod
2487 3597 2528 3650 si
2561 3595 2756 3649 scirem
2799 3594 2950 3649 vobis
2979 3609 3098 3649 esse
3133 3595 3462 3649 voluntatem
3493 3609 3584 3650 ve-

1995 3689 2175 3742 niendi
2226 3688 2294 3740 ad
2325 3701 2453 3752 nos,
2497 3687 2810 3738 mandarem
2859 3695 3066 3739 certum
3111 3685 3274 3757 340
3325 3697 3534 3756 tempus
3565 3727 3578 3749 ,

1995 3779 2211 3846 quando
2243 3778 2344 3831 hoc
2373 3791 2607 3846 congrue
2637 3777 2822 3839 fieret;
2853 3791 2917 3829 ne
2945 3775 3082 3830 forte
3110 3779 3422 3846 aliquando,
3451 3795 3573 3832 cum

1995 3867 2134 3920 domi
2164 3882 2266 3920 non
2295 3881 2493 3930 essent,
2531 3865 2807 3919 venientes
2857 3864 3006 3919 vobis
3035 3881 3228 3919 vanum
3257 3867 3492 3922 laborem
3523 3877 3577 3923 et

1995 3957 2125 4012 mihi
2159 3957 2435 4011 tristitiam
2478 3955 2750 4008 faceretis.

2403 4043 2738 4100 EPISTOLA
2797 4043 2935 4098 LXX
2949 4044 3030 4100 Vll
3068 4043 3155 4100 ³⁸⁸.

2594 4153 2660 4189 ΑΙ)
2717 4153 2746 4190 Δ
2755 4151 2886 4190 ὒΔιᾹ
2894 4151 2928 4192 Μ
2938 4178 2948 4190 .

1994 4249 2058 4305 Ut
2083 4253 2192 4322 ipsa
2225 4251 2379 4306 militi
2407 4263 2644 4306 veterano
2691 4251 2888 4306 militia:
2925 4255 3248 4308 vacationem
3280 4254 3512 4324 impetret
3541 4273 3573 4310 a

2645 4325 2754 4390 filio
2796 4341 2912 4377 suo.

2066 4413 2390 4468 Reverenda:
2411 4412 2644 4466 domina:
2671 4429 2781 4466 suae
2797 4415 3090 4470 comitissm
3106 4415 3188 4484 (2|
3203 4415 3219 4486 )
3235 4415 3451 4482 Ausus,
3471 4414 3574 4468 fra-

297 4489 432 4543 nolit
459 4492 744 4562 quiescere
781 4511 936 4551 mens
985 4514 1124 4566 mea,
1159 4501 1332 4558 donec
1359 4502 1576 4558 videant
1601 4505 1742 4559 oculi
1773 4507 1880 4562 mei
1913 4505 1958 4560 D
1987 4515 2067 4558 ter
2089 4504 2374 4558 AsssLuus
2399 4503 2706 4571 Beeeensis,
2732 4505 2838 4557 vita
2867 4517 3140 4575 peccator,
3168 4507 3352 4560 habitu
3381 4521 3569 4560 mona-

1567 4612 1798 4670 VARIZE
1837 4616 2238 4672 LECTIONES.

363 4687 434 4720 ³⁰⁹
465 4689 594 4744 Cum
619 4694 794 4746 eodem
819 4711 916 4748 ms.
956 4695 1148 4750 collata

293 4757 362 4790 “'
405 4758 534 4814 Cum
583 4765 764 4818 eodem
797 4781 896 4818 ms.
925 4767 1118 4821 collata

1295 4699 1364 4732 ⁸¹⁰
1393 4700 1658 4757 Facunda:
1689 4721 1785 4758 ms.
1813 4703 2075 4762 fweunda:
2219 4707 2282 4740 ³¹¹
2317 4709 2609 4778 Aliquanto
2639 4727 2850 4768 merear
2881 4729 2978 4767 ms.
3029 4712 3319 4786 aliquando
3355 4729 3568 4772 merear

1479 4887 1765 4945 JOANNIS
1811 4889 2084 4946 PlCARDl
2118 4891 2350 4949 ΝΟΤέΕ.

364 4967 478 5047 (2i)
515 4973 718 5047 Attalo}.
753 4973 844 5031 Sic
867 4976 1060 5046 legitur
1085 4979 1224 5047 apud
1248 4977 1611 5035 Guilhelmum
1647 4981 1868 5038 Malmc-

291 5041 627 5122 sbttrieusem
655 5045 840 5122 lib._n_t
873 5041 946 5122 De
969 5041 1330 5122 gestfregum
1367 5050 1686 5122 Anglorum,
1731 5064 1786 5109 et
1815 5056 1868 5108 in

291 5111 491 5192 Hister.
533 5115 778 5192 Matthaei
801 5111 997 5192 Paris:
1013 5111 1356 5192 Verttnthtia
1387 5121 1438 5174 id
1454 5111 1715 5178 vnominis
1745 5139 1870 5192 pro-

289 5183 436 5262 xime
466 5185 674 5238 accedit
713 5187 778 5240 ad
810 5189 1098 5262 dictionem
1144 5183 1421 5260 Anglicani
1463 5193 1706 5262 Adex't'ng.
1745 5183 1785 5247 ἴ.
1817 5209 1867 5247 e.

291 5252 664 5330 nobiletmseu
703 5267 1040 5330 inagnatem,
1086 5261 1201 5314 ltzcc
1231 5252 1462 5330 'quuque
1508 5252 1678 5318 ΑὐξιΙὸ
1709 5263 1872 5318 fuerit.

290 5320 396 5404 tilia
429 5319 714 5404 Gnilhelmi
748 5319 1354 5404 Victoris,coguotiiiue
1377 5319 1561 5404 Nothi,
1591 5335 1730 5404 regis
1755 5337 1867 5388 Au-

289 5390 522 5472 gloilum,
552 5397 742 5472 opiupr
772 5401 971 5472 rectius
991 5390 1128 5470 legi"
1143 5401 1333 5465 Adela,
1376 5411 1434 5456 ut
1471 5390 1631 5457 etiam
1649 5390 1714 5457 ἷιι
1747 5405 1864 5472 epi-

288 5461 1004 5540 stolislvonisgarnotensis
1032 5461 1097 5523 a'd
1125 5461 1368 5525 eamdem
1395 5472 1448 5534 5,
1475 5473 1562 5534 82,
1593 5475 1711 5537 158,
1739 5461 1864 5540 M5,

289 5530 410 5610 iiii),
447 5533 570 5610 Nil,
599 5535 730 5602 203;
759 5547 812 5610 et
839 5539 1128 5594 Gnillielmi
1169 5530 1614 5597 Gemtneticensis
1641 5530 1732 5598 lib.
1767 5530 1864 5600 viti

289 5599 500 5683 llistor._
525 5599 726 5683 ducum
761 5607 1280 5683 Northmauuornm,
1328 5629 1446 5683 cap.
1478 5613 1548 5666 54
1584 5623 1638 5668 et
1674 5615 1760 5670 '59.
1811 5599 1866 5670 In

290 5669 446 5742 huius
475 5675 654 5732 Nician
683 5679 909 5750 gratiam
941 5680 1092 5752 [Iugo
1120 5669 1348 5741 Floriaci
1389 5669 1454 5741 ad
1485 5669 1726 5752 Ligerim
1749 5669 1864 5743 mo;

1979 4986 2208 5052 nachus,
2255 4987 2470 5055 scripsit
2501 4987 2778 5044 historiar.
2811 4991 2901 5046 lib.
2953 5007 3001 5044 vt
3047 4991 3116 5046 ab
3157 4991 3466 5046 Abrahamo
3495 4993 3561 5048 ad

1981 5067 2206 5132 nepotes
2243 5057 2420 5112 Caroli
2461 5057 2681 5132 _.'llagni,
2711 5077 2944 5132 quorum
2991 5065 3386 5132 autographum
3418 5063 3564 5118 misit

1977 5125 2124 5180 Ivoni
2155 5127 2472 5182 Caruotensi
2503 5125 2645 5184 au—no
2665 5125 2823 5193 1110.
2857 5141 2911 5185 ιιι
2940 5125 3180 5186 ηοιίιιιιῖιι
3203 5125 3286 5186 est
3308 5133 3358 5186 in
3380 5149 3563 5188 exent-

1977 5194 2111 5276 plari
2141 5198 2346 5276 scripto
2373 5198 2718 5276 Bibliotheca:
2771 5200 3108 5276 Victor-iano},
3149 5205 3374 5276 necdum
3421 5205 3560 5276 typis

1977 5267 2124 5344 dato.
2157 5267 2281 5344 ilice
2313 5269 2526 5344 tandem
2567 5269 2772 5344 calcata
2803 5271 2984 5326 δείξουιὶ
3025 5289 3242 5344 pompa,
3287 5267 3560 5344 Stepb'a'no

1975 5335 2452 5412 Blesensieomite
2493 5349 2547 5412 et
2575 5340 2801 5412 conjuge
2836 5335 3306 5396 extremum'dietn
3351 5335 3556 5409 functo,

1978 5407 2166 5484 videns
2216 5409 2487 5484 lilio_es§e
2535 5407 2783 5484 legitima:
2814 5413 2998 5484 artatis
3022 5413 3100 5484 ad
3149 5429 3236 5468 res
3269 5407 3554 5484 gerendas,

1978 5475 2090 5530 Deo
2119 5481 2297 5548 nupsit
2337 5481 2390 5534 in
2425 5475 2767 5535 PartirEnone
2812 5483 3238 5548 illarciniaceusi,
3271 5475 3414 5538 'cum
3459 5475 3558 5536 Pe;

1980 5555 2096 5601 trus
2117 5550 2444 5620 venerabilis
2473 5561 2728 5620 praeesset
2759 5551 3040 5618 Cluniaco,
3065 5555 3220 5620 cujus
3259 5554 3554 5608 auctorita-

1981 5627 2084 5671 tem
2115 5621 2332 5694 t'esp‘_cit
2375 5619 2424 5674 id
2467 5619 2844 5690 Parthenonis,
2889 5623 2940 5676 in
2982 5641 3088 5693 quo
3118 5619 3282 5679 Adela
3313 5635 3432 5694 post
3475 5627 3554 5676 vi-

1980 5697 2086 5746 tam
2109 5690 2356 5762 religiose
2379 5699 2656 5764 peractam
2685 5690 3016 5752 cxcessier-i
3153 5703 3156 5705 λ
3211 5695 3242 5709 ··
3315 5690 3326 5704 ⁷
3391 5696 3456 5728 --ι.
3537 5697 3546 5722 ε
