3898 6052
230 300 366 356 ειμι

1598 289 1726 350 LIB.
1763 296 1828 360 il,
1863 289 2080 349 EPIST.
2109 291 2198 346 lli.

3368 283 3508 339 H50

231 411 468 478 abbatis,
517 419 572 466 et
619 419 888 468 terrarum
934 423 1068 481 quas
1117 407 1371 466 similiter
1421 414 1548 478 post
1579 405 1822 476 ejusdem
1851 409 1898 466 Α
1925 407 2032 462 rari
2060 402 2317 475 (Philipp.
2346 418 2406 469 ιι,
2440 373 2530 474 ili)
2571 416 2670 472 pro
2693 401 2834 457 bona
2874 399 3150 455 voluntate
3173 399 3264 465 3",
3291 413 3512 454 conser-

228 505 438 562 obitum
469 503 700 560 emimus
723 545 736 568 ,
768 513 826 558 ut
853 512 1060 558 taceam
1107 503 1318 576 signum
1351 515 1629 572 maguum,
1678 500 1821 570 quod

229 609 298 648 es
325 609 434 648 uno
461 593 642 650 fracto
675 603 734 650 et
760 593 932 648 altero
961 593 1308 650 discordante
1337 591 1622 662 improvidi
1653 592 1822 648 inetu-

230 687 432 756 pimus,
471 690 566 742 sed
611 688 784 744 multo
835 688 990 757 plura
1035 702 1195 757 quam
1260 685 1822 756 prmcogitaveramus,

234 778 480 836 addendo
516 789 572 835 et
620 778 1098 844 iusumendo,vix
1145 777 1506 850 perfecimus;
1557 785 1612 832 et
1668 775 1822 847 plura

236 873 368 940 alia,
398 874 454 928 in
481 874 680 944 quibus
707 874 874 928 multa
903 879 1104 944 prteter
1151 871 1406 942 praedicta
1451 869 1823 939 expendimus.

237 967 306 1023 Et
332 967 552 1037 quidem
593 966 822 1021 multum
865 981 1032 1037 prope
1081 965 1256 1034 tetigit
1299 963 1368 994 ³¹⁷
1397 977 1495 1016 uos
1550 977 1724 1016 annus
1762 960 1828 1014 de

242 1075 354 1130 quo
387 1074 578 1115 sumus
626 1067 896 1127 utcunque
921 1057 1154 1128 egressi;
1183 1055 1278 1109 sed
1303 1054 1458 1108 valde
1479 1054 1697 1124 propius
1725 1052 1825 1106 tui-

241 1159 408 1208 iratur
438 1151 594 1206 nobis
625 1150 678 1204 in
709 1149 937 1219 penuria
989 1147 1284 1202 multarum
1341 1160 1523 1199 rerum
1576 1158 1750 1198 annus
1775 1143 1828 1197 in

241 1261 400 1314 quem
441 1257 626 1300 sumus
657 1241 907 1310 ingressi.
936 1241 1041 1296 Sed
1088 1240 1254 1310 Deus,
1290 1239 1381 1309 qui
1432 1237 1496 1292 de
1529 1237 1654 1290 cmlo
1709 1251 1834 1302 pro-

241 1341 409 1409 spexit
455 1354 612 1398 super
653 1338 794 1408 ﬁlios
820 1337 1096 1390 hominum
1125 1335 1300 1404 (Psal.
1331 1349 1404 1389 LII
1429 1373 1443 1396 ,
1467 1332 1546 1401 5),
1578 1329 1834 1399 respiciat

245 1447 414 1503 super
443 1447 544 1488 nos
575 1433 642 1487 de
666 1429 922 1486 cordibus
952 1428 1366 1484 abundantiam.
1393 1426 1684 1487 Praeterea,
1709 1437 1834 1478 cum

245 1542 461 1596 semper
502 1538 759 1596 egeamus
801 1532 983 1578 vestro
1033 1520 1258 1577 consilio
1307 1532 1362 1575 et
1411 1517 1646 1583 auxilio,
1694 1529 1838 1570 nunc

247 1619 476 1674 multum
504 1625 684 1672 vestra
731 1627 784 1670 et
829 1614 964 1669 cleri
1021 1612 1323 1684 indigemus
1372 1609 1750 1671 subveutione,
1783 1607 1838 1660 in

250 1710 338 1764 his
367 1707 890 1764 videlicetEcelesia:
913 1713 1110 1761 nostrae
1135 1699 1522 1773 negotiis,quaa
1545 1713 1640 1768 per
1662 1697 1838 1751 vivam

1927 506 2016 556 vet
2037 507 2350 568 utrumque,
2375 509 2537 566 quem
2562 502 2759 550 vestrae
2781 491 3061 548 sanctitati
3087 499 3164 546 tot
3190 491 3329 546 bona
3355 489 3514 545 nobis

1928 587 2187 644 tribueuti
2219 595 2480 656 Optamus
2511 584 2918 647 retributorem,
2955 581 3063 636 imo
3101 579 3368 634 feuerauti
3418 579 3514 634 dac

1926 697 2047 738 mus
2111 696 2208 752 pro
2259 679 2418 735 nobis
2471 677 2772 732 debitorem
2827 683 2880 729 et
2929 687 3270 743 sponsorem.
3313 670 3517 726 Securo

1928 774 2096 842 igitur
2123 783 2178 828 et
2203 771 2450 827 hilariter
2478 785 2602 824 cum
2649 766 2868 821 milleua
2917 779 3079 820 usura
3115 761 3383 832 recepturi
3416 760 3516 816 itu-

1927 867 2169 937 pendite,
2209 865 2350 922 sicut
2379 865 2518 919 bene
2551 860 2884 930 incmpistis;
2916 857 3039 927 quia
3071 853 3256 910 fallere
3303 867 3516 908 necvos

1929 975 2030 1015 nec
2055 975 2152 1018 nos
2177 958 2452 1018 volumus,
2469 970 2570 1010 nec
2589 953 2874 1023 lidejussor
2896 959 3080 1006 uoster
3103 955 3298 1018 potest.
3319 945 3518 1000 Servos

1929 1061 1984 1108 et
2008 1053 2147 1108 filios
2169 1060 2399 1114 vestros,
2433 1048 2632 1103 fratres
2671 1055 2914 1108 nostros,
2947 1043 3016 1096 ad
3053 1050 3227 1095 vestra
3255 1039 3520 1093 mittimus

1933 1147 2162 1218 vestigia
2192 1163 2206 1200 :
2237 1153 2289 1200 et
2343 1144 2484 1199 sicut
2510 1153 2688 1196 vestra
2719 1147 2849 1194 euut
2890 1135 3155 1204 iussione,
3187 1133 3257 1186 ita
3289 1129 3370 1185 vel
3401 1145 3518 1183 ma-

1933 1248 2120 1303 neant,
2143 1237 2228 1293 vel
2253 1238 2496 1301 redeant,
2532 1234 2620 1288 vel
2649 1231 2912 1304 quidlibet
2941 1236 3121 1299 agant,
3141 1224 3400 1296 quidquid
3424 1236 3524 1276 nos

1933 1330 2402 1393 ordiuaverimus,
2451 1336 2632 1382 vestra
2689 1321 3066 1393 dispositione.
3115 1317 3288 1373 Filius
3339 1323 3525 1370 vester

1935 1420 2124 1486 abbas,
2175 1428 2234 1473 ut
2279 1420 2453 1482 aiunt,
2496 1414 2808 1479 Beccensis,
2850 1410 3116 1466 mutuavit
3167 1408 3235 1439 ³³³
3281 1422 3312 1460 a
3366 1421 3524 1460 servo

1936 1522 2117 1568 vestro
2158 1510 2328 1565 fratre
2349 1508 2606 1563 Auselmo
2630 1522 2820 1560 aurum
2863 1503 3004 1574 quod
3036 1515 3134 1572 pro
3172 1499 3339 1556 calice
3373 1496 3526 1552 misi-

1940 1605 2058 1659 stis.
2078 1602 2210 1657 Nam
2243 1611 2297 1658 et
2339 1603 2440 1656 iste
2479 1600 2570 1670 qui
2608 1599 2829 1653 calicem
2862 1596 3086 1659 faceret,
3115 1610 3221 1648 non
3249 1592 3523 1647 habebat:

1941 1707 1995 1754 et
2039 1697 2128 1752 ille
2185 1695 2402 1750 interim
2454 1709 2587 1750 auro
2631 1708 2768 1762 opus
2821 1690 3073 1746 habebat.
3103 1689 3207 1744 Sed
3233 1687 3526 1742 secundum

249 1801 604 1872 praesentium
633 1801 824 1856 latoris
859 1813 1047 1854 vocem
1100 1795 1252 1853 vobis
1287 1811 1508 1851 necesse
1551 1793 1840 1848 habuimus
1872 1777 1916 1836 Β
1947 1799 2166 1860 pactum
2195 1803 2385 1842 aurum
2415 1786 2674 1842 reddetur
2717 1785 3008 1838 formatum
3038 1782 3090 1836 in
3124 1779 3370 1844 calicem,
3393 1788 3448 1833 et
3466 1794 3529 1833 ea

253 1894 532 1949 intimare.
559 1893 770 1961 Quibus
795 1891 1048 1963 cognitis,
1079 1890 1124 1944 si
1156 1889 1284 1959 quid
1312 1889 1464 1944 scitis
1493 1888 1636 1958 quod
1663 1889 1727 1942 ad
1775 1901 1838 1942 ea

254 1988 413 2043 nobis
465 1987 724 2057 prodesse
775 1983 990 2047 valeat,
1066 1980 1390 2051 quantocius
1441 1979 1598 2034 nobis
1653 1993 1843 2048 preca-

256 2095 380 2134 mur
417 2077 488 2109 ‘“‘
512 2075 774 2132 sanctitas
811 2084 990 2130 vestra
1025 2072 1348 2126 remamlare
1388 2071 1620 2126 studeat.
1657 2069 1732 2123 De
1758 2068 1844 2124 his

255 2170 402 2224 enim
427 2167 680 2223 omnibus
709 2166 969 2237 placitare
1003 2163 1250 2234 cogimur
1279 2176 1462 2216 coram
1495 2175 1644 2232 rege,
1665 2159 1845 2216 Domi-

257 2263 381 2318 niea
415 2261 502 2316 die
527 2267 653 2328 post
685 2258 882 2314 festum
911 2255 1084 2310 sancti
1109 2253 1338 2324 apostoli
1364 2253 1628 2307 Andream.

767 2368 1102 2425 EPISTOLA
1157 2367 1198 2422 11
1259 2365 1348 2418 ⁸¹⁹.

821 2479 885 2517 ΑΒ
923 2473 1291 2516 LANFRANCUM.

262 2557 584 2629 Referuntur
613 2559 800 2629 gratim
827 2555 886 2609 ob
916 2553 1324 2629 liberalitatem,
1350 2559 1398 2602 et
1437 2547 1708 2628 speciatim
1745 2559 1840 2613 pro

403 2645 536 2682 auro
555 2619 694 2699 quod
726 2627 793 2679 ad
819 2625 1196 2693 conﬁciendum
1223 2621 1437 2674 culicem
1471 2619 1700 2671 miserat.

339 2720 450 2776 Suo
513 2717 814 2773 reverendo
865 2713 1086 2770 domino
1141 2721 1197 2767 et
1259 2710 1409 2765 Patri
1462 2707 1850 2777 benignissimo

267 2811 684 2879 archiepisc0po
713 2808 1031 2862 Lssruaueo
1056 2804 1230 2860 frater
1257 2805 1542 2858 ANSELMUS
1567 2817 1690 2856 cum
1720 2816 1850 2856 con-

265 2901 442 2957 servis
465 2909 522 2954 et
553 2898 788 2955 dominis
828 2897 941 2951 suis
976 2895 1238 2949 fratribus
1269 2893 1559 2949 Becceusis
1587 2889 1846 2958 cmnobii,

265 2993 408 3064 quod
445 2990 550 3046 sui.

337 3083 558 3138 Gratias
610 3093 834 3150 magnas
879 3075 1202 3131 mandamus
1233 3074 1286 3128 in
1332 3073 1523 3128 charta
1556 3087 1764 3144 magum
1795 3081 1850 3126 et

269 3173 536 3243 frequenti
569 3180 764 3226 vestra:
790 3168 1052 3238 largitati,
1079 3175 1134 3221 ct
1167 3167 1462 3220 immensas
1493 3180 1772 3219 servamus
1795 3165 1846 3218 in

266 3264 432 3319 corde
473 3263 750 3317 immeusre
802 3267 855 3313 et
899 3259 1168 3312 continua:
1211 3257 1368 3311 honre
1401 3255 1690 3310 voluntati.
1719 3255 1850 3310 Cum

267 3354 438 3416 enim,
475 3354 582 3407 Deo
610 3351 902 3421 largiente,
939 3357 1086 3402 tanta
1121 3349 1192 3403 sit
1215 3356 1396 3401 vestra
1425 3346 1856 3411 abundantia,ut

271 3447 435 3500 toties
463 3443 760 3514 supplendo
801 3449 1042 3496 nostram
1099 3441 1335 3509 inepiam
1385 3453 1726 3509 nequaquam
1759 3440 1852 3494 de-

269 3549 518 3590 crescere
551 3532 718 3602 possit
745 3571 758 3595 ,
789 3530 976 3598 utique
1025 3537 1174 3581 tanta
1205 3536 1288 3582 est
1324 3528 1464 3582 bona
1487 3527 1758 3593 voluntas,
1799 3536 1858 3582 ut

271 3624 604 3679 abundantia
643 3623 802 3676 citius
865 3619 1146 3673 exhauriri
1192 3633 1354 3686 quam
1409 3617 1548 3672 bona
1609 3618 1858 3674 voluntas

275 3715 444 3770 minui
475 3715 663 3785 possit.
689 3713 754 3767 Et
781 3712 946 3774 Deus,
977 3711 1068 3781 qui
1097 3709 1238 3763 dedit
1263 3709 1407 3763 vobis
1431 3721 1480 3762 et
1505 3709 1630 3764 relle
1657 3720 1704 3762 et
1727 3725 1858 3776 ope-

1945 1883 2121 1940 forma
2147 1896 2265 1951 quae
2294 1879 2446 1934 vobis
2471 1877 2644 1948 magis
2669 1875 2845 1946 placet
2875 1875 2928 1928 iu
2969 1873 3160 1928 calice.
3180 1871 3401 1926 interim
3435 1885 3533 1926 au-

1947 1983 2053 2030 tem
2078 1981 2262 2028 utetur
2291 1987 2482 2026 servus
2502 1977 2680 2024 vester
2700 1983 2763 2023 eo
2795 1966 2964 2021 calice
3005 1980 3166 2034 quem
3197 1963 3355 2018 Becci
3384 1962 3534 2033 prior

1947 2063 2218 2120 habuistis
2243 2061 2334 2128 m,
2373 2069 2429 2115 et
2453 2057 2762 2116 succedenti
2797 2052 3266 2126 priori-dedistis;
3295 2050 3388 2106 sed
3429 2051 3538 2105 sci-

1949 2165 2061 2212 tote
2115 2156 2242 2226 quia
2296 2169 2490 2208 aurum
2542 2151 2632 2206 ille
2690 2149 3002 2204 nullatenus
3029 2145 3098 2177 ³³³
3123 2143 3534 2208 crederet,nisi

1947 2256 2128 2302 vestra
2191 2243 2542 2314 tidejussioue
2593 2259 2608 2296 :
2650 2255 2748 2296 vos
2801 2238 2945 2295 enim
2994 2234 3355 2304 lidejussistis,
3407 2233 3536 2302 quia

1943 2338 2204 2410 jussistis.
2235 2337 2381 2392 Satis
2419 2344 2596 2390 autem
2623 2340 2772 2403 patet
2801 2329 2887 2386 cui
2943 2328 3012 2382 sit
3047 2327 3318 2382 lidcudmn
3366 2341 3431 2379 ne
3467 2322 3538 2354 ’“

1952 2433 2052 2485 sub
2111 2429 2288 2485 Patris
2344 2437 2398 2484 et
2450 2424 2652 2482 domini
2709 2419 3054 2490 ﬁdejussione
3107 2417 3248 2472 ﬁlius
3311 2431 3534 2472 servum

1951 2524 2124 2580 fallat.

2375 2612 2536 2686 342
2566 2606 2900 2666 EPISTOLA
2929 2604 2992 2660 lll
3015 2603 3106 2649 ⁸³⁸.

2527 2741 2596 2780 AD
2629 2734 2971 2779 GONDULFUM.

1951 2818 2044 2876 Illi
2081 2818 2426 2891 quantumvis
2450 2817 2689 2884 episcopo
2726 2811 3047 2891 familiarem
3082 2807 3370 2891 amicitiam
3420 2823 3543 2891 pro-

2023 2878 2273 2954 tes'tatur;
2309 2899 2356 2942 et
2389 2878 2671 2942 Beccenses
2709 2878 2996 2938 monac/tos
3027 2896 3157 2952 quos
3201 2880 3254 2932 in
3299 2878 3544 2948 Angliam

2025 2963 2208 3026 mittit,
2238 2961 2283 3014 ei
2317 2959 2664 3014 commendat.

2029 3073 2259 3129 Domino
2306 3079 2362 3125 et
2407 3071 2604 3134 amico,
2635 3065 2786 3122 Patri
2824 3073 2880 3120 et
2924 3059 3451 3128 Fratri,revcreudo
3494 3065 3550 3112 et

1959 3167 2155 3222 dilecto
2187 3164 2440 3234 episcopo
2496 3161 2786 3216 Gosnumo
2831 3157 2998 3212 frater
3051 3157 3356 3218 Ausntuus,
3404 3149 3549 3220 quod

1959 3259 2085 3314 olim
2120 3257 2261 3328 quod
2303 3271 2368 3311 ex
2408 3270 2515 3324 quo
2546 3253 2716 3324 magis
2748 3267 2846 3306 nos
2879 3249 3190 3304 dileximus.

2033 3349 2357 3416 Quanquam
2431 3343 2667 3414 dignitas
2723 3339 3082 3410 episc0palis,
3136 3345 3190 3393 et
3244 3330 3550 3390 reverentia

1962 3439 2272 3496 sanctitatis
2303 3439 2382 3494 sic
2414 3447 2651 3491 vestram
2683 3435 2814 3490 mihi
2847 3447 3132 3504 personam
3165 3425 3554 3500 superexaltet,

1969 3541 2028 3588 ut
2059 3547 2144 3586 me
2175 3531 2332 3584 valde
2359 3527 2502 3584 infra
2532 3528 2746 3582 deserat
2772 3545 2784 3582 :
2812 3541 3025 3594 semper
3057 3520 3414 3590 tameu,quod
3440 3533 3545 3572 non

1971 3631 2185 3676 tumore
2211 3620 2304 3674 sed
2331 3633 2518 3672 amore
2544 3617 2930 3687 dico,prisliua
2965 3612 3305 3667 familiaritas
3322 3618 3376 3662 et
3401 3606 3558 3660 fami-

1968 3711 2121 3764 liaris
2181 3710 2422 3764 amicitia
2473 3709 2540 3762 ad
2593 3707 2956 3776 mqualitatem
3006 3717 3092 3758 me
3151 3701 3397 3756 sublevat
3438 3714 3451 3751 :
3499 3706 3558 3750 ut

1577 3797 1666 3851 VA
1675 3797 1813 3852 R1115
1854 3797 2256 3853 LECTIONES.

347 3879 416 3910 ⁸¹⁷
465 3877 686 3932 Multum
742 3877 913 3947 tetigit
939 3892 1036 3936 ms,
1067 3873 1293 3947 unt_l_tu_m
1320 3885 1486 3942 prope
1511 3869 1686 3947 tetigit

276 3950 348 3982 ³¹⁹
371 3947 577 4002 Collata
602 3964 718 4000 cum
745 3949 920 4000 cadent
947 3963 1042 3997 ms.

1124 3945 1193 3975 δίο
1219 3939 1333 3996 Pro
1361 3939 1454 3996 sua
1483 3939 1758 3995 voluntate
1777 3957 1874 3994 ms.

1834 3871 1902 3902 διδ
1941 3869 2274 3936 Quantocius
2301 3880 2595 3936 precamur
2617 3879 2716 3936 ms.
2741 3859 3062 3936 quantocius
3087 3857 3559 3936 uohisprefautur

1907 3923 2005 4009 pro
2029 3923 2472 4009 bonavoluntate
2546 3936 2612 3966 ³³³
2639 3923 2898 4009 Μιιιῖιεμίίι
2929 3947 3028 4009 ms.
3067 3926 3322 4009 inritavit“
3356 3923 3558 4009 ἔκλιπ-

277 4019 438 4076 1;ιιίς,ιί
472 4036 567 4072 ms.
597 4017 862 4072 habuistis
950 4015 1018 4046 ³³³
1041 4014 1118 4070 llli
1145 3993 1451 4070 nullatenus
1477 3993 1587 4064 ms.
1611 3993 2085 4066 illenullatenusﬁr
2119 4008 2190 4041 ""
2221 4009 2524 4064 Fideudum
2555 4021 2620 4060 ne
2643 4021 2741 4059 ms.
2767 4001 3081 4064 videndum,
3116 4013 3182 4052 ne
3255 3995 3323 4026 ³³⁸
3351 3993 3560 4048 Collata

277 4107 396 4145 cum
440 4091 618 4143 eodem
645 4104 742 4142 ms.

1447 4173 1726 4232 JOANNIS
1756 4173 2026 4232 PICARDI
2063 4173 2270 4230 NOTAE

277 4279 565 4340 superatus
588 4277 642 4324 et
667 4269 784 4338 ipse
805 4268 856 4340 iu
885 4267 1150 4340 lacrymas
1173 4263 1374 4320 effusus
1397 4265 1530 4340 nihil
1555 4265 1864 4340 dicerepo-

285 4335 424 4408 tuit;
451 4342 539 4394 vix
587 4335 765 4394 tanien
797 4335 1062 4392 eluctatus
1107 4337 1159 4389 in
1208 4351 1396 4390 vocem
1441 4335 1670 4408 absolvit
1703 4335 1862 4401 filios,

283 4405 524 4482 datisque
551 4409 1069 4482 benedictionemet
1105 4421 1293 4482 pacem
1328 4407 1602 4482 utttnibus,
1633 4413 1740 4457 tam
1770 4405 1866 4458 ab—
1900 4413 1944 4469 ι)

283 4473 465 4540 sentes
485 4497 644 4550 quam
674 4487 966 4550 praesentes
995 4473 1286 4550 iu_iuio_rta|i
1309 4491 1403 4530 eos
1427 4473 1568 4529 Patri
1592 4489 1868 4550 commcn-

285 4555 455 4616 davit,
489 4545 551 4606 ac
575 4545 914 4604 discedentes
941 4547 1093 4618 (quia
1119 4545 1236 4614 plus
1264 4562 1370 4618 non
1410 4546 1645 4616 poteratl
1673 4553 1732 4618 ut
1773 4560 1870 4614 pro

287 4641 346 4680 se
384 4629 608 4677 orarent
640 4616 964 4690 postulavit,
1002 4616 1164 4690 Dolor
1203 4625 1258 4671 et
1307 4617 1558 4690 lacryma:
1594 4617 1871 4690 orationes

291 4696 511 4754 ﬁebant,
547 4685 672 4761 quia
701 4691 788 4743 vix
832 4689 898 4744 ab
921 4688 1001 4742 eis
1029 4687 1267 4761 psalmus
1299 4685 1606 4761 continuari
1637 4685 1868 4750 valebat,

289 4768 416 4818 dum
447 4755 674 4831 quisque
711 4761 938 4831 alterum
975 4755 1329 4827 respiciebat,
1360 4758 1510 4831 quasi
1541 4755 1650 4831 jam
1685 4771 1876 4810 ceruc-

293 4845 374 4889 ret
405 4827 609 4904 patrem
656 4831 822 4904 fratre
845 4829 1116 4892 orbatum,
1149 4829 1468 4904 erumpebat
1495 4827 1546 4882 in
1582 4827 1870 4904 lacrymas.

290 4898 484 4960 cura...
516 4903 606 4958 illo
637 4903 894 4972 Plangere
929 4915 1268 4972 nequaquam
1299 4898 1588 4972 audebant,
1621 4899 1743 4964 quia
1775 4913 1872 4964 spe

293 4977 430 5030 bona
463 4968 820 5036 Izetalnindus,
853 4987 956 5024 nou
985 4968 1347 5041 lacryuiautes
1375 4969 1468 5022 sed
1501 4968 1870 5041 [tutanteseos

291 5061 484 5102 einues
517 5045 698 5098 videre
721 5042 950 5097 volebat.
981 5041 1037 5095 Si
1063 5037 1213 5107 cujus
1237 5041 1290 5093 in
1321 5037 1590 5108 laerymas
1615 5038 1874 5092 concitati

295 5117 588 5183 singultum
616 5115 906 5176 sentiebat,
932 5109 1402 5183 confestimsolita
1439 5110 1707 5183 gravitate
1729 5121 1878 5183 com-

297 5179 567 5254 pescebat.
608 5203 626 5236 ι
683 5183 1060 5254 Tandem_die
1107 5181 1330 5236 Sabbati
1379 5181 1610 5254 mediam
1662 5179 1880 5254 cit-Aciter

299 5247 512 5311 noctem
560 5271 634 5309 vn
668 5254 890 5308 Kalend.
931 5252 1208 5321 Septemb.
1249 5249 1651 5305 sanctissimam
1683 5247 1882 5321 culavit

301 5327 560 5389 animam,
607 5325 804 5380 Christi
851 5318 1118 5379 incarnati
1149 5337 1296 5377 anno
1343 5321 1500 5382 1078,
1549 5335 1660 5374 sua:
1703 5318 1882 5373 relatis

209 5423 218 5428 -
302 5413 448 5451 anno
492 5411 707 5456 Lssxw,
758 5397 1110 5449 mouachatus
1157 5409 1300 5448 μιν.
1344 5392 1586 5446 Cadaver
1613 5391 1665 5444 in
1707 5389 1880 5443 media

303 5469 520 5522 CXt'til‘lB
548 5465 882 5520 ccenobitica:
915 5481 1040 5520 area
1072 5464 1371 5528 conditum,
1403 5459 1882 5532 nigroqueilapide

303 5535 776 5663 lvariiprefligiehus
795 5535 982 5590 caelato
1013 5543 1212 5590 tectum
1237 5533 1359 5600 fuit,
1397 5531 1557 5602 quum
1593 5531 1726 5602 ipsis
1753 5545 1884 5584 ocu-

329 5625 370 5663 lS
399 5625 446 5661 VI
491 5627 526 5661 Ι.

329 5625 370 5664 l5
399 5625 526 5663 VIUI.

381 5679 514 5733 Tres
543 5677 724 5732 titulos
767 5678 938 5731 eidem
990 5675 1161 5730 factos
1191 5673 1425 5730 habebat
1469 5673 1588 5728 eod.
1624 5671 1880 5726 Beccens.

309 5763 536 5816 qzmrum
581 5751 732 5817 duos,
763 5748 883 5816 quia
929 5747 1065 5809 apud
1113 5743 1376 5804 Gemmet.
1413 5744 1506 5800 lib.
1538 5758 1588 5800 vt
1621 5741 1756 5798 Hist.
1789 5743 1884 5798 du-

1973 4281 2096 4320 eum
2127 4264 2623 4319 Northmauuorum
2650 4273 2772 4325 cap.
2805 4255 2859 4311 9.
2899 4254 3082 4308 videre
3109 4257 3212 4315 est,
3255 4249 3436 4314 mitto;
3467 4247 3563 4302 ads

1979 4338 2242 4391 missurus
2271 4335 2510 4397 tertium,
2541 4331 2631 4400 qui
2662 4331 2741 4384 sic
2783 4327 2946 4381 habet
2977 4343 2989 4378 :

1975 4454 2282 4508 Humanum
2314 4451 2542 4517 lapsum,
2569 4444 2952 4517 quem__uincere
2994 4458 3094 4517 non
3111 4437 3362 4517 potuisti,

1975 4523 2286 4580 Conditione
2315 4511 2488 4583 uerus,
2517 4511 2680 4570 Pater
2700 4514 2974 4578 llerlnine,
3006 4511 3210 4566 subisti.

1979 4579 2160 4649 Primo
2187 4593 2396 4663 quidem
2425 4579 2592 4663 miles,
2615 4603 2734 4663 qua;
2759 4595 2878 4638 sunt
2907 4583 3089 4663 mundi
3121 4579 3366 4663 tenuisti;

1977 4666 2084 4719 Sed
2117 4651 2398 4717 miserante
2432 4661 2538 4714 Deo
2559 4651 2815 4712 mundum
2845 4663 2958 4724 post
2981 4651 3281 4716 deseruisti,

1979 4734 2318 4803 Paupertatis
2343 4749 2492 4803 onus
2508 4731 2766 4803 patienter
2787 4724 3139 4803 sa'pe__tuli_sti,

1981 4793 2124 4859 Nam
2154 4815 2244 4856 tua
2275 4793 2594 4871 pauperibus
2617 4799 2878 4871 sapienter
2903 4793 3239 4871 distribuisti.

1981 4876 2134 4930 Becci
2166 4866 2418 4941 fundator
2447 4872 2646 4940 primus
2669 4867 2784 4937 fieri
2809 4866 3064 4941 meruisti,

1981 4933 2262 5014 Ipsiusque
2293 4943 2396 4996 loci
2425 4933 2714 4994 monachus
2746 4948 3012 5004 rectorque
3043 4933 3209 5014 fuisti,

1993 5000 2186 5071 Vivere.
2200 5015 2391 5084 quique
2423 5027 2626 5082 gregem
2650 5018 2890 5084 sanctum
2917 5000 3086 5084 tecum
3111 5000 3342 5084 rpluisti,

1985 5069 2042 5142 Si
2070 5069 2200 5156 quid
2213 5069 2341 5156 eum
2368 5069 2642 5156 prenderet,
2675 5081 2909 5156 demere
2922 5076 3092 5156 patris
3113 5069 3363 5156 doluisti,

1985 5145 2208 5210 Munere
2239 5145 2414 5206 divino
2443 5151 2535 5204 tibi
2569 5151 2870 5204 commissos
2899 5145 3144 5198 docuisti.

1987 5227 2122 5280 li'cce
2148 5225 2242 5280 sub
2275 5225 2373 5276 hac
2412 5221 2613 5282 tumba,
2645 5221 2776 5272 cinis
2803 5233 2876 5278 es,
2915 5216 3000 5268 cui
3031 5213 3260 5267 membra
3289 5211 3499 5264 dedisti.

1987 5298 2262 5350 Laudibus
2290 5311 2410 5360 ergo
2433 5295 2531 5360 piis
2572 5291 2854 5344 Beccenses
2892 5296 3218 5360 venerentur,

1988 5367 2190 5438 Detque
2217 5367 2308 5419 tibi
2338 5357 2592 5418 Dominus
2619 5375 2830 5430 regnum
2855 5357 3075 5422 cmleste,
3109 5363 3406 5423 precentur.

2057 5456 2432 5528 Necrologium
2471 5453 2626 5528 ἔξεςεί
2659 5445 3021 5528 hishpaueulis
3065 5444 3180 5528 eius
3223 5443 3428 5497 obitum
3455 5451 3574 5528 Inag-

1989 5510 2166 5586 morat
2211 5510 2226 5581 ξ
2287 5510 2318 5578 ῗ
2357 5543 2426 5580 vn
2471 5523 2694 5578 Kalend.
2743 5510 3020 5587 Septemb.
3069 5510 3200 5570 obiit
3253 5510 3576 5587 venerabilis

1989 5583 2264 5656 memoria:
2295 5597 2546 5668 dominus
2571 5594 2737 5650 abbas
2776 5583 3067 5668 ll'crluinus
3095 5596 3279 5659 pastor
3305 5593 3358 5641 ct
3381 5583 3576 5638 funda-

1993 5683 2077 5728 tor
2117 5669 2274 5741 hujus
2299 5667 2551 5726 cmuobii.
2593 5685 2612 5718 ι
2870 5667 2881 5668 ’
3357 5693 3362 5696 .
