3898 6052
424 308 558 367 “'3'!

970 310 1027 365 S.
1072 309 1373 365 ANSELMI
1404 310 1756 370 CANTUAR.
1797 301 2116 366 ARCHIEP.
2159 300 2313 360 OPP.
2356 296 2536 356 PARS
2574 296 2661 355 Ill.
2692 328 2763 341 —
2786 296 3168 354 EPISTOLJE.

3558 299 3703 355 1152

421 436 901 501 quantumcunque
941 427 1205 499 dignitate
1242 436 1297 483 et
1333 426 1541 483 meritis
1587 436 1842 483 strenuus
1884 426 1981 494 epit

2108 412 2212 468 nisi
2291 410 2411 469 sola
2465 413 2606 468 bona
2667 408 2953 464 voluntate
2997 420 3317 478 cognoscam
3351 405 3449 474 ³³⁰;
3508 421 3699 467 tamen

421 539 616 594 scopus
671 532 726 577 et
775 523 1001 593 ignavus
1038 523 1334 577 monachus
1381 531 1735 592 separentur,
1787 536 2001 592 semper

421 624 599 670 tamen
632 614 933 670 Goudulfos
981 622 1036 669 et
1087 615 1379 670 Anselmus
1424 613 1677 668 familiari
1713 614 2001 670 dilectione

417 704 756 770 copulentur.
783 706 1123 775 Quapropter
1155 720 1435 775 nunquam
1467 705 1647 759 minus
1674 720 1999 775 praesumam

416 803 484 853 de
526 796 679 851 vobis
728 807 948 866 propter
982 810 1221 871 vestrum
1276 798 1679 868 episcopatum,
1720 812 1997 868 nunquam

415 890 594 944 minus
617 890 881 946 confidam
912 899 1132 960 propter
1163 900 1400 946 vestram
1448 890 1834 955 sanctitatem;
1869 890 1997 961 quia

414 996 628 1043 semper
650 998 814 1036 unum
844 997 940 1037 cor
969 999 1175 1049 sumus,
1220 992 1445 1053 propter
1482 998 1666 1054 parem
1691 982 1997 1038 dilectionis

412 1071 863 1127 familiaritatem.
892 1072 1005 1126 luto
1051 1081 1203 1151 tanto
1230 1090 1430 1144 magis,
1462 1073 1552 1127 ubi
1600 1073 1738 1127 ratio
1781 1073 1994 1144 exiget,

357 1223 370 1240 κ
410 1173 614 1234 quanto
649 1164 821 1236 magis
848 1165 1002 1220 vobis
1052 1165 1289 1234 suppetit
1316 1177 1369 1219 et
1403 1166 1454 1219 in
1504 1167 1734 1219 terrenis
1763 1164 1995 1220 facultas

411 1271 477 1311 ex
520 1257 809 1327 dignitate,
852 1265 906 1310 et
964 1258 1016 1312 in
1075 1258 1445 1327 spiritualibns
1497 1259 1876 1328 opportunitas
1926 1274 1990 1313 ex

409 1350 724 1404 sanctitate.
759 1349 891 1404 Cum
940 1351 1083 1404 enim
1142 1351 1193 1404 in
1243 1351 1347 1405 hoc
1393 1367 1492 1421 par
1540 1352 1615 1405 sit
1645 1350 1895 1405 voluntas
1938 1352 1991 1406 in

410 1450 731 1510 utroque,ut
763 1442 1010 1510 quisquis
1035 1443 1159 1497 velit
1185 1442 1414 1496 alterunt
1440 1443 1697 1512 prodesse
1729 1453 1990 1512 quantum

408 1541 606 1601 potrst,
645 1549 869 1589 necesse
915 1543 997 1589 est
1026 1543 1084 1589 ιιι
1110 1534 1232 1604 plus
1268 1534 1356 1588 ille
1385 1536 1575 1604 prosit,
1602 1536 1693 1603 qui
1735 1535 1856 1606 plus
1898 1551 1991 1604 po-

409 1633 531 1678 test.
560 1623 787 1694 Oportet
833 1640 962 1696 ergo
1005 1636 1063 1679 ut
1108 1625 1228 1695 plus
1275 1633 1515 1679 vestram
1570 1626 1699 1680 mibi
1741 1642 1987 1697 magnam

407 1717 745 1771 devotionem
803 1720 943 1786 apud
1000 1717 1168 1771 Deum
1233 1717 1494 1786 prodesse
1547 1718 1771 1782 curetis,
1823 1736 1985 1789 qttatn

2106 513 2285 560 vestra
2317 512 2446 561 nota
2491 501 2678 557 multis
2717 500 3022 571 benignitas
3074 499 3204 554 facit
3253 514 3340 554 me
3367 500 3433 555 de
3462 516 3521 556 se
3551 517 3696 571 pra:-

2103 610 2342 659 sumere,
2383 602 2470 659 ut,
2506 608 2627 649 cum
2654 607 2793 661 opus
2843 599 2958 656 est,
2986 606 3095 647 non
3131 590 3369 646 dubitem
3418 594 3565 662 quod
3596 611 3693 651 vos

2102 702 2211 742 non
2249 687 2528 752 dedeceat,
2563 693 2842 754 expetere.
2896 681 3031 737 Nam
3084 692 3140 739 et
3168 698 3269 753 ego
3302 699 3543 753 paratam
3590 703 3691 741 no-

2101 787 2271 835 stram
2328 778 2503 833 fateor
2537 776 2867 833 voluntatem
2899 774 2966 829 ad
3017 776 3396 843 obedientium,
3425 778 3472 833 si
3500 789 3683 834 vestra

2100 870 2403 940 paternitas
2433 882 2462 921 a
2493 882 2609 921 mea
2639 869 2909 937 parvitate
2942 866 3144 937 aliquid
3188 868 3433 938 exigeret
3478 870 3685 926 facien-

2101 960 2255 1015 dum.
2290 960 2502 1029 Quippe
2531 966 2587 1013 et
2635 958 2893 1020 cltaritas,
2926 973 3088 1027 quam
3115 974 3331 1030 semper
3361 962 3515 1017 nobis
3546 963 3683 1017 invi-

2104 1067 2224 1107 cem
2250 1053 2528 1121 debemus,
2558 1057 2701 1110 sicut
2741 1060 2958 1122 paratos
3006 1067 3105 1107 nos
3133 1050 3264 1107 facit
3285 1054 3351 1108 ad
3381 1055 3681 1121 obsequen-

2098 1146 2246 1210 dum,
2285 1146 2357 1200 ita
2404 1145 2633 1200 fidentes
2663 1141 2837 1198 reddit
2865 1143 2932 1197 ad
2963 1143 3311 1212 poscendum.
3344 1144 3681 1217 Quapropter

2096 1239 2376 1294 conlidens
2424 1239 2491 1293 de
2538 1247 2812 1308 pra‘cepto
2860 1238 3144 1293 charitatis
3201 1247 3256 1293 et
3308 1241 3678 1308 experimento

2096 1338 2290 1383 vestra:
2319 1329 2692 1397 benignitatis,
2709 1337 2764 1383 et
2784 1328 3116 1383 conscientia
3136 1337 3335 1391 nostra:
3362 1330 3674 1396 voluntatis,

2093 1421 2416 1476 commendo
2459 1429 2653 1476 vestra:
2696 1430 2936 1491 paternae
2967 1421 3223 1476 cltaritati
3254 1431 3309 1476 et
3339 1422 3676 1479 cltaritativa:

2093 1515 2410 1583 paternitati
2447 1513 2646 1569 fratres
2675 1523 2911 1581 nostros,
2956 1529 3092 1584 quos
3137 1514 3190 1568 in
3228 1514 3476 1585 Angliam
3507 1517 3681 1571 mitti-

2097 1622 2251 1673 mus;
2280 1615 2571 1678 quatenus,
2600 1607 2690 1662 ubi
2735 1624 2873 1679 opus
2919 1609 3041 1671 erit,
3072 1617 3256 1664 vestro
3303 1609 3676 1665 sustineantur

2093 1700 2324 1768 auxilio;
2350 1709 2530 1756 vestro
2570 1710 2829 1771 regantur
2880 1700 3140 1765 consilio,
3168 1709 3349 1757 vestra
3395 1702 3671 1773 diligentia

407 1823 583 1861 meam
626 1808 767 1879 (quae
798 1779 981 1878 uiiqne
1032 1817 1125 1862 aut
1172 1779 1283 1864 fere
1327 1808 1468 1862 nulla
1501 1809 1605 1880 est)
1628 1779 1886 1879 prodvess'e
1916 1812 1986 1843 ω
2022 1779 2063 1836 Β
2094 1790 2201 1844 vita
2230 1808 2419 1847 eorum
2453 1791 2865 1862 exquiratur,et
2890 1800 3071 1847 vestra
3091 1806 3320 1847 censura
3346 1792 3674 1862 approbetur

407 1899 557 1954 vobis
586 1900 937 1969 exspectetis.
968 1899 1078 1954 Nec
1104 1901 1207 1955 boc
1239 1900 1382 1963 dico,
1412 1908 1469 1953 ut
1497 1917 1596 1971 pro
1641 1918 1773 1957 vero
1809 1905 1986 1957 amico

404 2005 522 2045 meo
556 2006 659 2045 non
698 2006 873 2058 orem,
900 1992 1040 2053 sicut
1064 2007 1314 2060 possum;
1347 1992 1438 2047 sed
1470 2001 1530 2047 ut
1552 1994 1831 2048 ostendam
1856 1995 1981 2064 quia

403 2081 565 2136 nimis
621 2098 809 2153 parum
858 2091 941 2138 est
970 2085 1111 2154 quod
1162 2100 1381 2153 possum
1412 2103 1424 2140 :
1455 2096 1725 2156 quatenus
1772 2088 1860 2144 ille
1890 2089 1980 2158 qui

402 2171 520 2239 plus
548 2183 749 2243 potest,
786 2173 1007 2243 adjm'et
1053 2176 1201 2231 illum
1246 2178 1335 2245 qui
1388 2179 1569 2234 minus
1596 2188 1802 2249 potest,
1829 2189 1888 2234 ut
1915 2181 1981 2235 ad

403 2264 545 2320 illius
584 2276 639 2319 et
676 2283 830 2327 suum
875 2283 1010 2338 opus
1040 2269 1159 2339 plus
1187 2270 1380 2340 possit.
1408 2270 1518 2326 Nec
1576 2272 1776 2327 idcirco
1802 2282 1982 2327 vestra

400 2371 495 2425 pro
516 2371 600 2411 me
625 2356 782 2412 debet
813 2361 988 2414 oratio
1019 2359 1236 2430 frigere,
1263 2362 1389 2431 quia
1422 2378 1539 2417 mea
1567 2379 1664 2431 pro
1694 2363 1844 2419 vobis
1872 2380 1978 2421 non

400 2446 535 2500 valet
553 2448 831 2518 a-qualiter
849 2449 1075 2505 fervere.
1090 2452 1344 2522 Quisquis
1369 2455 1512 2509 enim
1536 2455 1978 2527 diligitaliquem,

399 2547 490 2590 aut
516 2554 610 2606 per
630 2539 975 2596 dilectionem
1003 2543 1222 2611 prodest
1247 2544 1405 2599 alicui
1430 2563 1443 2598 :
1477 2546 1675 2602 scitote
1705 2548 1833 2617 quia
1859 2547 1980 2618 plus

398 2630 495 2683 sibi
516 2631 758 2699 prodest,
787 2647 948 2700 quam
979 2633 1068 2688 alii
1106 2634 1209 2686 ³¹⁷ρ
1226 2635 1390 2691 Multo
1423 2653 1658 2708 namque
1699 2638 1873 2709 majus
1896 2648 1980 2694 est

398 2723 541 2791 quod
603 2732 745 2777 tenet
794 2725 985 2792 ipsam'
1025 2726 1367 2789 cltaritalem,
1397 2743 1559 2797 quam
1610 2729 1683 2784 sit
1735 2728 1787 2783 id
1835 2729 1978 2798 quod

398 2824 616 2882 praestat
651 2816 737 2869 alii
767 2832 862 2886 per
885 2818 1227 2874 cltaritatem.
1258 2820 1351 2875 Isti
1375 2821 1516 2875 enim
1558 2821 1609 2875 id
1637 2822 1807 2877 solum
1832 2824 1978 2892 quod

395 2903 633 2958 ebaritas
659 2906 724 2958 ad
752 2916 964 2977 tempus
994 2916 1191 2977 potest,
1239 2911 1494 2965 tribuitur
1525 2911 1629 2977 "9;
1658 2911 1734 2967 illi
1768 2928 1896 2969 vero
1923 2920 1977 2968 et

395 2994 480 3049 hic
513 2995 623 3064 ipsa
665 2996 904 3052 cltarilas
956 3001 1235 3069 tribuitur,
1266 3012 1320 3057 et
1376 3004 1427 3057 in
1484 3003 1667 3059 futuro
1712 3012 1976 3075 quantum

393 3085 504 3152 ipsa
538 3094 619 3140 est
649 3087 1338 3147 retribuitur.Commendo
1363 3101 1557 3147 vestrm
1585 3102 1823 3164 paterna:
1848 3094 1978 3149 cha-

393 3179 536 3232 ritati
584 3189 638 3233 et
676 3179 1016 3236 cltaritativtr.
1055 3185 1368 3252 paternitati
1400 3184 1600 3241 fratres
1651 3196 1869 3243 nostros
1916 3197 1973 3243 et

392 3280 631 3333 vestros,
661 3285 797 3338 quos
830 3272 881 3326 in
914 3272 1163 3344 Angliam
1192 3276 1484 3342 mittimus;
1534 3268 1827 3346 quatenus,
1877 3278 1968 3332 ubi

389 3374 524 3428 opus
574 3360 704 3426 erit,
733 3373 917 3420 vestro
959 3367 1334 3421 sustineantur
1374 3369 1610 3434 auxilio,
1646 3379 1833 3425 vestro
1882 3384 1971 3424 re-

388 3459 584 3518 gantur
647 3452 874 3509 consilio
912 3495 929 3518 ,
1002 3464 1185 3510 vestra
1249 3458 1527 3529 diligentia
1593 3463 1705 3515 vita
1779 3476 1967 3517 (orum

387 3542 710 3610 exquiratur
761 3555 815 3601 et
845 3556 1023 3602 vestra
1049 3563 1279 3604 censura
1313 3552 1643 3620 approbetur
1680 3553 1764 3609 vel
1794 3554 1968 3610 corri-

386 3642 561 3705 gatur.

881 3728 1219 3787 EPISTOLA
1264 3731 1333 3787 IV
1372 3733 1463 3790 ³⁸⁸.

956 3860 1020 3900 ΑΙ)
1054 3862 1379 3906 ΒΑιυυιΝωι.

387 3927 942 4016 Catttmetnlntissimos
988 3935 1271 3992 Becrcnses
1320 3939 1600 4016 monachos
1642 3940 1699 3993 in
1723 3941 1967 4016 Angliam

524 4009 828 4073 navigantes
854 4009 967 4074 ejus
995 4023 1139 4061 cura!
1164 4024 1227 4062 ac
1253 4009 1492 4079 regimini
1520 4009 1817 4065 committit.

453 4110 751 4175 Domno,et
780 4113 920 4170 Patri
952 4118 1248 4172 reverendo
1276 4118 1457 4172 abbati
1490 4118 1766 4177 BALDUINO
1801 4120 1968 4178 frater

384 4202 689 4272 Ansstuus,
716 4206 768 4261 in
817 4207 920 4264 ltoc
954 4209 1152 4266 smculo
1181 4220 1393 4278 sancte,
1438 4220 1494 4267 et
1521 4212 1571 4267 iu
1599 4211 1783 4271 futuro
1810 4215 1969 4272 beate

385 4309 584 4351 vivere.

451 4382 710 4452 Quamvis
735 4386 799 4442 de
818 4394 996 4444 vestra
1012 4390 1302 4448 sanctitate
1324 4407 1410 4449 me
1436 4393 1567 4449 nihil
1596 4395 1964 4466 promeruisse

2096 1884 2178 1939 vel
2207 1884 2529 1943 corrigatur.

2652 1953 2989 2021 EPISTOLA
3052 1956 3113 2010 V.

2689 2066 2757 2105 AD
2782 2067 3071 2107 HENRICUI.

2351 2133 2462 2210 Ipsi
2491 2140 2695 2195 eosdem
2729 2139 3011 2195 Becceuses
3041 2142 3387 2197 commendat.

2158 2231 2365 2287 Domno
2404 2239 2462 2284 et
2499 2229 2656 2287 fratri
2706 2230 3030 2287 cbarissimo
3069 2231 3312 2287 llsnmco
3360 2232 3527 2288 frater
3557 2235 3669 2292 Att-

2083 2339 2283 2380 sewus
2313 2324 2562 2381 salutem.

2152 2416 2304 2472 Licet
2344 2417 2667 2473 cbaritatem
2718 2426 2958 2474 vestram
2988 2418 3313 2475 fraternitas
3358 2430 3538 2475 nostra
3575 2436 3661 2475 ra-

2081 2508 2199 2563 rius
2228 2508 2538 2579 alloquatnr
2585 2510 2639 2564 in
2691 2510 2950 2579 epistola,
2991 2525 3331 2580 nequaquam
3365 2520 3539 2566 tamen
3579 2510 3669 2566 die

2082 2598 2243 2655 lectio
2302 2600 2529 2670 tepescit
2575 2600 2629 2655 in
2677 2602 3035 2657 conscientia.
3062 2601 3357 2671 Postquam
3407 2602 3547 2667 enim
3594 2605 3666 2658 de

2079 2706 2209 2747 vera
2267 2695 2482 2749 ratione
2544 2694 2760 2749 dilectio
2812 2694 2954 2748 inter
3004 2694 3356 2749 rationabiles
3399 2694 3661 2758 nascitur,

2081 2798 2425 2854 nequaquam
2458 2785 2600 2855 ipsa,
2630 2785 2870 2855 quandiu
2902 2785 3055 2839 radix
3094 2785 3251 2847 vivit.
3283 2786 3663 2850 exstinguitur.

2078 2876 2420 2949 Quapropter
2463 2893 2565 2934 nec
2611 2894 2712 2949 ego
2759 2893 2862 2933 nec
2889 2893 2989 2932 vos
3026 2878 3095 2933 de
3140 2887 3322 2931 mutua
3378 2878 3666 2935 dilectione

2078 2969 2337 3027 debemus
2389 2971 2664 3037 dubitare,
2702 2970 2959 3041 quoniam
3014 2970 3090 3024 uti
3147 2981 3328 3024 mutua
3375 2972 3664 3039 prreseutia

2080 3076 2186 3116 non
2214 3062 2460 3117 valemus
2483 3105 2498 3128 ,
2533 3063 2627 3117 sed
2656 3075 2870 3131 semper
2900 3062 2952 3115 in
2986 3059 3104 3127 ejus
3130 3060 3448 3116 certitudine
3470 3076 3668 3128 perse-

2037 3151 2048 3193 ἓ
2081 3168 2297 3221 verare,
2322 3154 2562 3224 quandiu
2590 3167 2813 3209 causam
2851 3152 3079 3222 originis
3114 3152 3228 3220 ejus
3264 3151 3665 3207 immutabilem

2080 3251 2352 3299 tenemus.
2385 3243 2717 3299 Commendo
2766 3251 2959 3297 vestrae
3010 3240 3257 3295 fraterna:
3309 3240 3563 3295 charitati
3610 3252 3666 3297 et

2079 3337 2419 3392 chat-itativaa
2466 3334 2822 3399 fraternitati,
2859 3333 3060 3389 fratres
3110 3341 3326 3388 nostros
3345 3342 3401 3387 et
3426 3344 3660 3398 vestros.

2079 3444 2215 3498 quos
2243 3428 2294 3480 in
2316 3426 2564 3492 Angliam
2597 3426 2896 3491 mittimus;
2929 3433 3214 3495 quatenus.
3243 3425 3332 3479 ttbi
3361 3439 3496 3493 opus
3521 3426 3650 3486 erit,

2079 3527 2260 3574 vestro
2312 3520 2683 3573 sustineantur
2710 3518 2914 3573 auxilio
2934 3558 2948 3581 ,
2975 3527 3159 3573 vestro
3195 3526 3452 3584 regantur
3478 3518 3660 3571 consi-

2079 3606 2181 3673 lio,
2238 3618 2414 3662 vestra
2466 3608 2746 3679 diligentia
2804 3607 2910 3660 vita
2959 3621 3148 3661 eorum
3197 3608 3533 3675 exquiratur,
3601 3616 3657 3660 et

2077 3709 2259 3753 vestra
2281 3712 2511 3754 censura
2540 3697 2870 3768 approbetur
2900 3696 2985 3750 vel
3012 3697 3341 3767 corrigatur.

2644 3785 2978 3841 EPISTOLA
3006 3785 3092 3840 Vl.

2186 3898 2411 3939 ANSELMI
2440 3899 2510 3937 ET
2542 3898 2759 3937 RICARDI
2788 3897 2855 3937 AD
2884 3894 3154 3935 BICARDUM
3177 3895 3247 3935 ΕΤ
3272 3892 3549 3935 ΕΟΙΙΑΙΜἋ.

2073 3973 2151 4028 De
2196 3973 2456 4040 beneﬁciis
2490 3972 2861 4043 grntins‘ngit;
2920 3979 2967 4043 et
3000 3968 3311 4043 Beccenses,
3373 3983 3502 4043 quos
3540 3966 3656 4043 ejus

2143 4037 2399 4097 instantia
2452 4037 2509 4096 in
2570 4037 2814 4109 Angliam
2874 4041 3069 4107 mittit,
3136 4039 3251 4108 ejus
3321 4037 3656 4108 providentia:

2143 4113 2380 4167 dimittit.

2148 4204 2261 4259 Suo
2283 4201 2604 4258 charissimo
2644 4201 2863 4256 domino
2897 4200 3175 4266 Βιωιωο,
3222 4208 3280 4253 et
3311 4213 3420 4251 suae
3446 4197 3657 4251 charis-

2073 4298 2224 4353 simae
2246 4294 2476 4352 domina:
2500 4291 2725 4349 Rouamt
2755 4293 2870 4365 (25)
2909 4291 3077 4348 frater
3106 4292 3389 4346 Aussuws
3413 4298 3470 4344 et
3495 4287 3660 4342 frater

2075 4390 2355 4445 thmous
2409 4384 2666 4458 parvulus
2712 4384 3032 4449 monachus,
3104 4399 3226 4439 cum
3265 4390 3374 4438 tota
3432 4394 3661 4452 congre-

1668 4487 1757 4543 VA
1766 4485 1910 4543 ΡιῐιΕ
1949 4478 2355 4539 LECTIONES.

454 4565 526 4643 δ”
543 4569 810 4643 Αειιλγθιιθ
836 4574 984 4628 nulla
1015 4586 1120 4639 est,
1152 4577 1415 4642 prodesse
1444 4596 1542 4634 ms.
1569 4588 1666 4634 aut
1690 4594 1821 4634 vere
1846 4577 2014 4643 nulla,
2038 4581 2129 4628 aut
2152 4571 2266 4627 fere
2294 4570 2436 4643 nulla
2467 4579 2569 4633 est.
2602 4570 2861 4643 prodesse
2931 4569 2999 4602 ³¹’¹
3031 4567 3199 4635 Quam
3226 4567 3345 4621 aliis
3370 4584 3468 4621 ms.
3493 4581 3658 4637 quam

379 4633 476 4690 alii
541 4637 613 4671 ³¹⁸
637 4639 893 4698 Charitas
922 4633 1227 4701 tribuit'u'ts.
1253 4633 1492 4705 cbaritas
1506 4633 1772 4706 tribuitur
1802 4633 1812 4634 ί
1844 4650 1913 4682 ³³⁸
1948 4633 2159 4702 collata
2182 4659 2301 4697 rum
2329 4642 2507 4697 eodem
2546 4633 2644 4695 ηιξ.

2721 4641 2790 4673 ³³⁸
2821 4640 3161 4711 Cognoscant
3192 4655 3290 4692 ms.
3325 4648 3661 4707 cognoscant

1556 4740 1840 4798 JOANNIS
1878 4736 2155 4797 PICARDI
2193 4732 2430 4789 NOTAE.

413 4893 425 4906 .
449 4820 562 4902 (25)
601 4821 709 4906 Sita
735 4825 1044 4906 charissima
1073 4830 1284 4906 domino
1314 4830 1562 4899 Ricardo,
1592 4844 1644 4888 et
1684 4851 1795 4889 sua:
1831 4834 1961 4888 cha-
1997 4836 2041 4891 D
2068 4826 2191 4906 hais
2218 4824 2388 4893 ipsius
2418 4822 2636 4906 Ricardi
2659 4839 2820 4906 .uxor
2848 4837 2946 4906 per
2963 4837 3294 4906 consensum
3316 4821 3476 4906 illius
3506 4820 3662 4906 dedit

377 4895 599 4968 rissimw
625 4895 852 4968 domina:
875 4897 1123 4953 Rolmidi.
1160 4901 1271 4956 Non
1303 4918 1366 4956 ex
1408 4904 1509 4958 Itoc
1541 4895 1745 4958 tantum
1775 4905 1956 4968 titulo,

376 4964 469 5039 sed
493 4973 548 5019 et
572 4980 639 5022 ex
667 4965 1075 5039 insequentibus
1097 4971 1257 5039 epist.
1284 4972 1523 5027 Anseltn.
1550 4976 1731 5029 verbis
1762 4975 1910 5029 hisce
1934 4964 1947 5028 ἐ

380 5054 414 5117 ς·
433 5034 645 5117 Quanto
671 5034 815 5092 enim
840 5038 993 5107 plura
1029 5034 1165 5117 bona
1217 5042 1581 5117 nobis__facitis
1601 5053 1655 5099 et
1685 5045 1955 5115 promitti-

377 5106 466 5186 tis,
489 5123 529 5186 ,ι
571 5106 747 5186 liquet
776 5106 869 5163 eos
897 5124 1018 5186 esse
1047 5112 1120 5186 de
1142 5113 1336 5186 quibus
1368 5112 1659 5186 llerlttinus
1686 5106 1957 5184 protocos-

376 5177 672 5253 npbiarclta
708 5176 999 5253 Beccensis
1040 5182 1140 5253 sub
1160 5176 1337 5237 'tinem
1385 5176 1713 5253 diplomatis',
1767 5186 1855 5239 ubi
1904 5197 1960 5241 et

373 5245 748 5319 eleemosynas
777 5249 829 5303 in
862 5265 1017 5305 suum
1047 5252 1271 5309 collatas
1296 5245 1624 5318 coenobium,
1655 5245 1711 5309 et
1733 5255 1961 5312 collato-

375 5331 463 5370 res
488 5328 756 5391 recenset,
776 5328 842 5391 _et
875 5322 940 5375 de
974 5321 1058 5377 bis
1084 5324 1298 5391 quidem
1323 5325 1401 5378 sic
1431 5343 1444 5377 :
1491 5344 1507 5376 ι
1553 5325 1737 5380 Eidem
1773 5340 1959 5380 mona-

375 5388 543 5440 sterio
587 5388 734 5443 dedit
775 5388 1040 5447 Ricardus
1067 5388 1206 5447 filius
1232 5393 1507 5450 Gilleberti
1542 5396 1755 5450 comitis
1798 5412 1956 5450 man-

372 5456 555 5512 siones
585 5458 739 5528 duas,
759 5459 952 5515 Totine
976 5471 1030 5516 et
1059 5463 1367 5529 Estrahani,
1395 5474 1527 5519 teste
1546 5474 1600 5519 et
1622 5468 1956 5521 assentiente

376 5540 547 5582 uxore
585 5538 777 5603 s_ua_et
829 5530 974 5603 filiis.
1004 5532 1238 5602 Bogerio
1279 5544 1333 5589 et
1364 5534 1681 5603 Gilleberto,
1725 5546 1779 5590 et
1821 5537 1956 5590 duas

374 5599 810 5675 parteshdecitntc
833 5600 899 5655 de
923 5599 1366 5675 Honde'meresto,
1398 5615 1448 5660 et
1478 5605 1544 5660 de
1563 5599 1955 5675 Cypestedclte,

374 5672 430 5744 et
460 5665 528 5719 de
553 5665 844 5744 fluentum,
876 5680 930 5725 et
969 5673 1036 5727 de
1067 5665 1454 5744 Blacingele'th,
1481 5684 1536 5729 et
1574 5665 1958 5732 de'Beccesut';

376 5731 525 5799 dum,
551 5742 605 5790 ct
634 5736 698 5793 de
726 5731 1111 5810 Tornecrusto,
1132 5752 1187 5798 et
1218 5731 1284 5800 de
1302 5731 1726 5811 ,Vual'euteroua.
1753 5731 1822 5802 Et
1853 5746 1961 5801 Ro-

2068 4890 2251 4951 eitlem'
2278 4895 2613 4949 monasterio
2658 4894 2759 4949 ltoc
2787 4890 2928 4963 quod
2962 4894 3014 4947 in
3047 4894 3285 4948 dominio
3316 4890 3548 4963 habebat
3592 4894 3660 4945 ad

2068 4964 2507 5026 llatuecelessan,
2546 4974 2653 5018 tam
2699 4964 2751 5018 in
2779 4961 2940 5019 terris
2969 4980 3129 5031 quam
3175 4963 3228 5017 iu
3255 4963 3378 5016 aliis
3408 4961 3600 5031 rebus.
3634 4982 3655 5014 ι

2070 5036 2162 5090 Sic
2187 5036 2239 5089 in
2269 5034 2560 5103 diplomate
2583 5037 2811 5104 signato.
2837 5029 3009 5088 Porro
3034 5033 3323 5088 Ricardum
3346 5029 3659 5103 parvulum,

2061 5121 2224 5174 quem
2270 5105 2321 5159 in
2372 5104 2548 5158 fronte
2595 5104 2834 5172 epistola:
2879 5112 3030 5158 notat
3069 5104 3310 5158 Anselm.
3356 5112 3489 5170 puto
3533 5115 3663 5174 esse

2062 5172 2224 5257 illum_
2245 5175 2421 5257 ipsum
2452 5173 2722 5257 [_leliensis
2739 5174 3065 5257 .monasterii
3098 5183 3432 5257 postremum
3465 5172 3658 5257 ιιι-(λιιῆ

2063 5240 2413 5311 mandritam,
2452 5244 2520 5298 de
2545 5259 2652 5311 quo
2678 5243 2815 5313 infra
2847 5245 2913 5297 ad
2939 5240 3112 5313 epist.
3136 5243 3258 5297 ηδ.
3286 5243 3379 5297 lib.
3425 5257 3511 5298 ιη.
3546 5240 3659 5295 Sed

2062 5328 2116 5371 et
2145 5317 2287 5370 hunc
2311 5323 2671 5385 parentesque
2696 5312 2812 5385 ejus
2832 5312 2997 5370 fuisse
3024 5314 3243 5384 Anglos,
3268 5314 3438 5370 claret
3463 5328 3528 5366 ex
3561 5326 3660 5385 vo-

2062 5387 2271 5441 cabulis
2292 5383 2534 5454 Anglicis
2580 5383 2760 5439 rerum
2785 5383 3278 5440 donatarum’nuuc
3301 5383 3661 5454 enumeratis.

2064 5463 2121 5511 et
2151 5471 2218 5511 ex
2254 5452 2512 5510 Anselmo
2549 5454 2651 5511 sub
2692 5455 2852 5510 tinent
2883 5455 3130 5525 epistolm
3177 5455 3398 5525 aieute:
3432 5470 3452 5503 ι
3497 5452 3665 5525 com-

2066 5527 2391 5597 mendamus
2418 5540 2549 5597 ergo
2582 5525 2735 5580 vobis
2764 5523 3007 5597 illos,’ut
3039 5527 3179 5581 sicut
3224 5524 3426 5597 vadunt
3454 5524 3507 5577 in
3540 5523 3663 5576 An-

2065 5596 2254 5666 gliam,
2291 5614 2309 5647 )
2345 5606 2453 5667 etc.
2478 5593 2736 5667 ilnsuper
2762 5611 2955 5653 nomen
2983 5595 3207 5662 Rohais,
3254 5593 3417 5667 pleno
3437 5601 3669 5665 gutture

2067 5665 2326 5737 personat
2357 5665 2714 5735 Anglismum.
2805 5688 2813 5696 ο
