3898 6052
301 183 446 241 “53

1637 181 1764 237 LIB.
1791 181 1854 246 ll,
1883 179 2100 238 EPIST.
2133 182 2244 238 Vll.

293 298 516 368 gatione
586 295 844 352 Beccensi
911 293 1142 350 salutent
1215 303 1269 348 et
1331 293 1516 349 fideles
1585 293 1882 348 orationes.
1919 303 1965 360 Α
1995 293 2293 348 secundum
2355 295 2521 347 Deum
2589 293 2788 358 vivitis,
2856 293 3264 364 congratulatur
3322 297 3578 354 cliaritatl

369 387 594 459 Magnas
617 387 822 457 gratias
851 386 1127 441 reddimus
1157 385 1210 439 in
1239 385 1430 455 primis
1459 384 1631 448 Deo,a
1665 399 1773 454 quo
1801 394 1888 440 est

295 481 478 534 ontuis
532 480 668 533 bona
719 477 992 541 voluntas,
1035 485 1090 532 et
1136 491 1234 546 pro
1283 475 1438 542 cujus
1491 491 1678 530 amore
1707 475 1890 529 omnia

295 573 440 628 bona
468 573 626 627 nobis
657 571 826 637 fiunt;
871 569 1070 624 deinde
1119 569 1294 633 vobis,
1323 585 1419 638 pro
1450 568 1704 622 omnibus
1736 567 1891 622 bonis

299 679 426 734 qua:
480 663 638 718 nobis
707 661 890 716 facitis
959 671 1016 715 et
1067 660 1410 731 promittitis.
1459 659 1514 713 lu
1585 660 1686 714 hoc
1745 659 1888 714 enim

297 756 620 812 monstratis
663 754 801 808 bene
855 753 982 821 quia
1023 767 1178 806 amor
1233 759 1436 816 vester,
1465 765 1626 820 quem
1674 763 1892 818 semper

297 847 568 902 habuistis
619 846 686 900 ad
731 855 975 900 nostrum
1025 843 1440 907 monasterium,
1473 855 1749 910 nunquam
1793 840 1888 893 de-

300 939 536 1001 crescit;
569 937 660 991 sed
696 937 816 1005 plus
838 944 894 990 et
921 935 1044 1004 plus
1069 933 1290 988 crescit.
1321 931 1534 998 Quanto
1564 931 1706 984 enim
1735 929 1888 999 plura

297 1032 442 1087 bona
493 1029 648 1084 nobis
697 1027 878 1082 facitis
921 1035 978 1080 et
1027 1024 1368 1094 promittitis,
1411 1029 1561 1074 tanto
1597 1021 1886 1075 certiorem

297 1137 542 1176 amorem
599 1119 907 1175 ostenditis.
963 1117 1322 1186 Omnipotens
1383 1116 1546 1178 Deus,
1601 1122 1656 1168 et
1701 1120 1886 1166 sancta

296 1226 479 1268 mater
509 1213 625 1282 ejus
649 1212 840 1284 Maria,
868 1226 1006 1280 quos
1031 1209 1275 1278 quotidie
1299 1221 1556 1278 rogamus
1587 1221 1684 1276 pro
1714 1204 1884 1268 vobis,

296 1315 355 1358 et
383 1321 480 1374 pro
510 1285 742 1371 quorum
775 1317 962 1356 amore
991 1301 1148 1356 nobis
1177 1299 1356 1353 facitis
1397 1297 1606 1360 onmia,
1637 1295 1710 1350 illi
1737 1296 1888 1350 vobis

297 1397 606 1452 retribuaut
635 1411 688 1450 ιιι
720 1409 888 1466 regno
911 1393 1198 1448 ccelorum.
1227 1392 1450 1450 Fratres
1495 1398 1713 1444 nostros
1733 1388 1888 1443 vobis

296 1488 588 1548 mittimus,
621 1487 762 1540 sicut
803 1485 1064 1556 jussistis.
1093 1481 1544 1539 Commendamus
1573 1495 1701 1549 ergo
1737 1477 1889 1534 vobis

295 1581 444 1646 illos,
485 1588 544 1633 ut
572 1579 712 1634 sicut
741 1579 944 1634 vadunt
969 1578 1021 1632 in
1050 1575 1304 1647 Angliam
1334 1583 1516 1629 vestra
1561 1572 1806 1643 jussione
1831 1579 1886 1624 et

1994 396 2189 442 vestra:
2213 386 2456 444 fraterno
2478 395 2530 442 et
2561 397 2788 456 paterno
2811 386 3004 442 allecto
3029 389 3206 444 anima
3237 405 3374 446 mea.
3403 392 3581 450 Testis

1993 476 2138 530 enim
2164 485 2250 531 est
2278 477 2410 532 mihi
2442 477 2772 532 conscientia
2805 493 2924 533 mea
2951 479 3074 548 quia
3099 480 3228 534 nihil
3257 495 3343 536 me
3370 491 3578 538 tantum

1993 565 2254 629 laetificat,
2293 575 2554 635 quantum
2591 582 2799 630 eorum,
2850 567 2940 636 qui
2993 583 3126 623 mete
3175 571 3450 638 parvitati,
3480 587 3579 628 ne-

1992 657 2106 711 scio
2152 671 2258 724 quo
2297 657 2482 712 divino
2517 657 2722 726 judicio
2763 659 3038 712 commissi
3073 669 3220 724 sunt,
3249 665 3581 730 prosperitas

1991 758 2046 804 et
2075 750 2344 804 rectitudo
2379 767 2390 802 :
2429 749 2562 802 nihil
2593 765 2680 804 me
2709 758 2918 804 tantum
2950 753 3282 816 mmstilicat,
3315 761 3575 820 quantum

1992 841 2304 896 earumdem
2333 843 2637 896 adversitas
2678 851 2734 896 et
2765 842 3042 898 tortitudo.
3075 843 3416 913 Quapropter
3455 861 3581 914 pre-

1993 948 2089 987 cor
2118 949 2210 988 vos
2237 942 2296 986 ut
2341 933 2558 999 fratres,
2605 949 2799 988 moneo
2834 943 2893 987 ut
2931 934 3070 989 filios
3107 936 3484 1002 charissimos,
3517 945 3578 992 ut

1993 1038 2209 1094 semper
2238 1025 2552 1079 memoriam
2586 1025 2914 1080 monachicae
2942 1026 3219 1096 religionis
3260 1038 3578 1096 perpetuam

1991 1115 2267 1181 habeatis;
2305 1125 2362 1169 ιιι
2392 1117 2536 1186 quod
2583 1118 2797 1172 habitus
2823 1115 3017 1172 vestrae
3043 1118 3324 1187 religionis
3347 1119 3576 1188 profite-

1996 1215 2100 1269 tur,
2127 1207 2232 1260 vita
2255 1216 2310 1262 et
2332 1209 2574 1262 moribus
2593 1209 2915 1264 exhibeatis.
2939 1209 3147 1280 Quippe
3167 1226 3266 1266 nec
3289 1213 3454 1274 locus,
3481 1227 3581 1268 nec

1993 1305 2205 1365 tempus
2240 1297 2456 1367 aliquod
2501 1307 2730 1354 excusat
2773 1300 3010 1370 aliquem
3055 1301 3186 1370 quin
3233 1301 3370 1356 bene
3407 1304 3580 1373 possit

1990 1389 2193 1452 vivere,
2239 1405 2360 1443 cun.
2411 1398 2466 1444 et
2509 1391 2706 1446 bonam
2758 1391 3088 1446 voluntatem
3133 1408 3290 1448 neruo
3340 1409 3577 1465 unquam

1993 1481 2188 1537 alicubi
2219 1497 2250 1536 a
2281 1483 2537 1538 cordibus
2563 1485 2863 1550 hominum,
2895 1485 3024 1556 ipsis
3053 1485 3385 1553 nolentibus,
3407 1489 3577 1556 possit

1992 1575 2320 1642 excludere;
2359 1585 2416 1632 et
2445 1592 2657 1632 morum
2692 1579 3011 1650 compositio
3045 1580 3098 1634 in
3129 1580 3367 1650 qualibet
3397 1597 3578 1636 rerum

295 1681 480 1726 vestra
509 1686 602 1740 spe
625 1711 640 1736 ,
670 1671 743 1725 ita
775 1670 996 1725 omnino
1044 1671 1118 1724 sit
1143 1669 1194 1722 in
1225 1673 1404 1722 vestra
1453 1680 1584 1720 cura
1621 1673 1678 1719 et
1705 1673 1887 1720 vestra
1917 1671 1962 1732 Β
1989 1667 2402 1736 perturbatione
2430 1671 2727 1725 secundum
2762 1687 2942 1726 rerum
2985 1673 3396 1742 congruentiam
3432 1673 3577 1727 ordi-

297 1761 642 1830 provideutia
667 1761 796 1830 qmd
823 1759 898 1815 illi
927 1759 1161 1825 faciant,
1195 1767 1290 1812 aut
1317 1756 1591 1828 quomodo
1619 1764 1714 1810 aut
1743 1756 1886 1810 unde

295 1855 509 1908 vivant.

693 1945 852 2018 343
892 1945 1228 2001 EPISTOLA
1263 1943 1350 2000 vu
1386 1945 1476 1998 εει,

520 2072 585 2110 ΑΙ)
625 2072 896 2112 RICARDI'M
933 2074 1001 2112 ΕΤ
1042 2071 1318 2112 MONACHOS
1352 2070 1662 2110 BECCENSES.

301 2147 368 2202 Ut
411 2148 692 2202 Becrcnses
730 2151 782 2202 in
829 2149 1070 2218 Angliam
1102 2149 1264 2202 delati
1303 2147 1540 2218 religiose
1571 2148 1774 2213 vivant,
1838 2155 1884 2200 et

409 2218 671 2272 Henricus
700 2221 1022 2272 camerarius
1048 2221 1112 2273 ab
1145 2220 1394 2273 ebrietate
1423 2219 1779 2287 prohibeatur.

371 2309 562 2364 Frater
590 2309 895 2376 Assecnus,
937 2309 1114 2364 dictus
1143 2309 1310 2364 abbas
1337 2308 1650 2374 Beecensis,
1685 2307 1888 2362 Fl't‘tll‘h

297 2402 402 2456 bus
422 2411 474 2455 et
501 2402 624 2455 filiis
647 2401 1006 2466 charissimis,
1031 2401 1280 2457 thxnno
1305 2411 1360 2454 ct
1390 2401 1510 2455 aliis
1539 2402 1602 2455 de
1631 2399 1886 2454 Beecensi

299 2493 720 2563 congregatione
753 2493 804 2546 in
835 2492 1026 2562 Anglia
1072 2493 1543 2559 conversantibus,
1575 2496 1804 2548 salutem
1835 2501 1891 2546 et

295 2593 580 2652 paternam
605 2599 726 2638 cum
750 2583 1038 2640 dilectione
1059 2585 1512 2640 benedictionem.

370 2671 427 2728 Si
477 2688 632 2741 sane,
683 2674 740 2730 sit
777 2689 1056 2746 prospere,
1109 2677 1154 2730 si
1200 2677 1432 2747 denique
1461 2676 1803 2732 concorditer
1829 2684 1884 2732 et

1991 1767 2118 1812 nata
2149 1768 2316 1828 queat
2341 1760 2659 1814 consistere.
2703 1758 2880 1829 Opera
2913 1777 3146 1831 namque
3184 1763 3328 1818 Deus
3369 1777 3579 1833 nequa-

1993 1865 2156 1919 quam
2181 1851 2350 1920 exigit
2376 1851 2518 1906 ultra
2546 1852 2982 1921 possibilitatem,
3015 1854 3108 1909 ubi
3149 1855 3303 1910 bonae
3330 1855 3582 1910 volunta-

1995 1943 2068 2008 tis
2101 1951 2154 1998 et
2193 1944 2458 1998 bonorum
2507 1959 2720 1999 morum
2761 1945 3028 2014 conspicit
3061 1946 3446 2016 integritatem.
3485 1947 3579 2002 Sic

1996 2034 2157 2105 igitur
2198 2035 2448 2090 desidero
2485 2045 2545 2090 ut
2585 2035 2638 2089 in
2689 2037 2940 2092 omnibus
2969 2039 3326 2108 vosmetipsos
3372 2040 3578 2109 absque

1991 2126 2140 2181 omni
2169 2129 2521 2182 excusatione
2550 2127 2870 2190 cxhibeatis,
2903 2137 2963 2182 ut
2989 2145 3083 2184 vos
3110 2145 3214 2184 non
3246 2126 3454 2197 mundi,
3486 2149 3578 2186 nec

1993 2235 2181 2276 eorum
2235 2237 2354 2290 qua:
2421 2221 2476 2274 in
2521 2221 2720 2274 nitendo
2777 2230 2938 2286 sunt,
2991 2223 3084 2276 sed
3147 2222 3238 2278 Dei
3279 2235 3332 2278 et
3393 2237 3576 2278 eorum

1993 2327 2114 2382 qua:
2156 2312 2252 2366 Dei
2287 2322 2435 2376 sunt,
2464 2320 2738 2366 amatores
2769 2312 3068 2368 ostendatis
3099 2311 3150 2382 (Ι
3179 2311 3344 2367 Joan.
3373 2329 3430 2378 ιι,
3470 2315 3573 2384 I5).

1992 2404 2270 2470 Quatenus
2311 2405 2376 2458 de
2415 2405 2554 2458 bona
2596 2408 2776 2459 veZstra
2807 2405 3222 2460 conversatione
3260 2405 3380 2459 aliis
3409 2407 3574 2460 Detm

1991 2495 2356 2559 laudantibus,
2391 2511 2487 2551 vos
2536 2497 2590 2550 in
2639 2498 2892 2566 praesenti
2942 2507 2996 2551 et
3025 2497 3204 2552 futura
3239 2499 3346 2552 vita
3383 2499 3434 2552 in
3468 2499 3576 2552 Deo

1989 2588 2209 2656 possitis
2239 2589 2495 2657 gaudere,
2537 2596 2591 2641 et
2621 2603 2722 2658 ego
2748 2603 2875 2642 vere
2907 2589 3109 2659 possim
3142 2589 3404 2644 fratribus
3427 2600 3480 2642 et
3511 2589 3577 2644 fi—

1983 2677 2070 2732 liis
2093 2679 2228 2732 meis
2251 2677 2606 2749 congaudcre.
2635 2677 2746 2750 (2t)
2771 2679 2846 2734 De
2858 2679 3054 2734 donmo
3080 2679 3330 2744 llcnrico,
3361 2679 3452 2748 qui
3483 2693 3574 2734 ca-

1593 2789 1828 2845 VAlll/E
1869 2789 2272 2847 LECTIONES.

372 2879 651 2935 3""Collrtta
675 2897 790 2934 cum
815 2883 988 2936 eadem
1023 2899 1100 2936 ms

1481 2975 1766 3032 JOANNIS
1803 2975 2078 3032 PICARDI
2111 2977 2341 3033 ΝΟΤλίΕ.

369 3065 496 3148 (ἡδὶ).
531 3065 606 3118 De
634 3065 844 3118 domino
885 3063 1136 3148 Henrico,
1193 3065 1282 3136 qui
1315 3069 1638 3148 camerarius
1683 3068 1808 3138 fuit.
1833 3067 1886 3148 ld
1916 3081 1956 3137 ο
1991 3069 2312 3148 exercendis
2356 3070 2489 3148 sivc_
2543 3069 2925 3148 conservandis
2967 3067 3290 3146 necessaria
3333 3074 3476 3121 sunt.
3511 3065 3572 3148 .ln

296 3136 532 3208 nominis
567 3151 674 3208 n_on
708 3151 872 3208 ιιιιιιιιι
911 3136 1218 3208 significare
1245 3140 1480 3206 comperi
1525 3136 1703 3208 primo
1741 3139 1882 3206 apud

297 3206 548 3278 abbatem
588 3205 1253 3278 .loachimum,’qui‘cap.
1311 3209 1332 3260 ι
1370 3205 1888 3278 ἈροοζἚιιιιειθίιιιιε

297 3276 476 3346 posuit
521 3291 618 3344 pro
647 3276 983 3346 amanuensi.
1024 3275 1062 3327 “‹
1104 3275 1216 3332 Nec
1264 3275 1460 3346 inquit,
1509 3279 1727 3342 mirum,
1783 3279 1826 3332 si
1855 3297 1885 3331 a

297 3345 422 3418 caeli
451 3347 747 3399 eameraria
780 3345 1101 3412 (Johanuem
1129 3345 1514 3417 evangelistam
1552 3349 1723 3418 notat)
1746 3350 1882 3402 scri-

297 3417 463 3486 bitur,
493 3419 576 3469 cui
609 3431 771 3485 supra
814 3426 1001 3486 pectus
1037 3418 1246 3471 Domini
1285 3421 1680 3482 recumbentes,
1705 3417 1734 3470 ι
1772 3428 1880 3472 etc.

300 3484 356 3539 Si
389 3495 636 3558 neutrum
660 3484 934 3550 occurrat,
983 3491 1220 3558 positum
1268 3489 1372 3541 erit
1404 3503 1502 3558 pro
1528 3491 1758 3558 quodam
1783 3504 1880 3543 cu-

299 3555 633 3628 curbitarum
663 3556 1056 3628 genere,quod
1102 3557 1228 3626 quia
1277 3555 1521 3612 cameras
1548 3555 1604 3612 et
1633 3560 1882 3628 pergulas

300 3625 476 3692 operit
509 3625 851 3691 reptantibus
879 3627 1096 3694 llagillis
1122 3625 1177 3680 et
1201 3628 1467 3694 capreolis
1496 3625 1875 3694 ittttitetttilitts,

305 3695 434 3765 hinc
463 3694 716 3762 opinatur
758 3695 976 3750 ductum
1022 3705 1078 3750 et
1119 3696 1318 3750 dictum
1353 3697 1552 3751 Marius
1579 3697 1883 3765 Grapaldus

301 3764 336 3817 l.
370 3779 386 3817 ι
417 3765 726 3835 Apothecae.
770 3765 1080 3834 Onuphrius
1127 3767 1178 3820 in
1209 3767 1482 3835 explanat.
1531 3764 1752 3820 obscur.
1783 3781 1880 3818 vo-

301 3833 638 3906 cumeccles.
669 3836 792 3890 huic
811 3833 1148 3906 etymologiae
1180 3833 1551 3902 subscribens,
1577 3837 1680 3889 alio
1703 3846 1880 3890 tamen

303 3904 599 3976 reSpiciens
631 3906 804 3976 docet,
860 3904 1221 3960 camerarium
1270 3907 1560 3976 (exstincto
1592 3907 1880 3960 Arcliidia-

299 3975 420 4029 coni
452 3973 507 4028 S.
535 3973 599 4027 ll.
634 3975 693 4028 E.
723 3977 959 4045 nomine)
998 3977 1078 4032 sic
1107 3973 1359 4031 vocatum
1389 3975 1577 4043 fuisse,
1604 3977 1747 4045 quod
1783 3990 1878 4044 pe-

299 4045 576 4098 cuniarum
626 4045 1142 4110 ecclesiasticarum,
1181 4063 1300 4115 qum
1339 4049 1390 4101 in
1420 4049 1654 4101 cameris
1697 4062 1880 4102 asser-

299 4123 516 4178 vantur,
540 4131 724 4188 curam
752 4117 982 4188 habent;
1013 4123 1223 4188 hocque
1253 4119 1574 4172 vocabulum
1622 4119 1879 4188 habuerit

303 4185 811 4258 temporeGrcgorii
839 4187 944 4240 \‘ll.
977 4189 1112 4242 lluic
1133 4185 1360 4258 augurio
1387 4187 1659 4244 consentit
1683 4203 1876 4242 nomen

301 4257 580 4328 camerarii
620 4259 852 4326 positum
885 4258 936 4310 in
983 4259 1139 4328 epist.
1179 4257 1302 4320 152,
1341 4259 1432 4313 lib.
1468 4275 1544 4322 Ill,
1581 4258 1665 4311 tibi
1694 4258 1878 4328 obser-

301 4325 512 4399 vavi__ad
534 4325 848 4399 marginem
875 4325 1029 4381 illum
1046 4328 1262 4399 Petrum
1291 4329 1380 4398 (de
1405 4345 1514 4398 quo
1549 4327 1682 4399 illic)
1709 4327 1876 4383 fuisse

301 4409 366 4448 ex
393 4395 734 4452 Cluniacensi
781 4400 1043 4452 monacho
1071 4395 1444 4452 Camerarium
1491 4395 1705 4454 Urbano
1737 4399 1780 4452 ll
1823 4409 1878 4452 et

301 4463 568 4538 Paschali.
597 4466 659 4538 In,
696 4469 967 4538 veteribus
999 4469 1358 4524 Floriacensis
1386 4472 1452 4524 ad
1499 4469 1733 4538 Ligerim
1767 4483 1878 4523 ete-

303 4535 445 4589 nobii
480 4537 695 4608 statutis
745 4537 869 4608 legi,
921 4540 1062 4608 quod
1113 4539 1248 4592 feria
1285 4540 1472 4608 quinta
1522 4535 1878 4593 hebdomadis

305 4615 544 4679 sancth
578 4625 597 4658 ι
631 4607 820 4662 Finito
855 4607 1124 4673 sermone,
1165 4607 1388 4679 jubente
1421 4609 1643 4664 domino
1686 4609 1880 4663 abbate

305 4677 477 4750 surgit
509 4681 862 4744 camerarius,
892 4689 950 4734 et
994 4677 1368 4750 sufl‘i'agatieus
1392 4680 1530 4746 ejus,
1563 4689 1620 4734 et
1659 4695 1756 4750 per
1783 4695 1878 4738 eos

305 4746 564 4820 fratribus
617 4765 753 4802 nova
809 4746 1186 4806 calceamenta'
1227 4759 1538 4820 erogantur.
1597 4769 1615 4801 ι
1661 4746 1808 4804 ιιι).
1862 4765 1879 4803 ι

307 4815 642 4892 Statutornm
675 4828 1001 4892 nostrorum,
1033 4837 1153 4892 cap.
1183 4821 1266 4884 l0,
1300 4815 1655 4892 explanatius
1697 4829 1879 4892 partes

305 4886 420 4955 ejus
443 4887 524 4940 cui
550 4895 632 4942 est.
657 4891 882 4956 nomini,
907 4886 1274 4945 memorantur
1295 4890 1348 4943 in
1369 4886 1507 4944 lianc
1527 4886 1880 4945 sententiam:

311 4975 330 5008 ι
353 4957 434 5031 Ad
457 4956 688 5014 ollicium
717 4963 1002 5016 camerarii
1032 4963 1284 5031 pertinet,
1321 4971 1582 5016 utomnes
1610 4975 1804 5016 census
1830 4969 1886 5014 et

308 5028 512 5082 reditus
543 5033 854 5086 monasterii
886 5034 1000 5088 sive
1033 5028 1110 5085 'de
1137 5032 1274 5086 villis
1303 5034 1416 5086 sive
1440 5032 1506 5086 de
1557 5033 1736 5098 terris,
1769 5031 1884 5086 sive

309 5099 373 5152 de
400 5098 686 5164 molendis,
717 5103 829 5156 sive
867 5105 932 5158 de
977 5103 1306 5172 quibuslibet
1340 5103 1461 5157 aliis
1491 5103 1651 5158 rebus
1681 5111 1883 5156 statuto

311 5179 546 5242 tempore
578 5182 632 5224 et
659 5173 936 5242 pcrquirat
969 5184 1023 5229 et
1052 5175 1296 5242 recipiat.
1334 5174 1408 5226 De
1439 5175 1672 5242 receptis
1699 5181 1880 5226 autem

307 5240 562 5314 pecuniis
579 5242 645 5314 ad
663 5240 920 5298 abbatem
945 5260 1010 5300 ac
1051 5240 1335 5312 praedictos
1363 5240 1724 5314 depositarios
1765 5242 1880 5298 sin-

307 5308 850 5385 gulis__bcbdomadis,
884 5308 1144 5385 quantum
1190 5315 1307 5370 fieri
1344 5308 1544 5384 potest,
1583 5329 1642 5368 se
1677 5325 1878 5385 exone-

311 5389 410 5434 ret.
443 5379 674 5437 l-lorreas
724 5379 918 5452 etiam,
963 5395 1169 5450 aratra,
1221 5395 1276 5440 et
1329 5379 1487 5440 terra:
1516 5379 1780 5448 arabiles,
1823 5391 1880 5437 et

307 5461 513 5506 caetera:
555 5453 780 5510 culturae
805 5457 1154 5522 monasterii,
1189 5472 1287 5513 nec
1331 5471 1436 5510 non
1483 5463 1538 5508 et
1584 5469 1780 5523 pecora
1825 5461 1880 5506 et

305 5537 490 5598 tlllllles
519 5526 801 5582 nutritura:
823 5544 1140 5584 communes
1170 5529 1236 5582 ad
1262 5527 1378 5598 ejus
1399 5540 1584 5598 curam
1609 5531 1877 5598 spectant.

307 5605 360 5650 ut
393 5595 506 5666 ipse
551 5601 829 5665 provideat
873 5615 992 5673 quae
1047 5599 1102 5653 in
1136 5593 1386 5654 ontuibus
1432 5593 1800 5652 instaurandis
1827 5605 1882 5649 et

1991 3141 2320 3192 monasterio
2345 3139 2522 3192 omnis
2557 3155 2686 3193 cura
2716 3140 3072 3194 exteriorum.
3104 3147 3158 3192 et
3197 3137 3363 3190 totius
3408 3137 3575 3190 curiae

1987 3210 2328 3278 providentia
2365 3209 2432 3263 ad
2462 3224 2582 3262 cum
2613 3209 2865 3276 pertinet,
2907 3207 3176 3262 stabulum
3203 3215 3256 3261 et
3279 3208 3456 3260 omnis
3480 3223 3572 3260 su-

1989 3279 2185 3348 pellex,
2215 3288 2267 3333 et
2299 3295 2418 3347 qua:
2447 3278 2510 3332 ad
2565 3279 2833 3348 stabulum
2862 3288 2916 3332 et
2943 3293 3110 3346 equos
3140 3279 3429 3348 pertinent,
3463 3287 3572 3329 tum

1987 3345 2040 3400 et
2063 3349 2132 3402 ibi
2157 3345 2456 3402 servientes
2483 3351 2583 3403 sub
2609 3347 2724 3417 ejus
2757 3357 2884 3403 sunt
2909 3345 3266 3416 prevideutia.
3301 3366 3318 3398 ι
3358 3345 3424 3399 Ει
3447 3355 3570 3415 post

1989 3432 2199 3488 pauca:
2235 3435 2255 3468 ι
2291 3417 2615 3472 Granarinm
2667 3429 2722 3472 et
2766 3418 3044 3472 cellarimn
3094 3425 3146 3470 et
3199 3419 3450 3470 horreum
3501 3418 3569 3488 ad

1987 3486 2173 3543 curam
2229 3497 2282 3544 et
2329 3489 2724 3557 providentiam
2783 3488 3069 3544 camerarii
3121 3495 3390 3557 spectant.
3431 3506 3449 3538 ι
3502 3486 3570 3557 Et

1987 3559 2169 3626 capite
2199 3556 2566 3628 praecedenti:
2607 3576 2625 3608 ι
2690 3558 2969 3627 Expcnsas
3023 3556 3202 3611 autem
3251 3556 3566 3628 monasterii

1985 3627 2285 3684 celerarius
2313 3627 2496 3693 faciat,
2521 3628 2659 3681 sicut
2681 3629 3014 3682 camerarius
3039 3637 3285 3696 receptas
3306 3627 3564 3697 colligit.»

1985 3699 2260 3752 llaetenus
2316 3697 2530 3750 Statuta
2583 3699 2880 3762 Victor-ina,
2930 3715 2994 3751 ex
3032 3699 3228 3766 quibus
3275 3699 3564 3751 camerarii

1983 3765 2347 3820 ministerium
2394 3766 2772 3820 enucleantius
2803 3765 3127 3834 expositum,
3160 3769 3284 3820 huic
3314 3767 3432 3820 loco
3452 3769 3568 3820 Ali--

1985 3837 2136 3891 sclmi
2180 3835 2506 3906 rectissime
2557 3834 2828 3906 quadrat.
2869 3836 3088 3906 llegulre
3143 3835 3198 3890 S.
3258 3835 3566 3891 Benedicta:

1984 3921 2105 3976 cap.
2129 3903 2514 3976 5|,7Cellarius
2552 3903 2767 3976 videtur
2816 3905 2920 3960 hoc
2955 3903 3114 3976 Tangi
3169 3919 3419 3976 munere,
3460 3922 3568 3974 quo

1985 3974 2317 4030 camerarius
2364 3974 2726 4040 Victorianus,
2780 3977 2874 4030 sed
2921 3974 3170 4030 universa
3217 3975 3333 4044 ejus
3383 3976 3564 4028 munia

1985 4056 2092 4101 tam
2143 4045 2418 4116 sigillalim
2477 4046 2838 4114 privatimque
2891 4063 2996 4098 non
3049 4046 3446 4114 exprimuntur.
3486 4045 3564 4116 Ex

1983 4115 2250 4172 Eadmero
2279 4125 2456 4172 autem
2483 4119 2650 4185 liquet
2688 4117 2896 4170 diversa
2931 4129 3050 4185 esse
3073 4117 3358 4185 camerarii
3383 4122 3436 4167 et
3461 4115 3568 4168 cel-

1982 4187 2102 4242 larii
2125 4189 2318 4252 otlicia,
2348 4184 2562 4240 famulis
2591 4199 2803 4254 quoque
2831 4184 3174 4239 cubiculariis
3200 4184 3358 4238 video
3391 4199 3420 4237 a
3445 4185 3566 4253 qui-

1981 4259 2206 4314 busdam
2233 4259 2370 4311 liane
2401 4272 2520 4310 esse
2539 4257 2760 4310 inditam
2785 4256 3217 4324 appellationem,
3245 4269 3365 4322 qua:
3387 4263 3564 4308 tamen

1981 4329 2110 4383 olim
2141 4328 2268 4394 regii
2301 4327 2535 4380 cubiculi
2567 4327 2804 4394 praefecti
2835 4327 3030 4380 summi
3063 4335 3114 4380 et
3137 4325 3294 4394 primi
3325 4326 3560 4394 maxime

1983 4408 2122 4462 erat,
2157 4393 2223 4450 ut
2248 4398 2348 4468 legi
2395 4399 2444 4450 in
2471 4393 2681 4468 epistol.
2715 4395 2817 4468 190
2842 4393 3247 4468 lvon._Carnot.
3269 4395 3370 4468 _ubi
3399 4393 3563 4468 Gale-

1987 4483 2152 4522 ranus
2183 4464 2324 4536 regis
2371 4467 2704 4520 camerarius
2749 4467 2964 4520 dicitur.
2999 4465 3064 4519 Et
3091 4467 3139 4519 in
3177 4464 3561 4536 diplomatibus

1987 4534 2266 4592 Ludovici
2292 4537 2472 4590 Crassi
2503 4536 2832 4588 Francorum
2867 4537 3040 4606 reg's.
3071 4535 3275 4604 filiique
3321 4534 3564 4606 ejusdem

1987 4608 2246 4663 Ludovici
2281 4607 2390 4660 Vll.
2425 4607 2581 4659 Prius
2627 4606 2844 4674 quidem
2891 4605 3168 4661 (latalauni
3192 4607 3374 4661 datum
3403 4605 3565 4660 “03.

1987 4679 2350 4748 subscripmlll
2396 4677 2580 4732 estita
2617 4693 2630 4729 :
2682 4675 2904 4748 Signum
2944 4675 3215 4748 ﬁnitionis
3256 4675 3566 4748 camerarii.

1993 4745 2267 4804 Posterius
2296 4746 2495 4801 luletiae
2525 4745 2848 4801 Parisiorum
2879 4763 2904 4800 a
2943 4745 3215 4802 Ludovico
3241 4745 3430 4802 Crassi
3455 4746 3566 4800 filio

1987 4819 2288 4874 blanditum
2325 4817 2390 4870 ad
2423 4817 2766 4872 asserendam
2823 4815 2995 4872 Patris
3027 4819 3484 4884 magnificentiam
3513 4817 3566 4869 in

1991 4889 2331 4943 Victorianos
2359 4897 2575 4942 nostros
2623 4889 2806 4940 datum
2859 4903 3000 4941 anno
3049 4889 3206 4952 ΗΠ,
3259 4887 3482 4940 Parisiis
3513 4886 3566 4938 in

1987 4959 2241 5022 Basilica,
2298 4958 2383 5012 cui
2434 4959 2655 5013 suberat
2703 4960 2804 5012 hoc
2847 4958 3262 5026 chirographum
3299 4975 3312 5010 :
3343 4955 3564 5026 Signum

1989 5030 2231 5098 [lagonis
2260 5030 2558 5081 camerarii.
2588 5029 2736 5083 Alios
2767 5028 2923 5081 mitto
2967 5025 3134 5098 locos,
3163 5042 3228 5098 ex
3257 5027 3452 5098 quibus
3485 5025 3562 5078 si-

1987 5095 2134 5156 milia
2191 5098 2488 5169 potuissem
2544 5107 2862 5167 argumenta
2913 5097 3154 5166 proferre
3187 5095 3318 5169 si_iu
3351 5110 3426 5169 re
3457 5105 3564 5148 tam

1987 5171 2090 5226 levi
2123 5165 2478 5224 morosiorem
2513 5183 2598 5223 me
2612 5165 2802 5238 ‘quam
2835 5165 3192 5238 studiosorem
3241 5165 3430 5220 lectori
3479 5179 3565 5238 me

1987 5250 2342 5296 ostentarem.
2375 5238 2604 5294 Unicum
2637 5234 2852 5300 addam,
2887 5238 3094 5292 scilicet
3118 5236 3292 5304 illum,
3326 5247 3480 5304 quem
3506 5234 3562 5288 in

1982 5312 2254 5382 plerisque
2297 5309 2652 5382 monasteriis
2727 5317 3152 5382 procuratorem
3189 5315 3283 5382 aut
3340 5319 3561 5382 (Econo-

1983 5375 2128 5436 iuum
2160 5375 2496 5450 appellitant,
2518 5380 2606 5436 hic
2626 5375 2985 5450 camerarium
3011 5375 3275 5450 i_t_ominari
3303 5375 3442 5450 apud
3465 5387 3561 5429 nos

1984 5445 2314 5517 Chambrier,
2341 5459 2401 5506 ut
2428 5445 2594 5506 etiam
2627 5455 2896 5504 nostrates
2935 5447 3072 5504 Galli
3106 5445 3393 5502 vernacule
3427 5459 3561 5499 nun-

1983 5531 2182 5592 cupant
2208 5535 2358 5592 papaa
2387 5521 2772 5580 eamerarinm.
2810 5518 2914 5576 Sed
2939 5527 2999 5592 et
3025 5519 3296 5588 quondam
3315 5517 3557 5592 _cnbic_u-

1985 5585 2155 5650 larius
2187 5585 2367 5664 regius
2395 5593 2498 5650 hoc
2524 5592 2820 5650 vocabatur
2860 5585 3100 5662 nomine,
3137 5600 3196 5648 ut
3243 5587 3420 5662 palam
3472 5585 3557 5642 ﬁet

3438 187 3580 246 1154
3649 231 3656 240 ,
