3872 6028
387 160 520 214 “55

985 157 1044 212 S.
1093 153 1393 210 ANSELMI
1426 147 1781 208 CANTUAR.
1812 145 2131 204 ARCHIEP.
2161 147 2311 205 OPP.
2344 147 2524 204 PARS
2553 147 2638 202 lll.
2678 177 2749 190 —-
2775 148 3166 205 EPISTOL/E.

3537 149 3690 205 “56

384 273 646 327 rnerarius
663 269 962 337 fuit,audio
983 271 1108 339 quia
1138 271 1190 324 in
1223 267 1404 322 inultis
1425 265 1730 320 inordinate
1753 278 1811 319 se
1834 264 1970 334 agit,
2001 268 2046 324 Α
2077 264 2434 332 permissione
2472 264 2583 331 jam
2638 276 2965 329 remoratur,
3014 265 3122 320 imo
3168 262 3404 330 jussioni
3468 275 3690 324 nostra:

379 375 435 421 et
457 364 691 418 maxime
714 364 767 418 in
792 362 1043 427 bibendo;
1060 362 1130 416 ita
1145 372 1200 416 ut
1218 361 1271 415 in
1293 359 1466 415 Gildis
1489 374 1612 414 cum
1635 359 1862 413 ebriosis
1887 358 1968 412 bi-

375 456 492 516 bat,
521 462 717 508 etcum
741 453 818 508 eis
845 453 1147 508 inebrietur
1173 452 1262 506 ³³³.
1291 451 1447 518 Quod
1472 451 1516 506 si
1549 465 1736 505 verum
1761 459 1864 516 est,
1893 449 1970 504 di-

375 557 502 597 cet-e
529 557 633 596 non
662 557 880 610 possum
905 550 1165 611 quantum
1195 556 1291 596 cur
1315 556 1492 596 meum
1517 540 1581 594 de
1607 547 1755 594 tanta
1782 538 1968 594 fratris

383 635 683 705 perditione
704 633 904 688 doleat.
945 631 1060 686 Non
1094 633 1238 687 enim
1269 634 1358 687 diu
1389 633 1505 688 sola
1533 632 1638 686 erit
1666 632 1769 686 ista
1799 633 1965 687 mise-

381 728 456 779 ria
479 766 493 790 ,
525 725 618 778 sed
647 725 746 777 nisi
772 738 828 778 se
851 724 978 788 cito,
1006 725 1116 778 Deo
1143 722 1488 792 respiciente,
1520 722 1843 788 correxerit,
1871 736 1968 790 per

379 835 494 871 eam
530 818 596 871 ad
627 817 730 870 alia
782 817 1030 872 trahetur
1077 818 1268 871 mortis
1314 816 1636 887 praecipitia.
1693 815 1964 882 Quantum

379 909 544 976 igitur
573 907 739 962 abbas
765 906 925 961 debet
951 907 1240 976 prohibere
1282 907 1574 967 monacho,
1606 915 1816 957 tantum
1843 919 1964 973 ego,

379 999 768 1069 qualiscunque
817 1009 1073 1068 peccator
1128 1000 1262 1067 sim,
1310 1015 1372 1053 ex
1409 997 1500 1051 Dei
1551 1004 1605 1052 et
1653 1007 1963 1052 sanctorum

377 1095 494 1163 ejus
538 1103 591 1146 et
639 1102 824 1147 nostra
870 1093 1194 1146 auctoritate
1237 1091 1518 1161 prohibeo,
1563 1106 1632 1145 ne
1681 1099 1965 1160 postquam

381 1188 518 1240 hanc
553 1195 792 1239 nostram
823 1184 1244 1254 prohibitionem
1277 1183 1615 1252 cognoverit,
1653 1182 1884 1250 amplius
1909 1181 1963 1235 in

378 1277 554 1341 Gilda,
587 1279 756 1330 autin
798 1286 1062 1332 conventu
1092 1291 1278 1331 eorum
1333 1275 1422 1345 qui
1467 1275 1535 1328 ad
1588 1275 1965 1329 inebriandum

378 1371 548 1425 solum
578 1373 928 1436 conveniunt,
981 1371 1167 1424 bibere
1211 1369 1411 1423 audeat
1455 1367 1544 1420 ³³³.
1594 1367 1707 1422 Iloc
1751 1381 1964 1436 quoque

379 1463 656 1530 prmcipio,
686 1471 744 1516 ut
773 1463 838 1517 de
871 1462 1144 1532 praeterita
1177 1461 1601 1523 inordinatione,
1634 1459 1679 1514 si
1720 1474 1840 1513 eam
1873 1474 1966 1514 nc—

379 1569 506 1624 gare
535 1570 638 1608 non
685 1561 886 1623 potest,
923 1553 1126 1607 domini
1169 1553 1340 1607 nostri
1371 1550 1664 1605 Lanfranci
1695 1551 1967 1619 archiepi—

379 1616 549 1712 scopi,
579 1616 899 1698 aut-domini
928 1643 1166 1712 episc0pi
1201 1641 1472 1706 Gondulﬁ,
1501 1648 1594 1694 aut
1618 1651 1803 1695 vestro
1822 1616 1964 1710 judi-
2001 1616 2041 1675 Β

380 1735 465 1787 cio
504 1735 769 1804 poenitere
813 1750 918 1788 non
961 1734 1232 1804 negligat;
1286 1742 1340 1786 et
1389 1732 1644 1802 deinceps
1686 1747 1874 1786 curam
1907 1749 1968 1790 se

379 1823 716 1876 custodiendi
747 1824 814 1876 ab
841 1823 1105 1876 ebrietate
1135 1831 1190 1876 et
1220 1839 1266 1878 a.
1299 1822 1584 1877 malitiosis
1615 1821 1801 1877 verbis
1842 1839 1965 1879 cum

383 1913 474 1966 Dei
509 1913 710 1967 auxilio
753 1914 968 1968 habeat.
1011 1913 1082 1968 At
1124 1914 1168 1968 si
1213 1929 1273 1968 se
1300 1916 1575 1986 corrigere
1601 1917 1832 1972 noluerit
1855 1931 1969 1972 om-

382 2003 511 2057 nino
529 2044 544 2070 ,
581 2003 740 2065 malo,
777 2012 1082 2072 contempta
1109 2004 1254 2058 omni
1279 2004 1513 2061 utilitate
1538 2022 1697 2076 quam
1725 2022 1821 2076 per
1843 2023 1967 2062 cum

384 2096 436 2148 in
465 2096 652 2166 Anglia
687 2097 944 2151 debemus
975 2095 1196 2160 habere,
1230 2106 1289 2150 ut
1329 2098 1393 2151 ad
1427 2113 1526 2152 nos
1557 2101 1656 2153 sub
1685 2099 1968 2169 disciplina

384 2189 652 2258 regendus
678 2189 882 2251 redeat.
913 2205 1077 2259 Quam
1111 2199 1168 2243 ut
1195 2190 1353 2260 longe
1383 2205 1413 2244 a
1438 2191 1718 2261 disciplina
1742 2192 1969 2261 perden-

382 2277 484 2332 dus
513 2288 811 2334 rcmaneat.
843 2281 1110 2334 Domuum
1142 2295 1269 2334 vero
1300 2281 1591 2336 llenricum
1625 2283 1689 2337 de
1719 2282 1969 2337 Gornaco

381 2369 614 2438 benigne
639 2386 768 2440 rogo
797 2378 856 2424 ut
888 2372 952 2425 de
978 2385 1044 2425 eo
1078 2371 1221 2440 quod
1249 2368 1305 2424 in
1339 2370 1532 2426 litteris
1565 2372 1676 2426 suis
1707 2380 1815 2426 tam
1849 2383 1968 2426 stu-

383 2461 534 2516 diose
578 2463 835 2533 postulat,
889 2463 1161 2532 patienter
1201 2473 1254 2516 et
1301 2463 1486 2534 quieto
1530 2464 1712 2519 animo
1753 2464 1966 2531 toleret,

382 2552 554 2607 donec
589 2555 821 2608 domnus
868 2554 1132 2610 Ricardus
1181 2554 1293 2623 (qui
1347 2555 1412 2609 ad
1451 2569 1551 2609 nos
1598 2556 1650 2609 in
1699 2557 1967 2626 proximo,

383 2646 523 2698 sicut
553 2660 583 2698 a
626 2661 751 2716 rege
793 2647 994 2710 audivi,
1027 2654 1288 2702 venturus
1317 2647 1442 2715 est),
1476 2649 1660 2702 veniat
1693 2666 1705 2701 :
1738 2657 1792 2703 et
1824 2649 1968 2718 quod

384 2747 511 2791 tunc
532 2737 596 2791 de
625 2737 713 2791 illo
735 2747 787 2792 et
811 2738 876 2792 de
899 2739 1054 2793 vobis
1076 2739 1328 2794 omnibus
1353 2741 1443 2809 qui
1474 2750 1695 2810 propter
1717 2741 1967 2796 eumdem

381 2829 636 2883 domuum
675 2830 967 2884 Ricardum
1010 2832 1158 2885 missi
1204 2841 1352 2895 sunt,
1403 2842 1590 2886 nostro
1637 2841 1692 2886 et
1735 2832 1968 2887 fratrum

380 2931 691 2977 nostrorum
724 2922 949 2977 consilio
997 2923 1317 2992 dispositum
1352 2924 1536 2991 fuerit,
1584 2927 1817 2996 benigna
1867 2941 1969 2996 pa-

381 3015 567 3071 tientia
591 3025 644 3072 et
669 3016 895 3086 patienti
928 3017 1261 3087 benignitate
1283 3018 1574 3075 sustineat.

909 3146 1248 3203 EPISTULA
1285 3147 1422 3203 Vill.

882 3281 944 3319 to
1008 3281 1312 3321 ιιιυιιιτιωι
1379 3265 1468 3318 ³³⁵.

379 3375 454 3430 De
493 3377 747 3430 monacho
788 3377 987 3432 diutius
1027 3392 1264 3435 morante
1298 3383 1353 3434 in
1387 3379 1556 3434 curia.
1593 3376 1663 3432 Et
1694 3379 1758 3434 de
1787 3379 1962 3447 malo;

956 3466 1024 3501 an
1065 3451 1266 3521 aliquid
1306 3452 1392 3504 sit.

445 3559 638 3613 Frater
667 3560 969 3626 ANSELMUS,
1009 3563 1187 3616 dictus
1216 3563 1384 3617 abbas
1411 3561 1591 3626 Becci,
1628 3562 1826 3618 dilecto
1852 3561 1965 3617 fra-

377 3649 443 3703 tri
474 3659 531 3704 et
571 3649 682 3704 ﬁlio
707 3667 805 3706 suo
841 3652 1121 3708 MAURIIIO
1149 3653 1377 3710 salutem
1407 3661 1461 3710 et
1495 3652 1592 3709 Dei
1620 3655 1961 3712 benedictio-

379 3758 525 3797 nem.

444 3836 584 3908 Erga
616 3837 841 3893 fratrem
877 3839 1050 3907 illum,
1081 3841 1149 3896 de
1174 3855 1281 3910 quo
1309 3841 1465 3909 mihi,
1496 3843 1640 3912 quod
1675 3857 1763 3898 res
1785 3844 1969 3913 erige-

374 3927 491 3990 bat,
524 3929 790 3999 scripsisti
820 3932 946 4001 quia
973 3947 1070 4001 pro
1098 3931 1250 3986 libitu
1279 3948 1392 3987 suae
1425 3933 1745 3999 voluntatis,
1783 3937 1966 4005 negle-

377 4025 463 4071 cta
484 4018 710 4074 claustri
738 4023 1170 4088 conversatione,
1193 4034 1438 4078 moratur
1463 4025 1514 4078 in
1538 4025 1688 4078 curia
1707 4026 1847 4096 regis
1866 4022 1963 4092 m;

372 4110 497 4165 volo
533 4121 589 4165 ut
629 4114 702 4167 ita
735 4115 989 4186 deinceps
1039 4125 1093 4170 tu
1133 4125 1187 4171 et
1230 4117 1410 4171 caateri
1445 4115 1643 4171 fratres
1675 4118 1846 4171 nostri
1874 4117 1966 4187 qui

375 4212 553 4259 tecum
592 4216 741 4272 sunt,
781 4223 876 4263 vos
923 4209 1186 4265 habeatis.
1233 4207 1289 4263 Si
1333 4209 1541 4263 venerit
1577 4209 1644 4263 ad
1689 4225 1803 4273 vos,
1836 4224 1962 4279 per-

2071 362 2258 422 apcrte
2293 355 2569 410 contraire
2598 370 2704 408 non
2736 364 2974 410 veretur.
3007 353 3115 409 Nec
3143 355 3217 410 illi
3257 357 3463 411 mando
3499 368 3567 412 ut
3596 373 3688 413 re—

2073 445 2228 511 deat,
2292 461 2394 500 nec
2446 446 2684 500 concedo
2730 453 2791 499 ut
2838 456 3138 500 remaneat.
3186 447 3468 515 Quasdam
3525 451 3683 506 enim

2072 551 2264 592 causas
2293 538 2529 604 intueor,
2579 539 2776 607 quibus
2833 537 2970 593 hanc
3017 537 3134 606 cjus
3179 541 3680 609 praesumptionem

2071 627 2306 683 tolerare
2328 629 2505 684 adhuc
2531 628 2922 683 dissimulando
2947 629 3257 699 compellor.
3297 631 3532 697 Verum,
3569 632 3680 686 nisi

2071 719 2306 776 celerius
2333 735 2391 776 se
2419 721 2746 785 correxerit,
2777 721 3095 790 postpositis
3125 723 3378 777 omnibus
3404 723 3520 788 his,
3548 725 3677 791 qui-

2071 814 2171 868 bus
2203 827 2324 866 emn
2353 811 2529 866 adhuc
2560 820 2839 882 exspecto,
2872 810 3075 877 causis,
3105 812 3412 883 regularem
3447 813 3502 867 in
3543 828 3668 868 eum

2069 916 2157 956 me
2204 916 2462 956 exercere
2504 902 2854 955 severitatem
2895 915 3118 955 necesse
3157 903 3284 956 erit.
3334 902 3562 958 Mallem
3596 913 3672 956 ta-

2071 1007 2192 1047 men
2217 993 2285 1024 ³³⁷
2316 993 2460 1046 illius
2482 1003 2836 1062 spontaneam
2859 992 3275 1056 correctionem,
3300 1009 3469 1062 quam
3497 995 3669 1049 ullam

2069 1084 2116 1138 ei
2151 1083 2353 1138 inferre
2384 1084 2706 1138 austerioris
2735 1084 3034 1153 disciplinae
3068 1086 3493 1154 correptionem.
3525 1085 3673 1141 Prte-

2073 1187 2219 1232 terea
2261 1176 2524 1246 scriptum
2572 1176 2724 1241 illud,
2768 1177 2911 1245 Quod
2955 1178 3022 1231 de
3067 1192 3130 1231 ea
3161 1178 3492 1246 quzestione,
3527 1195 3670 1249 quo-

2069 1270 2227 1324 modo
2257 1268 2482 1333 scilicet,
2511 1283 2634 1322 cum
2663 1267 2865 1322 malum
2894 1269 3028 1324 nihil
3053 1284 3172 1324 esse
3198 1255 3438 1334 dicatur,
3466 1286 3668 1327 nomen

2071 1359 2190 1434 ejus
2220 1359 2424 1430 aliquid
2455 1359 2745 1430 signiﬁcet,
2783 1370 2973 1432 rogatu
3015 1362 3373 1431 quorumdam
3425 1363 3667 1418 fratrum

2074 1453 2138 1506 de
2167 1450 2365 1506 talibus
2413 1465 2499 1505 me
2545 1450 2880 1520 frequenter,
2913 1461 2973 1505 ut
3006 1453 3170 1518 nosti,
3207 1453 3666 1524 interrogantium

2072 1555 2245 1611 nuper
2287 1543 2416 1607 feci;
2467 1557 2568 1612 per
2611 1543 2959 1612 przesentium
2993 1543 3220 1598 latorem
3256 1544 3353 1599 tibi
3393 1546 3584 1609 modo,
3613 1556 3668 1599 ut

2072 1633 2378 1702 postulasti,
2411 1634 2536 1688 huic
2571 1648 2842 1688 annexum
2873 1634 3119 1702 epistolae
3141 1635 3335 1690 direxi.
3367 1636 3428 1691 Si
3461 1638 3665 1692 malum

2074 1725 2207 1779 nihil
2245 1734 2348 1793 est,
2381 1727 2655 1796 quomodo
2708 1741 2903 1781 nomen
2947 1726 3060 1795 ejus
3111 1727 3314 1797 aliquid
3359 1730 3669 1800 signiﬁcat?

2073 1819 2298 1883 Rursus,
2329 1821 2373 1874 si
2419 1821 2604 1875 audito
2651 1823 2869 1876 nomine
2915 1820 3040 1874 mali
3077 1821 3432 1892 intelligimus
3458 1823 3670 1892 aliquid

2072 1913 2215 1981 quod
2269 1913 2554 1968 horremus
2593 1920 2646 1968 et
2699 1913 2976 1967 vitandum
3031 1927 3353 1978 censemus,
3387 1916 3670 1982 quomodo

2072 2013 2167 2058 aut
2191 2002 2389 2058 malum
2423 2003 2555 2056 nihil
2578 2012 2680 2068 est,
2704 2012 2798 2056 aut
2823 2002 2948 2056 mali
2978 2017 3173 2057 nomen
3198 2002 3335 2057 nihil
3362 2002 3672 2073 significat?

2073 2097 2180 2153 Sed
2219 2105 2274 2151 et
2311 2096 2483 2166 ipsum
2531 2095 2684 2162 nihil,
2726 2095 2855 2166 quid
2899 2096 3024 2150 est?
3062 2094 3258 2150 Verum
3292 2111 3417 2151 cum
3459 2112 3671 2168 nequa-

2072 2204 2234 2260 quam
2261 2187 2512 2243 differant
2543 2187 2676 2242 nihil
2709 2203 2851 2254 esse,
2877 2197 2932 2243 et
2960 2203 3067 2242 non
3104 2203 3224 2244 esse
3255 2189 3462 2259 aliquid
3482 2230 3497 2253 ,
3528 2207 3673 2260 quo-

2072 2282 2234 2335 modo
2259 2280 2363 2334 dici
2399 2288 2576 2350 potest
2603 2278 2732 2349 quid
2757 2279 2828 2334 sit
2858 2280 3001 2350 quod
3033 2295 3141 2336 non
3183 2289 3268 2336 est
3296 2281 3552 2352 aliquid?
3579 2282 3672 2353 lp-

2073 2387 2192 2427 sum
2228 2380 2405 2426 tamen
2448 2387 2641 2427 nomen
2673 2373 2818 2443 quod
2847 2374 3101 2438 dicimus,
3140 2374 3275 2429 nihil
3311 2375 3402 2435 ⁸³⁸,
3436 2376 3668 2430 si'nibil

2073 2465 2364 2536 signiﬁcat,
2407 2465 2457 2519 id
2496 2475 2580 2521 est
2628 2466 2674 2528 si
2722 2481 2826 2521 non
2879 2466 3155 2537 significat
3197 2468 3431 2537 aliquid,
3462 2483 3669 2524 nomen

2073 2551 2181 2611 non
2210 2567 2296 2611 est
2333 2575 2346 2610 :
2383 2559 2475 2612 sed
2524 2573 2721 2612 nomen
2763 2566 2868 2612 est.
2912 2558 3234 2628 Quanquam
3279 2561 3438 2631 igitur
3476 2559 3668 2615 nullus

2073 2648 2221 2704 dicat
2262 2649 2395 2703 nihil
2441 2663 2564 2704 esse
2597 2649 2824 2719 aliquid,
2855 2651 2946 2706 sed
2979 2666 3198 2722 semper
3224 2652 3355 2706 nihil
3378 2667 3492 2707 esse
3518 2652 3670 2706 nihil

2074 2755 2330 2810 cogamur
2378 2739 2535 2794 fateri
2580 2758 2594 2793 :
2637 2756 2798 2796 nemo
2837 2750 3013 2797 tamen
3059 2752 3239 2813 potest
3287 2758 3479 2799 nomen
3522 2738 3669 2798 nihil

2073 2830 2490 2899 signiﬁcativum
2517 2844 2638 2885 esse
2659 2829 2898 2887 difﬁteri.
2929 2830 3132 2888 Verum
3161 2843 3390 2889 econtra
3419 2852 3432 2887 :
3479 2835 3528 2890 si
3560 2836 3672 2889 hoc

2075 2922 2248 2992 ipsum
2285 2937 2480 2977 nomen
2529 2939 2637 2978 non
2682 2924 2957 2994 significat
3003 2925 3159 2990 nihil,
3202 2927 3298 2980 sed
3335 2926 3578 2996 aliquid,
3611 2927 3668 2980 id

2071 3014 2216 3083 quod
2248 3014 2605 3084 significatur,
2638 3014 2856 3070 videtur
2902 3031 3006 3070 non
3035 3032 3191 3086 posse
3222 3032 3339 3072 esse
3364 3017 3527 3082 nihil,
3567 3019 3672 3073 sed

2068 3104 2243 3175 magis
2295 3105 2520 3176 aliquid.
2573 3104 2629 3160 Si
2670 3119 2803 3176 ergo
2851 3108 2994 3176 quod
3039 3105 3390 3176 signiﬁcatur,
3426 3122 3544 3162 non
3577 3117 3670 3163 est

2069 3199 2224 3263 nihil,
2258 3197 2352 3253 sed
2390 3197 2623 3267 aliqttid,
2661 3196 2897 3267 qualiter
2939 3213 3116 3262 verum
3147 3199 3254 3251 erit
3280 3208 3341 3251 ut
3382 3199 3670 3270 signiﬁce-

2071 3298 2158 3344 tur
2183 3304 2280 3356 per
2309 3289 2411 3342 hoc
2434 3301 2655 3353 nomen,
2684 3287 2913 3353 scilicet,
2944 3287 3109 3341 nihil?
3137 3286 3347 3357 Quippe
3368 3291 3513 3358 quod
3535 3305 3668 3345 vere

2067 3383 2201 3438 nihil
2228 3381 2447 3446 dicitur,
2491 3394 2618 3435 vere
2650 3379 2785 3434 nihil
2822 3389 2935 3445 est;
2962 3389 3019 3434 et
3043 3381 3247 3436 idcirco
3286 3397 3388 3435 non
3419 3391 3504 3435 est
3538 3383 3653 3437 ali-

2067 3475 2216 3546 quid.
2253 3474 2432 3542 Quare
2460 3473 2505 3528 si
2553 3473 2697 3542 quod
2738 3473 3082 3544 signiﬁcatur
3129 3473 3233 3528 hoc
3275 3473 3506 3537 nomine,
3543 3489 3662 3529 non

2067 3574 2153 3621 est
2182 3565 2336 3633 nihil,
2366 3565 2461 3620 sed
2493 3564 2732 3634 aliquid,
2775 3563 3233 3634 quemadmodum
3269 3551 3661 3635 consequentia

2066 3654 2282 3709 videtur
2309 3654 2643 3709 ostendere:
2676 3652 2812 3707 falso
2851 3662 2907 3708 et
2947 3654 3246 3724 incongrue
3291 3666 3513 3710 rocatur
3558 3656 3664 3711 hoc

2068 3746 2306 3802 nomine.
2330 3746 2400 3800 At
2428 3755 2671 3811 econtra,
2696 3747 2739 3800 si
2773 3746 3067 3800 secundum
3094 3745 3362 3815 judicium
3393 3749 3659 3812 omnium,

2069 3836 2120 3891 id
2158 3836 2302 3907 quod
2352 3836 2662 3890 nominatur
2707 3835 2858 3900 nihil,
2909 3850 3038 3890 vere
3083 3836 3219 3890 nihil
3252 3845 3337 3891 est
3375 3845 3431 3891 et
3460 3852 3662 3906 nequa-

2069 3945 2230 3998 quam
2259 3938 2343 3983 est
2369 3927 2570 3996 aliquid
2612 3945 2625 3981 :
2661 3942 2962 3996 usquamne
2991 3927 3206 3982 videtur
3230 3928 3434 3998 aliquid
3466 3943 3663 3982 conse-

2069 4019 2344 4089 quentius,
2367 4035 2531 4088 quam
2561 4029 2621 4073 ιιι
2650 4021 2751 4073 hoc
2778 4020 2954 4088 ipsum
2983 4035 3181 4074 nomen
3206 4019 3342 4073 nihil
3369 4019 3656 4090 significet,

2070 4112 2122 4167 id
2167 4121 2249 4166 est
2290 4127 2396 4165 non
2421 4111 2492 4142 ³³³
2517 4111 2785 4182 signiﬁcet
2813 4111 2881 4142 “°
2915 4111 3139 4180 aliquid.
3169 4111 3309 4179 Quid
3349 4112 3512 4182 igitur
3554 4121 3657 4176 est,

2069 4204 2197 4272 quia
2223 4204 2326 4258 hoc
2354 4219 2574 4268 nomen,
2603 4203 2852 4258 videlicet
2882 4204 3036 4269 nihil,
3069 4219 3173 4258 non
3207 4205 3476 4275 signiﬁcat
3503 4204 3656 4266 nihil,

373 4293 529 4347 tuitto
558 4303 616 4348 ut
651 4308 772 4349 eum
810 4298 1139 4367 suscipiatis,
1167 4297 1422 4351 fraterna:
1447 4298 1497 4351 ei
1529 4297 1815 4352 cbaritatis
1841 4298 1962 4353 olii-
1995 4327 2044 4386 ο
2070 4296 2162 4350 sed
2197 4295 2434 4364 aliquid;
2474 4305 2529 4350 et
2561 4310 2669 4350 non
2699 4295 2971 4366 signiﬁcat
2999 4296 3225 4364 aliquid,
3254 4297 3351 4352 sed
3376 4296 3548 4349 nihil?
3576 4295 3658 4350 An

371 4383 515 4438 cium
568 4383 914 4455 impendatis.
959 4387 1239 4444 Osteutlite
1285 4389 1388 4443 sibi
1441 4395 1622 4443 tamen
1667 4404 1732 4444 ex
1783 4399 1961 4444 vestra

371 4487 550 4545 parte,
581 4493 678 4533 vos
707 4480 880 4534 vereri
914 4481 982 4512 ³³⁸
1024 4497 1093 4538 ne
1125 4481 1176 4537 id
1221 4480 1513 4550 displiceat
1553 4481 1703 4535 mihi.
1740 4482 1964 4552 Arguite

349 4565 549 4632 illum,
580 4569 760 4622 debita
806 4579 984 4625 tamen
1023 4571 1310 4636 modestia,
1341 4570 1409 4624 de
1432 4585 1528 4625 sua
1556 4579 1702 4624 tanta
1739 4573 1962 4627 temeri-

375 4663 486 4709 tate
514 4667 570 4710 et
597 4656 983 4714 inobcdientia.
1017 4659 1154 4714 Nam
1182 4675 1356 4730 neque
1379 4671 1562 4716 nostra
1581 4658 1828 4728 jussione
1865 4673 1959 4718 aut

2070 4388 2295 4442 forsitan
2329 4403 2434 4442 non
2465 4397 2790 4458 repugnant,
2833 4389 3144 4459 signiﬁcare
3173 4387 3304 4442 nihil
3333 4396 3388 4442 et
3419 4387 3659 4456 aliquid?

2065 4479 2170 4533 Sed
2195 4480 2240 4533 si
2268 4495 2370 4534 non
2405 4489 2729 4549 repugnant,
2757 4490 2848 4534 aut
2877 4481 3200 4536 invenienda
3231 4495 3318 4535 res
3343 4489 3426 4535 est
3440 4480 3654 4550 aliqua,

2065 4585 2185 4639 quae
2215 4570 2286 4624 sit
2315 4571 2518 4640 aliquid
2552 4580 2605 4625 et
2641 4571 2810 4637 nihil,
2843 4572 2986 4641 quod
3016 4585 3121 4625 non
3166 4581 3344 4641 potest
3378 4571 3606 4641 intelligi
3639 4589 3652 4623 :

2067 4673 2162 4717 aut
2215 4663 2319 4718 ista
2357 4678 2458 4718 vox
2497 4665 2709 4720 diversa
2747 4665 3183 4720 consideratione
3220 4663 3495 4734 signiﬁcat
3523 4665 3657 4719 nihil

1612 4749 1845 4804 VARle
1876 4752 2282 4810 LECTIONES.

443 4841 511 4873 ⁸³³
543 4840 774 4896 inebriet
797 4858 896 4897 ms.
930 4841 1228 4897 inebrietur
1323 4843 1392 4875 ³³³
1425 4842 1618 4897 Vivere
1666 4844 1862 4899 audeat
1890 4865 1989 4901 ms.
2022 4849 2206 4904 bibere
2231 4848 2430 4904 audeat
2524 4849 2594 4881 ’3‘
2624 4847 2831 4904 Collata
2861 4866 2978 4904 cum
3005 4850 3184 4904 eodem
3211 4867 3311 4904 ms.
3333 4860 3383 4904 et
3405 4867 3529 4905 cum
3555 4869 3652 4906 ms.

373 4908 433 4965 S.
468 4909 724 4975 Ebrulplti

373 4999 519 5046 men,
543 4984 684 5050 quod

371 5055 640 5124 signiticet

822 4912 890 4950 ³³⁸
934 4913 1094 4967 Curia
1127 4913 1291 4982 Regia
1325 4931 1448 4967 mss.
1480 4915 1627 4967 curia
1676 4914 1836 4982 Regis
1911 4917 1979 4949 ³³⁸
2012 4917 2188 4974 Videri
2220 4937 2346 4974 mss.
2380 4921 2554 4974 vereri

783 4983 851 5015 ³³⁸
885 4982 1089 5038 Nomen
1121 4985 1254 5038 nihil
1282 5001 1405 5039 mss.
1435 5000 1631 5040 nomen
1659 4985 1812 5039 nihili
1909 4989 1976 5021 ³³⁸
2007 4989 2150 5045 Idem
2188 5007 2295 5045 non
2325 5007 2424 5044 ms.
2455 4990 2512 5045 S.
2542 4990 2674 5044 Ebr.
2701 4992 2752 5046 id
2773 5000 2858 5047 est
2879 4982 2984 5047 non
3045 4982 3127 5023 ’³⁸⁸³
3157 4990 3502 5062 Significaret
3530 5011 3650 5048 mss.

2658 4921 2725 4952 331
2759 4920 2982 4985 Tamen,
3027 4922 3169 4990 quod
3194 4938 3320 4976 mss.
3348 4933 3529 4976 tamen
3557 4939 3654 4976 no-

1543 5123 1828 5180 JOANNIS
1859 5125 2133 5186 PlCARDl
2175 5130 2407 5188 NOTAE.

370 5230 436 5286 ex
459 5216 563 5270 hoc
578 5215 852 5286 epistulari
873 5217 1024 5273 titulo
1043 5216 1319 5272 Laurentii
1343 5216 1642 5271 Primfactii
1667 5217 1733 5271 ad
1760 5217 1959 5272 librum

371 5285 449 5340 Da
485 5297 762 5360 senectute
787 5304 814 5341 a
847 5304 905 5344 se
932 5290 1387 5360 gallicerversum,
1419 5304 1560 5360 anno
1583 5287 1741 5341 1405.
1777 5289 1821 5339 Α
1851 5301 1954 5343 tres

370 5358 638 5430 excellent,
669 5360 906 5430 glorieux
939 5358 991 5413 et
1025 5359 1173 5414 noble
1213 5361 1390 5429 prince
1428 5358 1560 5428 Loys
1580 5359 1733 5430 oncle
1759 5361 1830 5411 du
1862 5376 1954 5430 τοι]

370 5428 434 5478 de
463 5425 690 5491 France,
718 5429 819 5482 duc
843 5430 907 5483 de
934 5425 1221 5493 Bourbon,
1243 5439 1410 5483 comte
1437 5425 1788 5482 de'Clermont
1814 5439 1862 5483 et
1885 5425 1949 5483 de

371 5493 610 5571 Forestz,
639 5502 980 5571 seigneuryde
1025 5501 1282 5571 Beaujeu,
1336 5499 1503 5570 grand
1551 5499 1859 5553 Chambrier
1903 5511 1950 5554 et

369 5567 593 5633 premier
617 5567 741 5639 pair
764 5571 829 5624 de
870 5569 1098 5626 France.
1144 5567 1313 5642 Hujus
1338 5567 1522 5626 autem
1545 5571 1812 5626 versionis
1842 5571 1948 5620 dim

2065 5223 2400 5292 exemplaria
2430 5221 2796 5293 manuscripta
2829 5230 3079 5293 prostant
3129 5223 3183 5278 in
3229 5233 3419 5280 nostra
3456 5224 3650 5280 Biblio-

2065 5295 2242 5366 theca.
2276 5294 2469 5366 Quem
2497 5309 2626 5366 vero
2653 5293 2978 5366 Laurentius
3015 5293 3368 5366 Pritnf‘actius
3413 5297 3650 5366 ejusdem

2063 5363 2318 5436 Ludovici
2352 5365 2604 5419 Borbonii
2651 5365 2880 5418 clericus
2923 5365 3214 5435 appellavit
3253 5363 3654 5436 grand'clmm-

2062 5435 2220 5498 brier,
2261 5437 2418 5491 hodie
2470 5437 2657 5491 dicunt
2687 5436 2857 5506 grand
2896 5435 3264 5503 chambcllan,’
3292 5448 3390 5491 aut
3430 5437 3648 5508 praemia

2061 5506 2408 5561 cltantbellun.

3813 283 3815 360 ἴ
