3898 6052
309 197 439 254 1157

1613 187 1746 243 LlB.
1790 188 1852 253 ll,
1893 187 2115 244 EPIST.
2142 191 2210 246 Χ.

3449 206 3578 263 1158

303 323 356 370 (η
383 309 606 382 εὶιίφιῖίι,
633 307 861 362 Constat
885 313 1118 371 namque
1155 298 1412 368 quoniam
1443 298 1558 353 hree
1583 313 1712 365 vox,
1745 297 1890 354 scili-
1923 305 1968 361 Α
2001 299 2164 356 ﬁcant
2193 302 2412 373 aliquid,
2445 313 2502 361 et
2535 307 2675 376 quod
2715 309 3052 380 signiﬁcatur
3090 322 3177 370 est
3217 317 3422 386 aliquid
3469 337 3578 377 non

306 414 392 460 cet
439 401 590 465 nihil,
629 407 890 468 quantum
937 394 1005 448 ad
1043 391 1528 463 signiﬁcationem,
1575 391 1894 445 nullatenus

307 495 486 552 differt
529 493 598 547 ab
623 507 712 556 eo,
743 487 888 558 quod
933 487 1074 552 dico,
1109 501 1212 540 non
1253 483 1476 554 aliquid.
1507 481 1652 536 Nihil
1681 497 1896 551 quoque

307 589 412 644 hoc
460 585 718 656 apertius,
751 595 915 650 quam
945 578 1090 648 quod
1120 578 1234 631 haec
1263 575 1330 608 ³⁸³
1360 589 1464 630 vox
1486 572 1652 645 344
1689 573 1900 628 scilicet

309 699 413 738 non
438 678 660 749 aliquid,
691 689 910 729 onmem
949 687 1060 726 rem
1091 669 1327 741 penitus,
1355 678 1412 724 et
1445 683 1606 722 omne
1639 666 1782 736 quod
1817 677 1900 720 est

311 773 534 844 aliquid,
573 768 844 826 intellectu
886 765 1307 828 removendum;
1349 775 1450 816 nec
1475 760 1700 815 omnino
1731 757 1898 812 ullam

313 883 450 932 rem,
499 873 592 919 aut
635 862 853 933 penitus
897 859 1040 928 quod
1084 855 1285 924 aliquid
1325 856 1396 909 sit
1437 853 1768 923 ponendum,
1803 866 1900 904 sua

314 958 616 1029 prolatione
649 951 942 1022 significat.
984 947 1088 1004 Sed
1121 947 1376 1018 quoniam
1405 946 1635 1000 remotio
1677 943 1902 1011 alicujus

314 1051 394 1106 rei
423 1047 718 1119 significari
759 1044 1068 1098 nullatenus
1102 1049 1302 1112 potest,
1333 1039 1436 1092 nisi
1468 1053 1589 1092 cum
1626 1035 1901 1107 signiﬁca-

317 1144 463 1198 tione
486 1140 602 1208 ejus
632 1139 802 1208 ipsius
833 1137 990 1207 cujus
1029 1131 1368 1204 signiﬁcatur
1395 1130 1646 1194 remotio,
1681 1143 1903 1184 necesse

317 1244 401 1291 est
433 1241 490 1286 nt
526 1232 640 1286 hazc
669 1245 771 1286 vox
803 1243 921 1298 quae
963 1237 1050 1281 est
1081 1225 1150 1258 3"
1187 1241 1292 1278 non
1318 1222 1539 1292 aliquid,
1573 1222 1905 1278 destruendo

321 1329 370 1383 id
404 1327 546 1396 quod
567 1333 653 1379 est
677 1323 902 1393 aliquid,
929 1319 1198 1389 signiﬁcet
1225 1317 1448 1386 aliquid.
1475 1315 1740 1383 Quoniam
1775 1332 1904 1372 vero

319 1417 616 1474 auferendo
659 1429 824 1471 omne
863 1413 1004 1482 quod
1047 1419 1131 1466 est
1170 1409 1398 1479 aliquid,
1432 1408 1598 1462 ullam
1634 1407 1905 1478 significat

317 1511 634 1573 essentiam,
665 1521 826 1576 quam
855 1503 1126 1558 audientis
1151 1501 1454 1557 intellectus
1482 1501 1638 1570 quasi
1667 1499 1907 1554 existen-

323 1611 428 1657 lem
457 1600 690 1656 retineat
716 1614 730 1652 ε
761 1597 964 1652 idcirco
994 1611 1097 1648 non
1125 1592 1329 1664 aliquid
1363 1607 1485 1658 vox,
1531 1591 1732 1646 nullam
1762 1606 1900 1656 rem,

1999 396 2300 452 secundum
2349 414 2485 464 rem,
2541 402 2639 456 sed
2685 403 2982 458 secundum
3031 405 3262 463 formam
3305 409 3580 480 loquendi.

1999 485 2144 541 Nihil
2184 489 2328 544 enim
2363 506 2468 544 non
2500 491 2646 546 aliud
2686 493 2980 563 significat,
3011 513 3176 567 quam
3221 516 3324 556 non
3357 503 3583 572 aliquid,

2001 589 2094 636 aut
2123 583 2426 638 absentiam
2455 601 2642 640 eorum
2680 602 2802 656 quae
2833 597 2958 642 sunt
2995 590 3195 660 aliquid
3239 610 3253 645 :
3295 603 3346 648 et
3382 597 3584 650 malum

2001 687 2106 727 non
2133 685 2218 728 est
2245 674 2390 730 aliud
2427 691 2589 745 quam
2625 694 2730 733 non
2777 679 2997 747 bonum,
3029 691 3124 736 aut
3157 683 3404 739 absentia
3436 686 3586 753 boni,

2001 767 2094 821 ubi
2118 767 2276 821 debet
2303 776 2395 822 aut
2420 770 2640 838 expellit
2678 785 2799 826 esse
2837 771 3058 827 bonum.
3089 773 3241 840 Quod
3269 785 3450 830 autem
3479 793 3586 832 non

2003 869 2088 914 est
2113 861 2282 924 aliud,
2313 877 2476 932 quam
2509 862 2752 917 absentia
2785 863 2901 931 ejus
2933 866 3075 934 quod
3103 877 3188 922 est
3211 867 3448 938 aliquid,
3483 869 3590 923 uti-

2005 967 2110 1020 que
2141 969 2246 1007 non
2273 963 2358 1007 est
2389 953 2613 1023 aliquid.
2651 954 2848 1009 Malum
2881 956 3044 1027 igitur
3071 973 3200 1014 vere
3228 969 3314 1014 est
3349 960 3503 1025 nihil,
3535 969 3592 1016 et

2005 1043 2138 1098 nihil
2167 1061 2270 1100 non
2298 1054 2382 1100 est
2415 1043 2650 1114 aliquid;
2702 1055 2880 1100 tamen
2912 1049 3309 1118 quodammodo
3331 1063 3458 1106 sunt
3487 1052 3588 1107 ali-

2005 1135 2136 1205 quid
2167 1155 2179 1190 :
2222 1137 2346 1206 quia
2385 1137 2464 1193 sic
2494 1138 2767 1208 loquimur
2801 1143 2868 1195 de
2897 1143 3000 1205 his,
3035 1145 3188 1213 quasi
3217 1146 3326 1200 sint
3363 1146 3588 1217 aliquid,

2003 1243 2128 1283 cum
2169 1229 2398 1284 dicimus
2435 1229 2588 1295 nihil,
2629 1238 2710 1286 vel
2749 1232 2948 1286 malum
2989 1233 3110 1303 fecit
3137 1251 3156 1290 :
3195 1245 3288 1290 aut
3323 1237 3476 1302 nihil,
3505 1237 3589 1293 vel

2007 1320 2206 1373 malum
2233 1329 2306 1373 est
2341 1325 2480 1389 quod
2512 1321 2671 1389 fecit,
2701 1323 2842 1377 sicut
2865 1324 3120 1392 dicimus,
3151 1324 3352 1396 aliquid
3383 1326 3468 1382 vel
3501 1328 3592 1382 bo-

2008 1426 2128 1465 num
2161 1410 2304 1480 fecit,
2331 1420 2423 1464 aut
2445 1411 2647 1482 aliquid
2675 1413 2758 1468 vel
2789 1414 2979 1468 bonum
3007 1425 3080 1469 est
3105 1417 3242 1486 quod
3278 1415 3416 1486 fecit.

2441 1605 2456 1616 '
2517 1521 2854 1580 EPISTOLA
2889 1525 2960 1580 IX
2998 1525 3087 1580 ³⁸⁸.

2433 1631 2462 1669 Α
2472 1633 2502 1670 1)
2543 1633 2819 1674 IONACHOS
2857 1635 3168 1674 BECCENSES.

321 1701 414 1746 aut
439 1691 581 1762 quod
617 1689 688 1744 sit
717 1687 944 1757 aliquid,
973 1657 1265 1755 signiﬁcat.
1293 1683 1610 1754 lgiturhmc
1651 1698 1754 1736 vox
1800 1700 1902 1737 non

2016 1701 2088 1757 De
2111 1719 2358 1774 prospero
2385 1707 2466 1759 sui
2491 1707 2554 1780 in_
2572 1707 2810 1780 Angliam
2835 1709 3262 1780 adrentu;quem
3296 1720 3342 1764 et
3365 1709 3594 1766 domina:

321 1781 525 1851 aliquid
555 1780 638 1834 his
669 1777 898 1833 diversis
928 1776 1230 1830 rationibus
1265 1775 1609 1843 aliquatenus
1641 1773 1910 1844 signiﬁcat

321 1889 436 1927 rem
461 1881 515 1927 et
543 1871 771 1942 aliquid,
806 1881 862 1926 et
892 1869 1201 1924 nullatenus
1223 1867 1494 1938 signiﬁcat
1535 1881 1646 1920 rem
1675 1875 1770 1920 aut
1805 1865 1909 1920 ali-

319 1967 448 2036 quid
487 1984 500 2019 :
535 1966 807 2037 signiﬁcat
844 1963 1013 2028 enim,
1047 1961 1330 2032 negando;
1363 1967 1420 2014 et
1463 1972 1570 2012 non
1615 1957 1904 2029 signiﬁcat,

321 2057 718 2114 constituendo.
747 2055 860 2110 Hac
884 2054 1093 2110 ratione
1118 2053 1249 2108 nihil
1275 2065 1496 2113 nomen,
1519 2051 1662 2123 quod
1690 2050 1910 2120 perimit

319 2166 482 2204 omne
509 2149 654 2219 quod
683 2157 766 2203 est
793 2147 1034 2216 aliquid;
1067 2153 1119 2200 et
1151 2144 1481 2200 destruendo
1507 2159 1611 2199 non
1640 2142 1910 2211 signiﬁcat

325 2243 480 2306 nihil,
525 2242 617 2296 sed
675 2238 916 2309 aliquid;
969 2245 1024 2292 et
1070 2235 1449 2291 constituendo
1491 2249 1596 2288 non
1640 2234 1910 2304 signiﬁcat

323 2333 552 2402 aliquid,
584 2332 680 2387 sed
713 2330 869 2386 nihil.
899 2329 1242 2400 Quapropter
1264 2343 1372 2382 non
1407 2335 1492 2382 est
1520 2339 1740 2380 necesse
1775 2325 1910 2379 nihil

325 2437 448 2478 esse
485 2421 706 2492 aliquid,
733 2421 855 2475 ideo
879 2419 1004 2489 quia
1034 2433 1228 2472 nomen
1255 2415 1373 2485 ejus
1411 2414 1682 2485 signiﬁcat
1705 2413 1908 2483 aliquid

323 2513 567 2583 quolibet
613 2511 802 2576 modo;
845 2510 937 2563 sed
975 2509 1156 2578 potius
1196 2519 1420 2584 necesse
1461 2519 1584 2560 esse
1627 2504 1760 2558 nihil
1790 2519 1910 2558 esse

325 2602 477 2662 nihil,
507 2602 634 2671 quia
669 2615 865 2657 nomen
897 2601 1014 2669 ejus
1044 2597 1318 2671 signiﬁcat
1349 2596 1554 2666 aliquid
1591 2596 1694 2650 hoc
1723 2596 1906 2650 modo.

325 2694 440 2749 l‘loe
473 2695 654 2762 itaque
679 2695 838 2748 modo
861 2707 965 2746 non
991 2701 1255 2761 repugnat
1287 2689 1488 2744 malum
1519 2688 1654 2744 nihil
1681 2703 1824 2755 esse,
1857 2697 1912 2743 et

325 2789 452 2843 mali
503 2787 635 2842 nihil
665 2802 785 2842 esse
823 2786 1278 2857 signiﬁcativum;
1325 2785 1368 2838 si
1401 2784 1480 2838 sic
1523 2781 1726 2852 aliquid
1761 2781 1911 2852 peri-

327 2881 522 2936 mendo
545 2879 837 2948 signiﬁcat,
857 2887 914 2931 ut
938 2879 1136 2932 nullius
1163 2879 1236 2932 rei
1262 2877 1334 2931 sit
1355 2875 1784 2930 constitutivum.
1805 2875 1912 2928 Sed

324 2989 448 3031 cum
479 2974 580 3028 hac
607 2973 816 3026 ratione
847 2971 1046 3024 malum
1076 2980 1130 3023 et
1153 2969 1288 3023 nihil
1327 2983 1454 3022 vere
1483 2967 1790 3036 significent
1813 2967 1913 3020 ali-

321 3066 487 3137 quid;
513 3074 572 3120 et
601 3073 778 3119 tamen
806 3063 948 3133 quod
973 3063 1052 3117 sic
1075 3045 1412 3131 signiﬁcatur
1439 3075 1545 3114 non
1569 3069 1654 3114 est
1680 3059 1903 3123 malum,

329 3157 410 3212 vel
445 3155 580 3210 nihil
615 3164 700 3209 est
733 3163 912 3208 tamen
956 3160 1012 3206 et
1051 3151 1155 3204 alia
1197 3150 1412 3204 ratione
1433 3149 1538 3215 ml;
1567 3165 1674 3218 qua
1705 3149 1912 3218 signiti-

329 3255 458 3303 cant
505 3245 730 3315 aliquid,
761 3253 818 3298 et
851 3243 995 3312 quod
1047 3241 1390 3312 signiﬁcatur
1433 3248 1516 3294 est
1555 3239 1780 3308 aliquid,
1817 3239 1911 3292 sed

325 3353 434 3394 non
483 3353 614 3392 vere
651 3335 874 3404 aliquid,
919 3335 1012 3388 sed
1053 3333 1208 3402 quasi
1254 3331 1478 3401 aliquid.
1511 3329 1679 3384 Multa
1709 3331 1914 3398 quippe

329 3431 584 3485 dicuntur
606 3427 902 3483 secundum
927 3425 1179 3490 formam,
1203 3439 1324 3495 quae
1341 3439 1446 3478 non
1467 3433 1594 3478 sunt
1614 3423 1909 3476 secundum

328 3537 480 3588 rem;
512 3530 570 3574 ut
594 3522 797 3583 timere,
829 3517 1125 3572 secundum
1153 3515 1385 3570 formam
1410 3515 1579 3582 vocis,
1605 3515 1806 3570 dicitur
1829 3529 1912 3568 ae-

327 3615 522 3675 tivum,
549 3625 671 3664 cum
703 3611 774 3664 sit
799 3609 1074 3680 passivum
1103 3608 1398 3662 secundum
1428 3623 1564 3662 rem.
1593 3606 1668 3660 lta
1697 3619 1912 3678 quoque

251 3765 266 3778 ο
325 3703 544 3759 caecitas
589 3699 788 3754 dicitur
811 3700 1012 3768 aliquid
1043 3699 1337 3754 secundum
1359 3697 1590 3752 formam
1626 3697 1906 3766 loquendi;

326 3811 450 3850 cum
493 3809 598 3849 non
633 3796 704 3849 sit
737 3792 939 3862 aliquid
985 3790 1281 3848 secundum
1326 3804 1463 3845 rem.
1493 3789 1648 3842 Sicut
1673 3789 1815 3850 enim
1848 3789 1914 3842 de

327 3888 513 3958 aliquo
541 3887 772 3942 dicimus
793 3886 919 3956 quia
945 3885 1106 3939 habet
1133 3883 1332 3949 visum,
1359 3890 1416 3936 et
1443 3881 1592 3936 visus
1619 3889 1702 3936 est
1731 3879 1783 3934 in
1812 3893 1910 3945 eo;

327 3981 402 4035 ita
429 3979 660 4034 dicimus
695 3980 820 4049 quia
863 3979 1028 4032 habet
1059 3976 1383 4042 caecitatem,
1413 3983 1467 4029 et
1497 3973 1716 4028 emeitas
1744 3981 1828 4027 est
1859 3973 1912 4027 in

324 4087 411 4136 eo,
443 4085 565 4125 cum
593 4071 708 4124 haec
733 4085 838 4124 non
866 4069 938 4124 sit
965 4067 1190 4137 aliquid,
1214 4067 1306 4120 sed
1338 4064 1518 4135 petius
1541 4078 1647 4118 non
1671 4062 1906 4133 aliquid:

324 4173 382 4221 et
409 4165 552 4219 hanc
582 4165 798 4226 habere,
835 4179 940 4216 non
976 4163 1047 4218 sit
1077 4163 1280 4218 habere
1309 4161 1545 4230 aliquid;
1585 4163 1696 4216 imo
1725 4175 1792 4215 eo
1817 4175 1910 4215 ca—

326 4271 468 4324 rere,
493 4255 636 4326 quod
662 4265 744 4309 est
765 4254 986 4325 aliquid.
1019 4253 1248 4309 Caecitas
1271 4269 1506 4324 namque
1535 4268 1638 4308 non
1667 4251 1911 4307 estaliud

2529 1775 2664 1830 Evn!
2684 1779 2790 1831 vult
2819 1781 3073 1832 nuntiari.

2083 1868 2307 1922 Domms
2339 1875 2395 1922 et
2427 1865 2687 1923 fratribus
2709 1869 3080 1925 dilectissimis
3113 1871 3166 1924 in
3189 1869 3448 1927 Beccensi
3477 1887 3592 1928 cm-

2007 1961 2173 2015 nobio
2213 1959 2325 2016 Deo
2369 1945 2733 2015 servientibus
2777 1960 2946 2016 frater
2987 1963 3296 2029 Ansewus,
3330 1981 3519 2020 servus
3541 1975 3596 2021 et

2009 2067 2305 2108 conservus
2355 2067 2564 2117 eorum,
2604 2067 2822 2122 semper
2847 2062 3036 2110 sancte
3071 2055 3278 2123 vivere,
3307 2067 3360 2112 ΕΙ
3395 2066 3592 2113 sancta;

2010 2144 2139 2198 vita:
2165 2145 2448 2214 praemium
2475 2145 2781 2214 percipere.

2081 2235 2272 2289 Sciens
2308 2245 2364 2289 et
2387 2244 2536 2290 certe
2565 2235 2742 2290 sciens
2771 2235 3142 2290 dulcissimum
3184 2237 3314 2292 mihi
3355 2248 3593 2294 vestram

2011 2325 2356 2382 dilectionem
2399 2327 2647 2382 nuntium
2691 2341 2826 2382 mea:
2867 2327 3258 2383 incolumitatis
3297 2339 3352 2384 et
3377 2345 3596 2400 prospe-

2013 2419 2190 2476 ritatis
2226 2429 2338 2476 toto
2387 2420 2582 2477 allectu
2613 2422 2946 2487 desiderare,
2995 2437 3102 2477 non
3143 2423 3292 2492 potui
3321 2437 3440 2476 eam
3467 2423 3596 2478 dila-

2013 2512 2162 2566 tione
2191 2512 2367 2582 aliqna
2412 2513 2660 2584 fatigare.
2703 2513 2820 2582 Ipsa
2865 2514 3048 2584 itaque
3078 2515 3183 2580 die,
3221 2529 3328 2583 qua
3369 2514 3600 2570 domnus

2013 2602 2277 2660 Girardus
2327 2606 2482 2672 hora,
2518 2621 2640 2674 qua:
2675 2607 2880 2660 dicitur
2905 2608 3104 2676 prima,
3136 2621 3166 2660 a
3209 2621 3295 2662 me
3339 2623 3490 2662 mare
3519 2608 3600 2661 in-

2015 2711 2198 2766 gresso
2237 2697 2513 2760 discessit,
2551 2697 2733 2750 divina
2771 2697 3036 2766 protectio
3061 2712 3146 2751 me
3169 2697 3366 2752 vestris
3395 2697 3600 2750 oratio-

2015 2787 2174 2841 nibus
2205 2787 2256 2839 in
2287 2786 2566 2856 Anglicum
2613 2795 2816 2840 terrain
2865 2801 3126 2857 prospera
3171 2788 3516 2858 navigatione
3544 2796 3600 2842 ct

2013 2877 2132 2932 sine
2183 2877 2450 2942 molestia,
2493 2893 2657 2946 quam
2703 2878 2856 2932 mulli
2900 2879 3218 2950 navigantes
3256 2879 3368 2948 pati
3399 2879 3598 2945 solent,

2016 2971 2150 3025 hora
2183 2987 2324 3025 noua
2355 2972 2608 3041 perduxit
2653 2971 2722 3003 ³⁵⁸⁷
2757 2989 2771 3025 :
2809 2980 2862 3025 et
2892 2974 2958 3025 ad
2991 2971 3270 3025 dominum
3299 2979 3352 3024 et
3381 2971 3600 3024 Patrem

1967 3056 1984 3076 '
2016 3071 2260 3116 nostrum
2303 3063 2776 3132 archiepisc0pum
2815 3060 3178 3116 Lanfrnucum
3225 3075 3449 3130 vespere
3480 3075 3603 3131 per-

2015 3156 2220 3220 venire,
2254 3163 2310 3208 et
2349 3170 2472 3208 cum
2517 3155 2714 3224 gaudio
2743 3153 2942 3222 suscipi
2996 3153 3136 3221 apud
3179 3151 3362 3204 villam
3407 3152 3601 3220 ipsius,

2013 3248 2234 3302 nomine
2263 3247 2528 3317 Limingis
2552 3246 2644 3311 ³⁵⁸,
2675 3247 2968 3302 concessit.
2999 3244 3055 3298 lu
3084 3243 3320 3299 crastina
3345 3257 3474 3297 vero
3502 3243 3600 3298 has

2014 3337 2224 3392 litteras
2272 3339 2485 3407 scripsi,
2531 3337 2725 3406 quibus
2750 3345 2806 3392 et
2841 3335 3127 3407 praefatum
3157 3334 3482 3389 desiderium
3505 3349 3600 3389 ve-

2013 3441 2185 3484 strum
2219 3429 2591 3499 adimplercm,
2619 3439 2674 3484 et
2701 3439 2948 3484 sanctum
2977 3429 3316 3498 propositum
3347 3434 3592 3481 vestrum

2013 3537 2230 3593 semper
2262 3521 2474 3577 fervere
2509 3531 2564 3576 et
2603 3523 2668 3576 ad
2713 3521 2936 3576 meliora
2979 3520 3244 3591 proﬁcere
3275 3533 3604 3575 commemo-

2012 3627 2128 3666 rem
2153 3610 2244 3665 “9.
2275 3611 2480 3665 Precor
2508 3611 2670 3682 igitur
2701 3621 2759 3664 ut
2804 3610 2994 3675 frater,
3032 3611 3221 3664 hortor
3247 3617 3306 3664 ut
3339 3617 3512 3679 pater,
3543 3617 3604 3663 ut

2013 3705 2092 3757 sic
2121 3703 2190 3734 ³⁸⁰
2217 3702 2482 3756 studentis
2517 3703 2569 3755 iu
2601 3717 2734 3770 pace
2753 3711 2809 3755 et
2839 3701 3102 3771 religione
3129 3701 3447 3756 monachica
3471 3715 3602 3756 con-

2013 3795 2251 3858 versari;
2277 3801 2550 3862 quatenus
2571 3802 2626 3846 et
2651 3809 2748 3848 vos
2769 3807 2836 3846 ex
2860 3794 3025 3848 vestri
3050 3795 3214 3848 studii
3243 3795 3600 3849 retributione

2013 3886 2242 3942 valeatis
2288 3885 2618 3950 beatiﬁcari,
2675 3893 2730 3939 et
2783 3899 2881 3955 ego
2909 3886 2976 3940 de
3036 3895 3220 3940 vestra
3269 3886 3600 3940 beatitudine

2013 3979 2338 4049 quandoque
2379 3975 2770 4042 congratulari.
2804 3975 3160 4045 Omnipotens
3206 3976 3463 4031 Dominus
3499 3993 3595 4031 sua

2013 4087 2112 4126 vos
2147 4071 2216 4102 ³⁵¹
2242 4070 2581 4142 protectione
2609 4069 2678 4124 ab
2712 4069 2863 4123 omni
2894 4067 3222 4124 adversitate
3245 4068 3518 4134 defendat,
3545 4078 3603 4123 et

2015 4179 2169 4220 suam
2209 4163 2363 4218 vobis
2392 4161 2853 4225 misericordiam,
2891 4175 2988 4230 per
3019 4161 3330 4216 continuam
3355 4162 3600 4231 corporis

2017 4265 2072 4311 et
2097 4255 2291 4309 animae
2315 4253 2756 4325 prosperitatum,
2779 4252 3054 4308 ostendat.
3087 4253 3335 4307 Mandate
3361 4255 3521 4308 matri
3547 4265 3603 4308 et

325 4364 486 4418 quam
521 4363 625 4402 non
661 4349 828 4413 visus,
862 4356 957 4401 aut
981 4347 1225 4402 absentia
1254 4347 1428 4410 visus,
1459 4347 1548 4401 ubi
1574 4345 1904 4402 visus‘debet
1941 4359 1985 4414 1)
2013 4347 2240 4404 dominae
2253 4355 2452 4400 nostrae
2473 4344 2772 4412 Evae,quod
2793 4345 2858 4398 de
2881 4343 2989 4396 ﬁlio
3012 4358 3110 4398 suo
3133 4343 3489 4412 primogenita
3513 4359 3602 4398 vo-

325 4453 464 4494 esse.
496 4439 608 4495 Non
645 4441 792 4495 visus
827 4455 976 4504 vero,
1009 4439 1094 4494 vel
1134 4439 1378 4493 absentia
1409 4439 1562 4493 visus
1589 4455 1694 4492 non
1739 4441 1912 4510 magis

325 4533 658 4602 estaliquid,
687 4532 776 4585 tibi
816 4532 974 4586 debet
1003 4545 1126 4586 esse
1152 4531 1319 4595 visus,
1355 4545 1520 4599 quam
1547 4529 1636 4583 ubi
1675 4545 1782 4584 non
1814 4531 1910 4584 de-

327 4626 417 4679 bet
461 4641 602 4680 esse.
645 4625 826 4692 Quare
863 4625 1080 4679 cmcitas
1127 4639 1232 4678 non
1277 4621 1450 4692 magis
1488 4629 1574 4676 est
1623 4619 1826 4690 aliquid
1855 4620 1908 4674 in

327 4716 503 4778 oculo,
548 4715 672 4788 quia
702 4715 774 4770 ibi
809 4715 968 4770 debet
1001 4729 1124 4768 esse
1158 4713 1342 4778 visus;
1379 4727 1541 4780 quam
1587 4725 1694 4765 non
1736 4711 1905 4776 visus,

325 4806 411 4859 vel
443 4807 686 4862 absentia
725 4807 875 4861 visus
914 4807 966 4860 in
999 4805 1174 4874 lapide
1209 4803 1296 4868 ³⁸⁸,
1325 4804 1415 4857 ubi
1439 4819 1546 4858 non
1575 4803 1735 4858 debet
1765 4817 1906 4858 esse.

331 4895 492 4950 Multa
521 4912 736 4967 quoque
779 4897 882 4952 ﬂia
912 4897 1166 4952 similiter
1194 4897 1448 4951 dicuntur
1474 4895 1676 4966 aliquid
1721 4911 1912 4951 secun-

329 4988 456 5043 dum
485 4989 714 5044 formam
763 4991 1035 5060 loquendi,
1061 5005 1181 5060 qua:
1217 5006 1323 5045 non
1353 4999 1478 5044 sunt
1509 4989 1744 5059 aliquid;
1779 5004 1915 5061 quo-

329 5080 471 5135 niam
500 5083 581 5137 sic
607 5083 815 5138 scilicet
841 5083 1114 5152 loquimur
1138 5081 1208 5112 ³⁸³
1238 5082 1304 5136 de
1329 5081 1456 5146 illis,
1489 5082 1631 5136 sicut
1659 5081 1726 5136 de
1749 5083 1912 5137 rebus

327 5173 706 5229 existentibus.
737 5175 850 5229 lloe
876 5175 1040 5246 igitur
1077 5175 1236 5230 modo
1261 5174 1460 5228 malum
1493 5181 1549 5228 et
1575 5172 1708 5228 nihil
1737 5173 1910 5244 signi-

2017 4440 2228 4496 biscum
2251 4439 2437 4493 audire
2455 4437 2570 4506 pari
2584 4435 2852 4490 desiderio
2872 4443 3172 4504 exspectat,
3189 4443 3244 4489 et
3266 4444 3324 4489 ut
3343 4443 3462 4490 oret
3489 4450 3601 4505 quo

2017 4534 2161 4588 sicut
2188 4531 2302 4586 suis
2320 4527 2655 4584 orationibus
2667 4525 3267 4596 vobiscumimpetravit
3289 4541 3419 4582 mea
3441 4527 3600 4582 vobis

2017 4622 2331 4678 timentibus
2357 4635 2475 4675 cum
2509 4616 2874 4688 prosperitate
2917 4616 3088 4678 abire.
3127 4617 3204 4672 ita
3251 4617 3504 4688 impetret
3536 4627 3596 4672 ut

2015 4717 2218 4788 possim
2245 4716 2310 4770 ad
2345 4729 2440 4769 vos
2469 4715 2767 4786 gaudenter
2794 4727 2915 4768 cum
2945 4711 3140 4783 gaudio
3175 4710 3375 4767 redire.

2535 4803 2868 4860 EPISTOLA
2901 4801 2950 4858 Χ
2987 4803 3079 4858 ³⁸³⁸.

2594 4909 2662 4947 Δί)
2699 4909 3007 4950 ιιουυιῖυιι.

2051 4991 2288 5046 Lazlamr
2319 4989 2384 5044 de
2409 4987 2640 5058 Rodulfo
2671 4989 2740 5042 ad
2771 4989 3070 5059 religiosam
3100 4987 3259 5041 vitam
3286 4999 3556 5040 converso.

2085 5081 2280 5137 Frater
2325 5081 2645 5144 ANSELIIUS,
2691 5078 2868 5134 dictus
2919 5078 3090 5133 abbas
3138 5077 3438 5139 Beccensis,
3496 5088 3596 5130 suo

2011 5172 2140 5228 olim
2169 5172 2348 5227 amico
2383 5170 2869 5234 desideratissimo,
2904 5187 3050 5226 nunc
3076 5170 3297 5238 domno,
3327 5178 3384 5224 et
3409 5167 3591 5233 fratri,

1643 5266 1879 5324 VARIE
1911 5265 2312 5322 LECTIONES.

399 5361 468 5394 ""
493 5363 662 5429 Quam
685 5365 826 5436 quod
848 5367 964 5421 hzec
987 5382 1086 5436 ms.
1113 5361 1241 5436 Ehr.
1265 5363 1521 5436 quoniam
1549 5362 1765 5436 quidem
1841 5360 1910 5393 ’“
1937 5361 2006 5436 Ut
2034 5362 2148 5436 haec
2169 5375 2290 5436 quae
2316 5371 2398 5436 est
2420 5378 2551 5436 mss.
2566 5359 2774 5436 nt_h_a_e_e
2804 5375 2907 5436 vox
2942 5375 3062 5436 quae
3097 5367 3181 5416 est
3255 5355 3322 5391 ³⁸³
3349 5354 3580 5436 ίξῐῑςι-[τι-

329 5434 478 5488 tione
506 5451 631 5487 mss.
665 5431 765 5490 alia
809 5437 945 5489 ratio
1021 5435 1089 5467 3“
1165 5431 1322 5488 Visus
1373 5443 1431 5488 ut
1488 5435 1540 5488 in
1570 5431 1748 5503 lapide
1789 5449 1916 5486 mss.
1947 5433 2094 5486 visus
2137 5431 2187 5503 in
2241 5431 2417 5503 lapide

2517 5431 2584 5504 'f'
2619 5433 2838 5487 Scilicet
2875 5428 3148 5504 loquimur
3186 5446 3303 5504 gms.
3350 5428 3587 5504 S.__l:'_br.

327 5507 408 5586 sic
441 5505 740 5587 loquimur‘
769 5507 857 5587 f‘f
882 5505 1252 5587 Collatnuctrt‘m
1283 5506 1458 5558 eodem
1513 5497 1641 5559 πεδί
1691 5501 1758 5542 ⁸⁸⁷
1805 5503 1993 5559 Solent
2023 5497 2451 5587 (perduxit—gis...
2481 5503 2676 5587 solent)
2729 5504 2861 5557 hora
2893 5497 3040 5587 urina
3069 5503 3319 5587 perduxit
3391 5497 3461 5531 “3
3499 5498 3588 5553 Li-

327 5576 689 5648 mingiahnis.
722 5576 984 5648 Limingis
1061 5575 1128 5609 ⁸⁸³
1170 5575 1580 5632 Commovcrem
1626 5591 1726 5630 ms.
1763 5587 2164 5630 commonerem

327 5660 422 5701 vos
497 5645 568 5678 '"
598 5646 802 5702 Collum
829 5645 945 5702 cum
967 5648 1143 5702 eodem
1175 5663 1270 5701 ms.

2288 5571 2358 5604 "°
2406 5572 2476 5628 Ut
2529 5573 2620 5630 hic
2657 5571 2758 5629 ius.
2789 5585 2847 5630 ut
2871 5575 2952 5631 sic
2977 5574 3042 5605 "'
3071 5571 3182 5630 Sua
3213 5587 3313 5628 nos
3339 5587 3437 5628 ms.
3491 5585 3588 5626 sua
