3898 6052
408 135 549 193 H59

985 138 1043 195 S.
1074 138 1374 195 ANSELMI
1407 116 1759 200 CAN’I‘JFAR.
1793 136 2111 194 AnClllEP.
2146 137 2296 195 OPP.
2338 139 2518 198 PARS
2540 142 2624 198 Ill.
2648 174 2720 185 —
2748 144 3127 206 EPISTOLE.

3551 153 3701 211 1160

404 258 462 306 et
493 250 605 306 ﬁlio
629 250 972 315 charissima,
1007 267 1148 309 novo
1174 253 1377 309 Christi
1419 253 1577 309 militi
1607 254 1863 310 RonULro
1891 251 1984 317 ⁸⁵⁸,
2017 256 2063 314 Α
2092 267 2214 309 coxt
2258 254 2427 312 frater
2453 258 2739 315 ANSELIIIJS
2768 258 2942 315 dictus
2985 260 3154 316 abbas
3191 260 3508 331 Bccccnsis,
3542 267 3701 336 quod

404 356 502 411 per
527 351 898 413 contemptum
925 351 1265 399 terrenarum
1295 353 1352 399 et
1377 344 1636 401 falsarum
1670 344 1984 401 divitiarum

404 432 627 500 adipisci
655 432 903 488 ctelestes
931 442 987 488 et
1013 449 1172 490 veras
1201 436 1417 491 divitias
1439 435 1534 491 ³⁸δ.

472 519 655 578 Gloria
700 524 755 577 in
784 525 1001 581 excelsis
1046 526 1181 592 Deo,
1233 528 1326 598 qui
1360 530 1414 583 in
1450 538 1591 583 terra
1628 528 1718 583 dat
1762 529 1987 586 homini-

403 613 498 667 bus
525 614 720 668 bonam
763 614 1098 671 voluntatem
1132 616 1284 685 (an.
1314 633 1380 684 tt,
1413 619 1502 688 M)
1534 637 1548 672 :
1583 619 1739 688 cujus
1765 620 1981 676 excelsa

401 706 623 760 dextera
675 706 972 761 secundum
1015 708 1345 764 desiderium
1392 725 1574 766 meum
1627 713 1857 767 mutavit
1887 728 1983 768 vo-

398 796 661 852 luntatem
700 798 879 853 dilecti
911 807 965 854 et
991 800 1284 858 desiderati
1310 801 1411 857 mei
1439 818 1469 857 a
1504 804 1744 858 vanitate
1769 804 1977 871 saeculi,

397 904 519 959 quae
553 890 683 943 nulli
716 889 770 944 in
808 890 914 946 ﬁne
943 892 1184 962 prodest,
1215 904 1271 948 et
1302 895 1557 950 omnibus
1583 911 1642 951 se
1672 898 1981 954 amantibus

393 982 581 1047 obest;
626 983 693 1037 ad
730 984 1038 1050 veritatem,
1082 1002 1204 1057 qua:
1249 987 1381 1042 nulli
1415 1004 1654 1058 unquam
1701 991 1880 1059 obest,
1925 1000 1980 1048 et

399 1071 650 1127 omnibus
686 1088 746 1128 se
791 1077 1160 1144 quaerentibus
1197 1078 1441 1146 prodest.
1482 1078 1732 1135 Breviter
1761 1082 1854 1136 tibi
1895 1081 1979 1138 lo-

397 1178 552 1229 quor,
599 1164 909 1223 dulcissime
959 1168 1107 1224 cordi
1159 1184 1298 1233 meo,
1344 1168 1557 1239 litteris,
1600 1187 1761 1242 quem
1817 1188 1980 1245 super

391 1271 582 1313 omnes
622 1260 891 1324 homines,
943 1266 1079 1313 teste
1120 1260 1474 1327 conscientia,
1529 1262 1737 1330 videre,
1783 1272 1840 1319 et
1888 1265 1975 1320 cui

391 1349 618 1404 multum
644 1350 789 1421 loqui
821 1363 917 1405 ore
939 1350 1006 1404 ad
1036 1365 1121 1416 os,
1145 1350 1431 1421 plusquam
1459 1352 1618 1408 alicui
1650 1354 1705 1408 in
1731 1362 1876 1409 terra
1895 1356 1978 1413 vi-

390 1441 562 1506 venti,
595 1441 866 1497 desidero.
915 1440 1050 1497 Novi
1090 1442 1236 1497 enim
1279 1443 1574 1514 malignam
1603 1445 1805 1502 diaboli
1836 1448 1976 1504 invi-

389 1531 555 1598 diam,
582 1532 706 1603 quia
732 1533 799 1589 de
831 1532 1082 1588 manibus
1107 1534 1240 1599 suis,
1265 1533 1379 1588 imo
1403 1533 1468 1589 de
1493 1548 1588 1589 ore
1609 1549 1710 1592 suo
1748 1544 1797 1592 te
1828 1537 1974 1595 fren-

2089 342 2288 400 dilecto
2316 347 2458 416 patri
2490 348 2662 405 ﬁdelis
2690 348 2854 405 ﬁlius.

2161 435 2218 491 Si
2249 438 2408 493 velim
2446 440 2687 497 scribere
2715 456 2877 512 quam
2910 457 3165 513 magnum
3190 452 3244 501 et
3274 461 3435 516 quam
3466 458 3686 519 gratum

2058 520 2066 527 “
2088 525 2161 590 sit
2190 528 2321 583 mihi
2347 531 2514 586 decus
2532 540 2588 586 et
2614 531 2842 589 dulcedo
2865 542 3061 589 vestrae
3086 534 3489 605 familiaritatis,
3515 555 3687 609 quam

2086 629 2153 671 ex
2177 626 2353 673 vestra
2381 622 2743 690 promissione
2772 639 2862 680 me
2893 628 3106 683 confido
3125 629 3355 687 habere:
3387 643 3689 702 quantum.

2085 721 2193 777 que
2232 723 2353 765 eam
2376 749 2392 772 ,
2430 711 2532 766 etsi
2563 728 2669 768 non
2710 716 2885 771 merui
2922 719 3203 789 accipere,
3249 721 3550 780 desiderem
3596 726 3683 782 vel

2085 798 2228 855 ﬁdeli
2262 801 2537 858 voluntate
2561 844 2576 869 ,
2610 805 2655 859 si
2686 807 2844 861 aliter
2872 824 3081 878 nequeo
3112 814 3343 879 mereri,
3377 831 3483 872 non
3512 819 3679 874 amit-

2086 898 2232 955 tere;
2270 892 2493 949 forsitan
2523 905 2618 950 aut
2651 898 3079 957 subtrahendum
3110 905 3215 959 erit
3242 905 3475 976 aliquid,
3507 918 3569 963 ut
3598 911 3679 965 vi-

2083 979 2253 1036 debor
2281 985 2495 1039 veritati
2524 988 2905 1055 superaddere.
2936 990 3043 1046 Sed
3066 995 3207 1062 quod
3232 994 3283 1049 in
3311 997 3532 1068 epistola
3561 999 3679 1072 (25)

2082 1069 2152 1102 ³⁸³
2187 1088 2294 1128 non
2333 1075 2507 1131 audeo
2544 1075 2875 1134 sufﬁcienter
2909 1085 3331 1152 commendare,
3382 1088 3434 1141 in
3474 1069 3679 1147 scrinio

2081 1164 2260 1219 cordis
2287 1167 2510 1233 curabo,
2538 1167 2648 1226 Deo
2674 1174 2856 1239 dante,
2886 1172 3117 1230 ﬁdeliter
3144 1191 3382 1234 servare.
3406 1179 3513 1235 Per
3530 1197 3677 1252 pra:-

2080 1254 2312 1308 sentiutn
2335 1255 2534 1314 latores
2559 1259 2779 1328 fratres,
2802 1266 3077 1321 sanctitati
3098 1277 3311 1334 vestrm,
3335 1278 3395 1324 ut
3412 1274 3674 1343 cognovi,

2080 1346 2369 1404 dilectores
2397 1350 2704 1409 celsitbdini
2734 1365 2929 1412 vestra:
2957 1358 3024 1414 de
3050 1360 3270 1426 scriptis
3294 1364 3492 1421 nostris
3518 1367 3676 1422 mitto

2080 1440 2223 1507 quod
2248 1438 2509 1509 jussistis.
2543 1445 2601 1500 ln
2634 1461 2738 1516 qua
2766 1462 2825 1503 re
2852 1464 2961 1503 non
3001 1458 3110 1506 tam
3146 1451 3378 1523 alicujus
3408 1470 3494 1510 me
3523 1458 3673 1514 utili-

2082 1531 2201 1598 tati,
2228 1547 2390 1603 quam
2424 1545 2618 1592 vestrae
2646 1538 2761 1594 seio
2787 1540 2992 1596 servire
3019 1541 3300 1600 voluntati.
3334 1544 3673 1618 Quapropter

386 1622 522 1678 dens
547 1622 1046 1679 tabescitevadere.
1080 1622 1236 1679 Unde
1259 1631 1445 1679 certus
1468 1639 1587 1679 sum
1610 1626 1738 1697 quia
1762 1636 1812 1684 te
1836 1628 1975 1684 mut-
2006 1614 2048 1674 Β
2075 1622 2122 1679 si
2172 1624 2224 1679 in
2270 1625 2357 1681 illa
2400 1628 2625 1699 legendo
2664 1646 2762 1686 vos
2809 1631 3011 1689 frustra
3062 1643 3274 1706 tempus
3320 1636 3674 1709 insumpsisse

394 1713 465 1767 tis
513 1714 714 1781 modis,
780 1714 1014 1780 scilicet,
1067 1724 1163 1768 aut
1204 1715 1472 1785 gravitate
1524 1717 1803 1774 servitutis
1854 1720 1972 1789 Dei,

383 1819 546 1873 quam
602 1804 848 1873 clegisti,
895 1814 993 1861 aut
1039 1805 1396 1862 delectatione
1441 1808 1713 1864 serviendi
1764 1811 1843 1866 illi
1875 1827 1974 1882 per

384 1909 625 1949 amorem
669 1894 873 1960 seaculi,
902 1910 1066 1965 quem
1119 1895 1391 1965 reliquisti
1439 1897 1535 1963 ³⁸⁸,
1566 1900 1975 1957 tentabitdeci-

381 1999 530 2055 pere.
559 1987 759 2053 Quare,
790 1988 1046 2056 quoniam
1077 2003 1237 2058 spero
1268 2002 1363 2058 per
1392 1988 1486 2045 Dei
1518 1991 1749 2060 gratiam
1779 2001 1969 2049 contra

380 2092 569 2131 omnes
603 2076 766 2149 345
801 2076 919 2145 ejus
952 2077 1218 2144 astutias,
1251 2079 1523 2148 quoniam
1546 2080 1601 2134 in
1639 2079 1878 2138 falsitate
1915 2092 1970 2139 et

380 2163 748 2221 imbecillitate
774 2177 920 2233 sunt,
950 2168 994 2223 si
1021 2178 1170 2224 certa
1197 2184 1320 2238 spes
1348 2170 1400 2224 in
1418 2170 1527 2226 Deo
1556 2187 1660 2227 non
1691 2173 1853 2241 absit,
1884 2190 1969 2231 me

380 2254 475 2307 tibi
508 2271 666 2324 posse
697 2260 983 2315 consulere
1010 2277 1026 2314 :
1060 2268 1117 2315 et
1146 2276 1244 2331 pro
1274 2271 1425 2317 certo
1455 2264 1569 2318 scio
1598 2263 1802 2321 nullum
1833 2280 1967 2321 eon-

375 2344 554 2400 silium
591 2348 656 2401 ad
688 2363 928 2417 prtesens
962 2352 1234 2407 desiderio
1266 2362 1357 2409 tuo
1391 2355 1561 2424 magis
1589 2370 1752 2425 quam
1784 2372 1963 2413 meum

373 2435 618 2492 suﬁicere
645 2439 738 2503 ³⁸⁸,
768 2456 871 2496 non
903 2441 1124 2506 habebit
1153 2445 1333 2499 anima
1366 2461 1485 2501 mea
1511 2448 1752 2517 requiem
1775 2451 1828 2502 in
1854 2465 1961 2512 me.

379 2523 551 2582 donec
580 2527 647 2559 ³⁸⁷
680 2530 929 2586 videatur
954 2532 1096 2587 oculi
1129 2534 1233 2588 mei
1267 2535 1630 2591 desideratum
1663 2553 1842 2593 meum
1862 2578 1878 2605 ,
1908 2550 1966 2596 et

374 2616 680 2687 alloquatur
708 2636 770 2678 os
801 2639 979 2678 meum
1008 2624 1419 2681 dilectissimum
1451 2628 1621 2684 ﬁlium
1659 2646 1866 2698 meum,
1908 2642 1965 2689 et

369 2708 606 2765 instruat
625 2727 719 2766 cor
743 2728 921 2768 meum
945 2724 1133 2769 contra
1159 2715 1355 2771 diaboli
1374 2717 1555 2786 jacula
1586 2734 1785 2775 novum
1810 2738 1963 2778 com-

370 2801 669 2858 militonem
718 2804 787 2836 ³⁵⁸
828 2821 1029 2861 meum.
1077 2807 1280 2864 Precor
1324 2810 1491 2880 igitur
1533 2813 1961 2883 omnipotentem

368 2890 539 2948 Deum
571 2895 660 2964 qui
708 2906 760 2950 te
789 2896 858 2952 ab
888 2912 1077 2957 amore
1113 2900 1388 2962 saecularis
1416 2903 1675 2960 vanitatis
1705 2922 1959 2979 segrega-

366 2983 471 3049 vit,
502 2993 560 3039 et
587 2987 987 3047 sanctissimam
1021 2998 1253 3047 matrem
1283 2992 1401 3064 ejus
1432 3011 1552 3065 qua:
1582 3003 1636 3051 te
1670 2998 1737 3052 ad
1782 3014 1841 3055 se
1870 3000 1958 3055 fu-

366 3075 601 3147 gientem
628 3077 729 3133 sub
754 3094 850 3133 sua
881 3081 1044 3135 tutela
1084 3084 1355 3153 suscepit,
1388 3095 1447 3139 ut
1477 3096 1529 3142 te
1560 3088 1629 3143 ab
1658 3091 1803 3145 omni
1836 3107 1958 3162 pcr-

367 3167 674 3225 turbatione
710 3170 906 3242 incepti
945 3176 1203 3243 propositi
1237 3179 1569 3234 custodiant.
1605 3179 1791 3251 Teque
1827 3199 1959 3256 rogo

365 3274 460 3330 per
488 3261 637 3316 illum
672 3264 825 3332 cujus
857 3267 1029 3334 gratia
1070 3268 1371 3339 inspirante
1413 3271 1517 3326 hoc
1546 3274 1813 3345 incmpisti
1841 3318 1856 3342 ,
1888 3293 1957 3334 ne

365 3356 417 3403 te
444 3357 688 3407 terreant
719 3353 840 3408 ulla:
872 3355 1080 3411 insidiae
1103 3358 1187 3413 vel
1215 3361 1589 3431 suggestiones
1619 3364 1844 3420 inimici.
1873 3366 1954 3423 Ad

362 3439 466 3496 hoc
494 3443 640 3497 enim
671 3444 811 3499 idem
842 3445 1097 3503 inimicus
1131 3458 1186 3504 te
1222 3452 1514 3509 molestare
1549 3456 1763 3524 nititur,
1796 3467 1856 3514 ut
1884 3459 1954 3515 de

363 3538 415 3584 te
441 3530 585 3585 victo
612 3535 876 3600 gaudeat;
909 3537 1002 3590 sed
1034 3538 1175 3592 Deus
1216 3541 1284 3593 ad
1316 3541 1417 3596 hoe
1452 3541 1529 3597 illi
1567 3546 1866 3613 permittit,
1894 3558 1953 3604 ut

362 3620 564 3676 habeas
597 3621 666 3654 ³⁸⁹
696 3624 839 3678 unde
870 3626 961 3681 tibi
992 3626 1232 3684 victoria:
1269 3645 1527 3688 coronam
1558 3635 1672 3706 ipse
1705 3638 1946 3696 tribuat:

365 3710 530 3766 Nemo
564 3713 700 3768 enim
732 3718 1090 3784 coraunbitur,
1137 3720 1353 3777 dicente
1384 3723 1671 3793 Apostolo,
1720 3730 1823 3786 nisi
1858 3734 1951 3803 qui

360 3800 582 3872 legitime
604 3808 872 3861 certaverit
898 3807 982 3879 (11
1011 3808 1148 3864 Tim.
1177 3827 1239 3877 ll,
1264 3813 1343 3885 5).
1369 3815 1637 3886 Exspecta
1666 3819 1830 3891 igitur
1853 3800 1949 3882 d0-

361 3910 459 3951 nec
487 3898 732 3966 veniam;
761 3900 907 3969 quia,
936 3900 1044 3956 Deo
1067 3902 1249 3971 dante,
1279 3907 1706 3966 consolationem
1731 3913 1802 3945 ³⁶⁰
1829 3930 1949 3971 om—

358 3988 505 4042 nium
532 4004 652 4058 qua:
678 3992 772 4046 tibi
796 4007 938 4047 nunc
967 3993 1193 4049 molesta
1220 4007 1347 4051 sunt
1369 3999 1655 4070 suscipies.
1686 4002 1945 4064 Dominus

358 4079 623 4135 custodiat
655 4090 704 4136 te
728 4084 797 4137 ab
826 4082 974 4137 omni
1007 4083 1168 4138 malo.
1201 4085 1395 4141 Amen.

867 4194 1200 4252 EPISTOLA
1238 4196 1310 4251 x1
1346 4198 1436 4255 ιιι.

956 4325 1023 4364 ΑΙ)
1060 4325 1331 4367 IIUGONEM.

361 4395 432 4453 De
456 4397 765 4478 quibusdan
797 4397 1028 4478 Anselmi
1055 4403 1318 4478 opusculis
1347 4401 1411 4478 ab
1438 4405 1827 4478 archiepiscopo
1856 4427 1939 4464 re-

420 4467 647 4540 quisitis.
686 4467 755 4521 Et
790 4470 930 4548 quod
970 4486 1155 4525 nomen
1191 4472 1395 4548 abbatis
1433 4474 1487 4528 in
1530 4467 1686 4548 titan
1724 4467 1937 4548 operum

421 4555 639 4592 suorum
667 4540 953 4608 prteﬁxerit
976 4551 1032 4594 ut
1062 4543 1522 4609 tequivocationem
1547 4540 1861 4604 excluderet.

423 4627 633 4682 Domno
654 4638 711 4684 et
735 4628 883 4684 Patri
914 4646 1034 4685 cum
1060 4632 1348 4689 dilectione
1377 4637 1702 4706 reverenda,
1732 4648 1931 4697 etcum

350 4720 651 4778 reverentia
690 4720 959 4792 diligendo
997 4721 1343 4793 Lugdunensi
1380 4728 1786 4800 archiepiscopo
1824 4731 1933 4789 llu-

2074 1716 2429 1787 poenituerit,
2473 1721 2599 1791 quia
2636 1722 2782 1793 quod
2826 1725 3030 1793 putatis
3074 1742 3182 1783 non
3228 1727 3517 1787 invenietis
3559 1733 3669 1790 ³³⁸³.

2074 1822 2180 1862 non
2208 1809 2464 1877 mittenti,
2493 1814 2586 1868 sed
2614 1815 2850 1886 exigenti
2877 1816 3146 1888 imputare
3166 1820 3393 1876 debetis.
3420 1822 3493 1877 De
3515 1839 3671 1894 qua:-

2073 1899 2342 1958 stionibus
2371 1918 2498 1960 vero
2527 1904 2594 1961 de
2626 1906 2822 1977 quibus
2851 1922 2940 1963 me
2978 1909 3115 1965 velle
3154 1911 3396 1969 scribere
3436 1915 3585 1981 dixi,
3611 1926 3670 1972 et

2072 1997 2378 2052 reverentia
2409 2008 2590 2053 vestra
2619 2014 2707 2053 me
2736 2001 2970 2067 monuit,
3006 2001 3051 2056 si
3088 2001 3158 2036 ’“
3185 2004 3374 2061 dixero
3403 2017 3666 2076 quantum

2071 2083 2278 2140 dictare
2307 2086 2573 2157 impediar
2607 2088 2715 2156 ³⁸⁸,
2745 2089 2814 2145 ab
2858 2090 2998 2158 ullo,
3039 2094 3131 2163 qui
3168 2110 3342 2150 meam
3374 2113 3476 2153 non
3516 2102 3667 2157 novit

2070 2178 2562 2244 conversationem,
2590 2180 2738 2234 credi
2771 2195 2876 2236 non
2904 2183 3105 2251 poterit
3135 2184 3224 2238 ³⁵⁸.
3262 2185 3318 2241 Si
3340 2191 3557 2257 quando
3580 2200 3665 2246 ta-

2068 2284 2193 2325 men
2234 2269 2358 2325 inde
2394 2271 2525 2326 mihi
2567 2286 2664 2342 per
2702 2272 2797 2327 Dei
2835 2274 3065 2345 gratiam
3105 2278 3249 2346 quod
3290 2280 3412 2335 volo
3450 2280 3662 2339 efficere

2066 2357 2273 2427 licebit,
2306 2369 2524 2428 vestrae,
2549 2363 2593 2417 si
2619 2371 2828 2432 potero,
2854 2364 3154 2433 prudentiae
3173 2379 3360 2425 notum
3381 2373 3505 2429 erit.
3527 2374 3659 2440 Fra,

2069 2460 2180 2507 tres
2214 2454 2457 2523 praedicti
2498 2455 2922 2529 laerymabiliter
2956 2462 3024 2517 de
3059 2464 3304 2520 interiori
3347 2469 3655 2523 monasterii

2066 2544 2149 2599 sui
2183 2560 2580 2618 conquerentes
2603 2550 3004 2617 destructione,
3044 2569 3144 2624 pro
3175 2571 3264 2611 me
3303 2558 3655 2614 obsecrarunt

2064 2636 2260 2694 all‘ectu
2295 2647 2354 2694 ut
2391 2642 2595 2697 nostris
2630 2644 2880 2711 precibus
2912 2648 3121 2715 paterni
3157 2648 3323 2703 vestri
3352 2650 3558 2705 consilii
3595 2652 3651 2705 in

2066 2730 2414 2788 tribulatione
2443 2748 2540 2788 sua
2572 2735 2879 2792 releventur
2906 2739 3278 2796 consolatione
3306 2758 3320 2794 :
3352 2741 3477 2807 sed,
3512 2744 3651 2799 sicut

2063 2834 2252 2881 nostro
2287 2827 2516 2883 consilio
2559 2845 2664 2884 non
2711 2839 2833 2901 eget
2873 2841 3053 2889 vestra
3097 2835 3394 2907 sapientia,
3433 2837 3506 2893 ita
3552 2854 3651 2894 nec

2064 2916 2317 2987 precibus
2345 2919 2745 2977 benevolentia.
2800 2923 2858 2979 Si
2922 2933 3102 2981 tamen
3153 2929 3328 2997 placet
3375 2942 3435 2984 ut
3473 2930 3650 2987 dicam

2063 3009 2192 3079 quid
2220 3009 2324 3065 illis
2349 3010 2415 3065 ad
2443 3027 2676 3081 praesens
2705 3015 2979 3084 expedire,
3019 3018 3189 3075 donee
3218 3021 3519 3077 visitatione
3557 3038 3652 3078 su-

2061 3117 2245 3172 perna:
2266 3103 2452 3172 gratiae
2480 3103 2532 3158 in
2555 3117 2742 3160 eorum
2765 3107 2994 3163 ecclesia
3022 3125 3119 3179 per
3143 3111 3400 3182 regularis
3430 3114 3656 3171 abbatis

2059 3194 2404 3263 praesentiam
2430 3195 2749 3251 monachica
2777 3207 3110 3255 restauretur
3139 3202 3346 3271 religio,
3371 3204 3608 3261 sentiam
3629 3246 3647 3270 ,

2057 3282 2269 3338 aestimo
2307 3283 2434 3350 quia
2473 3284 2665 3340 melius
2708 3295 2794 3342 est
2839 3296 2899 3344 ut
2937 3300 3116 3346 vestra
3163 3291 3380 3347 licentia
3429 3294 3645 3352 interim

2057 3373 2280 3439 eligant,
2315 3375 2405 3428 ubi
2433 3376 2730 3431 secundum
2763 3381 3099 3450 propositum
3130 3397 3289 3439 suum
3329 3385 3511 3442 vivant
3540 3388 3647 3442 uti-

2055 3465 2199 3535 liter,
2231 3480 2394 3535 quam
2424 3470 2485 3523 tit
2522 3469 2595 3525 ibi
2630 3481 2897 3542 cogantur
2923 3489 3173 3541 manere,
3202 3477 3314 3542 ubi,
3352 3478 3640 3550 indigentia

2054 3554 2323 3612 bonorum
2352 3559 2597 3629 corporis
2618 3570 2673 3617 ct
2699 3563 2894 3619 animae
2925 3565 3108 3625 tristes
3134 3567 3319 3622 vivant
3344 3568 3600 3625 iuutiLiter
3620 3610 3637 3636 ,

2052 3656 2146 3702 aut
2167 3648 2355 3703 eadem
2380 3649 2679 3720 indigentia
2704 3652 3116 3711 intolerabiliter
3134 3658 3342 3728 gravati
3365 3659 3643 3716 discedant

2052 3739 2445 3796 inobedienter.
2477 3743 2628 3808 Quod
2659 3744 2710 3798 in
2742 3745 2897 3801 titulo
2917 3748 3303 3829 opusculorum
3335 3759 3635 3809 nostrorum

2050 3831 2258 3886 nomini
2287 3839 2476 3889 nostro
2503 3834 2684 3890 addidi
2721 3851 2916 3893 nomen
2953 3840 3198 3905 abbatis,
3234 3857 3347 3898 non
3386 3844 3505 3899 ideo
3531 3845 3633 3900 feci

2047 3931 2111 3975 ut
2136 3936 2423 3991 personam
2451 3933 2812 3981 monstrarem
2844 3929 3246 3987 honoratiorem
3271 3972 3287 4000 ,
3316 3933 3410 3988 sed
3449 3944 3505 3990 ut
3532 3949 3629 3989 no-

2046 4013 2212 4070 minis
2239 4016 2581 4072 excluderem
2607 4021 3112 4088 tequivocationem.

2541 4130 2876 4189 EPISTULA.
2916 4134 3008 4191 XII
3044 4136 3135 4190 ³⁸⁷.

2605 4239 2635 4277 Α
2644 4238 2674 4277 D
2711 4240 2899 4281 HELINA
2908 4242 3070 4284 NDUI.

1968 4299 2019 4360 D
2054 4307 2317 4365 Hortatur
2341 4320 2398 4365 ut
2418 4311 2718 4383 perseveret
2753 4328 2800 4371 et
2832 4318 3033 4373 diaboli
3061 4321 3223 4376 variis
3260 4323 3631 4380 tentatiom'bus

2329 4399 2462 4454 quas
2493 4386 2763 4452 describit,
2794 4398 3091 4445 constanter
3119 4394 3345 4448 resistat.

2119 4464 2320 4525 Servus
2345 4484 2624 4525 servorum
2652 4472 2744 4528 Dei
2772 4475 2826 4528 in
2849 4475 3105 4533 Bcccensi
3130 4482 3459 4538 monasterio
3477 4498 3629 4539 com-

2043 4560 2376 4614 manentium
2396 4601 2412 4626 ,
2448 4561 2615 4618 frater
2649 4567 2932 4623 [insumus
2961 4566 3113 4623 fratri
3141 4570 3368 4638 dilecto,
3398 4571 3506 4628 ﬁlio
3528 4574 3626 4630 de-

2039 4647 2279 4705 siderato
2306 4650 2640 4722 "summo,
2673 4655 2810 4712 bene
2836 4657 3064 4728 inceptae
3092 4660 3321 4718 feliciter
3343 4664 3624 4733 perﬁcere.

2110 4739 2436 4800 Benedictus
2464 4745 2603 4803 Deus
2621 4788 2636 4816 ,
2666 4762 2697 4802 a
2728 4763 2835 4818 quo
2858 4766 3013 4806 omne
3036 4751 3220 4807 datum
3254 4754 3321 4790 ³⁸⁸
3350 4756 3624 4827 optimum,

1640 4819 1875 4878 νΑιιιΑε
1915 4826 2321 4890 LECTlONES.

421 4907 493 4940 ³⁸³
514 4907 797 5003 ΒιιροιρΙιρ
822 4908 1245 5003 ηιξιῖῧῐέειίξῐιιιις)Δ
1302 4911 1374 4945 ³⁸⁵
1404 4911 1669 5003 ςςξξςξιςε
1690 4915 1908 5003 divitias
1942 4939 2021 5003 nis
2046 4912 2296 5003 caelestes
2314 4937 2368 4984 et
2390 4945 2547 4985 veras
2586 4930 2816 5003 divitias
2891 4935 2964 4968 ³⁵⁸
2993 4934 3163 5003 Quam

350 4994 510 5050 quem
534 4980 794 5049 reliquisti
817 4980 939 5070 mf“
963 4979 1249 5037 Stiliiceret
1275 4983 1663 5070 mshsnllicer‘e
1718 4986 1791 5070 f"
1818 4987 2081 5070 Requiem
2110 4979 2291 5070 donec
2311 4979 2413 5070 nis.
2431 4979 2872 5070 ⁷ιίεξίῖιιίξξιι’ἧι-εἶθ
2894 4979 3066 5062 donec

350 5049 473 5105 nem
503 5066 609 5123 ius.
636 5049 1061 5123 commilitonem
1090 5067 1266 5107 meum
1342 5053 1411 5086 ³⁸⁸
1441 5052 1511 5108 Ut
1538 5056 1735 5111 habeat
1755 5074 1855 5113 ms.
1886 5049 1943 5116 ut
1966 5049 2167 5123 habeas

3217 4937 3481 5009 reliquisti
3518 4955 3624 4996 ms.

3185 5006 3255 5039 ³⁸⁸
3287 5006 3627 5066 (ῘὸιιιιιιίΙίτο-

2277 5066 2346 5101 ³⁸⁵
2383 5066 2973 5138 Ωιιῐίίεοηεοιιιιίοιιοιῐι
3005 5093 3103 5131 ms.
3141 5078 3263 5143 quia
3304 5078 3415 5133 Deo
3458 5081 3625 5136 dante

348 5119 772 5175 consolationem
848 5121 917 5153 ³⁸⁸
944 5120 1153 5219 Gallitta
1180 5139 1299 5177 cum
1325 5124 1507 5207 eodem
1534 5142 1653 5209 ηιδ..
1710 5126 1783 5211 ξ⁶²
1813 5130 1918 5184 Sed
1948 5132 1999 5186 in
2027 5119 2256 5205 epistola
2286 5119 2517 5196 msfsed“
3208 5119 3496 5214 Quanto;
3520 5119 3625 5219 nu:

349 5191 473 5219 in:o
507 5190 785 5219 ζηιηιηζηιῑ..
812 5207 890 5219 ...-
944 5207 1046 5219 -..Α
1111 5196 1312 5219 ..ι-..-ατη
1344 5209 1447 5219 ..Ακ
1478 5208 1762 5219 ...-.-_--.--
1863 5200 1932 5219 ιιι.
1964 5203 2009 5219 ι.
2101 5207 2112 5218 .
2553 5215 2562 5219 -
2674 5215 2685 5219 -

349 5190 789 5269 ratiﬁinvenietis
812 5207 910 5246 ms.
943 5192 1083 5261 quod
1111 5196 1315 5269 putatis
1344 5209 1459 5269 non
1478 5196 1764 5269 invenietis
1861 5200 1935 5233 ‘“
1963 5203 2045 5259 Me
2060 5190 2113 5260 'si
2132 5190 2256 5262 m1.“
2267 5190 2687 5269 xiié'iﬁaiitiiil'si

1391 5264 1459 5351 δοῖ
1482 5265 1711 5351 (ἴοιιαᾳιΔ
1743 5285 1861 5324 cum
1895 5272 2073 5328 eodeni
2122 5293 2223 5351 ms.
2252 5290 2301 5334 et
2334 5264 2703 5338 ἐὶιᾶιῖὶὲᾶεᾶιζ
2741 5264 3622 5347 com."EI'CBiBhT'Zniiii"iiiis:

351 5258 422 5333 {ff
445 5259 560 5333 Non
592 5271 771 5331 poteSt
788 5277 886 5329 ms.
916 5258 1021 5317 non
1049 5258 1249 5333 poterit

349 5328 418 5362 ⁸⁸⁸
439 5328 611 5387 Omne
634 5332 833 5389 bonum
860 5328 1167 5389 datum-ms.
1185 5344 1235 5388 et
1266 5331 1411 5389 Edit.
1440 5350 1600 5392 omne
1626 5337 1812 5395 datum

2807 5215 2877 5300 ³⁶ξ
2904 5215 3162 5300 Impediat
3184 5234 3283 5273 ms.
3330 5215 3622 5300 impediar.

1551 5446 1833 5509 JOANNIS
1871 5454 2020 5512 PICA
2032 5459 2144 5519 κω
2177 5461 2412 5521 ΝΟΤΑΕ.

421 5536 535 5607 (25)
581 5536 645 5592 V.
686 5536 858 5611 Epist.
895 5539 986 5607 l7,
1022 5538 1185 5609 infra.
