3898 6052
277 281 405 336 HGI

1531 272 1655 327 LIB.
1696 270 1760 329 ιι,
1793 264 2009 322 EPIST.
2071 263 2184 318 XII.

3390 259 3529 315 illi!

264 403 310 447 et
353 406 502 445 omne
536 389 729 442 donum
768 386 1060 455 perfectam
1105 387 1382 441 descendit
1428 385 1568 454 (Jac.
1615 401 1663 449 ι,
1712 383 1840 454 I7):
1872 388 1921 445 Α
1948 379 2123 433 fusius
2154 376 2427 441 scribere,
2458 374 2563 430 nisi
2593 375 2678 428 lex
2707 373 2946 442 epistolre
2986 382 3201 443 cogeret
3232 388 3316 428 me
3346 372 3529 429 brevi-

264 483 354 553 qui
386 483 578 538 avertit
614 481 789 536 oculos
827 491 942 533 tuos
989 497 1051 533 ne
1086 480 1291 534 videant
1334 480 1613 533 vaniIuIem
1661 475 1837 547 (Psal.

262 588 449 645 cxvut,
480 572 592 644 57),
638 582 692 626 et
734 572 906 625 erexit
949 571 1182 624 animam
1232 580 1375 623 luam
1409 572 1476 624 ad
1516 568 1847 638 sequendam

264 670 569 721 veritatem.
618 666 805 720 Restat
848 663 1030 734 igitur,
1069 668 1140 717 ml
1184 662 1487 718 desiderate
1511 701 1527 727 ,
1562 669 1619 714 ut
1658 658 1844 715 sedula

264 758 622 815 sollicitudine
661 766 993 825 pertractes,
1043 755 1165 825 quia
1204 770 1353 808 nemo
1384 754 1590 806 mittens
1628 766 1844 804 manum

263 852 332 904 ad
369 861 606 903 aratrum
637 858 685 903 et
718 848 993 918 respiciens
1021 857 1176 912 retro,
1214 856 1367 916 aptus
1399 856 1472 899 est
1503 860 1658 914 regno
1688 842 1845 896 caelo-

266 958 381 994 rum
412 939 564 1011 (Luc.
596 956 673 1004 1x,
704 937 778 1008 6).
806 938 1076 1007 Antiquus
1094 937 1236 991 enim
1264 936 1434 991 hostis
1463 944 1612 988 tanto
1638 934 1847 987 enixius

268 1048 370 1085 non
410 1031 646 1088 cessabit
675 1030 1007 1085 multimodis
1040 1038 1091 1084 te
1125 1028 1509 1084 calliditatibus
1549 1027 1805 1080 invadere
1827 1065 1842 1089 ,

263 1136 464 1191 quanto
495 1133 545 1179 te
566 1123 713 1178 videt
733 1121 1027 1177 studiosius
1054 1120 1186 1175 velle
1211 1122 1433 1189 laqueos
1455 1119 1570 1189 ejus
1592 1119 1843 1174 evadere.

266 1219 418 1287 Saepe
443 1234 673 1286 namque
704 1217 925 1272 reducet
951 1224 1075 1269 ante
1115 1214 1311 1270 mentis
1338 1214 1524 1268 oculos
1565 1228 1726 1281 quam
1757 1212 1847 1267 de~

264 1313 530 1368 lectabilia
562 1316 670 1368 sint
727 1328 789 1368 ea
837 1313 893 1367 in
925 1311 1120 1382 quibus
1157 1310 1347 1366 solitus
1387 1325 1447 1364 es
1485 1305 1798 1364 conversari
1831 1322 1845 1358 :

263 1415 320 1457 ut
345 1406 597 1459 continuo
618 1404 916 1460 subinferat
941 1419 1101 1473 quam
1130 1401 1342 1456 dillicile
1366 1402 1436 1456 sit
1466 1407 1678 1469 assueta
1705 1396 1852 1451 volu-

263 1505 412 1566 ptate
434 1512 640 1563 carere,
665 1513 824 1567 quam
849 1498 920 1553 sit
943 1496 1273 1566 impossibile
1294 1497 1345 1549 in
1375 1494 1606 1563 quodam
1632 1500 1851 1547 austero

268 1590 446 1659 rigore
474 1600 528 1643 et
570 1590 736 1660 rigida
774 1590 1092 1645 austeritate
1123 1599 1232 1644 tota
1273 1597 1431 1642 aetate
1464 1597 1846 1656 perseverare;

267 1691 532 1750 quatenus
556 1696 623 1736 ex
650 1682 908 1735 memoria
931 1688 1160 1735 assueta:
1186 1678 1563 1733 delectationis
1589 1675 1706 1745 plus
1731 1674 1851 1728 hor—

1952 478 2118 526 tatem
2159 484 2265 524 non
2308 467 2591 523 excedere.
2642 466 2812 521 Breve
2844 466 3009 535 igitur
3044 475 3099 519 et
3137 481 3323 521 verum
3371 469 3533 522 amici

1950 563 2025 617 tui
2073 562 2284 631 suscipe
2321 569 2508 615 contra
2558 560 2660 614 ista
2702 558 3006 613 consilium.
3049 557 3148 624 Qui
3190 568 3341 628 putat
3383 559 3535 612 volu-

1945 662 2095 724 ptate
2138 651 2382 708 smculari
2426 666 2645 714 carere,
2691 659 2745 704 et
2787 650 2839 703 in
2882 649 3140 704 exercitio
3185 665 3535 718 perseverare

1946 743 2204 796 virtutum
2230 742 2391 796 nimis
2412 751 2687 795 austermn
2712 739 2780 771 ³⁷⁸
2803 749 2856 794 et
2878 739 3235 808 impossibile;
3263 754 3534 807 nunquam

1947 831 2185 903 gustavit
2213 840 2474 902 quantum
2506 832 2575 886 sit
2605 847 2708 885 non
2739 831 2945 885 servire
2970 833 3062 885 sed
3096 832 3359 900 imperare
3388 830 3535 886 vitiis

1951 937 2046 994 per
2076 939 2314 978 amorem
2352 933 2405 978 et
2435 939 2581 993 spem
2618 924 2854 979 ccelestis
2885 924 3072 992 regni,
3112 923 3437 978 laudandum
3478 934 3534 984 et

1949 1015 2282 1071 delectabile.
2322 1014 2423 1082 Qui
2455 1024 2606 1084 putat
2637 1015 2825 1070 melius
2865 1016 2966 1068 sibi
2999 1030 3117 1070 esse
3157 1014 3321 1087 346
3348 1015 3401 1068 in
3438 1016 3537 1069 ha-

1948 1108 2061 1161 bitu
2094 1106 2331 1162 clericali
2372 1106 2622 1177 religiose
2662 1108 2843 1160 vivere
2872 1105 2962 1168 3",
3006 1122 3165 1175 quam
3198 1105 3381 1159 subire
3423 1120 3538 1159 mo-

1952 1199 2190 1255 nachica:
2235 1201 2357 1254 vita:
2396 1201 2602 1270 pondus
2643 1199 2986 1269 importabile
3030 1217 3042 1250 :
3085 1199 3397 1252 consideret
3440 1214 3537 1267 per

1951 1302 2121 1346 totum
2150 1294 2407 1347 mundum
2433 1302 2631 1362 quanta
2658 1292 2929 1345 hilaritate
2954 1292 3166 1360 utrique
3196 1289 3366 1355 sexui,
3392 1289 3538 1344 omni

1948 1385 2114 1447 artati,
2147 1394 2200 1437 et
2227 1385 2371 1438 onmi
2404 1386 2582 1454 generi
2614 1384 2888 1439 hominum
2922 1384 2993 1437 sit
3019 1382 3224 1450 pondus
3254 1382 3378 1435 illud
3411 1397 3539 1436 can-

1952 1476 2132 1531 tabile.
2174 1476 2321 1530 Sciat
2368 1477 2529 1531 etiam
2580 1477 2704 1546 quia
2758 1477 2909 1531 valde
2956 1475 3221 1530 difﬁcilius
3268 1486 3351 1530 est
3394 1477 3535 1529 inter

1950 1569 2234 1624 sazculares
2260 1583 2357 1640 per
2386 1569 2607 1623 liberam
2640 1570 2995 1631 voluntatem,
3028 1584 3187 1638 quam
3219 1568 3355 1622 intra
3389 1567 3535 1622 clan-

1952 1668 2124 1713 strum
2177 1660 2563 1715 monachorum
2611 1659 2712 1714 sub
2761 1659 3044 1728 disciplina
3098 1658 3373 1713 custodire
3420 1657 3543 1712 vitae

268 1748 387 1824 rcat
412 1771 623 1825 animus
645 1770 992 1825 sobrietatem
1018 1772 1142 1825 vitae
1169 1768 1521 1824 sublimioris.
1546 1765 1851 1836 Aliquando

1961 1751 2320 1803 sanctitatem.
2363 1748 2477 1802 Non
2516 1750 2635 1804 dico
2677 1766 2819 1805 nunc
2862 1750 3002 1819 quod
3044 1750 3377 1818 propositum
3422 1749 3545 1802 vitae

268 1859 369 1914 sub
396 1861 575 1929 specie
603 1859 943 1915 discretionis
972 1859 1137 1929 finget
1166 1874 1225 1913 se
1253 1858 1520 1913 salubrius
1548 1856 1662 1923 tibi,
1689 1871 1851 1926 quam

264 1950 632 2020 proposueris,
664 1950 971 2017 consulere,
1005 1959 1063 2003 ut
1092 1949 1299 2005 scilicet
1334 1949 1656 2018 pravitatem
1698 1948 1855 2002 dese-

270 2057 396 2097 rens
440 2043 491 2096 in
541 2042 775 2098 clericali
820 2043 1098 2113 proposito
1144 2041 1394 2113 religiose
1443 2041 1670 2096 vivendo
1720 2038 1855 2094 velis

265 2136 563 2205 persistere
592 2135 681 2201 ³⁸³,
726 2144 784 2190 ut
820 2145 875 2191 et
904 2150 1000 2206 per
1029 2136 1151 2190 vita:
1180 2133 1572 2190 correctioxiem
1619 2132 1853 2185 animam

273 2235 417 2281 tuam
447 2227 620 2296 possis
658 2228 898 2294 salvare,
941 2243 1041 2283 nec
1070 2242 1167 2297 per
1192 2227 1631 2282 indiseretionem
1661 2224 1855 2279 subeas

269 2330 408 2370 Onus
433 2317 575 2385 quod
631 2332 734 2371 non
766 2318 939 2388 possis
966 2327 1208 2387 portare.
1241 2316 1392 2384 Quod
1424 2316 1466 2369 si
1502 2324 1552 2368 te
1583 2313 1651 2367 ab
1680 2315 1855 2368 inten-

273 2408 419 2461 tione
438 2408 772 2478 perfectioris
795 2409 916 2463 vita:
938 2407 1244 2463 nullatenus
1267 2408 1435 2463 averti
1471 2422 1627 2476 posse
1656 2419 1854 2477 cogno-

272 2500 435 2565 verit,
470 2502 623 2570 quasi
663 2512 837 2556 tecum
871 2501 968 2565 ire,
1014 2500 1361 2572 approbando
1393 2499 1763 2572 propositum,
1797 2511 1858 2552 se

274 2591 575 2659 simulabit;
610 2593 704 2647 sed
740 2591 894 2661 juxta
925 2592 1029 2648 iter
1055 2591 1277 2663 laqueos
1294 2607 1498 2663 ponere
1515 2588 1858 2644 multimodos

272 2697 380 2739 non
407 2684 663 2738 cessabit.
693 2682 998 2753 Aliquando
1026 2683 1242 2754 quidem
1289 2682 1415 2736 hinc
1451 2681 1627 2736 oblata
1657 2694 1855 2750 oppor-

276 2773 509 2828 tunitate
543 2775 842 2843 peccandi;
882 2774 1030 2828 illinc
1059 2771 1371 2828 stimulante
1400 2770 1696 2825 tentatione
1735 2785 1859 2824 sua-

276 2866 485 2922 sionem
530 2866 754 2921 cailidus
791 2864 1325 2935 addetihujusmodi.
1371 2862 1502 2917 Tam
1532 2862 1731 2916 bonum
1775 2868 1861 2915 est

277 2958 419 3028 quod
449 2957 731 3012 deerevisti
771 2956 953 3012 facere
975 2996 990 3021 ,
1021 2968 1081 3011 ut
1113 2956 1409 3027 quamlibet
1435 2954 1860 3009 iinmensitatem

276 3054 546 3107 scelerum
586 3049 758 3119 possit
792 3051 1088 3105 destruere.
1122 3047 1337 3103 Interim
1376 3063 1504 3117 ergo
1546 3043 1863 3099 satisfacere

276 3142 541 3197 voluntati
570 3151 671 3196 tute
704 3156 801 3195 cur
828 3140 1078 3207 haesitas;
1106 3155 1228 3195 eum
1254 3139 1365 3195 cito
1392 3138 1504 3192 sive
1533 3136 1719 3202 multa,
1747 3135 1862 3190 sive

280 3250 451 3306 pauca
480 3245 696 3305 peceata
725 3243 810 3288 tua
837 3232 966 3299 sint,
995 3233 1198 3302 pariter
1221 3232 1449 3287 dolendo
1479 3246 1582 3283 non
1612 3222 1863 3284 ’"dubi-

282 3326 407 3381 tas?
439 3326 737 3396 Aliquando
763 3340 891 3379 vero
921 3325 1100 3381 taliter
1128 3324 1415 3379 conabitur
1445 3323 1692 3390 decipere
1724 3336 1736 3375 :
1766 3322 1863 3376 bo-

281 3435 410 3474 num
441 3420 655 3489 quidem
685 3428 767 3475 est
793 3419 934 3490 quod
964 3419 1043 3474 vis
1069 3418 1272 3482 facere,
1303 3417 1396 3472 sed
1428 3431 1532 3470 non
1563 3424 1864 3486 opportune

284 3513 362 3578 fit,
390 3513 491 3567 nisi
516 3529 636 3568 cum
670 3522 976 3583 tepescente
1003 3511 1221 3565 lascivia
1245 3509 1489 3579 juvenili,
1518 3524 1635 3577 quae
1655 3507 1864 3577 pondus

281 3605 424 3660 illius
456 3605 717 3674 regularis
749 3617 990 3659 censura:
1024 3617 1128 3656 non
1167 3602 1380 3665 tolerat,
1429 3601 1542 3669 ipsa
1580 3600 1863 3655 maturitas

278 3695 458 3750 aetatis
505 3694 765 3762 religiosa:
804 3692 1054 3763 gravitati
1090 3706 1148 3747 se
1187 3700 1577 3760 contemperat.
1625 3690 1777 3757 Quod
1816 3691 1862 3743 si

284 3786 481 3840 viderit
510 3795 560 3841 te
590 3786 657 3817 ³⁷³
687 3786 758 3838 ita
801 3783 1148 3845 imbecillem,
1180 3792 1242 3836 ut
1283 3781 1535 3851 impediri
1578 3781 1746 3850 possit
1775 3790 1862 3833 tua

285 3878 532 3942 intentio,
565 3879 609 3933 si
642 3878 1033 3941 manifestetur,
1065 3874 1287 3931 omnino
1317 3873 1603 3928 conabitur
1630 3881 1686 3925 ut
1717 3871 1799 3926 bis
1834 3889 1864 3925 a

283 3972 480 4042 quibus
527 3970 744 4026 retineri
778 3980 872 4024 aut
901 3970 974 4034 vi,
1005 3978 1097 4023 aut
1139 3982 1324 4022 amore
1345 4007 1359 4032 ,
1392 3974 1484 4020 aut
1514 3964 1690 4035 aliqua
1738 3980 1865 4035 per-

284 4065 535 4120 suasione
562 4063 735 4132 pessis
761 4102 775 4125 ,
805 4060 1043 4132 qualibet
1067 4059 1353 4115 occasione
1378 4057 1703 4129 publicetur.
1733 4055 1869 4111 Pro-

285 4158 461 4211 mittet
485 4158 646 4210 etiam
675 4155 799 4225 quia
827 4155 873 4210 si
900 4154 1096 4210 bonum
1127 4153 1269 4222 quod
1294 4151 1531 4207 intendis
1561 4150 1868 4222 aliquantu-

284 4250 395 4304 lum
421 4249 637 4304 differre
662 4247 919 4311 volueris,
946 4246 1114 4300 multo
1140 4245 1473 4300 fructuosius
1499 4252 1663 4312 atque
1684 4242 1868 4296 utilius

285 4343 463 4397 facere
490 4342 591 4395 hoc
617 4340 837 4410 poteris,
863 4349 912 4394 ct
944 4338 1297 4407 plurimorum
1328 4336 1502 4391 salute
1530 4348 1665 4403 quos
1690 4343 1867 4387 tecum

1957 1841 2098 1895 inter
2132 1856 2320 1894 omnes
2350 1841 2483 1895 vitas
2510 1841 2754 1895 altiorem
2779 1843 3000 1910 gradum
3032 1842 3305 1911 conlingat
3332 1840 3544 1894 humili-

1956 1934 2104 1999 tatis,
2127 1948 2286 2002 quem
2314 1932 2472 1987 altior
2493 1934 2737 2002 sequitnr
2756 1933 3042 1999 cxaltatio;
3072 1934 3174 1988 nisi
3198 1934 3323 2002 quia
3349 1933 3545 1998 nullus,

1955 2033 2013 2078 ut
2038 2024 2227 2079 melius
2251 2024 2413 2089 vivat,
2440 2024 2688 2077 iuonachi
2717 2024 3045 2092 propositum
3072 2024 3289 2087 deserit,
3314 2031 3367 2077 et
3390 2040 3550 2080 ornuc

1955 2130 2124 2185 genus
2155 2114 2429 2168 hominum
2464 2116 2529 2166 ad
2559 2114 2930 2167 monachicam
2963 2114 3126 2167 vitam
3158 2124 3215 2167 ut
3243 2114 3415 2183 magis
3440 2114 3550 2169 Dco

1956 2207 2278 2276 propinquet
2299 2206 2594 2261 concurrit.
2635 2207 2733 2273 Qui
2762 2206 2996 2275 peccatis
3026 2206 3174 2260 addit
3210 2216 3426 2275 peccata
3454 2207 3547 2273 ³⁷⁵,

1956 2299 2082 2369 quia
2133 2308 2475 2369 peccatorum
2517 2300 2755 2354 omnium
2804 2308 3082 2368 exspectat
3134 2299 3549 2365 remissionem,

1957 2392 2189 2447 amando
2212 2401 2521 2460 peccatum,
2549 2390 2740 2460 probat
2766 2405 2824 2445 se
2850 2404 2957 2443 non
2985 2405 3191 2452 amare,
3219 2399 3273 2444 et
3296 2390 3416 2443 ideo
3443 2406 3551 2444 non

1958 2483 2153 2539 mereri
2196 2493 2541 2553 peccatorum
2579 2482 2971 2538 absolutionem
3005 2482 3095 2535 ³⁷⁸.
3137 2483 3235 2549 Qui
3277 2481 3455 2537 differt
3497 2482 3552 2537 in

1957 2571 2199 2628 futuram
2239 2583 2293 2629 et
2342 2572 2572 2629 forsitan
2642 2590 2745 2628 non
2803 2574 3038 2628 futuram
3082 2582 3294 2627 aetatem
3322 2613 3338 2638 ,
3382 2573 3549 2627 vitam

1958 2679 2114 2719 suam
2144 2664 2417 2731 corrigere
2440 2707 2453 2730 ,
2483 2673 2689 2718 certum
2730 2663 2927 2717 bonum
2959 2662 3181 2716 dittzillil
3222 2677 3319 2732 pro
3348 2662 3549 2727 dubio;

1959 2768 2015 2815 et
2049 2758 2447 2814 contemnendo
2481 2757 2623 2826 quod
2656 2757 2863 2826 perdit,
2902 2755 3098 2826 probat
3136 2771 3195 2810 se
3232 2771 3338 2809 non
3372 2771 3557 2831 amare

1960 2851 2105 2920 quod
2134 2860 2428 2921 exspectat,
2463 2860 2517 2905 et
2542 2859 2780 2904 meretur
2807 2864 2913 2903 non
2943 2849 3212 2919 accipere.
3242 2848 3343 2915 Qui
3374 2858 3557 2903 certus

1963 2956 2070 2996 non
2117 2953 2200 2997 est
2244 2958 2302 2998 se
2336 2950 2495 2995 tanta:
2532 2955 2653 2996 esse
2698 2940 3057 3005 constantiae,
3104 2950 3162 2994 ut
3205 2940 3355 2995 nullo
3395 2940 3557 2995 modo

1965 3032 2107 3090 flecti
2138 3035 2309 3105 possit
2347 3051 2375 3089 a
2410 3035 2550 3089 bono
2577 3033 2852 3104 pr0posito
2873 3073 2888 3098 ,
2938 3032 3158 3087 omnino
3189 3031 3327 3086 celet
3356 3032 3556 3086 bonam

1966 3126 2320 3191 voluntatem,
2368 3136 2426 3179 ut
2454 3125 2664 3179 nonnisi
2696 3140 2819 3179 cum
2861 3125 2914 3178 in
2944 3140 3079 3193 opus
3110 3124 3254 3188 exit,
3300 3132 3560 3192 appareat

1967 3218 2019 3271 in
2051 3216 2281 3287 publico.
2314 3216 2413 3283 Qui
2452 3218 2673 3279 bonum,
2705 3217 2847 3285 quod
2879 3214 2992 3268 vult
3030 3214 3241 3276 facere,
3273 3223 3333 3267 ut
3363 3214 3557 3269 melius

1967 3308 2082 3370 fiat,
2109 3306 2289 3361 differt
2315 3324 2326 3359 :
2362 3308 2560 3361 bonum
2589 3314 2704 3370 est,
2733 3305 2778 3357 si
2807 3304 2998 3359 melius
3024 3312 3233 3357 certum
3265 3312 3369 3357 est.
3401 3301 3557 3369 Quod

1966 3397 2009 3451 si
2043 3396 2237 3450 melius
2269 3396 2466 3449 bonum
2498 3395 2718 3449 dubium
2748 3405 2867 3458 est;
2903 3404 2955 3446 et
2997 3393 3221 3463 perdere
3251 3392 3431 3446 minus
3458 3395 3552 3445 bos

1966 3504 2129 3552 num,
2166 3487 2328 3542 nimis
2363 3496 2448 3541 est
2479 3487 2800 3541 damnosum
2839 3493 2893 3540 et
2923 3482 3346 3554 irrccuperabile
3380 3501 3393 3535 :
3431 3498 3560 3537 con-

1966 3581 2145 3637 silium
2191 3589 2305 3645 est,
2346 3590 2405 3633 ut
2445 3579 2713 3634 acceleret
2748 3578 2928 3633 facere
2972 3578 3175 3631 bonum
3224 3576 3436 3639 minus,
3487 3590 3558 3629 ne

1966 3676 2126 3727 nimis
2160 3674 2522 3742 exspectando
2551 3672 2746 3740 majus,
2786 3686 2891 3725 non
2923 3670 3088 3724 faciat
3120 3667 3296 3737 majus
3329 3682 3427 3723 nec
3456 3668 3557 3721 tui-

1967 3778 2088 3816 nus.
2131 3760 2231 3828 Qui
2261 3759 2470 3828 judicat
2510 3760 2781 3814 levitatem
2807 3802 2822 3827 ,
2854 3769 2978 3814 voto
3018 3760 3153 3814 velle
3193 3760 3261 3790 ³⁷⁷
3293 3774 3352 3813 se
3387 3759 3556 3828 ligare

1968 3855 2034 3908 ad
2068 3854 2368 3909 faciendum
2404 3853 2550 3923 quod
2580 3853 2779 3908 bonum
2818 3860 2923 3917 csl,
2952 3860 3011 3905 ut
3042 3851 3155 3922 jam
3187 3867 3292 3906 non
3323 3851 3393 3907 sit
3422 3851 3558 3907 liber

1969 3949 2034 4003 ad
2066 3964 2169 4001 non
2202 3946 2527 4011 faciendum,
2575 3945 2781 4016 judicet
2809 3944 3087 3998 doctorem
3118 3943 3353 3997 levitatis
3381 3943 3552 4009 illum,

1970 4044 2060 4115 qui
2084 4042 2214 4098 dicit
2244 4059 2256 4094 :
2297 4039 2485 4095 Vovete
2510 4048 2559 4093 et
2589 4038 2789 4091 reddite
2825 4034 2997 4108 (Psal.
3031 4050 3192 4099 Lxxv,
3226 4034 3337 4102 12).
3373 4033 3555 4088 Nulla-

1973 4148 2126 4192 tenus
2173 4135 2316 4190 enim
2356 4130 2830 4203 reprehendendus
2861 4138 2980 4194 est,
3028 4128 3120 4198 qui
3164 4129 3304 4196 quod
3354 4125 3553 4181 bonum

1970 4241 2082 4294 est,
2114 4229 2258 4283 vovit
2286 4226 2385 4292 ³⁷⁸;
2424 4224 2517 4280 sed
2550 4224 2641 4295 qui
2679 4239 2787 4278 non
2826 4222 3001 4277 reddit
3041 4221 3184 4290 quod
3230 4221 3395 4277 vovit.
3427 4218 3558 4275 Cer-

1972 4332 2085 4377 tum
2115 4321 2312 4391 quippe
2341 4328 2424 4374 est
2454 4319 2577 4387 quia
2614 4317 2704 4385 qui
2736 4315 2874 4369 bene
2902 4324 3101 4378 vovet,
3138 4314 3251 4382 ipso
3284 4325 3405 4368 voto
3448 4312 3556 4367 Deo

284 4431 547 4494 attrahes,
576 4406 632 4483 et
650 4406 1195 4496 commodoipecuniae
1223 4424 1552 4480 monasterio
1577 4422 1867 4493 profutura:
1899 4439 1946 4498 ο
1976 4415 2167 4484 placet.
2204 4413 2303 4480 Qui
2338 4425 2469 4481 ergo
2514 4408 2716 4478 aliquid
2756 4407 2882 4462 boni
2925 4406 3110 4470 vovit,
3159 4422 3263 4460 non
3298 4406 3559 4480 pmniteat

284 4540 447 4597 quam
475 4523 711 4592 undique
743 4521 981 4591 colliges.
1012 4518 1149 4586 Quid
1174 4518 1371 4572 etiam?
1398 4517 1540 4587 quod
1564 4516 1633 4547 ³⁷³
1666 4525 1714 4569 te
1740 4514 1869 4568 levi-

287 4627 398 4672 tate
429 4626 483 4670 et
511 4615 903 4669 inconsiderata
939 4611 1331 4667 acceleratione
1362 4607 1592 4663 tentabit
1618 4620 1865 4676 arguere,

287 4712 415 4780 quia
451 4720 499 4764 te
525 4724 629 4763 non
664 4709 836 4763 solum
866 4705 1256 4778 promittendo,
1296 4705 1390 4758 sed
1421 4710 1476 4757 et
1515 4702 1705 4772 pignus
1747 4715 1869 4771 pro-

288 4803 583 4868 mittendo,
624 4800 979 4856 indissolubili
1022 4810 1146 4853 voto
1192 4797 1405 4851 voluisti
1452 4795 1864 4863 constringere:

289 4912 411 4951 cum
450 4895 796 4949 nihilominus
833 4900 887 4948 et
919 4892 1148 4945 fortasse
1193 4889 1387 4944 melius
1423 4887 1655 4958 idipsum
1699 4884 1866 4939 libera

289 5004 477 5059 posses
507 4989 780 5043 voluntate
816 4984 1119 5056 perlicere?
1147 4982 1227 5037 Ad
1265 4982 1379 5036 Inec
1416 4979 1593 5035 omnia
1613 5019 1628 5043 ,
1660 4977 1870 5032 charis-

289 5083 445 5149 sime,
478 5082 604 5153 quid
636 5080 1069 5151 respondendum
1101 5078 1204 5141 sit,
1232 5072 1422 5130 vellem
1459 5073 1734 5142 aliquanto
1769 5066 1873 5123 dif-
1894 5097 1919 5126 ,ς

1977 4507 2102 4578 quia
2140 4504 2271 4559 fecit
2311 4503 2453 4557 unde
2494 4502 2603 4555 Deo
2647 4499 2886 4568 placeat;
2930 4498 3025 4554 sed
3067 4497 3287 4553 festinet
3335 4497 3558 4551 reddere

1974 4597 2116 4668 quod
2152 4597 2322 4658 vovit,
2358 4603 2415 4647 ut
2461 4593 2579 4663 plus
2617 4592 2847 4660 placeat.
2881 4590 3035 4653 Haec,
3082 4589 3151 4641 lili
3198 4588 3515 4643 charissime
3541 4627 3557 4643 .

1976 4688 2197 4746 consilia
2219 4727 2235 4753 ,
2271 4688 2369 4741 has
2398 4685 2797 4740 consolationes
2829 4682 2881 4736 in
2912 4681 3164 4751 praisenti
3200 4681 3433 4734 maxime
3464 4679 3557 4732 tibi

1976 4780 2282 4837 necessaria
2320 4776 2586 4848 judicavi;
2635 4776 2749 4830 haec
2793 4783 3015 4844 paterna
3063 4771 3420 4826 sollicitudine
3460 4786 3559 4840 ego

1977 4890 2139 4946 quem
2186 4882 2393 4942 patrem
2430 4878 2483 4924 et
2524 4868 2892 4923 consiliarium
2942 4881 3048 4920 non
3095 4878 3211 4918 mea
3260 4863 3556 4931 dignitate,

1975 4969 2069 5025 sed
2104 4977 2191 5021 tua
2224 4964 2500 5017 voluntate
2538 4959 2767 5031 elegisti,
2802 4958 2998 5014 dictavi
3032 4970 3047 5008 :
3077 4956 3194 5010 haec
3221 4953 3440 5008 interim
3472 4966 3557 5004 re-

1978 5062 2191 5118 minisci
2221 5077 2324 5115 non
2348 5058 2581 5121 desinas,
2607 5055 2779 5111 donec
2803 5053 2969 5123 quod,
2992 5052 3103 5107 Deo
3125 5049 3442 5119 inspirante,
3464 5060 3557 5099 vo-

1580 5206 1810 5263 VARI/IS
1850 5199 2247 5259 LECTIONES.

365 5416 430 5448 3”
469 5412 558 5467 Vel
587 5410 875 5477 persistere
896 5424 973 5460 ms
1023 5415 1069 5461 et
1100 5405 1243 5477 Edit.
1280 5401 1742 5477 velis‘pcrsistere
1800 5395 1885 5477 _"’°
1912 5393 2286 5477 Delentlopon
2304 5396 2504 5477 “mane:
2704 5382 3071 5477 aeterni:

1096 5451 1654 5543 sgﬂQ‘ni‘dU-miani—Vest‘
1675 5466 1812 5543 quod
1846 5482 1943 5518 ms.
1970 5459 2328 5543 quidetiam?
2357 5454 2672 5543 quodﬁﬂit.
2704 5452 2841 5543 Quid
2896 5451 3148 5543 est-quod

1529 5518 1897 5606 '37zwi‘lcligiosc
2062 5518 2387 5606 _vive_re_ms:
2414 5538 2459 5581 et
2502 5526 2643 5580 Edit.
2680 5518 2926 5606 Lcligiose
2954 5521 3138 5606 vivere
3211 5520 3281 5552 ³⁷⁸

295 5504 392 5540 ms.
438 5494 483 5535 et
536 5480 677 5532 Edit.
710 5480 905 5533 viderit
935 5487 987 5531 te

293 5567 568 5612 austerum
592 5565 689 5603 ms.
720 5561 767 5603 et
801 5548 946 5603 Edit.
980 5547 1140 5601 nimis
1179 5558 1454 5601 austerum

294 5611 444 5683 addit
474 5629 693 5693 peccato
738 5636 835 5693 ms.
889 5629 935 5673 et
982 5617 1127 5671 Edit.
1183 5616 1419 5693 peccatis
1458 5611 1855 5693 additnpqccata

469 5670 736 5762 savii-gare
861 5670 955 5742 nis.
982 5698 1106 5742 voto
1138 5670 1199 5743 se
1228 5670 1395 5760 ligare
1427 5684 1492 5737 ad
1570 5670 1646 5711 ³⁷⁸
1680 5678 1834 5733 Novit
1872 5693 1967 5729 ms.
2021 5684 2067 5727 et
2116 5670 2260 5725 Edtt.
2296 5670 2439 5724 vovit

616 5787 886 5846 ΡΑτιιοι..
932 5780 1202 5843 CLVIII.

3147 5378 3215 5410 ³⁷⁸
3260 5377 3476 5432 Videbit
3505 5384 3556 5430 te

3249 5444 3320 5480 ³⁷³
3364 5445 3555 5501 Munus

1967 5604 2035 5635 ⁸⁷⁸
2060 5602 2452 5655 Remissionem
2479 5613 2576 5650 ms.
2600 5605 2645 5649 et
2677 5588 2821 5648 Edi't.
2853 5592 3248 5646 absolutionem
3323 5588 3392 5621 ³⁷⁷
3418 5589 3556 5645 Volo

3089 5752 3162 5811 37
