3872 6028
344 284 501 342 ’1163
929 279 985 333 S.
1023 274 1323 332 At‘iSELMl
1350 272 1706 330 CANTHAR.
1748 268 2067 327 A'RCHIEP.
2098 268 2250 326 OPP.
2279 268 2461 325 PARS
2481 266 2655 325 Ill.—
2681 263 3063 323 EPISTOLIE.
3488 263 3519 318 1
3536 261 3657 318 164

355 395 502 461 visti,
523 393 638 464 ipso
662 390 966 462 adjuvante,
990 388 1262 459 perficias.
1281 386 1436 453 Vale,
1455 380 1758 444 desiderate
1780 384 1928 440 cordi
1959 384 2004 443 Α
2032 383 2183 439 sibus
2203 378 2313 454 (26)
2331 380 2469 452 apud
2485 378 2876 436 Confluentium
2891 377 3358 433 commancntibus
3375 377 3662 434 salutem.

351 501 497 551 meo,
523 495 576 540 et
604 482 793 538 festina
820 479 1136 537 satisfacere
1162 480 1228 536 de
1255 488 1306 535 te
1331 479 1597 536 desiderio
1619 492 1760 544 meo,
1788 477 1932 548 quod
2106 473 2303 530 Mittite
2355 482 2567 528 nostras
2622 470 2832 526 litteras
2886 468 3177 525 Benedicto
3231 469 3518 525 monacho
3578 471 3661 524 de

355 577 561 633 utinam
595 574 771 631 facere
798 573 1007 645 placeat
1043 572 1401 645 omnipotenti
1436 572 1565 629 Deo!
1598 571 1794 627 Amen.
2027 563 2096 622 'S.
2133 564 2291 622 Petro
2315 579 2479 636 supra
2513 563 2733 628 Divam,
2767 560 2859 632 qui
2884 568 3107 633 propter
3133 559 3352 615 scholas
3379 568 3661 616 moratur

832 664 1168 723 EPISTOLA
1203 665 1321 720 Xlll
1360 665 1448 721 ³⁷⁹.
2037 658 2179 727 apud
2202 656 2492 722 Parisium,
2528 664 2583 711 et
2606 662 2965 711 conversatur
2988 653 3040 708 in
3068 650 3401 707 monasterio
3423 650 3490 708 S.
3526 650 3658 707 Ma-

908 772 977 813 so
1015 771 1385 813 LANFRANCUI.
2039 749 2216 821 glorii.
2241 746 2438 803 Mando
2459 746 2602 804 enim
2635 744 2708 800 illi
2732 755 2786 800 et
2809 743 3036 801 consqu
3058 752 3117 799 ut
3139 743 3207 799 ad
3229 744 3655 801 monasterium

355 869 435 927 Ad
471 884 589 924 eum
627 868 784 923 mittit
816 864 1194 931 Cistebertum,
1233 880 1384 936 quem
1417 873 1472 919 ut
1507 864 1643 920 brevi
1677 863 1935 929 remittat,

2061 857 2195 897 mum
2239 841 2463 905 redeat,
2504 856 2535 895 a
2580 852 2688 910 quo
2716 848 2905 893 contra
2938 837 3267 893 voluntatem
3308 838 3382 870 ⁸³³
3418 836 3658 893 abbatis

1010 928 1274 1006 precatui.
1924 928 1928 929 ⁷
2042 933 2126 990 sui
2158 935 2333 989 abest.
2373 931 2630 989 Promisit
2660 930 2806 986 enim
2843 929 2983 985 idem
3010 928 3178 985 abbas
3213 929 3331 1001 ejus
3364 928 3546 996 mihi,
3586 943 3657 985 se

929 279 985 333 S.
1023 274 1323 332 At‘iSELMl
1350 272 1706 330 CANTHAR.
1748 268 2067 327 A'RCiiiEP.
2098 268 2250 326 OPP.
2279 268 2461 325 PARS
2481 266 2655 325 Ill.—
2681 263 3063 323 EPISTOLIE.

426 1030 659 1086 Domino
708 1038 765 1084 et
815 1027 963 1083 Patri
1008 1027 1305 1083 reverendo
1349 1025 1759 1097 archiepiscopo
1795 1024 1941 1080 Litu-

355 1136 557 1178 remeo
585 1119 753 1176 frater
778 1120 1063 1177 Ausswus
1086 1133 1275 1175 servus
1309 1132 1590 1174 servorum
1618 1117 1714 1174 Dei
1738 1158 1755 1184 ,
1781 1116 1941 1175 Becci

354 1211 843 1275 eommanenlium,
874 1225 996 1266 cum
1022 1209 1226 1266 eisdem
1252 1208 1487 1266 dominis
1507 1209 1652 1278 suis,
1675 1209 1818 1280 quod
1847 1210 1944 1264 do.

357 1302 504 1357 mino
536 1299 722 1357 ﬁdeles
748 1301 922 1367 servi,
953 1300 1099 1373 quod
1130 1299 1433 1358 reverenda
1461 1300 1600 1372 patri
1632 1310 1945 1356 reverentcs

358 1394 471 1449 lilii.

428 1486 503 1540 De
538 1487 734 1541 domno
763 1483 1087 1550 Gisleberto,
1125 1493 1185 1539 ut
1213 1498 1337 1540 eum
1370 1484 1525 1541 vobis
1564 1484 1903 1539 mitteremus
1926 1523 1942 1549 ,

357 1584 551 1631 vestra:
593 1574 957 1631 satisfecimus
990 1574 1222 1645 jussioni
1266 1593 1281 1628 :
1317 1574 1461 1644 quod
1509 1583 1689 1628 autem
1738 1574 1946 1630 tardius

356 1681 515 1736 quam
537 1665 801 1734 iussistis,
824 1680 1011 1721 verum
1036 1674 1118 1720 est
1144 1663 1287 1735 quod
1311 1680 1416 1721 non
1441 1674 1525 1720 est
1548 1664 1748 1721 factum
1774 1664 1945 1736 negli-

2045 1023 2121 1078 illi
2153 1022 2579 1079 misericordiam
2611 1028 2668 1076 et
2712 1019 3178 1075 mansuetudinem
3210 1034 3307 1091 pro
3336 1020 3412 1053 ⁸⁸⁸
3445 1030 3656 1077 nostro

2045 1127 2253 1176 amore,
2283 1113 2327 1169 si
2357 1111 2610 1175 redierit,
2637 1108 3027 1165 exhibiturum.
3060 1106 3217 1176 Quod
3243 1109 3290 1165 si
3331 1108 3527 1165 facere
3551 1125 3657 1165 vo-

2044 1204 2227 1267 luerit,
2253 1204 2475 1258 omnino
2501 1202 2673 1270 illum,
2702 1201 2840 1257 sicut
2867 1203 3191 1256 monaclmm
3218 1202 3285 1258 de
3310 1213 3505 1258 nostro
3532 1218 3657 1259 mo—

2045 1295 2288 1351 nasterio
2340 1294 2659 1350 cbaritativa
2711 1291 3072 1349 sollicitudine
3127 1292 3359 1364 benigne
3404 1293 3653 1364 iuvate;

2044 1400 2314 1460 quatenus
2342 1397 2436 1443 aut
2464 1400 2609 1458 equo
2642 1400 2814 1457 usque
2840 1387 2909 1442 ad
2941 1394 3186 1441 nostrum
3222 1388 3651 1450 monasterium,

2047 1490 2141 1537 aut
2168 1481 2293 1536 navi
2317 1494 2487 1550 usque
2509 1478 2855 1534 Fraisnosam
2879 1478 3064 1534 venire
3089 1477 3276 1549 possit.
3309 1476 3470 1545 Quod
3495 1477 3654 1533 dom-

2048 1589 2150 1629 nus
2173 1572 2438 1628 Rodulfus
2469 1568 2748 1626 mandavit
2776 1568 2929 1625 vobis
2953 1569 3019 1625 de
3041 1584 3180 1640 equo
3205 1582 3327 1636 suo,
3351 1576 3411 1624 et
3437 1568 3510 1625 de
3537 1584 3653 1624 mo-

2050 1665 2227 1721 nacho
2251 1663 2311 1720 S.
2344 1660 2601 1721 Germani
2641 1659 2803 1717 facite
2830 1677 2844 1715 :
2873 1659 2967 1715 sed
3010 1659 3115 1714 hoc
3144 1674 3175 1713 a
3206 1673 3292 1713 me
3324 1658 3653 1714 mandatum

357 1758 565 1828 gentia;
604 1758 696 1811 sed
731 1757 802 1812 ob
843 1755 1038 1820 multa,
1087 1770 1206 1826 qua:
1240 1772 1383 1812 nunc
1426 1772 1685 1813 enarrare
1725 1757 1942 1827 longum
1975 1749 2023 1810 Β
2051 1772 2173 1814 esse
2203 1757 2385 1811 dicere
2410 1752 2598 1819 nolite,
2629 1752 2723 1807 sed
2761 1766 2791 1807 a
2827 1751 3025 1807 domno
3053 1748 3307 1805 Rodulfo.
3345 1748 3573 1817 Valete,
3601 1762 3658 1806 et

357 1857 463 1912 est,
495 1845 895 1916 impedimenta.
929 1845 1035 1901 Sed
1064 1845 1261 1903 scitote
1288 1846 1413 1918 quia
1441 1848 1485 1902 si
1515 1848 1637 1918 quis
1667 1847 1856 1904 fecerit
1885 1857 1946 1904 ut

357 1953 470 2009 Ipse
507 1938 559 1993 in
604 1937 901 2009 Anglorum
949 1948 1091 1994 terra
1134 1949 1443 2005 remaneat,
1485 1941 1647 1996 nimis
1687 1956 1851 2012 grave
1890 1951 1945 1998 et

358 2027 559 2098 majus,
588 2043 752 2099 quam
793 2029 1033 2085 breviter
1069 2029 1175 2085 dici
1206 2030 1397 2101 possit,
1428 2030 1683 2085 damnum
1726 2030 1778 2087 in
1808 2047 1946 2103 prte-

357 2121 494 2177 senti
526 2129 582 2175 et
612 2121 663 2175 in
698 2119 904 2183 futuro,
940 2121 1168 2177 interius
1207 2132 1261 2176 et
1288 2122 1531 2177 eXIerius
1562 2121 1817 2178 Ecclesiae
1846 2138 1945 2178 no-

2048 1848 2246 1905 scitote
2293 1847 2445 1917 quia,
2500 1845 2799 1902 miserante
2838 1842 2987 1909 Deo,
3011 1840 3079 1898 de
3120 1840 3446 1912 aegritudine
3484 1856 3658 1911 quam

2050 1954 2224 2010 nuper
2251 1937 2449 2005 habui,
2479 1936 2619 1993 bene
2645 1934 2994 2002 convalesco,
3036 1941 3093 1989 et
3124 1933 3227 1988 hoc
3253 1933 3432 1990 amico
3457 1941 3657 1988 nostro

2048 2031 2248 2087 domno
2278 2028 2500 2086 Ursioni
2534 2029 2608 2063 ³⁸⁸
2637 2033 2822 2083 notum
2856 2023 3032 2081 facite.
3080 2023 3353 2095 Epistolas
3390 2032 3650 2092 nostras,

2048 2136 2187 2194 quas
2217 2123 2446 2178 domnus
2473 2119 2759 2176 Mauritius
2786 2112 2944 2174 nobis
2973 2117 3192 2175 mittere
3218 2116 3438 2183 debuit,
3467 2116 3660 2172 adhuc

358 2225 508 2280 sirm,
547 2221 603 2269 et
649 2214 930 2270 tristitiam
966 2214 1147 2270 faciet.
1197 2216 1535 2287 Quapropter
1568 2232 1854 2289 precamur
1893 2227 1959 2275 et
2049 2223 2449 2297 exspectamus.
2482 2213 2683 2269 lterum
2710 2208 2905 2268 valete.

358 2307 725 2373 obsecramus,
758 2316 1043 2377 quantum,
1074 2308 1220 2362 salva
1240 2307 1478 2378 jusliliu,
1509 2320 1564 2365 et
1607 2320 1799 2367 vestrae
1823 2327 1949 2367 san-

358 2399 563 2455 ctitatis
599 2400 903 2455 reverentia
926 2440 939 2463 ,
979 2400 1134 2456 nobis
1171 2400 1328 2467 licet,
1362 2416 1459 2471 per
1488 2402 1741 2470 pietatem
1769 2410 1824 2457 et
1853 2418 1950 2474 per

359 2491 684 2548 cbaritatem
720 2507 881 2563 quam
921 2506 1050 2564 erga
1083 2507 1183 2547 nos
1221 2501 1456 2547 vestram
1499 2508 1715 2564 semper
1751 2493 1950 2553 habere

358 2582 739 2651 paternitatetn
774 2582 1153 2651 cognovimus,
1190 2590 1249 2637 ut
1290 2582 1333 2638 si
1380 2582 1583 2653 absque
1625 2584 1718 2640 Dei
1757 2585 1949 2642 volun-

362 2672 486 2727 tatis
511 2672 822 2727 obviatione
855 2672 969 2728 fieri
998 2687 1153 2740 posse
1183 2672 1444 2738 videritis,
1479 2674 1659 2744 potius
1691 2673 1952 2733 fratribus

360 2770 416 2817 et
445 2762 634 2817 amicis
663 2761 1096 2817 desiderantibus
1126 2762 1192 2817 ad
1220 2771 1426 2819 certam
1462 2779 1614 2819 suam
1647 2765 1874 2821 salutem
1898 2776 1953 2821 et

361 2853 597 2909 aliorum
627 2851 918 2908 utilitatem
946 2868 1042 2923 per
1072 2864 1304 2910 vestram
1334 2855 1645 2912 instantiam
1672 2859 1951 2924 reddatur,

360 2958 520 3014 quam
547 2943 873 3014 quibuslibet
906 2943 1101 3000 alienis
1135 2945 1201 2999 ad
1230 2944 1526 3015 periculum
1578 2946 1663 3002 sui
1686 2947 1867 3002 damni
1898 2962 1953 3006 et

360 3036 576 3091 illorum
608 3035 895 3091 utilitatem
935 3036 1149 3091 dubiam
1179 3037 1475 3106 ingeratur.
1515 3034 1782 3105 Breviter,
1809 3040 1952 3110 quod

361 3126 590 3182 multum
615 3126 864 3182 volumus
889 3134 945 3180 et
973 3126 1227 3196 expedire
1251 3127 1547 3193 credimus,
1568 3128 1949 3196 obsecramus;

362 3219 486 3287 quia
539 3218 816 3290 sapientiae
858 3227 1053 3273 vestrae
1106 3230 1276 3289 pauca
1330 3218 1494 3274 verba
1548 3216 1795 3275 subicere
1842 3235 1951 3275 non

362 3310 697 3381 ignoramus.
734 3309 886 3377 Quod
928 3309 972 3364 si
1022 3309 1257 3365 divinam
1301 3309 1707 3381 dispositionem
1753 3320 1953 3368 nostra:

365 3403 444 3457 sic
476 3401 728 3458 resistere
768 3399 1013 3471 petitioni
1058 3408 1236 3457 vestra
1268 3403 1584 3473 cognoverit
1623 3402 1905 3472 prudentia
1934 3443 1949 3468 ,

366 3502 425 3547 nt
452 3492 611 3548 aliter
640 3492 757 3548 ﬁeri
786 3507 1006 3548 necesse
1034 3492 1107 3525 ³⁸⁸⁵
1136 3493 1208 3548 sit
1234 3510 1249 3548 :
1279 3494 1423 3564 quod
1460 3494 1591 3549 mihi
1636 3495 1681 3549 si
1713 3509 1952 3565 praesens

366 3596 543 3637 essem
578 3590 759 3637 vestra
797 3582 1082 3651 prudentia
1111 3583 1178 3638 de
1209 3582 1384 3653 reipsa
1414 3584 1710 3639 concedere
1741 3595 1834 3638 aut
1866 3583 1947 3640 fa-

370 3688 495 3729 cere
519 3672 826 3730 consuleret
852 3672 942 3739 ³⁸⁸,
976 3682 1171 3729 vestra:
1198 3675 1478 3729 committo
1508 3679 1779 3748 potestati.

848 3777 1180 3843 EPISTULA
1221 3784 1338 3841 XIV
1379 3786 1468 3841 ³⁸’.

792 3912 861 3951 AD
903 3910 1179 3953 IONLCHOS
1214 3910 1527 3954 IECCENSES.

372 3989 437 4045 Ut
492 3990 779 4046 monachus
806 4030 822 4055 ,
878 3990 968 4061 qui
1017 3991 1176 4063 invito
1227 3989 1413 4063 abbate
1442 3986 1695 4063 far-itii;
1745 4002 1955 4063 propter

438 4063 613 4115 stadia
655 4062 709 4115 in
756 4054 1071 4116 monasterio
1120 4058 1177 4115 S.
1223 4054 1473 4130 Maglorii
1520 4054 1851 4128 morabatur,
1884 4064 1954 4119 ad

439 4148 591 4185 suum
618 4132 994 4186 monasterium
1022 4130 1220 4184 redeat.

439 4220 631 4277 Frater
666 4219 952 4276 ANSELIIUS
1000 4217 1166 4275 abbas
1219 4218 1375 4275 Becci
1414 4219 1671 4277 fratribus
1722 4220 1959 4279 Beceen-

2545 2317 2882 2379 EPlSTOLA
2918 2317 3015 2376 XV
3055 2318 3148 2376 ⁸³⁸.

2643 2431 2711 2470 AD
2748 2427 3046 2469 FULCONEI.

2053 2508 2257 2564 Exorat
2286 2517 2342 2562 ut
2372 2508 2549 2563 mitias
2579 2516 2916 2588 agatur_crtm
2943 2514 3185 2575 apostala
3216 2504 3506 2571 monacho,
3537 2521 3649 2574 pm-

2738 2585 2948 2631 naeuus

2125 2669 2348 2725 Domino
2378 2676 2432 2726 et
2466 2669 2613 2724 Patri
2658 2666 2956 2723 reverendo
2989 2666 3169 2722 abbati
3199 2666 3437 2722 FULCONI
3474 2665 3651 2723 frater

2052 2762 2368 2829 ANSELMUB,
2397 2761 2705 2817 orationum
2736 2769 2791 2817 et
2819 2760 3025 2816 servitii
3056 2760 3393 2816 lldclitatem.

2124 2854 2294 2911 Filius
2328 2864 2532 2921 vester,
2563 2853 2655 2926 qui
2693 2868 2723 2909 a
2758 2853 3083 2924 paternltate
3125 2862 3300 2909 vestra
3338 2854 3653 2910 inordinate

2054 2947 2288 3014 abierat,
2314 2948 2584 3020 paenitens
2612 2947 2680 3001 ad
2709 2956 2926 3002 omnem
2956 2945 3380 3002 satisfactionem
3399 2989 3415 3011 ,
3446 2962 3654 3003 secun-

2055 3039 2180 3093 dum
2212 3047 2449 3095 vestrum
2470 3039 2731 3108 judicium
2763 3050 3004 3110 paratus,
3031 3037 3302 3093 humiliter
3326 3039 3512 3094 rediit.
3538 3039 3657 3107 Qui

2055 3143 2163 3183 non
2195 3136 2304 3183 tam
2332 3128 2568 3198 postulat
2612 3138 2672 3183 ut
2695 3128 2768 3184 illi
2798 3136 3013 3200 pinnam
3042 3140 3194 3197 quam
3218 3127 3421 3181 meruit
3448 3131 3654 3184 remit-

2054 3220 2202 3285 tatis,
2226 3236 2389 3289 quam
2418 3228 2477 3275 ut
2497 3220 2579 3276 vel
2603 3220 2853 3276 ultimum
2876 3220 3021 3276 illum
3041 3219 3180 3273 intra
3202 3232 3451 3291 gregem,
3474 3237 3649 3293 quem

2053 3325 2149 3365 sua
2173 3311 2326 3381 culpa
2349 3312 2649 3377 dimiserat,
2672 3320 2852 3368 vestra
2876 3314 3246 3371 misericordia
3269 3315 3641 3370 constituatis.

2052 3400 2255 3459 Precor
2282 3404 2448 3474 igitur
2478 3420 2578 3476 ego
2602 3406 2946 3461 sanctitatem
2979 3415 3249 3473 vestram,
3287 3415 3345 3460 ut
3375 3421 3482 3462 non
3528 3416 3645 3462 tam

2050 3493 2360 3549 consideret
2391 3494 2660 3550 districtio
2693 3505 2873 3552 vestra
2914 3496 3058 3567 quod
3099 3496 3191 3552 ille
3227 3496 3351 3552 fecit
3390 3495 3457 3528 ³³²
3496 3510 3636 3566 pec-

2052 3585 2247 3652 cando,
2281 3601 2443 3657 qnam
2474 3598 2663 3658 penset
2693 3588 2867 3658 pietas
2886 3597 3067 3644 vestra
3100 3589 3247 3661 (ιιιθά
3276 3589 3403 3645 facit
3427 3590 3647 3645 humili-

2056 3680 2144 3730 ter
2169 3676 2506 3746 pmnitendo.
2539 3677 2742 3734 Precor
2768 3680 2932 3734 etiam
2965 3680 3130 3750 atque
3153 3682 3317 3735 etiam
3347 3681 3548 3736 fratres
3574 3679 3648 3714 ³⁸³

2060 3779 2129 3821 ac
2156 3766 2403 3824 dominos
2428 3776 2665 3837 nostros,
2700 3769 2836 3826 alios
2864 3770 3001 3827 filios
3027 3778 3271 3837 vestros,
3315 3782 3376 3827 ut
3402 3774 3645 3844 palemi-

2060 3858 2190 3914 tatis
2209 3868 2402 3914 vestrm
2425 3858 2852 3918 misericordiam
2876 3877 2974 3934 pro
2992 3876 3058 3918 eo
3078 3872 3372 3919 exorantes
3391 3864 3640 3934 gaudium

2062 3964 2126 4006 se
2158 3958 2462 4008 monstrent
2488 3950 2559 3983 ³⁸⁹
2587 3952 2787 4008 habere
2825 3953 2951 4023 quia
2981 3952 3148 4022 frater
3182 3965 3371 4008 comm
3409 3961 3640 4007 mortua

2063 4040 2256 4112 fuerat,
2289 4053 2335 4097 et
2375 4044 2591 4111 revixit,
2614 4047 2873 4114 perierat,
2901 4055 2948 4099 et
2979 4045 3220 4099 iuventus
3263 4055 3339 4098 est
3370 4042 3518 4116 (Luc.
3552 4061 3639 4109 ιγ,

2059 4134 2175 4207 21).
2202 4134 2319 4203 Qua
2348 4150 2477 4193 vero
2507 4152 2758 4194 mensura
2796 4153 2925 4209 erga
2960 4136 3213 4194 emudem
3247 4135 3478 4192 fratrem
3503 4136 3648 4205 judi-

2064 4226 2230 4293 cium,
2259 4229 2376 4284 sive
2412 4228 2841 4285 misericordiam
2867 4238 3106 4285 vestram
3133 4231 3423 4286 ostendere
3450 4230 3642 4284 debea-

1697 4332 1927 4391 VARIAS
1966 4335 2367 4395 LECTIONES.

442 4424 510 4458 ³⁷⁵
537 4423 741 4480 Collata
786 4440 904 4479 cum
965 4420 1141 4479 eodem
1208 4441 1310 4478 ms.

1424 4423 1495 4456 ³⁸⁸)
1535 4422 1716 4480 Fieret
1772 4442 1997 4484 necesse
2046 4446 2145 4485 ms.
2192 4431 2309 4487 fieri
2356 4448 2577 4489 necesse

2690 4435 2757 4476 ὀι
2808 4436 3128 4492 Considerct
3185 4454 3285 4493 ms.
3335 4442 3645 4496 consuleret

372 4495 442 4527 ³⁸¹
468 4492 819 4579 (guttatae-um
847 4495 1156 4579 eodem_ms.
1233 4494 1302 4527 ³⁸⁸
1334 4493 1499 4579 Extra
1528 4493 1859 4579 voluntatem
1885 4515 1984 4579 ηιξ.
2011 4513 2200 4579 contra
2228 4502 2557 4579 voluptatem
2586 4573 2614 4579 __
2632 4503 2703 4579 ’ᾗ
2733 4504 3154 4563 Misericordiam
3184 4523 3285 4579 pro
3310 4525 3410 4562 ms.
3440 4492 3644 4566 miseri;

371 4566 611 4635 cordiam
641 4574 697 4619 et
733 4567 1204 4620 mansuetudinem
1235 4580 1334 4635 pro

1429 4565 1499 4597 ⁸³⁸
1533 4565 1748 4621 Ursioni
1775 4584 1875 4622 nis.
1914 4569 2123 4626 Domno
2153 4571 2368 4628 Ursioni

2470 4575 2542 4608 ⁸⁸⁸
2573 4573 2783 4630 Goliam
2805 4594 2923 4632 eum
2944 4581 3124 4632 eodem
3151 4573 3249 4632 ms.
3354 4579 3425 4612 ³⁸⁷
3458 4581 3646 4637 Vestra

372 4632 1303 4724 qiiodfacitclazmszvcstra‘kquoil
1334 4635 1577 4724 ill‘enfa‘eit
1615 4638 1909 4724 peccando,
1945 4656 2108 4711 quam
2142 4653 2331 4712 penset
2361 4645 2535 4714 pietas
2566 4656 2747 4702 vestra
2771 4648 2913 4717 quod
2945 4649 3074 4704 facit
3169 4649 3238 4681 ³³⁸
3273 4650 3454 4706 Etiam
3475 4632 3646 4724 ⁷ᾆῖιῇιῶ

372 4703 534 4758 etiam
563 4703 732 4757 frater
760 4718 856 4756 ms.
893 4704 1057 4758 etiam
1111 4703 1306 4759 fratres
1379 4706 1447 4737 ³⁸⁸
1479 4706 1550 4761 Sc
1593 4703 1909 4764 monstretis
1950 4703 2049 4765 ms.
2083 4703 2157 4767 sc'
2179 4703 2483 4770 monstrent

1578 4817 1862 4878 JOANNIS
1898 4822 2168 4882 PlCAllDl
2192 4825 2421 4885 ΝΟΤΛΕ.

581 4908 1535 4993 BeceensilgusapudConfluentimn.
1566 4913 1644 4993 Ex
1675 4913 1832 4993 huius
1861 4933 1926 4973 vo
1990 4928 2035 4983 ο
2064 4920 2245 4993 omnia
2268 4922 2334 4975 ad
2359 4922 2505 4978 illam
2530 4923 2857 4993 pertinentia
2883 4924 3137 4982 Beccensi
3170 4928 3523 4991 monasterio,
3550 4931 3651 4985 sub

371 4976 552 5037 cabuli
585 4976 1001 5051 amphibologia,
1043 4976 1548 5051 l'atcoginlluxerat
1599 4985 1651 5037 in
1707 4976 1946 5042 animum

378 5066 551 5116 error,
584 5059 644 5104 ut
676 5048 1145 5122 'arbitrareryssc
1187 5050 1317 5106 illud
1344 5052 1598 5122 oppidum
1644 5052 1948 5113 Germania:

379 5122 731 5196 Cisrhenanzc
756 5119 956 5196 dictum
983 5118 1351 5196 Conﬂuentem
1381 5118 1743 5196 '(ut__Gregor.
1774 5125 1948 5182 Turo-

380 5206 533 5263 ncus.
561 5191 652 5246 lib.
677 5188 1023 5263 v'itt,_llistor.
1070 5191 1262 5263 Franc.
1306 5188 1427 5263 cap.
1458 5192 1526 5247 15
1563 5188 1801 5263 repetam
1833 5212 1951 5252 ver-

379 5261 533 5331 bum)
585 5260 729 5331 quod
784 5259 890 5332 illic
940 5259 1158 5332 Mosella
1202 5259 1440 5332 tluntiiiis
1488 5279 1591 5318 non
1624 5259 1949 5332 'incelebris,

382 5332 710 5402 Rhenusque
757 5331 1046 5402 confluant.
1087 5331 1197 5387 Nec
1239 5331 1364 5387 huic
1406 5346 1536 5387 mea:
1567 5333 1952 5402 conjectationi

382 5400 513 5523 ?uid
543 5401 802 5468 objectari
828 5410 1010 5469 posset
1051 5402 1326 5465 videbam,
1353 5402 1455 5457 nisi
1485 5405 1627 5472 quod
1657 5400 1845 5473 postea
1867 5408 1954 5463 of-

408 5469 531 5523 endi
568 5471 621 5523 in
648 5485 813 5523 uarvo
863 5469 1115 5523 Beceens.
1144 5471 1397 5523 Chronic.
1447 5488 1547 5523 ms.
1581 5475 1789 5523 scilicet
1814 5492 1954 5523 anno

408 5469 531 5541 cudi
568 5471 621 5524 in
648 5485 813 5541 parvo
863 5469 1115 5527 Beceens.
1144 5471 1397 5528 Chronic.
1447 5469 1547 5528 ms.
1581 5469 1789 5533 scilicet
1814 5492 1960 5533 anno

387 5538 546 5617 l0_89.
578 5559 610 5617 ι.
632 5538 721 5617 lvo
749 5555 928 5617 comes
956 5541 1020 5595 de
1066 5542 1395 5617 Bellomon_te
1418 5558 1609 5617 super
1646 5543 1876 5617 lsararn,
1908 5557 1964 5603 et

386 5608 681 5678 Atlelhaida
713 5625 850 5663 uxor
882 5611 1017 5678 ejus,
1048 5611 1291 5668 volentes
1318 5613 1375 5667 Β.
1412 5608 1699 5670 liouorina:
1722 5617 1788 5671 de
1816 5608 1962 5672 Con-

388 5675 609 5733 ﬂuentia
632 5694 661 5731 a
692 5675 967 5735 monachis
995 5683 1105 5737 Deo
1131 5684 1415 5753 deserviri,
1446 5684 1706 5742 dederunt
1737 5701 1881 5754 eam,
1912 5698 1966 5747 et

2062 4990 2226 5068 libera
2262 4990 2969 5068 potestatemordinatione
3008 4994 3262 5052 abbatum
3292 4990 3515 5068 praefati
3538 5016 3647 5056 cte-

2062 5060 2229 5139 n_obii..
2265 5060 2406 5139 lluic
2433 5064 2729 5139 donatio'ni
2786 5068 3118 5139 reverendus
3169 5060 3461 5139 episcopus
3490 5069 3643 5125 Pari-

2056 5130 2551 5211 siensistlfridus
2575 5136 2640 5189 de
2669 5138 2904 5211 partecia
2937 5145 2992 5191 et
3017 5130 3279 5211 beneficio
3304 5130 3384 5210 (ιιί
3431 5155 3646 5211 semper

2060 5203 2488 5276 mos_cst_bonos
2518 5203 2817 5276 benefactis
2848 5205 3051 5276 favere)
3090 5223 3214 5264 cum
3246 5203 3534 5267 canonicis
3553 5203 3646 5267 'ec-

2061 5273 2243 5326 clesize
2287 5273 2504 5328 Sanctae
2552 5274 2733 5338 Mariae
2787 5273 3106 5333 Parisiensis
3154 5281 3459 5335 consensit.
3518 5301 3539 5335 ι
3582 5283 3645 5337 Et

2061 5342 2218 5412 paulo
2247 5354 2387 5412 post.
2417 5362 2437 5394 ι
2470 5345 2627 5399 Anno
2659 5344 2787 5401 1081
2835 5347 3056 5402 fundata
3086 5359 3173 5403 est
3195 5351 3390 5405 domus
3412 5351 3483 5406 de
3504 5352 3647 5407 Con-

2064 5413 2308 5485 flueutio»
2338 5413 2439 5468 sub
2492 5415 2730 5469 dominio
2785 5417 3038 5472 abbatum
3084 5419 3265 5485 Pecci,
3311 5434 3460 5475 anno
3507 5421 3644 5477 1085

2068 5483 2350 5538 translatio
2399 5487 2786 5541 monachorum
2844 5486 3004 5545 Becci
3054 5488 3199 5546 aniid
3244 5483 3641 5546 Conﬂuentium

2069 5505 2350 5538 trﬂllSlalIO
2399 5505 2786 5541 lllOllilCllOl‘llm
2844 5505 3004 5545 DCCCI
3054 5505 3083 5542 8
3129 5505 3199 5543 uu
3244 5505 3641 5546 hortuttenttum

2069 5553 2521 5631 commorantium
2549 5570 2578 5609 a
2606 5558 2775 5631 veteri
2803 5557 3035 5614 ecclesia
3083 5505 3224 5631 (qua:
3267 5559 3642 5631 Capellaidici-

2074 5624 2183 5700 tur)
2212 5624 2278 5678 ad
2310 5639 2502 5700 novam
2524 5626 2807 5682 ecclesiam
2839 5643 2962 5683 cum
2988 5624 3213 5700 corpore
3232 5624 3435 5686 sancta:
3462 5630 3644 5687 Hom-

2076 5692 2229 5751 riuos.
2262 5711 2281 5747 ι»
2335 5696 2726 5753 Coulluentium
2790 5700 2957 5770 igitur
3010 5692 3230 5771 de'quo
3267 5716 3414 5756 nunc
3458 5716 3646 5760 sermo

3808 342 3818 423 1
