3898 6052
308 243 446 302 1165

1561 244 1688 300 LIB.
1719 244 1790 306 ll,
1817 241 2034 298 ENST.
2067 241 2231 298 XVII.

3435 243 3574 304 11ΰᾶ

307 363 408 428 tis.
443 362 584 418 sicut
617 361 876 430 scriptum
911 368 996 416 est
1027 377 1042 413 :
1084 359 1500 416 Misericordia»:
1543 370 1592 416 et
1621 361 1887 431 judicium
1915 361 1960 418 A
1987 358 2052 414 de
2075 372 2182 420 me.
2207 363 2261 412 et
2279 355 2344 411 de
2361 353 2630 410 similibus
2655 355 2808 422 meis,
2832 371 3061 426 quorum
3087 359 3192 411 vita
3215 354 3342 412 olim
3367 367 3578 418 esteem,

303 450 526 510 cantabo
565 449 684 513 tibi,
725 449 946 506 Domine
983 449 1054 482 ⁸⁹⁰
1096 448 1268 521 (Psal.
1309 466 1374 516 c,
1417 450 1470 521 l)
1497 491 1514 518 ,
1552 461 1746 508 vestra:
1793 465 1891 520 po-

305 542 523 602 testatis
549 551 654 608 est,
690 551 744 598 et
775 550 968 598 vestra:
995 543 1292 612 prudentia:
1321 557 1338 598 :
1374 552 1582 600 tantum
1615 551 1675 600 ut
1702 559 1888 616 super-

303 634 509 694 exaltet
539 635 912 692 misericordia
936 633 1200 704 judicium
1229 634 1320 688 ’9‘.

685 745 847 819 347
876 744 1212 803 EPISTOLA
1251 744 1472 802 1mm

831 854 900 892 AD
939 853 1326 894 GISLEBBRTUI.

303 927 619 983 Gratulatur
653 929 724 983 ad
751 930 975 984 abbalite
1024 929 1598 984 Westmonastcricnsis
1659 929 1888 1000 regimen

943 1011 1236 1067 assumpto.

373 1089 486 1146 Suo
499 1089 848 1146 dilectissimo
863 1130 876 1152 ,
897 1089 1026 1144 olim
1041 1090 1216 1144 divina
1235 1087 1586 1160 diSpesitione
1598 1087 1726 1152 lilio,
1745 1105 1888 1148 nunc

299 1181 396 1238 Dei
423 1183 596 1253 gratia
620 1181 865 1238 coabbati
889 1179 1002 1252 (9.7)
1023 1180 1364 1238 GISLEBEBTO
1389 1180 1558 1238 frater
1575 1182 1884 1250 Anssuus,

299 1273 355 1328 in
389 1275 492 1328 hac
519 1273 626 1327 vita
657 1273 748 1327 diu
793 1281 981 1328 sancte
1023 1274 1205 1328 vivere
1249 1287 1372 1328 cum
1415 1272 1796 1342 prosperitate,
1831 1273 1886 1328 in

297 1365 478 1420 ﬂatura
509 1363 739 1422 feliciter
763 1379 886 1420 cum
912 1364 1238 1420 aeternitate.

369 1458 483 1512 Etsi
528 1458 700 1522 tarde,
720 1465 943 1528 propter
962 1457 1338 1527 aegritudinem
1362 1456 1741 1526 impedientem
1759 1455 1887 1512 dile-

297 1559 388 1604 cto
423 1548 668 1604 dilectori
717 1563 838 1604 meo
859 1564 956 1618 pro
977 1563 1112 1634 nov‘a
1137 1549 1238 1604 sibi
1261 1547 1521 1604 divinitus
1560 1549 1682 1604 data
1707 1548 1884 1619 gratia

301 1641 520 1696 scribe:
551 1655 656 1696 non
681 1649 858 1696 tamen
883 1641 1078 1711 tepide,
1103 1647 1364 1710 quantum
1387 1640 1454 1694 ad
1479 1639 1772 1694 voluntatis
1795 1639 1884 1694 be-

1989 447 2160 502 culari
2182 445 2595 502 conversatione
2621 443 2840 501 detrita.
2885 445 2958 503 De
2993 447 3146 503 vobis
3180 445 3321 502 enim
3348 461 3575 517 speran-

1988 544 2116 598 dum
2141 551 2240 606 est,
2271 557 2395 598 cum
2432 540 2498 594 ad
2519 542 2747 598 alierum
2772 558 2958 598 curam
2983 544 3395 614 promovetnini,
3427 543 3574 615 quod

1989 635 2115 690 dum
2136 633 2335 690 etalies
2356 634 2422 692 ad
2445 634 2610 691 vestri
2631 634 3040 690 similitudinem
3065 635 3574 708 instruitis,justitia

1989 732 2166 780 vestra
2211 723 2560 794 perficiatur;
2601 719 2668 780 de
2720 725 2874 781 vobis
2917 741 3048 782 vero
3106 726 3401 780 timendum
3455 735 3571 791 est,

1987 828 2110 870 cum
2144 824 2293 870 tanto
2317 815 2558 886 pondere
2595 831 2908 888 gravamur,
2965 833 3034 874 ne
3081 817 3344 890 injustitia
3385 827 3572 873 nostra

1989 904 2058 938 ³⁹⁶
2081 905 2293 960 occulto
2337 906 2432 960 Dei
2462 890 2668 974 judicio
2697 917 2978 978 augeatur.
3011 909 3224 976 Quanto
3255 909 3421 982 igitur
3463 924 3574 964 me-

1986 991 2092 1048 lius
2115 1002 2198 1048 est
2227 994 2294 1050 de
2313 1000 2405 1048 tua
2435 996 2723 1051 sanctitate
2755 997 2808 1052 in
2849 1010 3100 1069 suscepto
3139 997 3315 1054 cilicio
3345 1013 3576 1068 speran-

1988 1081 2144 1146 dum,
2177 1091 2327 1139 tanto
2357 1085 2529 1156 magis
2557 1095 2641 1140 est
2688 1094 2744 1140 et
2782 1089 3027 1144 securius
3071 1089 3136 1143 de
3175 1089 3267 1142 tibi
3315 1103 3574 1144 concessa

1987 1177 2159 1248 gratia
2189 1177 2554 1248 gaudendum.
2585 1177 2941 1248 Omnipotens
2969 1181 3132 1246 Deus,
3168 1180 3260 1251 qui
3303 1191 3353 1236 te
3391 1188 3576 1237 custo-

1987 1265 2108 1320 dem
2137 1265 2364 1322 aliorum
2394 1267 2695 1333 constituit,
2733 1267 2848 1338 ipse
2877 1277 2926 1323 te
2977 1284 3074 1324 sua
3106 1271 3280 1340 gratia
3311 1271 3389 1325 sic
3423 1269 3576 1341 adju—

1985 1364 2076 1410 vet
2105 1367 2160 1412 et
2191 1359 2484 1424 cuuodiat,
2515 1367 2576 1413 ut
2603 1374 2703 1428 pro
2729 1368 2816 1412 tua
2847 1369 2900 1414 et
2931 1359 3144 1416 illorum
3166 1360 3381 1428 justitia
3411 1371 3572 1417 aeter-

1986 1461 2110 1502 nam
2141 1447 2234 1500 tibi
2267 1447 2656 1504 beatitudinem
2681 1449 2972 1502 retribuat.

2451 1539 2786 1596 EPISTOLA
2828 1539 2965 1596 XV'll
3006 1541 3096 1594 ³⁸⁸.

2589 1650 2656 1690 ΑΒ
2693 1650 2958 1690 HUGONEI.

301 1730 660 1786 nevolcntiam
695 1731 952 1800 pertinet,
983 1731 1106 1786 dico
1131 1748 1144 1783 :
1173 1727 1356 1783 Gloria
1381 1729 1434 1783 in
1457 1729 1727 1784 altissimis
1752 1729 1879 1796 Deo,
1913 1703 1958 1762 Β
1988 1741 2273 1817 Nam“?!
2304 1760 2414 1817 me
2453 1743 2641 1817 mulo,
2661 1745 2885 1800 άνοηηη
2926 1748 3328 1816 opusculorum,
3351 1763 3573 1817 quorum

299 1834 348 1878 et
379 1825 434 1877 in
481 1832 622 1878 terra
673 1824 932 1894 gaudium
971 1822 1266 1876 hominibus
1305 1821 1375 1853 ³³³
1413 1820 1561 1876 bona:
1602 1821 1882 1876 voluntati:

302 1914 452 1984 (Luc.
505 1932 566 1980 ιι,
603 1915 716 1986 M),
747 1917 838 1986 qui
879 1915 1142 1984 judicium
1187 1929 1344 1968 suum
1375 1914 1440 1968 de
1479 1923 1532 1968 te
1567 1914 1882 1970 manifesta-

295 2005 400 2070 vit,
430 2006 573 2076 quod
603 2006 870 2062 hactenus
897 2006 1036 2074 apud
1079 2021 1138 2060 se
1164 2004 1472 2070 occultum,
1503 2003 1630 2060 licet
1669 2020 1885 2076 semper

300 2097 370 2156 de
399 2107 468 2164 te,
504 2114 603 2170 pro
645 2099 880 2153 lmrnana
911 2098 1303 2164 aestimatione,
1335 2098 1476 2151 bona
1512 2099 1879 2162 crederemus,

300 2193 556 2248 servavit.
607 2191 662 2244 In
695 2205 761 2245 eo
794 2205 1026 2260 irataque
1071 2190 1194 2244 vita:
1240 2189 1546 2260 proposito,
1595 2189 1647 2244 in
1691 2203 1797 2260 quo
1833 2198 1887 2244 te

301 2283 656 2338 custodiendo
682 2297 897 2352 semper
941 2281 1258 2352 ejusgratia
1308 2282 1574 2351 sapientia
1604 2279 1676 2322 ³⁸⁸
1705 2282 1884 2337 erudi-

299 2378 402 2438 vit.
443 2384 498 2430 et
537 2376 589 2430 in
631 2376 926 2430 sanctitate
968 2375 1214 2437 nutrivit,
1257 2383 1470 2444 patrem
1506 2384 1560 2428 et
1599 2374 1882 2430 doctorem

301 2475 682 2535 pastoremque
727 2465 1030 2518 animarum
1075 2471 1128 2518 te
1167 2464 1470 2519 constituit.
1525 2462 1690 2518 Multo
1736 2463 1881 2520 enim

299 2552 492 2606 melius
515 2551 580 2606 de
609 2559 660 2606 te
689 2551 1016 2621 sperandum
1041 2559 1125 2608 est
1143 2558 1200 2606 et
1218 2549 1286 2606 de
1311 2549 1578 2606 similibus
1605 2550 1730 2614 tuis,
1753 2565 1886 2622 quo-

301 2659 420 2698 rum
450 2645 558 2700 vita
584 2653 668 2700 est
697 2644 750 2700 in
781 2653 968 2698 saneta
995 2643 1409 2699 conversatione
1441 2644 1641 2698 nutrita
1667 2661 1684 2710 ;
1722 2659 1882 2714 quam

2021 1830 2182 1866 unum
2207 1812 2559 1884 Monologiou,
2589 1815 2812 1868 alterunt
2841 1812 3150 1888 Proslogion
3173 1817 3276 1872 vult
3302 1812 3533 1872 inscribi.

2061 1905 2286 1960 Domine
2320 1916 2374 1960 et
2405 1905 2546 1960 Patri
2575 1907 2866 1962 venerabili
2912 1911 3320 1980 archiepiscopo
3357 1909 3576 1980 Lugdu-

1990 1997 2144 2052 nensi
2196 1997 2406 2054 HUGONI
2439 2001 2604 2054 lratcr
2638 2001 2920 2054 ANSELMUS
2941 2042 2955 2066 ,
2989 2002 3041 2056 in
3085 2003 3338 2072 praesenti
3374 1999 3574 2057 saeculo

1988 2097 2177 2144 sancte
2207 2089 2410 2153 vivere,
2437 2090 2490 2144 in
2523 2089 2707 2145 futuro
2733 2092 2910 2146 beate.

2062 2180 2277 2237 Pondus
2307 2194 2504 2238 vestrm
2551 2184 2896 2240 auctoritatis
2924 2183 3052 2238 facit
3091 2200 3176 2238 me
3206 2184 3335 2239 dare
3365 2185 3574 2256 pondus

1987 2275 2122 2330 meis
2153 2276 2330 2346 nugis.
2359 2274 2490 2330 Cum
2519 2277 2663 2332 enim
2691 2275 2956 2334 celsitudo
2978 2285 3157 2330 vestra
3197 2277 3328 2330 tanti
3378 2277 3575 2344 pendat

1986 2367 2244 2436 opuscula
2295 2377 2504 2430 nostra,
2535 2376 2593 2422 ut
2638 2383 2700 2424 ea
2751 2375 2937 2437 petere
2965 2379 3020 2421 et
3062 2367 3239 2436 legere
3287 2366 3569 2438 dignetur;

1987 2459 2231 2514 nonnihil
2257 2460 2411 2526 mihi,
2449 2461 2590 2530 quod
2623 2468 2772 2516 tanto
2793 2459 2912 2516 viro
2941 2459 3170 2530 placeat,
3199 2473 3319 2514 esse
3341 2459 3572 2514 videtur.

1987 2547 2328 2620 Quapropter
2353 2550 2660 2606 nullatenus
2689 2551 2830 2622 apud
2859 2560 3096 2607 vestram
3119 2550 3459 2621 prudentiam
3487 2563 3576 2604 tne

1989 2643 2275 2698 ridendum
2307 2643 2594 2710 existimo,
2643 2645 2688 2700 si
2737 2645 2974 2717 qualiter
3005 2645 3185 2718 aptius
3231 2641 3436 2708 titulari
3481 2641 3576 2698 de-

1597 2753 1829 2810 \'AR|:E
1871 2753 2276 2811 LECTIONES.

365 2866 442 2899 ³⁹⁰
459 2866 700 2922 Cantabo
725 2866 949 2922 Domino
965 2866 1326 2939 ms_._captab_e
1356 2865 1473 2932 tibi,
1506 2865 1732 2939 Domine
1779 2865 1872 2939 ἐν
1894 2865 2258 2922 Misericordia
2283 2865 2490 2939 judicio
2518 2883 2616 2922 ms.
2644 2867 3286 2934 misericordiajudieium
3363 2871 3432 2904 ³⁹⁸
3457 2871 3578 2928 σοι.

301 2937 410 2990 lala
467 2954 584 2990 cum
615 2939 794 2991 eodem
827 2953 928 2990 ms.

1040 2936 1110 2968 ³⁸³
1129 2935 1408 3011 _G_audium
1431 2946 1484 2992 et
1514 2953 1616 3006 pax
1645 2937 1956 3011 hominibus
1985 2954 2086 2992 me.
2117 2935 2376 3011 gaudium
2405 2939 2716 3011 hominibus
2800 2939 2870 3011 Ψ
2895 2939 3082 2996 Gratia
3111 2950 3168 2996 et
3185 2941 3454 3011 sapientia
3474 2959 3576 2998 me.

313 3009 490 3080 gratia
524 3007 786 3078 sapientia
861 3006 931 3038 ³⁹⁵
955 3005 1221 3076 lnjustitia
1247 3015 1440 3064 nostra
1465 3005 1562 3062 me.
1589 3021 1658 3060 ne
1682 3007 1944 3078 iujustitia
1977 3005 2162 3062 nostra
2237 3007 2306 3040 ³³⁸
2336 3007 2541 3066 Collata
2581 3026 2699 3064 cum
2724 3009 2905 3064 eodem
2935 3027 3032 3064 me.

1511 3119 1798 3178 JOANNIS
1833 3120 2106 3178 PICARDI
2145 3121 2376 3180 NOTJE.

301 3223 383 3286 est
405 3213 733 3286 Cemepelis,
767 3228 796 3267 a
817 3213 1388 3286 LutetiaParisierum
1415 3214 1622 3270 distans
1639 3227 1736 3286 sex
1760 3213 1878 3268 mil-
1904 3220 1950 3280 (ι
1981 3216 2192 3285 peperit
2213 3215 2526 3286 Gislertem,
2552 3215 2661 3286 (de
2687 3231 2794 3286 quo
2827 3217 3332 3286 impraesentiarum)
3381 3228 3436 3273 et
3483 3234 3581 3272 no-

301 3284 442 3340 libns
466 3285 534 3354 ad
563 3284 894 3354 occidentem
918 3286 1006 3339 ubi
1037 3285 1180 3342 Isara
1212 3294 1266 3340 et
1295 3285 1544 3354 Sequana
1567 3283 1870 3354 conﬂuunt;

301 3355 444 3408 unde
470 3353 585 3424 ejus
610 3369 805 3409 nomen
834 3352 1103 3424 Couﬂaus,
1138 3357 1316 3410 forsan
1343 3352 1546 3410 rectius
1570 3353 1870 3424 Con/fluent.

299 3425 482 3479 Habes
501 3421 749 3493 ejusdem
773 3421 1145 3494 appellationis
1171 3427 1352 3482 vicum
1395 3424 1540 3479 mille
1567 3421 1816 3492 passibus
1846 3439 1876 3479 a

303 3495 517 3551 Lutetia
541 3505 734 3550 contra
762 3497 1052 3564 orientem,
1081 3496 1162 3549 sic
1189 3503 1556 3564 nuncupatum
1579 3495 1652 3551 ob
1681 3495 1880 3550 Matre-

301 3581 428 3622 nam
451 3574 505 3618 et
528 3565 835 3632 Sequanam
855 3563 1007 3632 juxta
1037 3563 1391 3618 confluentes}

377 3635 491 3706 (9.7)
523 3633 842 3706 Gisleberio.
874 3633 978 3706 ‘Sic
1006 3633 1589 3706 AGemmeti_censis,_et
1620 3633 1876 3690 Chronic.

303 3701 575 3758 Beece'nse
618 3717 720 3757 ms.
753 3701 1110 3768 Trithemius,
1156 3713 1212 3758 et
1260 3703 1617 3758 Tritbemium
1664 3717 1883 3758 secutus

305 3775 494 3828 Sixtus
519 3773 752 3828 Senens.
781 3772 1118 3829 Gisleberlns
1143 3773 1356 3842 legunt;
1409 3784 1466 3826 at
1511 3775 1562 3827 in
1593 3774 1680 3826 his
1709 3773 1882 3842 solius

305 3843 509 3900 vocalis
534 3845 595 3899 E.
621 3845 946 3900 metathesin
963 3841 1218 3900 advertisi
1245 3843 1550 3914 Cisleberto
1577 3852 1756 3914 autem
1781 3841 1884 3896 fuit

307 3930 572 3986 agnomen
597 3914 851 3986 Crispini,
877 3925 932 3970 et
959 3916 1115 3985 hujus
1139 3911 1602 3986 quidemicausam
1630 3913 1683 3966 in
1711 3911 1886 3967 Chro-

307 3985 417 4039 nic.
467 3985 721 4038 Beccens.
751 3985 890 4038 hanc
924 3997 1113 4039 nactus
1143 4001 1283 4052 sum,
1315 3985 1397 4039 his
1426 3991 1732 4039 enarratum
1765 3997 1886 4037 ver-

307 4057 393 4110 bis
423 4071 438 4107 :
477 4073 496 4104 ι
533 4053 836 4122 Antequam
866 4054 1224 4110 Nortbmanni
1273 4055 1408 4108 dure
1441 4054 1730 4110 Wilhelme
1776 4055 1886 4108 An-

305 4125 844 4196 gliamidebellarent,
875 4124 978 4180 fuit
999 4129 1050 4180 in
1083 4125 1332 4180 Neustria
1361 4125 1502 4195 (qua:
1524 4140 1664 4196 nunc
1689 4123 1886 4186 North,-

307 4194 524 4249 inannia
557 4195 827 4266 vocaturi)“
853 4195 936 4248 vir
964 4196 1230 4266 egregius,
1265 4194 1482 4250 nomine
1527 4194 1882 4266 Gislebertus,

306 4281 506 4336 genere
558 4275 613 4320 et
665 4264 943 4336 nobilitate
975 4264 1416 4336 piaeclarusyqui
1473 4271 1540 4318 ah
1573 4264 1888 4336 habitudine

307 4335 650 4406 capillorum,
683 4335 892 4404 primus
915 4335 1150 4403 Crispini
1176 4335 1392 4389 nomine
1422 4337 1623 4389 dicitur
1645 4335 1886 4406 insigni-

309 4404 416 4460 tus.
450 4405 582 4459 Nam
609 4406 662 4459 in
687 4421 784 4458 sua
807 4406 1062 4474 primaeva
1091 4415 1250 4460 aitate
1283 4406 1518 4460 habebat
1539 4405 1762 4473 capillos
1781 4404 1889 4458 eri-

305 4493 437 4547 spos
465 4485 518 4531 et
541 4476 765 4546 rigidos,
791 4485 954 4546 atque
989 4491 1204 4530 sursum
1229 4483 1461 4538 erectos,
1491 4486 1568 4547 et,
1597 4485 1658 4528 ut
1695 4476 1768 4530 ita
1795 4475 1878 4528 di-

311 4546 454 4614 cam,
491 4548 763 4614 rehursos,
808 4547 876 4600 ad
907 4547 1121 4600 modum
1165 4561 1435 4599 ramormn
1461 4546 1594 4616 pini,
1622 4547 1710 4613 qui
1746 4559 1888 4597 sem-

308 4633 408 4687 per
475 4617 699 4670 tenduut
770 4631 1016 4678 sursum,
1086 4631 1254 4685 quare
1327 4617 1738 4687 cognmninatus
1799 4625 1884 4670 εει

309 4685 610 4757 Crispinus,
666 4687 819 4755 quasi
869 4688 1081 4756 crispus
1127 4687 1301 4754 pinus.
1349 4685 1520 4752 Quam
1549 4685 1882 4757 capillorum

309 4755 684 4814 relnirsionem
746 4755 992 4812 videmus
1043 4757 1218 4812 adhuc
1273 4757 1322 4810 in
1371 4757 1438 4812 iis
1471 4755 1562 4826 qui
1605 4757 1672 4810 de
1717 4755 1886 4826 ipsius

315 4827 606 4882 Gisleberti
645 4842 841 4897 genere
879 4829 1230 4897 descendunt.
1269 4826 1418 4880 Unde
1465 4835 1518 4897 et
1555 4826 1665 4897 ipsi
1698 4827 1888 4880 eodem

309 4899 632 4966 euguemine
651 4895 684 4950 a
706 4899 916 4952 caeteris
938 4896 1431 4952 Northmanuorum
1471 4895 1601 4950 (iliis
1622 4895 1888 4950 dirimun-

315 4983 420 5024 tur.
459 4989 476 5020 ι
1043 5005 1047 5010 -
1235 4983 1250 5004 -⁴

385 5037 487 5093 llic
507 5053 638 5108 ergo
671 5037 1006 5094 Gislebcrlus
1043 5037 1362 5108 cognomine
1395 5035 1889 5108 Crispinimnotatus

311 5125 380 5163 ex
413 5105 702 5166 uxore—sua
735 5108 989 5164 Cemoret
1018 5105 1134 5164 tres
1177 5107 1312 5161 lilies
1338 5105 1591 5175 suscepit,
1617 5105 1890 5162 Gisleber—

317 5191 430 5250 tum
454 5179 758 5250 Crispinum
785 5181 850 5233 de
873 5177 1210 5250 Tegulariis,
1227 5177 1366 5250 quod
1389 5178 1558 5250 castri
1581 5176 1889 5233 Cuilhclmo

315 5249 492 5303 Nothe
513 5248 648 5304 duce
669 5249 1164 5304 Northmanuorum
1189 5249 1288 5300 l'uit
1311 5249 1361 5299 in
1387 5248 1695 5302 Ebreicensi
1713 5257 1886 5302 tractu

316 5319 614 5391 conditum,
643 5320 908 5391 vulgoque
932 5321 1140 5391 dictutn
1196 5317 1426 5391 Tillieres
1451 5318 1557 5391 (vel
1588 5317 1884 5388 Tullieres);

316 5388 634 5460 Bobertum,
661 5388 760 5460 qui
794 5395 863 5443 ob
893 5389 1146 5444 virtutem
1182 5388 1490 5460 militarem,
1518 5390 1887 5460 honoremque

315 5459 418 5514 sibi
451 5461 518 5513 ab
568 5459 890 5528 imperatore
921 5459 1180 5522 delatum,
1235 5459 1446 5528 tandem
1479 5473 1684 5512 veneno
1708 5459 1774 5512 ab
1803 5463 1886 5513 iu-

319 5526 689 5612 vidianragcis
715 5530 999 5612 propinate
1032 5529 1274 5612 interiit;
1304 5539 1358 5612 et
1401 5526 1763 5612 Gllllll‘eltlitltn
1791 5545 1887 5583 ne-

319 5601 413 5654 stri
440 5597 732 5656 Gisleberti
761 5597 988 5670 patrem,
1021 5601 1136 5670 qui,
1165 5607 1222 5654 ut
1267 5599 1334 5653 ad
1381 5597 1594 5670 epistol.
1631 5599 1697 5654 40
1725 5615 1886 5669 supra

317 5672 660 5742 monuimus,
719 5669 944 5726 nitorem
1017 5669 1201 5740 duxit,
1247 5669 1466 5727 nomine
1515 5669 1710 5734 Evam,
1770 5685 1890 5738 quae

1981 3287 2129 3357 mine
2179 3296 2232 3341 et
2254 3285 2540 3357 agnomine
2576 3285 3114 3343 referetem’avum.
3153 3305 3170 3338 ι
3205 3285 3376 3357 Pater
3423 3287 3578 3344 Guil-

1981 3355 2374 3426 helmushu'nc
2419 3356 2473 3409 in
2525 3365 2707 3410 tenera
2732 3366 2890 3412 aetate
2919 3357 3114 3426 (inquit
3158 3356 3413 3412 Chronic.
3447 3357 3580 3413 Bec-

1980 3425 2156 3496 cens.)
2189 3425 2298 3481 Deo
2340 3426 2683 3480 nutriendum
2725 3429 2825 3481 sub
2881 3425 3162 3496 disciplina
3199 3427 3430 3496 regulari
3483 3430 3580 3482 eh-

1981 3497 2104 3550 tulit
2149 3496 2512 3552 Beccensibus
2581 3496 2876 3557 Patribus.
2937 3506 2997 3552 et
3055 3496 3220 3552 multa
3277 3499 3342 3552 de
3419 3498 3582 3554 rebus

1981 3566 2095 3622 suis
2136 3567 2465 3638 temporalis
2523 3565 2646 3638 vitte
2709 3567 2950 3622 subsidia
3013 3583 3135 3623 cum
3196 3581 3362 3638 puero
3423 3567 3580 3622 mini-

1983 3637 2192 3690 stravit.
2249 3635 2488 3692 Ouerum
2556 3635 2883 3692 informatus
2954 3635 3212 3692 doctrina
3264 3647 3319 3690 et
3380 3647 3582 3692 sancta:

1983 3707 2427 3776 conversationis,
2465 3707 2754 3776 exemplis,
2812 3709 2892 3760 sic
2943 3723 3065 3760 cum
3117 3708 3298 3761 divine
3349 3707 3580 3776 profecit

1985 3774 2188 3828 auxilio
2231 3775 2282 3826 in
2324 3775 2615 3844 fdivinismet
2641 3775 3026 3844 phil050phicis
3053 3774 3436 3842 institutis,'ut
3461 3792 3583 3831 om-

1986 3858 2083 3915 nes
2122 3852 2266 3896 artes
2314 3843 2472 3911 (quas
2533 3841 2783 3915 liberales
2824 3841 3039 3915 vocant)
3098 3847 3164 3900 ad
3215 3841 3446 3914 unguem
3486 3849 3583 3901 ad-

1988 3913 2244 3976 discerct,
2267 3921 2324 3966 et
2351 3927 2537 3966 earum
2569 3913 2771 3967 rivulos
2797 3913 3041 3982 pluribus
3069 3915 3184 3982 ipse
3209 3913 3498 3982 praéfecms
3522 3917 3577 3971 in

1988 3983 2250 4053 religione
2281 3983 2630 4053 propinaret;
2681 3981 2838 4052 cujus
2887 3993 3032 4038 tanta
3077 3981 3274 4039 fuitin
3316 3985 3488 4039 activa
3527 3995 3584 4041 et

1989 4051 2319 4124 speculativa
2356 4051 2645 4124 perfectio
2705 4051 2762 4107 ut
2829 4069 2950 4109 cum
3007 4057 3146 4110 Deus
3213 4055 3578 4112 Lanfrancum

1989 4123 2374 4195 Catituariensi
2419 4123 2673 4195 Ecclesiae
2701 4125 2755 4178 in
2799 4140 3010 4180 summo
3048 4125 3361 4194 pontiﬁcatu
3405 4127 3582 4195 praeli-

1990 4203 2160 4257 ceret,
2198 4209 2320 4248 eum
2352 4193 2691 4249 Lanlrancus
2730 4197 2796 4250 ad
2836 4193 3074 4265 regimen
3109 4193 3576 4251 Westmenasterii

1991 4266 2101 4319 Deo
2126 4271 2355 4338 vocante
2380 4265 2690 4338 provideret
2713 4305 2728 4329 ,
2766 4275 3022 4334 tantaque
3060 4267 3375 4338 sanctitatis
3401 4269 3578 4338 gratia

1991 4339 2074 4406 (ut
2101 4335 2396 4404 credimus)
2429 4335 2538 4389 Deo
2571 4343 2624 4388 et
2665 4336 2972 4390 hominibus
3023 4336 3224 4405 placuit
3263 4347 3323 4390 ut
3363 4335 3576 4392 humili-

1993 4415 2158 4458 tatem
2187 4421 2298 4474 prae
2315 4406 2530 4460 cunctis
2551 4406 2634 4476 sui
2661 4407 2921 4476 temporis
2943 4406 3179 4476 prmlatis
3204 4415 3261 4476 et
3292 4407 3580 4476 specialius

1991 4476 2382 4546 prmtenderet,
2416 4474 2788 4546 etsublimius
2829 4474 3165 4546 praedicaret.
3201 4475 3297 4546 llic
3321 4474 3396 4530 '62
3424 4477 3581 4531 annis

1995 4543 2110 4601 loco
2163 4546 2334 4616 magis
2379 4543 2578 4616 profuit
2608 4561 2769 4614 quam
2818 4543 3058 4616 praefuit,
3100 4554 3153 4599 et
3201 4545 3256 4598 in
3299 4555 3579 4600 senectute

1991 4617 2130 4670 bona
2163 4615 2355 4686 plenus
2383 4615 2592 4686 dierum
2626 4625 2680 4668 et
2705 4615 3026 4680 sanctitate,
3055 4616 3303 4686 patribus
3331 4616 3445 4670 suis
3485 4631 3581 4686 ap-

1993 4687 2202 4756 positus
2238 4685 2396 4753 hujus
2439 4685 2562 4738 vitae
2607 4687 2896 4740 terminum
2929 4685 3144 4756 clauSit.
3179 4705 3198 4738 ι
3245 4685 3335 4740 Sic
3373 4687 3440 4740 de
3485 4685 3579 4742 Gi-

1995 4755 2228 4812 Sleherto
2259 4757 2367 4810 lilio
2400 4758 2664 4810 monacho
2691 4766 2746 4812 et
2783 4757 2978 4812 abbate
3007 4755 3575 4812 Westmonasteriensi

1995 4825 2301 4881 Chronicon
2331 4825 2637 4892 Beecense;
2672 4843 2829 4896 quem
2877 4827 3052 4883 locum
3087 4829 3174 4880 hic
3209 4843 3327 4880 esse
3359 4827 3577 4894 apposi-

1997 4897 2269 4950 tissimum
2299 4896 2500 4966 videbit
2527 4899 2616 4964 qui
2650 4913 2756 4951 non
2784 4907 2991 4953 tantum
3020 4897 3262 4966 epistolae
3291 4911 3581 4966 argumenn

2001 4975 2114 5038 tum
2134 5006 2160 5038 ._
2178 4966 2282 5038 sed
2307 4975 2362 5020 et
2403 4965 2642 5021 Anselmi
2690 4969 2855 5024 verba
2899 4965 3111 5038 legerit.
3156 4965 3404 5038 Defuncti
3449 4981 3580 5038 vero

2001 5035 2284 5092 Gisleberti
2319 5052 2518 5092 annmn
2570 5037 2708 5092 ΗΠ
2759 5035 3010 5093 numerat
3056 5038 3108 5091 in
3153 5035 3423 5092 Chronico
3451 5035 3576 5092 Flo-

1997 5107 2202 5162 rentius
2255 5105 2684 5180 Wigorniensis,
2753 5109 2907 5178 cujus
2973 5111 3305 5180 computatio
3341 5107 3578 5180 _eellata

1995 5191 2116 5232 cum
2170 5175 2398 5232 numer'e
2439 5193 2704 5234 annorum
2755 5175 2952 5246 quibus
2997 5175 3210 5246 praél‘uit
3241 5175 3580 5246 Gislebertus

1995 5247 2172 5300 reddit
2203 5247 2421 5302 insimul
2451 5265 2648 5304 annum
2683 5245 2793 5303 sua:
2826 5245 3124 5312 electionis,
3155 5247 3364 5302 scilicet
3397 5245 3534 5301 1084
3561 5265 3575 5297 :

1993 5317 2124 5386 Ejus
2155 5319 2452 5373 doctrinam
2482 5319 2794 5374 saecularem
2817 5329 2874 5372 et
2897 5319 3132 5374 divinam
3167 5317 3336 5388 [ante].
3372 5314 3578 5388 laudat]

1995 5385 2224 5456 utraque
2253 5390 2398 5443 enim
2429 5390 2752 5444 execllnisse
2803 5389 2950 5443 dedit
2981 5385 3255 5442 memoriae
3279 5385 3580 5456 Guilelmus

1995 5453 2234 5512 libro-vn
2273 5459 2472 5514 llistor.
2515 5461 2708 5514 ducum
2737 5457 3233 5528 Northmannorum
3260 5473 3380 5528 cap.
3407 5456 3497 5528 22,
3521 5453 3575 5508 5.

1995 5527 2237 5584 llerluini
2263 5529 2546 5585 Beccensis
2571 5531 2898 5584 iustituloris
2927 5527 3042 5582 Vita
3073 5527 3166 5581 lib.
3196 5543 3246 5592 ι,
3277 5526 3378 5582 ms.
3407 5526 3580 5582 Chro-

1996 5601 2119 5654 nico
2153 5598 2430 5668 Becceusi,
2455 5599 2606 5668 cujus
2651 5601 2846 5654 iterum
2874 5601 2936 5652 tit
2977 5599 3178 5654 mentio
3213 5599 3264 5651 in
3291 5595 3412 5652 Vita
3439 5595 3586 5650 Lan-

2001 5669 2168 5725 franci
2223 5671 2420 5726 ibidem
2475 5685 2602 5738 ms.,
2650 5679 2704 5725 et
2746 5671 2886 5740 apud
2919 5668 3336 5726 Gemmcticens.
3381 5681 3572 5736 supra.
