3872 6028
359 248 515 308 ἸΙῧἹ

943 248 1000 302 S.
1029 246 1329 302 ANSELMI
1365 245 1715 303 CANTUAR.
1754 243 2081 306 'AllClllEP.
2113 241 2264 300 OPP.
2303 243 2482 302 PARS
2509 246 2592 303 lll.
2621 277 2689 288 --
2730 246 3105 306 EPISTOLJE.

3527 247 3692 309 H58

369 369 541 426 beant
574 365 760 421 eadem
790 363 1070 432 opuscula,
1097 365 1407 419 considero.
1451 359 1654 418 Precor
1693 366 1859 435 igitur
1894 372 1952 418 ut
1983 364 2028 418 A
2059 361 2199 416 tibus
2231 361 2516 431 quiescere
2564 377 2669 416 non
2702 359 2900 432 possit;
2962 372 3019 418 et
3055 364 3373 421 benedictus
3414 366 3576 423 Deus
3620 368 3688 420 iu

378 463 425 517 si
471 459 708 521 libellos,
743 471 876 526 quos
922 455 1195 510 sanctitati
1249 465 1444 511 vestrae
1490 455 1558 487 ³³⁷
1583 456 1768 526 jussus
1812 457 1955 522 misi,

376 565 700 623 recuperare
729 548 1012 619 poteritis,
1042 547 1169 602 illud
1215 548 1357 617 quod
1389 548 1443 601 in
1487 547 1618 618 ipsis
1665 548 1834 603 titulis
1862 563 1960 618 po-

373 647 537 700 situm
579 653 691 706 est,
738 640 948 696 scilicet
991 641 1057 697 de
1105 641 1317 696 ratione
1366 639 1528 706 fidei,
1565 640 1711 696 velut
1763 655 1960 711 super~

375 736 656 791 abundans
720 733 1067 796 recidentes;
1124 730 1271 785 illum
1331 747 1493 801 quem
1550 729 1956 799 monoloquium

376 824 671 888 nominavi,
696 823 1027 892 monologion
1061 823 1296 877 vocetis:
1324 831 1377 876 et
1403 820 1632 875 alterum
1679 835 1783 874 non
1821 819 1956 873 allo-

372 919 558 994 quium
581 956 595 980 ,
633 916 726 970 sed
755 913 1057 982 proslogion
1086 910 1311 966 tituletis
1353 929 1366 964 :
1404 920 1460 964 ct
1489 910 1787 966 secundum
1827 910 1960 963 tituo

369 1009 544 1064 lorum
577 1004 1010 1069 correctionem,
1062 1003 1220 1056 finem
1266 999 1696 1072 prazfatiuuculte
1731 999 1956 1055 minoris

371 1100 558 1166 libelli,
588 1114 710 1170 quae
752 1097 820 1153 de
861 1097 1064 1153 eisdem
1109 1095 1278 1150 titulis
1325 1092 1585 1164 loquitur,
1633 1093 1953 1149 emendetis.

369 1195 480 1250 Cur
517 1202 696 1246 autem
745 1192 884 1246 hanc
943 1188 1295 1243 mutationem
1343 1186 1459 1241 fieri
1501 1187 1756 1258 rogitem,
1785 1202 1955 1257 expo-

373 1299 533 1350 nere,
557 1285 602 1340 si
628 1292 834 1337 tantum
875 1280 1000 1345 fiat,
1031 1295 1131 1335 nec
1153 1278 1288 1333 adeo
1315 1287 1399 1332 est
1430 1277 1822 1344 necessarium,
1857 1291 1957 1331 nec

370 1375 474 1430 hac
501 1372 776 1444 epistolari
803 1371 1090 1434 brevitate,
1119 1383 1280 1440 quam
1324 1366 1597 1436 proposui,
1631 1351 1951 1433 congruum.

365 1466 527 1532 Quod
562 1465 606 1520 si
637 1463 933 1519 secundum
957 1469 1196 1514 nostram
1225 1457 1539 1527 petitionem
1569 1455 1824 1520 feceritis,
1852 1455 1954 1509 hoc

370 1564 568 1612 vestrm
600 1551 912 1624 paternitati
944 1548 1067 1605 volo
1098 1548 1400 1602 retribuere
1427 1564 1439 1598 :
1477 1554 1536 1598 ut
1571 1545 1613 1599 si
1644 1544 1785 1599 Deus
1821 1544 1952 1598 mihi

369 1663 431 1702 ea
477 1661 597 1716 qua:
635 1643 884 1698 desidero
934 1638 1143 1694 dederit
1183 1637 1451 1696 scribere,
1483 1634 1720 1703 aspectui
1771 1644 1953 1690 vestro

2059 452 2213 507 donis
2243 453 2376 517 suis,
2429 455 2521 523 qui
2563 453 2770 508 utinam
2821 455 2899 509 sic
2950 455 3259 510 abstulisset
3299 473 3328 511 a
3375 467 3431 513 te
3467 460 3682 516 odium

2059 546 2253 600 animm
2287 555 2413 610 tute,
2457 547 2727 616 quomodo
2770 546 2917 600 dedit
2966 547 3096 601 mihi
3146 564 3395 604 amorem
3459 551 3676 607 salutis

2060 647 2186 692 tuae.
2220 638 2441 691 Sustine
2471 654 2581 704 me,
2613 637 2784 694 dulcis
2813 640 3012 704 amice,
3044 649 3098 695 et
3129 639 3293 695 tolera
3328 641 3675 698 dilectorem

2062 738 2209 783 tuum
2233 770 2247 796 ,
2280 729 2322 782 si
2352 728 2690 798 importunus
2722 722 2814 783 tibi
2847 728 2916 760 ³⁸³
2944 729 3150 794 videor,
3186 739 3241 784 et
3267 731 3462 785 durius
3490 748 3668 801 quam

2058 819 2194 874 velLs
2251 830 2430 874 tecum
2467 819 2678 887 loquor.
2729 819 2896 873 Amor
2930 820 3072 872 enim
3117 820 3311 874 anima:
3351 831 3463 875 ture
3516 822 3669 890 cogit

2059 908 2295 962 animam
2334 921 2532 972 meam,
2578 923 2674 962 nec
2699 909 2905 976 patitur
2935 924 3054 963 eam
3097 909 3207 977 pati
3252 919 3309 963 ut
3355 921 3417 964 tu
3471 912 3670 966 oderis

2057 1015 2198 1066 eam,
2230 998 2384 1062 cujus
2433 1014 2672 1053 amorem
2711 1015 2928 1070 seraper
2971 1001 3135 1056 habet
3175 1017 3379 1056 secum.
3425 1004 3666 1074 Suscipe

2058 1105 2206 1160 ergo,
2228 1089 2570 1153 charissime,
2593 1105 2716 1144 cum
2750 1107 2954 1158 amore,
2989 1091 3129 1161 quod
3161 1108 3256 1147 oro
3287 1103 3346 1148 ut
3377 1095 3529 1150 Deus
3564 1096 3660 1152 tibi

2059 1179 2171 1244 det,
2205 1179 2348 1233 dicta
2381 1181 2642 1234 amatoris
2671 1180 2769 1233 tui.
2820 1179 2899 1233 Tu
2948 1194 3027 1247 es,
3058 1180 3452 1248 dilectissime,
3495 1193 3558 1238 tu
3601 1200 3664 1240 es

2057 1271 2200 1342 quod
2235 1270 2369 1324 dicit
2416 1285 2570 1324 amor
2599 1284 2721 1324 cum
2754 1269 2969 1334 dolore,
3004 1279 3060 1324 et
3100 1271 3254 1326 dolor
3282 1287 3408 1326 cum
3442 1289 3660 1342 amore,

2058 1361 2170 1429 qui,
2209 1362 2358 1430 quod
2388 1362 2530 1416 Deus
2551 1360 2763 1416 auferat
2792 1377 2822 1414 a
2857 1370 2936 1428 te,
2967 1362 3127 1417 odisti
3161 1363 3416 1418 dilectam
3456 1367 3662 1424 anima:

2058 1469 2193 1509 mea:
2232 1456 2469 1508 animam
2500 1463 2678 1521 tuam;
2706 1457 2960 1524 quoniam
2984 1459 3073 1527 qui
3096 1457 3266 1528 diligit
3293 1460 3655 1530 iniquitatem,

2057 1546 2165 1598 odit
2210 1546 2446 1598 animant
2490 1562 2641 1599 suam
2674 1543 2958 1616 (Psal.‘x,
2991 1547 3068 1618 6).
3115 1547 3378 1616 luiquitas
3422 1562 3575 1606 certe
3601 1562 3658 1607 ct

2059 1637 2376 1708 iniquitates
2425 1645 2586 1703 sunt,
2621 1651 2728 1706 quo
2771 1646 2920 1693 tanto
2973 1637 3165 1694 affectu
3216 1655 3530 1711 prosperas,
3581 1646 3658 1698 mi

367 1711 535 1794 uelim
564 1751 658 1800 ea,
700 1742 762 1788 ut
798 1741 928 1802 puto
969 1745 1074 1786 non
1115 1729 1292 1782 minus
1335 1727 1610 1798 prioribus
1662 1727 1948 1796 placitura,
1986 1711 2026 1770 Β
2057 1729 2544 1799 dilecte.lniquitas
2568 1740 2623 1785 et
2649 1730 2959 1800 iniquitates
2989 1741 3134 1797 sunt,
3157 1747 3264 1801 quo
3286 1742 3342 1787 te
3359 1735 3529 1788 trahit
3558 1736 3650 1790 im-

369 1829 712 1885 subtrahere.
746 1824 1089 1880 Fidelitatem
1116 1830 1376 1887 vestram,
1406 1835 1568 1892 quam
1605 1819 1774 1875 semel
1803 1821 1952 1875 cordi

375 1936 496 1977 meo
519 1917 917 1982 commendavi,
951 1921 1268 1986 protegente
1301 1915 1426 1978 Deo,
1467 1924 1650 1969 servat
1683 1921 1737 1968 et
1769 1928 1954 1968 serva-

370 2009 481 2076 bit;
533 2025 633 2065 nec
677 2007 1017 2064 dissimiliter
1059 2007 1125 2061 de
1173 2005 1346 2076 gratia
1399 2013 1597 2060 vestra:
1649 2005 1954 2062 sanctitatis

369 2109 554 2172 sperat
581 2108 637 2156 et
669 2098 929 2168 sperabit.

892 2185 1230 2244 EPISTOLA
1272 2185 1451 2242 XVIII.

807 2295 836 2332 Α
846 2297 874 2333 D
913 2293 1188 2333 MONACHOS
1214 2291 1521 2332 BECCENSES.

543 2372 621 2428 De
649 2389 893 2444 prospera
932 2388 1027 2426 sua
1059 2375 1112 2426 in
1149 2371 1392 2440 Angliam
1425 2368 1770 2439 navigatione.

437 2464 789 2522 Charissimis
814 2472 870 2518 et
904 2462 1378 2518 desideratissimis
1405 2460 1637 2516 dominis
1667 2460 1778 2515 suis
1796 2500 1810 2524 ,
1838 2473 1954 2514 ser-

362 2557 448 2612 vis
481 2555 575 2610 Dei
605 2554 762 2612 Becci
791 2554 1260 2610 commanentibus
1280 2593 1293 2618 ,
1329 2567 1518 2608 servus
1561 2565 1750 2606 eorum
1783 2549 1954 2604 frater

363 2650 667 2711 ANSELMUS,
694 2647 762 2702 de
791 2647 989 2701 virtute
1019 2645 1074 2700 in
1100 2647 1352 2700 virtutem
1381 2643 1668 2714 proficere,
1696 2650 1756 2696 ut
1784 2642 1951 2696 Deum

372 2738 599 2793 deorum
632 2739 685 2791 in
717 2736 848 2792 Sion
881 2746 1194 2791 mereantur
1219 2736 1558 2805 conspicere.

439 2829 565 2884 Mox
591 2837 647 2883 ut
673 2829 740 2884 de
770 2828 907 2882 mari
931 2828 1075 2883 exivi
1105 2828 1158 2882 in
1181 2827 1464 2898 Anglieam
1497 2836 1697 2882 terram
1729 2827 1817 2882 die
1844 2827 1950 2881 Do-

365 2921 564 2978 minica
588 2921 778 2976 meJize
797 2919 1251 2991 Quadragesimze,
1278 2919 1409 2975 hora
1433 2919 1612 2986 tertia,
1637 2920 1834 2974 dictavi
1854 2920 1951 2975 bas

373 3015 582 3071 litteras
626 3022 686 3069 ut
741 3022 981 3068 vestram
1016 3011 1359 3068 dilectionem
1408 3011 1474 3067 de
1528 3010 1699 3066 nostri
1745 3011 1951 3067 itineris

368 3104 728 3174 prosperitate
757 3101 1110 3158 laetificarem.
1133 3102 1227 3157 Dei
1252 3101 1395 3157 enim
1423 3103 1594 3173 gratia
1622 3100 1834 3156 favente
1859 3115 1954 3155 ve-

367 3194 495 3248 stris
520 3193 890 3260 orationibus,
913 3192 1096 3248 omnia
1123 3206 1381 3262 prospere
1407 3200 1460 3244 ct
1487 3189 1782 3245 honorifice
1813 3188 1950 3244 ultra

363 3297 516 3352 spem
545 3297 718 3338 meam
749 3282 884 3336 mihi
911 3291 967 3337 et
993 3282 1060 3337 iis
1083 3281 1172 3352 qui
1203 3295 1415 3336 mecum
1429 3288 1556 3334 sunt
1587 3279 1639 3333 in
1664 3287 1805 3332 terra
1825 3287 1880 3332 et
1899 3278 1950 3332 in

361 3375 524 3440 mari,
554 3383 840 3444 postquam
871 3389 904 3429 a
938 3374 1092 3430 vobis
1117 3372 1364 3437 discessi,
1397 3378 1718 3428 evenerunt.
1751 3370 1952 3425 Precor

357 3471 546 3536 itaque
567 3474 624 3520 ut
646 3466 786 3520 sicut
805 3465 1011 3521 fecistis
1039 3467 1324 3529 hactenus,
1349 3466 1419 3517 ita
1447 3473 1502 3518 et
1527 3463 1780 3532 deinceps
1794 3477 1950 3532 pere-

362 3565 725 3630 grinationem
745 3571 982 3618 nostram
1001 3557 1207 3612 orando
1229 3553 1522 3622 adiuvetis:
1541 3554 1633 3607 sed
1651 3552 1819 3607 multo
1837 3567 1949 3606 nia-

359 3655 440 3725 gis
452 3670 645 3725 precor
657 3667 714 3710 ut
731 3649 960 3709 reditum
983 3657 1226 3704 nostrum
1245 3647 1380 3700 bene
1397 3644 1626 3698 vivendo
1640 3642 1943 3700 lmtilicetis.

848 3740 1182 3800 EPISTULA
1213 3738 1334 3793 XIX
1361 3737 1452 3791 ³³⁸.

908 3851 976 3891 AD
1012 3845 1380 3889 Gl‘lLLELIIUI.

432 3932 632 3992 διπαιὶ
660 3931 818 3986 militi
847 3927 1032 3984 suadet
1064 3925 1190 3980 dare
1212 3939 1399 3978 nomen
1427 3919 1628 3974 militia:
1653 3917 1872 3974 Christi.

433 4026 546 4082 Suo
576 4025 629 4080 in
650 4023 769 4078 Deo
800 4005 1141 4082 desiderato,
1173 4015 1370 4071 dilecto
1409 4023 1464 4068 et
1499 4012 1706 4067 utinam
1735 4012 1945 4070 deside-

358 4120 500 4176 ranti
521 4116 762 4173 dilectori
775 4113 1090 4170 GutLLsLuo
1103 4110 1274 4162 frater
1287 4107 1574 4161 Musteus
1587 4107 1763 4162 dictus
1776 4107 1942 4162 abbas

354 4209 532 4276 Becci,
561 4207 916 4279 periculosam
933 4213 987 4258 et
1016 4213 1378 4257 aerumnosam
1408 4207 1755 4252 contemnere
1779 4200 1936 4253 vani-

327 4314 538 4367 itatem,
574 4311 629 4357 et
652 4313 898 4356 securam
921 4306 1082 4364 atque
1117 4295 1330 4349 beatam
1362 4304 1607 4360 quaerere
1631 4290 1936 4345 veritatem.

2057 1831 2212 1892 pctus
2237 1822 2494 1876 torrentis
2524 1823 2810 1876 mundana:
2850 1823 3048 1888 ruinae,
3084 1823 3158 1877 mi
3187 1824 3520 1880 desiderate.
3546 1827 3656 1880 lni-

2057 1915 2236 1986 qnitas
2258 1915 2404 1968 enim
2432 1924 2516 1970 est
2547 1925 2772 1970 cruenta
2800 1914 3063 1970 bellorum
3083 1915 3350 1972 confusio.
3379 1917 3654 1990 lniquitas

2056 2017 2138 2062 est
2153 2007 2435 2060 mundana:
2465 2007 2724 2061 vanitatis
2756 2007 2996 2062 ambitio.
3019 2007 3279 2077 lniquitas
3302 2019 3384 2064 est
3416 2012 3652 2067 insatia-

2055 2095 2177 2151 bilis
2221 2096 2292 2128 “°
2323 2096 2583 2151 falsorum
2631 2097 2891 2152 bonorum
2930 2107 2985 2152 et
3033 2097 3290 2154 falsarum
3326 2099 3648 2158 divitiarum

2055 2186 2304 2241 aviditas.
2336 2188 2414 2241 Ad
2433 2187 2566 2250 haec,
2597 2187 2699 2242 heu
2723 2185 2830 2242 me!
2857 2187 3012 2242 video
3038 2187 3210 2252 illum,
3245 2205 3406 2260 quem
3430 2200 3652 2249 tantum

2055 2274 2330 2345 diligendo
2379 2276 2616 2329 retinere
2665 2275 2936 2339 desidero,
2981 2276 3121 2330 trahi
3158 2276 3225 2330 ab
3264 2278 3422 2335 hoste
3447 2280 3649 2336 callido

2055 2367 2358 2438 decipiente
2401 2382 2500 2422 cor
2536 2367 2672 2437 ejus.
2719 2367 2906 2422 Amice
2945 2367 3220 2422 hominum
3270 2378 3326 2424 et
3381 2370 3646 2428 liberator

2056 2459 2233 2522 Deus,
2272 2473 2340 2513 ne
2381 2459 2664 2527 pertraliat
2700 2471 2920 2512 servum
2973 2467 3122 2512 tuum
3172 2460 3447 2517 inimicus.
3492 2464 3643 2521 Dicis

2056 2552 2213 2618 mihi,
2245 2552 2421 2606 frater
2450 2551 2760 2606 desiderate
2801 2569 2814 2604 :
2857 2549 2972 2605 Non
3002 2551 3104 2605 ista
3134 2551 3321 2623 diligo,
3355 2556 3447 2608 sed
3473 2557 3522 2608 in
3551 2558 3638 2610 eis

2057 2647 2359 2704 involutum
2392 2646 2616 2701 fratrem
2655 2661 2862 2711 meum;
2899 2655 2954 2701 et
2995 2646 3197 2701 ideirco
3241 2648 3430 2702 festino
3471 2648 3520 2699 in
3547 2649 3628 2703 eis

2055 2739 2298 2795 convolvi
2321 2754 2443 2794 eum
2458 2754 2546 2803 eo,
2573 2747 2630 2791 ut
2651 2737 2899 2806 adjuvem
2921 2745 2977 2790 et
2998 2738 3300 2792 custodiam
3325 2754 3462 2792 cum.
3501 2737 3595 2790 Ἵπ-
3613 2779 3630 2801 ,

2053 2845 2395 2885 mrumnosus
2419 2829 2572 2884 dolor
2589 2829 2656 2884 de
2679 2844 2985 2884 aerumnoso
3007 2845 3195 2885 errore
3217 2829 3448 2885 filiorum
3472 2831 3634 2886 Ade!

2054 2921 2252 2988 Quare.
2287 2936 2320 2976 ο
2349 2922 2539 2985 homo,
2566 2936 2674 2976 non
2710 2921 2891 2990 potius
2940 2920 3078 2976 dicis
3109 2939 3122 2975 :
3154 2920 3268 2975 Non
3304 2923 3402 2976 ista
3435 2924 3642 2993 diligo,

2055 3014 2148 3070 sed
2178 3013 2454 3068 Christum
2485 3013 2654 3067 Deum
2697 3027 2911 3078 meum;
2944 3020 3000 3067 et
3049 3013 3247 3067 idcirco
3275 3013 3374 3066 ista
3416 3012 3646 3083 fugiens

2054 3107 2251 3161 festino
2286 3107 2353 3160 ad
2405 3121 2552 3172 eum,
2581 3115 2640 3160 ut
2667 3105 2890 3175 adjuver
2927 3114 2981 3158 et
3023 3102 3374 3159 custodiarab
3415 3117 3505 3156 eo.
3545 3102 3644 3158 An

2054 3206 2146 3265 tu,
2196 3199 2385 3253 audito
2429 3197 2646 3267 fragore
2703 3196 2912 3250 ruentis
2961 3194 3131 3250 mundi
3185 3207 3349 3262 super
3399 3191 3646 3248 fratrem

2054 3301 2238 3357 tuum,
2286 3300 2642 3347 contemnens
2695 3299 2985 3344 vocantem
3029 3287 3191 3360 3&8
3234 3286 3516 3342 Christum
3567 3289 3643 3321 ⁶⁹¹

2050 3384 2224 3438 curris
2259 3383 2359 3438 sub
2389 3383 2560 3452 ipsam
2608 3381 2856 3446 ruinam,
2908 3390 2966 3435 ut
3006 3379 3366 3434 homunculus
3405 3379 3642 3433 homun-

2050 3473 2252 3537 culum,
2301 3470 2632 3528 vermiculus
2698 3471 3052 3525 vermiculum
3093 3469 3194 3523 sub
3247 3478 3354 3521 tam
3402 3466 3636 3521 confuso

2049 3564 2284 3633 pondere
2312 3572 2366 3618 et
2397 3563 2696 3632 ponderosa
2734 3561 3053 3617 confusione
3091 3559 3308 3625 adjuvet
3349 3570 3402 3613 et
3445 3569 3636 3613 (usto-

2050 3657 2182 3711 diat.
2225 3655 2541 3724 Responde,
2572 3654 2763 3718 frater,
2795 3655 2916 3724 quis
2957 3652 3229 3721 adjuvabit
3276 3651 3345 3682 m
3376 3661 3431 3705 et
3455 3659 3629 3705 custo-

2047 3748 2156 3802 diet
2206 3757 2258 3802 te
2309 3747 2458 3802 illum
2497 3747 2844 3815 adjuvautem
2889 3755 2946 3801 et
2989 3744 3419 3800 custodientem?
3467 3743 3631 3807 Deus,

2044 3854 2205 3909 quem
2232 3839 2412 3895 minus
2428 3839 2623 3893 studes
2652 3838 2803 3908 sequi
2836 3853 2996 3907 quam
3027 3838 3201 3906 ipsum
3225 3833 3450 3890 fratrem
3479 3845 3630 3889 tuum

2045 3929 2136 3986 ⁸⁸³³.
2161 3930 2436 3986 Christum
2470 3940 2756 3986 vocantem
2791 3939 2848 3985 te
2883 3929 3192 3984 contemnis
3219 3929 3370 3998 sequi
3397 3929 3444 3981 in
3467 3942 3623 3996 pace,

2042 4032 2098 4078 et
2128 4024 2181 4078 in
2203 4023 2402 4092 patria,
2424 4033 2476 4077 et
2510 4024 2655 4078 inter
2684 4023 3014 4092 propinquos
3036 4032 3088 4076 et
3110 4022 3342 4085 amicos,
3372 4029 3430 4075 ut
3449 4020 3626 4074 luere:

2041 4118 2248 4190 quidem
2293 4116 2420 4182 Dei,
2451 4117 2692 4172 cohaeres
2736 4127 2909 4171 autem
2950 4116 3066 4186 ejus
3111 4116 3292 4188 (Rom.
3356 4132 3481 4180 vin,
3539 4115 3628 4185 Π)

2042 4208 2325 4280 possideas
2372 4223 2596 4278 regnum
2642 4210 2938 4274 cmlorum;
2984 4218 3038 4264 et
3081 4223 3182 4279 per
3229 4218 3308 4263 tot
3347 4217 3403 4262 et
3450 4219 3626 4261 tantas

2040 4300 2299 4354 itinerum
2329 4297 2571 4355 difﬁciles
2605 4300 2951 4370 asperitates,
2986 4314 3082 4369 per
3111 4299 3341 4353 marium
3375 4299 3625 4354 turbines

424 4394 618 4458 Tanta,
657 4392 729 4446 mi
761 4388 960 4446 dilecte
986 4393 1150 4455 atque
1181 4381 1506 4447 desiderate,
1540 4380 1829 4436 dilectione
1862 4381 1938 4436 tui

2052 4401 2095 4447 et
2123 4391 2447 4460 procellosas
2491 4399 2871 4460 tempestates,
2906 4393 2958 4445 in
3004 4391 3313 4446 bellicosam
3344 4389 3625 4446 confusio-

311 4474 589 4574 ;animam
622 4497 798 4539 meam
827 4477 1172 4549 omnipotens
1199 4474 1459 4529 Dominus
1481 4487 1574 4528 sua
1600 4475 1796 4544 gratia,
1823 4490 1930 4529 non

358 4577 495 4630 meis
537 4573 769 4638 meritis,
797 4570 1082 4641 occupavit
1121 4587 1135 4622 :
1171 4575 1230 4621 ut
1267 4566 1410 4621 inter
1438 4565 1763 4621 desiderium
1795 4567 1938 4622 salu-

355 4667 424 4722 tis
463 4675 568 4719 tua:
609 4674 663 4718 ct
705 4664 953 4717 timorem
993 4657 1220 4730 periculi
1278 4657 1356 4711 tui
1397 4667 1682 4727 angustata
1729 4658 1938 4715 diurnis

351 4774 419 4814 ac
447 4757 731 4814 nocturnis
772 4752 1232 4810 sollicitudinibus
1256 4765 1376 4806 eam
1417 4766 1515 4821 pro
1560 4760 1614 4807 te
1656 4751 1940 4808 stimulan-

2046 4497 2168 4536 nem
2191 4481 2367 4537 curris
2398 4482 2464 4536 ad
2491 4480 2710 4536 fratrem
2737 4489 2910 4547 tuum,
2933 4481 3194 4535 utvideas
3215 4495 3362 4545 eum,
3404 4490 3461 4533 ut
3493 4479 3632 4533 mul-

2049 4580 2160 4626 tum
2190 4571 2396 4636 dicam,
2457 4579 2727 4626 tenentem
2780 4586 3004 4642 regnum
3053 4568 3364 4626 Grzecorum
3414 4588 3427 4623 :
3474 4579 3534 4624 et
3573 4578 3629 4623 tu

2045 4671 2201 4733 putas
2237 4660 2308 4693 ⁴⁰¹⁵
2331 4661 2458 4730 quia
2503 4660 2658 4715 Deus.
2683 4659 2808 4730 plus
2839 4661 3057 4732 adjuvet
3081 4670 3137 4718 et.
3161 4661 3435 4717 custodiat
3477 4659 3630 4714 illum

2043 4763 2244 4827 perte,
2277 4767 2438 4823 quam
2481 4752 2599 4808 sine
2637 4761 2725 4820 te;
2767 4762 2860 4808 aut
2896 4755 3126 4826 teipsum
3170 4763 3393 4824 prepter
3443 4752 3632 4820 illum,

1636 4859 1870 4918 VARIAS
1910 4864 2312 4922 LECTIONES.

418 4984 490 5016 ³⁸⁷
531 4977 849 5036 Sanctitatis
888 4971 1258 5049 vestrte‘jussu
1287 4989 1423 5049 _ms._
1445 4973 1714 5049 sanctitati
1744 4986 1939 5049 vestra:
1979 4979 2164 5049 jussus

2240 4980 2309 5012 m
2343 4979 2548 5036 οοιιαια
2581 4999 2698 5036 cum
2745 4982 2922 5037 eodem
2955 4997 3055 5036 ms.
3154 4981 3223 5012 ⁸⁹⁹
3250 4979 3621 5049 lmportunius

354 5055 450 5127 tibi
493 5070 602 5127 ius.
642 5051 980 5127 importunus
1009 5045 1106 5127 tibi
1179 5042 1556 5127 ‘f’ﬂConfusio.
1588 5043 1846 5127 lii’iq‘uitas
1875 5058 1959 5103 est
1979 5042 2311 5127 insatiabilis
2363 5069 2462 5106 ms.
2508 5053 2774 5127 confusio.
2810 5042 3502 5127 iniquitasesthmmidapie
3531 5066 3623 5127 va-

343 5125 536 5179 nitatis
564 5114 807 5176 ambitio.
843 5117 1110 5190 iniquitas
1135 5124 1220 5190 est
1253 5115 1615 5190 insatiabilis_
1641 5114 1712 5146 "°‘
1744 5115 1980 5190 vocante
2007 5121 2221 5174 Christo
2248 5138 2343 5175 ius.
2375 5133 2656 5177 vocantem
2700 5114 2972 5178 Christum
3066 5122 3134 5152 m
3165 5122 3300 5187 Quia
3342 5121 3620 5190 adjuvabit

362 5212 463 5249 ms.
496 5194 618 5264 quis
647 5189 921 5261 adjuvabit

345 5264 419 5300 ⁸⁸⁸
450 5265 517 5320 Et
551 5274 610 5318 ut.
633 5272 790 5332 putas
817 5275 916 5313 ms.
940 5266 997 5313 et
1026 5265 1080 5311 tu
1101 5264 1261 5326 putas

1028 5185 1098 5218 ⁸⁰³
1152 5185 1558 5240 Custodientem
1582 5185 1766 5243 Deus..
1794 5188 2015 5244 fratrem
2051 5200 2199 5245 tuum

2250 5209 2263 5246 :
2303 5209 2401 5247 ms.
2447 5194 2877 5251 custodientem?
2907 5193 3113 5258 Deus,..
3157 5193 3380 5246 fratrem
3416 5189 3620 5246 tuum!

1517 5365 1801 5423 JOANNIS
1843 5367 2121 5426 PlCARDl
2164 5371 2395 5428 ΝΟΤᾸΕ.

337 5473 557 5534 praeter
580 5465 696 5534 hate
732 5458 923 5518 homil.
959 5459 1026 5513 47
1062 5459 1114 5513 in
1148 5457 1372 5512 Cantica
1400 5458 1766 5534 canticorum,
1789 5474 1928 5534 quas

337 5528 489 5603 Jipud
537 5533 943 5603 Eherbacenses
981 5541 1198 5603 exstare
1246 5538 1429 5603 monet
1469 5528 1926 5603 additiuncula__in

345 5597 612 5657 'l’rithem.
639 5605 692 5656 in
744 5602 935 5657 Isaiam
980 5601 1294 5669 prOplietam
1334 5599 1424 5654 lib.
1466 5614 1480 5652 ι
1507 5639 1520 5662 ,
1553 5597 1627 5651 De
1660 5613 1785 5669 casu
1814 5601 1928 5654 dia.

340 5671 453 5729 ιωιί
476 5714 490 5732 ,
525 5672 612 5726 lib.
648 5687 694 5735 ι,
731 5671 803 5725 De
833 5667 1009 5724 anima
1031 5710 1046 5735 ,
1084 5667 1182 5725 lib.
1216 5685 1263 5736 I,
1297 5669 1361 5723 ad
1386 5678 1662 5727 cautorem
1701 5667 1927 5739 Sagicn-

2036 5477 2148 5517 scin
2174 5504 2188 5527 ,
2219 5463 2311 5536 lih.
2347 5481 2380 5518 ι.
2416 5465 2714 5535 Disputatio
2747 5482 2868 5521 cum
2909 5465 3142 5536 quodam
3171 5463 3357 5536 Juda=o
3383 5472 3486 5536 ,__et
3517 5461 3611 5515 ad-

2033 5548 2222 5605 versus
2252 5533 2465 5589 Judacns
2498 5532 2716 5602 (Emissa,
2749 5536 2899 5605 cujus
2927 5532 3074 5590 solus
3105 5535 3364 5605 meminit
3399 5532 3613 5586 Trithe-

2034 5604 2193 5670 tnius,
2231 5620 2500 5675 quamque
2529 5619 2707 5663 servat
2741 5604 2840 5663 ins.
2874 5618 3072 5664 nostra:
3100 5604 3471 5662 Bibliotheca}.
