3898 6052
259 261 392 322 “69

1631 268 1757 326 Lm.
1801 273 1876 348 tt,
1906 273 2120 334 EPIST.
2169 276 2306 333 xxr.

3380 281 3516 338 “70

253 389 414 447 quam
443 380 664 445 propter
685 371 921 467 seipsurn
944 371 1104 467 ;_imo
1129 373 1298 432 multo
1338 377 1517 434 minus
1557 379 1660 437 hoc
1685 381 1825 438 face-
1856 401 1900 460 Α
1931 407 2131 460 meum,
2158 409 2262 447 non
2290 394 2578 446 frustretur
2609 389 2865 460 majorem
2899 393 2965 447 de
2995 402 3044 447 te
3077 407 3226 464 spem
3258 386 3314 450 et
3340 397 3515 467 majus

252 477 367 524 r-‘t:
396 467 650 521 irascitur
680 465 824 520 enim
867 465 913 520 si
941 465 1083 521 videt
1109 467 1181 499 ⁸⁸⁸
1208 467 1374 524 ullum
1404 472 1473 527 ab
1509 472 1618 528 ullo
1662 476 1834 530 amari

253 559 370 630 plus
396 573 558 629 quam
589 571 671 612 se.
698 556 806 612 Sed
846 555 1074 614 forsitan
1117 559 1253 615 dicis
1296 578 1310 614 :
1355 560 1410 616 Si
1445 563 1642 633 incipio
1681 566 1833 634 sequi

249 649 554 712 Clitistum,
611 649 776 704 timeo
831 663 898 703 ne
963 649 1335 705 imbecillitate
1389 667 1506 708 mea
1563 655 1830 710 deﬁciam.

250 741 448 795 lterum
477 750 534 794 et
569 741 766 795 iterum
799 741 1086 797 dolentlu-u
1121 752 1175 795 et
1208 741 1498 814 lugentium
1542 747 1607 801 de
1646 763 1835 805 errore

251 833 482 888 fi;iorum
514 834 816 888 hominum.
842 833 921 888 Ad
953 850 1016 890 ea
1047 851 1166 906 quae
1203 852 1416 908 semper
1455 837 1712 896 deﬁciunt
1741 841 1834 910 ‘°',

249 925 360 979 imo
387 925 455 978 ad
501 924 676 994 ipsum
727 922 998 979 defectum
1047 927 1317 988 currendo
1367 936 1480 983 toto
1525 928 1718 986 affectu
1764 933 1834 964 δον

252 1033 357 1070 non
389 1018 580 1071 timent
631 1015 932 1082 defectum;
966 1026 1021 1072 et
1069 1021 1136 1073 ad
1183 1019 1349 1074 Deum
1380 1036 1658 1090 nunquam
1704 1024 1834 1080 deﬁ-

249 1106 485 1160 cientem
516 1115 573 1161 et
623 1121 780 1161 suum
827 1105 1086 1161 auxilium
1119 1109 1532 1178 promittentem
1577 1127 1684 1166 non
1735 1129 1833 1168 au-

250 1196 384 1254 dent
439 1198 705 1267 proficere
761 1198 1000 1254 timendo
1061 1201 1353 1256 defectum.
1402 1203 1652 1260 Gaudent
1699 1205 1832 1261 deﬁ-

250 1304 378 1345 cere
415 1298 472 1344 ut
511 1288 790 1354 deficiant,
819 1299 874 1342 et
918 1291 1112 1345 timent
1158 1293 1424 1362 proﬁcere
1455 1311 1520 1350 ne
1558 1295 1832 1353 deficiant.

257 1379 452 1444 Crede,
493 1393 644 1450 rogo,
692 1379 918 1434 consilio
962 1381 1090 1446 Dei,
1139 1392 1196 1437 et
1249 1387 1528 1442 committe
1566 1398 1616 1444 te
1664 1398 1834 1444 totum

252 1471 457 1526 auxilio
501 1472 635 1534 Dei,
678 1480 735 1526 et
789 1487 894 1527 non
933 1474 1138 1530 senties
1184 1475 1454 1534 defectum
1506 1481 1558 1536 in
1615 1485 1836 1539 servitio

251 1561 370 1616 Dei.
423 1560 609 1626 laeta,
652 1570 830 1616 amate
865 1573 922 1618 et
960 1564 1294 1638 desiderate,
1327 1577 1384 1623 et
1420 1570 1592 1627 dulcis
1631 1573 1831 1642 amice,

251 1653 409 1708 Jacta
439 1654 723 1723 cogitatum
745 1663 891 1708 tuum
911 1655 964 1709 in
989 1655 1234 1725 Domino,
1261 1668 1316 1714 et
1343 1671 1526 1718 certus
1547 1672 1685 1730 esto,
1712 1680 1836 1736 pro-

1939 483 2267 538 desiderium
2320 497 2517 538 meum.
2573 482 2725 549 Quod
2777 483 2821 539 si
2877 484 3019 539 Deus
3075 485 3223 540 cordi
3261 495 3352 541 tuo
3391 498 3515 543 ante

1935 572 2165 626 reditum
2199 588 2376 628 memn
2427 573 2693 644 inspirare
2747 573 3094 646 dignaretur,
3157 574 3229 630 ita
3260 587 3343 632 est
3369 577 3516 634 Deus

1935 661 2089 719 Becci
2121 681 2242 719 cum
2290 664 2549 722 fratribus
2593 667 2794 722 nostris
2817 708 2832 733 ,
2863 683 2950 723 me
2980 671 3205 723 absente
3239 669 3379 724 sicut
3431 685 3517 725 me

1934 765 2222 822 praesente.
2267 755 2524 812 Dominus
2553 757 2750 828 dirigat
2788 772 2885 813 cor
2915 767 3063 812 tuum
3094 759 3386 814 secundum
3427 774 3517 814 vo-

1937 843 2200 899 luntatem
2261 858 2532 911 suam,'et
2559 847 2857 904 satisfaciat
2895 848 3156 906 voluntati
3205 866 3338 906 mete
3365 851 3434 906 de
3467 859 3530 905 te-

1937 938 2231 991 sccundmn
2261 938 2689 995 misericordiam
2716 955 2892 996 suam.
2916 943 3108 996 Amen.

2433 1030 2764 1088 EPISTOLA
2804 1031 2898 1088 XX
2929 1032 2970 1065 “
2982 1035 3018 1088 ⁸.

2515 1158 2607 1208 ,ΑΒ
2634 1158 2924 1200 nexmcun.

1940 1249 2016 1304 De
2069 1250 2388 1308 Folceraldo
2432 1254 2658 1310 Betcum
2703 1258 3101 1310 transmittendo
3150 1273 3168 1308 :
3214 1268 3268 1310 ut
3315 1259 3387 1311 ibi
3423 1257 3518 1312 sub

1914 1366 1916 1368 τ
2011 1323 2558 1398 Ausefuti“regimine
2599 1328 2751 1395 degat
2830 1328 2950 1383 velit
3014 1327 3286 1397 epistolam
3342 1328 3516 1398 sigillo

2008 1393 2212 1447 abbatis
2238 1394 2382 1446 illius
2412 1393 2692 1450 munitam}

2008 1481 2237 1536 Domino
2267 1491 2322 1538 et
2349 1482 2499 1537 Patri
2539 1485 2836 1540 reverendo
2865 1484 3047 1541 abbati
3082 1485 3322 1542 HENRICO
3352 1485 3520 1542 frater

1935 1573 2250 1636 ANSELIIUS,
2283 1572 2444 1643 hujus
2469 1575 2594 1629 vita:
2632 1575 2944 1631 diuturnam
2994 1577 3435 1647 prosperitatem,
3465 1584 3522 1632 et

1937 1662 2132 1718 futura:
2161 1671 2418 1719 teternam
2447 1662 2778 1720 felicitatem.

251 1745 501 1800 mittente
532 1745 733 1816 Spiritu
759 1756 972 1811 sancto,
1003 1749 1130 1817 quia
1171 1750 1282 1820 ipse
1319 1761 1370 1806 te
1409 1756 1633 1810 enutriet
1659 1753 1830 1826 (Psat.
1866 1756 1909 1816 Β
2008 1760 2175 1816 Lator
2203 1760 2546 1830 prmsentium
2585 1761 2768 1816 retulit
2802 1761 2932 1816 mihi
2988 1769 3222 1816 vestram
3272 1769 3518 1832 paratam

253 1851 365 1902 uv,
390 1835 504 1908 25).
534 1836 610 1891 Ne
634 1836 850 1893 differas
878 1847 1087 1894 tantum
1112 1839 1309 1897 bonum
1342 1851 1512 1910 tuum,
1544 1853 1600 1900 et
1629 1846 1836 1916 compte

251 1928 321 1982 de
350 1937 399 1982 te
430 1927 758 1984 desiderium
814 1943 993 1985 meum
1038 1946 1053 1984 :
1099 1941 1159 1992 u.t
1208 1934 1438 1990 habeam
1477 1945 1559 2005 te,
1600 1939 1836 1996 ineundo

252 2027 377 2089 post
405 2020 721 2087 Christum,
768 2022 976 2076 socium
1009 2039 1222 2092 meum;
1273 2036 1330 2082 et
1367 2043 1627 2085 conemur
1653 2031 1833 2097 simul,

251 2120 518 2180 quatenus
549 2123 720 2170 tu'me
757 2127 931 2180 tuum,
975 2129 1030 2171 et
1069 2131 1170 2189 ego
1201 2127 1250 2174 te
1278 2121 1479 2189 possim
1527 2123 1712 2178 videre
1740 2123 1833 2191 ⁸⁸⁸,

251 2203 306 2258 in
338 2205 652 2262 hmretlitate
689 2209 910 2272 Christi,
944 2210 1060 2281 ipso
1083 2211 1266 2278 dante,
1298 2223 1604 2268 consortem
1632 2230 1832 2270 meum.

251 2294 332 2350 Ne
371 2297 568 2366 pudeat
603 2308 652 2353 te
682 2315 934 2372 rumpere
973 2303 1187 2358 vincula
1227 2305 1519 2374 propositae
1549 2307 1828 2371 vanitatis;

253 2386 381 2456 quia
415 2403 518 2442 non
544 2389 802 2458 dedecus,
823 2394 917 2447 sed
955 2393 1134 2448 honor
1153 2403 1236 2449 est
1264 2396 1497 2450 transire
1528 2395 1582 2449 in
1616 2395 1834 2452 liberta-

256 2485 363 2530 tem
391 2479 653 2534 veritatis.
701 2481 908 2538 Pudeat
957 2495 1008 2539 te
1059 2485 1225 2540 Deum
1275 2487 1450 2542 minus
1500 2488 1837 2543 thesaurario

252 2567 565 2626 Delvacensi
621 2573 880 2644 diligere,
939 2579 1029 2647 qui
1095 2588 1197 2634 tua:
1248 2589 1339 2634 aut
1388 2580 1612 2636 minoris
1662 2582 1838 2638 relatis

252 2662 569 2722 adolescens
593 2665 664 2698 ⁸⁸⁸
685 2667 949 2723 delicatus
975 2677 1030 2723 et
1056 2669 1476 2740 pulcherrimus,
1510 2671 1663 2726 valde
1687 2672 1837 2729 dives

251 2764 304 2808 et
363 2755 767 2822 nobilissimus,
820 2765 886 2827 et,
918 2759 1310 2816 immoderatus
1364 2769 1578 2816 amator
1621 2763 1832 2830 saeculi;

251 2842 382 2897 olim
407 2859 529 2899 cum
558 2846 828 2914 similiter,
859 2857 918 2902 ut
948 2851 1106 2905 modo
1140 2866 1282 2916 sum,
1324 2851 1375 2905 in
1420 2851 1609 2923 Anglia
1637 2867 1835 2922 essem,

250 2935 438 2992 nescio
463 2952 570 3007 qua
593 2953 754 2994 causa
778 2941 1000 2996 veniens
1022 2941 1276 3012 Beccutn,
1307 2946 1488 3000 statim
1522 2963 1836 3004 recessurus

249 3029 428 3085 subita
468 3031 641 3086 sancti
673 3031 909 3102 Spiritus
935 3036 1108 3104 gratia
1136 3045 1398 3104 mutatus,
1429 3055 1485 3094 se
1510 3041 1832 3095 monachum

250 3121 322 3176 ibi
351 3137 788 3192 permansurum,
835 3134 1054 3182 tonsura
1101 3131 1284 3184 statim
1316 3139 1371 3184 et
1413 3130 1598 3186 habitu
1648 3141 1834 3188 nostro
1863 3111 1907 3171 (ἶ

249 3224 486 3284 sumpto,
514 3218 821 3286 spopondit,
848 3233 908 3273 se
940 3235 1084 3276 nunc
1111 3219 1374 3276 laetiorem
1399 3237 1564 3292 quam
1594 3239 1834 3293 unquam

251 3305 306 3360 in
339 3307 446 3360 vita
479 3322 574 3362 sua
601 3307 794 3364 fuisset
823 3309 1117 3368 affirmans.
1160 3311 1238 3368 Ne
1267 3317 1561 3370 erubescas
1589 3316 1835 3386 profiteri

252 3404 306 3450 te
331 3410 621 3466 pauperem
649 3398 872 3466 Christi,
917 3403 1045 3472 quia
1075 3411 1224 3458 tuum
1263 3405 1370 3460 erit
1411 3421 1634 3478 regnum
1671 3407 1837 3464 cmlo-

251 3504 392 3542 rum.
426 3487 502 3544 Ne
545 3491 736 3545 timeas
760 3491 944 3548 facere
968 3503 1018 3548 te
1046 3495 1270 3548 militem
1313 3498 1448 3551 tanti
1490 3499 1630 3567 regis
1658 3539 1673 3564 ,
1707 3499 1836 3569 quia

250 3593 347 3632 rex
378 3584 482 3633 erit
503 3579 618 3649 ipse
641 3579 695 3632 in
719 3584 867 3638 omni
901 3585 1142 3652 periculo
1174 3586 1246 3618 δίο
1277 3595 1475 3641 tecum.
1532 3587 1609 3642 Ne
1657 3592 1837 3644 tardes

254 3671 487 3740 amplius
525 3674 577 3727 in
609 3675 713 3730 hac
739 3676 848 3730 vita
897 3677 1209 3744 meliorem,
1260 3694 1423 3748 quam
1469 3681 1832 3746 constituisti,

251 3759 398 3814 viam
425 3761 662 3832 incipere
686 3781 700 3828 ;
730 3779 799 3818 ne
824 3763 966 3819 forte
987 3764 1038 3820 in
1063 3767 1167 3821 alia
1188 3767 1296 3821 vita
1327 3769 1556 3822 moreris
1579 3783 1835 3823 coronam

252 3851 470 3909 beatam
499 3856 802 3925 percipere.
835 3856 1048 3924 Moneo,
1075 3858 1316 3922 consulo,
1346 3873 1564 3928 precor,
1587 3859 1835 3924 obsecro,

251 3944 510 4014 prmcipio
548 3954 608 4000 ut
636 3946 1008 4013 dilectissimo,
1053 3958 1122 4002 ut~
1161 3947 1405 4002 dimittas
1453 3945 1599 4000 illam
1638 3946 1837 4002 Hieru-

251 4036 447 4101 salem,
480 4053 601 4108 qua:
627 4056 769 4095 nunc
797 4055 903 4095 non
931 4049 1016 4094 est
1041 4039 1372 4106 visiorpacis,
1401 4039 1495 4094 sed
1533 4038 1836 4093 tribulatio-

248 4129 359 4192 nis,
398 4129 682 4186 thesauros
725 4130 1360 4200 Constantinopolitanos
1412 4141 1464 4184 et
1514 4129 1839 4199 Babylonios

248 4219 554 4275 cruentatis
603 4221 854 4277 manibus
886 4221 1256 4290 diripiendos:
1291 4230 1345 4276 et
1376 4221 1553 4290 incipe
1597 4221 1736 4276 viam
1769 4222 1836 4276 ad

248 4312 526 4368 caelestem
559 4311 919 4376 Hierusalem,
953 4327 1072 4383 qua:
1097 4323 1170 4368 est
1213 4313 1342 4366 visio
1373 4315 1540 4383 pacis,
1573 4313 1663 4369 ubi
1691 4314 1836 4370 inve-
1912 4365 1916 4368 .

251 4401 374 4456 nics
403 4401 707 4466 thesauros,
739 4402 956 4457 nonnisi
989 4403 1123 4457 istos
1155 4403 1632 4458 contemnentibus
1662 4405 1837 4460 susci-

247 4489 499 4559 piendos.
551 4490 753 4546 Invitus
797 4490 925 4545 finio
973 4491 1188 4560 longam
1242 4491 1562 4561 epistolam,
1598 4493 1722 4561 quia
1768 4509 1836 4549 ex

249 4579 585 4636 abundantia
617 4581 800 4636 cordis
828 4582 1052 4636 multum
1079 4581 1173 4636 tibi
1202 4581 1346 4653 loqui
1375 4582 1522 4653 cupit
1547 4598 1610 4638 os
1634 4599 1834 4640 meum.

249 4673 609 4745 Omnipotens
635 4674 796 4740 Deus,
818 4675 910 4744 qui
936 4676 1002 4728 tle
1033 4674 1122 4730 illo
1144 4690 1306 4745 quem
1335 4691 1498 4745 supra
1515 4675 1646 4740 dixi,
1673 4691 1834 4745 quam

248 4761 413 4817 sitnili
445 4764 540 4819 sed
592 4765 783 4834 impari
816 4765 1108 4830 desiderio,
1138 4766 1267 4835 quia
1311 4767 1506 4821 minori
1545 4782 1640 4837 spe
1675 4781 1836 4837 quam

249 4863 306 4911 to
331 4855 704 4913 desiderabam
719 4859 981 4929 gaudere,
1010 4857 1139 4914 facit
1160 4859 1443 4930 plusquam
1468 4861 1720 4931 sperabat
1742 4877 1837 4917 cor

1936 1865 2057 1907 esse
2087 1851 2436 1906 sanctitatem
2477 1851 2542 1905 tle
2570 1853 2767 1907 domno
2803 1852 3118 1908 Folceraldo
3147 1853 3217 1885 δί’
3257 1853 3370 1909 ﬁlio
3397 1869 3516 1919 suo,

1937 1955 2181 1999 nostram
2224 1942 2402 1998 facere
2450 1942 2802 1998 voluntatem.
2854 1943 2950 1998 Cui
2995 1944 3215 2008 nuntio,
3261 1944 3516 2013 quoniam

1936 2054 2038 2092 nec
2067 2037 2280 2093 litteras
2302 2037 2371 2068 ‘"
2395 2045 2628 2102 vestras,
2657 2052 2758 2092 nec
2778 2036 3012 2107 sigillum
3041 2047 3281 2091 vestrum
3310 2046 3516 2092 certum

1936 2127 2672 2183 litterarum-testimonium
2724 2127 2915 2193 video,
2967 2143 3074 2182 non
3122 2128 3345 2182 omnino
3395 2143 3514 2182 sum

1938 2220 2192 2276 credulus
2224 2236 2239 2274 :
2278 2236 2379 2276 nec
2409 2237 2532 2276 cum
2562 2220 2881 2276 reminiscor
2919 2221 3046 2292 quia
3098 2220 3308 2274 amicus
3343 2220 3519 2276 amico

1939 2319 2050 2366 tres
2080 2325 2248 2381 panes
2268 2319 2504 2381 petente,
2533 2311 2634 2367 etsi
2692 2325 2796 2366 non
2824 2319 3026 2381 surgat,
3059 2325 3134 2364 eo
3147 2310 3290 2380 quod
3317 2312 3516 2363 amicus

1938 2403 2028 2467 sit,
2054 2412 2266 2472 propter
2307 2401 2775 2470 importunitatem
2815 2410 2996 2454 tamen
3015 2401 3210 2468 surgit,
3237 2409 3287 2453 et
3314 2399 3426 2452 dat-
3441 2399 3519 2452 illi

1937 2501 2187 2563 quotquot
2227 2492 2380 2546 habet
2411 2492 2729 2547 necessarios
2754 2489 2906 2562 (Luc.
2935 2506 3011 2555 XI,
3040 2490 3096 2560 8)
3126 2490 3218 2558 m,
3254 2504 3361 2545 non
3399 2503 3518 2544 sum

1940 2584 2160 2654 penitus
2183 2583 2516 2639 incredulus.
2532 2583 2589 2639 Si
2613 2583 2756 2638 enim
2777 2581 3100 2638 sonmolenti
3120 2581 3279 2636 amici
3302 2580 3516 2651 pigritia

1937 2677 2196 2743 vincitur,
2238 2677 2429 2732 media.
2463 2677 2640 2732 noctis
2671 2685 2942 2746 tempore,
2977 2675 3386 2746 importunitate
3412 2671 3518 2736 m;

1939 2777 2145 2841 quanto
2175 2769 2348 2840 magis
2376 2777 2456 2824 tot
2478 2769 2774 2824 amicorum
2800 2767 3182 2838 importunitas
3210 2763 3522 2835 impetrabit

1942 2877 1973 2917 a
2010 2871 2190 2918 vestra
2237 2861 2525 2916 charitate.
2579 2860 2636 2916 Si
2669 2874 2798 2932 ergo
2844 2859 2988 2915 Deus
3027 2860 3205 2930 posuit
3252 2858 3306 2912 in
3353 2856 3517 2912 corde

1939 2965 2143 3020 vestro,
2163 2963 2222 3007 ut
2251 2953 2532 3024 praefatum
2559 2951 2724 3006 filium
2759 2962 3021 3017 vestrum,
3051 2950 3302 3007 Ecclesiae
3325 2957 3523 3007 nostra:

1942 3043 2044 3098 sub
2071 3043 2328 3097 abbatum
2351 3042 2468 3112 ejus
2499 3041 2761 3112 regimine
2791 3041 3010 3110 penitus
3039 3040 3372 3103 concedatis,
3409 3053 3518 3095 non

1937 3132 2080 3187 enim
2099 3140 2222 3201 peto
2236 3131 2329 3197 ⁸η,
2357 3146 2458 3186 nec
2471 3131 2687 3200 expedit
2703 3138 2761 3185 ut
2790 3130 3064 3185 rediturus
3081 3129 3283 3191 veniat,
3302 3139 3525 3212 propter

1942 3221 2113 3293 longa!
2155 3222 2258 3276 vim
2304 3220 2663 3294 periculosam
2712 3218 3082 3275 difficultatem
3130 3235 3145 3273 :
3196 3234 3411 3290 preeor-
3429 3235 3526 3289 per

1939 3313 2191 3367 eamdem
2233 3311 2720 3381 importunitatem,
2767 3320 3038 3381 quatenus
3072 3309 3302 3379 epistola
3343 3318 3526 3365 vestro

1939 3405 2117 3475 sigillo
2144 3405 2356 3475 signata
2387 3402 2798 3458 indubitabilem
2831 3402 2962 3458 mihi
3000 3411 3238 3458 vestram
3279 3402 3528 3458 ostendat

1938 3498 2295 3552 voluntatem.
2344 3494 2638 3565 Postquam
2685 3509 2815 3550 vero
2849 3497 2983 3550 certi
3032 3494 3272 3560 erimus,
3325 3502 3527 3550 nostra

1939 3589 2322 3645 sollicitudinis
2349 3588 2455 3643 erit
2482 3586 2715 3657 qualiter
2741 3586 2891 3641 illum
2924 3585 3250 3641 habeamus.

2437 3697 2772 3752 EPISTOLA
2803 3695 2922 3750 XXI
2951 3696 3041 3748 “7.

2472 3819 2539 3857 AD
2572 3817 2975 3857 FOLCEBALDUII.

1944 3897 2097 3964 Quod
2129 3899 2176 3951 ei
2210 3915 2311 3951 non
2340 3898 2542 3964 expedit
2576 3896 2748 3950 venire
2786 3893 3010 3948 Beccum
3052 3905 3108 3948 ut
3155 3895 3330 3949 redeat
3376 3911 3394 3948 :
3434 3912 3525 3949 nec

2012 3968 2194 4048 debeat
2249 3969 2440 4037 suscipi
2479 3967 2590 4021 sine
2637 3965 2826 4019 litteris
2867 3966 3068 4019 abbatis
3111 3966 3195 4019 sui
3239 3964 3414 4034 sigiilo
3449 3968 3524 4019 si-

2011 4050 2204 4107 gnatis.

2015 4127 2126 4183 Suo
2158 4128 2482 4183 charissima
2531 4129 2585 4181 in
2633 4127 2852 4183 Christo
2901 4125 2971 4158 διδ
3022 4125 3214 4191 fratri,
3270 4142 3322 4180 tn
3360 4140 3526 4181 carne

1942 4221 2349 4287 consanguineo
2373 4218 2726 4274 Foccenswo
2758 4218 2927 4274 frater
2953 4218 3239 4274 ANSELIIUS
3273 4218 3523 4274 salutem.

2014 4311 2071 4366 Si
2103 4311 2333 4366 domnus
2376 4311 2543 4366 abbas
2594 4309 2858 4366 Henricus
2911 4320 2965 4366 te
3017 4320 3216 4367 nostrae
3274 4310 3528 4366 Ecclesiae

1943 4405 2206 4474 perpetim
2254 4404 2555 4459 concedere
2606 4413 2827 4473 paratus
2875 4412 2993 4470 est,
3037 4404 3197 4458 aliter
3225 4403 3368 4458 enim
3418 4417 3524 4457 non

1946 4497 2172 4552 consulo
2213 4505 2264 4552 te
2291 4496 2502 4561 venire,
2529 4499 2654 4565 quia
2693 4511 2796 4550 non
2825 4498 3074 4566 expedit;
3114 4512 3213 4552 nec
3244 4496 3400 4551 facile
3443 4503 3526 4552 est

1947 4588 2278 4642 monachum
2304 4587 2383 4642 ire
2409 4597 2464 4642 et
2497 4587 2674 4642 redire
2704 4596 2813 4639 tam
2839 4586 2998 4658 longo
3024 4587 3217 4641 itinere
3245 4603 3260 4640 :
3293 4584 3524 4640 debuisti

1943 4679 2160 4733 instare
2191 4687 2250 4734 ut
2279 4679 2382 4733 hoc
2411 4678 2542 4734 mihi
2570 4679 2684 4733 suis
2714 4677 2912 4734 litteris
2935 4687 2991 4732 et
3017 4677 3192 4748 sigillo
3224 4677 3524 4743 intimaret,

1945 4771 2086 4827 sicut
2119 4771 2400 4836 mandavi,
2428 4785 2495 4825 ne
2519 4784 2810 4842 pauperem
2835 4770 3110 4825 hominem
3136 4767 3342 4824 frustra
3365 4782 3524 4839 coge-

1947 4878 2041 4920 res
2083 4872 2236 4919 tanto
2266 4864 2462 4918 itinere
2496 4863 2765 4918 laborare.
2808 4861 2924 4918 Non
2958 4863 3103 4917 enim
3125 4862 3297 4916 .decet
3338 4868 3398 4913 ut
3424 4874 3522 4928 pro

1537 5018 1762 5074 νΑιιιιΕ
1804 5018 2202 5076 LECTIONES.

321 5157 406 5229 “'7
425 5156 674 5228 Seipsnm
703 5175 715 5212 :
744 5159 854 5214 imo
881 5158 1057 5229 minus
1080 5159 1184 5213 hoc
1208 5158 1426 5212 faceret.
1455 5157 1714 5214 Irascitur
1738 5159 1882 5214 enim
1921 5160 1964 5214 si
2001 5161 2116 5214 vult
2145 5177 2243 5214 ms.
2270 5159 2526 5229 seipsum.
2554 5159 2730 5229 Immo
2751 5155 2919 5212 multo
2945 5156 3124 5211 minus
3149 5157 3259 5229 hoc
3279 5155 3520 5229 faceret;

250 5226 673 5300 irascitur'enim
702 5231 747 5283 si
773 5229 918 5283 videt
992 5228 1062 5300 ξοδ
1093 5229 1222 5295 Quae
1245 5229 1501 5285 deficiunt
1534 5246 1630 5284 ms.
1661 5246 1780 5300 quae
1818 5246 2032 5299 semper
2062 5231 2323 5286 deﬁciunt
2353 5226 2366 5229 “
2396 5230 2464 5262 ⁴⁰⁷
2492 5230 2628 5284 Toto
2657 5227 2846 5300 effectu
2885 5243 2983 5280 ms.
3032 5235 3147 5300 toto
3183 5226 3398 5300 affectu
3454 5226 3524 5300 δέ’·

249 5298 476 5354 Ilossem
515 5299 701 5368 videre
728 5317 833 5368 ms.
868 5298 1085 5368 possim,
1113 5299 1297 5354 videre
1371 5300 1442 5330 ⁵⁰⁹
1493 5295 1719 5356 Minoris
1749 5295 2065 5356 adolescens
2090 5319 2190 5356 ms.
2223 5300 2447 5354 minoris
2472 5301 2648 5354 aetatis
2693 5297 3008 5368 adolescens
3081 5296 3152 5368 “7°
3201 5297 3256 5351 In
3286 5295 3522 5368 periculo

251 5386 353 5424 ms.
385 5369 435 5436 in
460 5367 608 5421 omni
635 5367 879 5436 periculo
947 5369 1013 5400 "“
1049 5367 1255 5424 Collata
1287 5385 1403 5423 cum
1436 5372 1613 5424 eodem
1645 5388 1742 5426 ms.

1821 5370 1890 5402 “’
1924 5371 2151 5428 Domino
2183 5369 2495 5427 Folceraldo
2540 5387 2638 5424 ms.
2668 5367 3209 5428 DomnoFulceraldo

3312 5366 3352 5397 “
3387 5365 3519 5421 Cum

250 5454 356 5511 nec
384 5435 596 5511 litteras
619 5454 717 5492 ms.
748 5439 1127 5511 quoniamuec
1150 5439 1360 5494 litteras
1435 5440 1506 5471 δίδ
1537 5441 1808 5511 Quotquot
1837 5443 2175 5498 necessarios
2214 5458 2313 5496 ms.
2340 5450 2605 5510 quotquot
2629 5437 2792 5492 habet
2837 5439 3166 5492 necessarios
3238 5435 3521 5511 "‘l‘loctis

250 5507 727 5582 importunitatem
749 5507 846 5563 ms.
874 5509 1051 5582 noctis
1083 5519 1324 5582 tempore
1353 5507 1759 5582 importunitate
1834 5511 1903 5544 ⁸¹⁶
1939 5513 2069 5567 Peto
2097 5507 2464 5567 difficultatem
2491 5507 2603 5566 'ms.
2631 5518 2904 5582 pctohncc
2931 5511 3223 5582 expediunt
3247 5507 3518 5564 rediturus

247 5581 434 5652 veniat
460 5577 885 5652 propterlongae
916 5581 1014 5636 via:
1043 5577 1399 5652 periculosam
1428 5577 1814 5639 'tlitlicultatcm
1891 5583 1960 5616 "7
1983 5582 2188 5638 Cottam
2218 5599 2332 5638 cum
2356 5582 2535 5638 eodem
2560 5577 2652 5635 ms.
2731 5578 2800 5610 δ¹⁸
2829 5577 2937 5634 Suo
2969 5577 3021 5635 io
3045 5579 3258 5636 Christo
3293 5595 3388 5633 ms.
3420 5594 3517 5635 suo

252 5650 352 5705 cha
363 5645 582 5703 rissimo
606 5649 658 5702 in
684 5645 901 5704 Christo
