3898 6052
430 228 563 283 H7!

968 226 1026 282 S.
1069 223 1369 280 ANSELMI
1413 220 1762 279 CANTUAR.
1812 216 2130 274 ARClllEP.
2171 218 2322 273 OPP.
2359 217 2539 273 ΡΑηὸ
2578 217 2663 273 lll.
2705 248 2773 258 —-
2820 216 3199 274 EPISTOLA-I.

3563 218 3720 273 “79

424 341 540 397 solo
586 338 755 395 verbo
795 339 918 394 talis
970 337 1280 393 homunculi
1316 345 1522 391 tantam
1554 349 1669 389 rem
1722 331 2003 402 incipiam.
2036 333 2083 389 Λ
2114 326 2180 381 Et
2207 328 2287 382 sic
2328 328 2527 398 singuli
2570 336 2731 382 erunt
2761 328 2988 397 perfecti
3037 341 3213 397 reges,
3245 328 3371 398 quia
3410 328 3553 397 quod
3582 331 3715 384 sin-

426 432 617 488 Moneo
647 429 813 502 igitur
837 438 1105 500 quatenus
1130 438 1225 483 aut
1251 428 1460 484 litteras
1480 442 1603 483 cum
1628 425 1805 497 sigillo
1826 423 2007 479 domui

426 519 636 591 praefati
676 521 912 586 abbatis,
946 519 1087 575 sicut
1107 519 1240 584 dixi,
1266 520 1481 583 mittas;
1504 526 1597 572 aut
1623 516 1844 572 omnino
1866 514 2010 585 quod

428 614 549 670 ﬁeri
581 612 893 668 nullatenus
930 620 1130 683 potest,
1164 612 1444 675 dimittas;
1498 619 1552 664 et
1599 608 2011 679 dispositionem

429 708 552 763 vita:
586 716 690 762 tute
721 714 891 762 totam
925 705 1122 760 divinae
1146 702 1538 760 misericordiae
1573 702 1903 759 committas.

891 814 1227 873 EPISTOLA
1255 814 1401 870 XXII
1428 814 1517 869 “9.

1031 923 1099 961 Δι)
1127 919 1403 963 HUGONEI.

428 1003 676 1078 Suggerit
697 1005 745 1058 ei
766 1004 962 1058 monita
985 1001 1173 1124 quibuds
1201 999 1404 1053 erudiat
1432 997 1710 1053 swculares
1732 996 1823 1065 qui
1846 996 2011 1063 ipsum

1099 1089 1129 1124 a
1172 1079 1313 1124 eum.

1099 1079 1313 1125 adeunt.

502 1166 732 1220 Domino
758 1175 813 1221 et
863 1165 1038 1219 amico
1065 1162 1392 1218 charissima
1425 1161 1635 1217 HUGONI
1669 1159 1878 1214 incluso
1905 1156 2014 1210 fra-

430 1265 516 1312 ter
542 1256 828 1312 ANSELIIUS
854 1256 1033 1310 dictus
1077 1255 1252 1310 abbas
1282 1253 1462 1319 Becci,
1512 1268 1540 1306 a
1594 1251 1750 1305 malis
1778 1246 2010 1311 excludi,

428 1350 484 1405 in
509 1350 666 1404 bouis
698 1348 922 1403 includi.

502 1442 620 1496 Duo
652 1441 751 1495 viri
784 1439 905 1495 laici
933 1454 1106 1511 nuper
1132 1439 1199 1494 ad
1228 1453 1314 1494 me
1364 1445 1635 1493 venerunt
1671 1435 1916 1488 dicentes
1952 1445 2013 1485 se

428 1544 461 1587 a
497 1540 682 1587 vestra
706 1531 995 1587 dilectione
1023 1531 1241 1596 missos,
1266 1540 1537 1601 quatenus
1566 1542 1634 1582 ex
1677 1534 1859 1581 nostra
1918 1538 2015 1579 ex-

430 1624 643 1679 actione
660 1623 861 1693 aliquid
882 1633 1242 1689 assumereut,
1255 1624 1396 1676 unde
1413 1621 1548 1676 sead
1568 1620 1757 1690 patria:
1775 1616 2013 1673 caelestis

427 1715 593 1787 359
621 1730 863 1769 amorem
900 1716 1259 1769 accenderent
1302 1714 1395 1766 διο.
1420 1713 1523 1767 Ρει·
1555 1728 1694 1783 quos
1736 1712 1925 1776 etiam,
1953 1719 2014 1765 ut

427 1805 759 1870 referebant,
812 1804 1129 1874 postulastis
1182 1813 1240 1858 ut
1295 1803 1498 1873 aliquid
1560 1820 1588 1857 a
1644 1817 1731 1857 me
1778 1801 2015 1856 breviter

428 1896 689 1966 scriptum
736 1896 1081 1966 acciperetis,
1126 1896 1271 1951 unde
1303 1895 1644 1950 saecularium
1678 1900 1887 1949 mentes
1917 1894 2016 1947 ho-

426 1989 633 2044 miuum
665 2004 763 2045 vos
786 1989 1100 2044 adeuntium
1126 1989 1195 2043 ad
1237 1988 1398 2058 hujus
1425 1988 1605 2044 saeculi
1642 1996 2012 2057 contemptum

426 2089 482 2136 et
534 2081 722 2136 aeterni
771 2080 922 2151 regni
969 2079 1303 2135 desiderium
1347 2079 1673 2135 iucitaretis.
1723 2078 1877 2146 Quod
1915 2093 2015 2133 vos

426 2181 580 2228 tanto
603 2172 795 2227 melius
820 2188 916 2243 per
935 2187 1030 2227 vos
1055 2170 1269 2227 edicere
1289 2172 1537 2239 potestis,
1559 2180 1765 2241 quanto
1794 2169 2014 2224 liberius

426 2264 659 2320 hauritis
703 2265 829 2320 vita:
861 2264 1205 2320 dulcedinem
1253 2263 1512 2319 cmlestis.
1563 2262 1698 2317 Nam
1742 2263 1884 2333 quod
1913 2276 2014 2332 ego

424 2357 581 2425 quasi
611 2372 641 2410 a
691 2356 851 2426 longe
897 2357 1129 2421 intueor,
1171 2371 1269 2411 vos
1298 2365 1457 2424 gustu
1504 2356 1756 2419 sentitis;
1784 2365 1839 2410 et
1869 2355 2013 2425 quod

424 2460 527 2515 ego
577 2456 757 2501 mente
797 2446 983 2517 jejuna
1032 2461 1129 2501 ore
1173 2447 1412 2511 rumino,
1460 2461 1558 2501 vos
1587 2446 1769 2501 cordis
1819 2443 2013 2500 allectu

424 2536 629 2606 glutitis
652 2553 665 2590 :
692 2537 835 2606 quod
860 2536 1011 2591 enim
1047 2551 1148 2606 ego
1175 2537 1243 2592 de
1282 2544 1490 2593 sanctae
1518 2538 1641 2592 vitae
1686 2537 2015 2593 rectitudine

424 2637 703 2696 utcunque
744 2628 1009 2699 intelligo,
1040 2643 1138 2683 vos
1167 2628 1428 2698 Operibus
1464 2630 1744 2695 tractatis;
1785 2640 1840 2685 et
1868 2627 2011 2700 quod

424 2734 528 2789 ego
559 2730 833 2789 utcunque
875 2720 1022 2790 loqui
1067 2735 1310 2791 possum,
1341 2736 1438 2777 vos
1469 2722 1720 2780 faciendo
1756 2725 2007 2793 gustatis.

425 2808 642 2877 Quanto
670 2825 799 2881 ergo
844 2820 998 2867 satur
1029 2814 1250 2869 suavius
1300 2830 1460 2883 quam
1502 2813 1721 2883 jejunus
1768 2825 2010 2883 emetat;

426 2914 580 2961 tanto
628 2906 835 2962 dulcius
876 2917 1055 2963 vestra
1102 2910 1454 2964 commonitio
1500 2911 1645 2978 quod
1685 2911 2014 2979 persuadere

424 2997 639 3064 nititur,
664 2998 919 3053 inculcat.
948 2998 1054 3054 Sed
1080 3001 1338 3070 quoniam
1359 3008 1555 3056 vestra:
1583 3002 1786 3071 aliquid
1814 3016 2013 3072 negare

425 3104 637 3162 nequeo
669 3090 952 3156 voluntati,
985 3095 1234 3163 quamvis
1285 3095 1387 3150 hoc
1431 3095 1574 3165 quod
1611 3110 1641 3148 a
1687 3108 1772 3149 me
1808 3096 2011 3165 petitis,

426 3184 481 3237 iu
510 3183 795 3239 latitudine
840 3198 1011 3240 sacras
1062 3185 1358 3256 Scriptum
1406 3186 1572 3241 multo
1617 3186 1810 3241 melius
1860 3186 2014 3241 inve-

428 3276 633 3331 niatis:
680 3284 858 3332 tamen
903 3277 1077 3333 dicam
1125 3278 1326 3348 aliquid
1361 3279 1658 3334 secundum
1696 3277 2012 3347 petitionem

426 3376 685 3435 vestram,
737 3383 805 3424 ue
835 3384 923 3425 me
956 3370 1102 3425 velut
1130 3369 1247 3440 ejus
1283 3380 1714 3441 contemptorem
1748 3372 2010 3439 arguatis.

429 3458 537 3513 Sic
553 3458 735 3528 itaque
777 3460 1013 3529 aliquem
1042 3461 1151 3515 illic
1189 3471 1424 3525 tantum,
1455 3470 1511 3515 et
1560 3462 1653 3529 qui
1685 3461 1878 3515 altiora
1923 3476 2016 3516 ca-

430 3564 560 3617 pere
588 3565 690 3603 non
720 3551 911 3619 possit,
942 3549 1009 3603 ad
1052 3550 1409 3604 beatitudinis
1437 3562 1657 3605 atoma:
1685 3551 2014 3605 desiderium

434 3638 684 3693 existimo
715 3653 872 3709 posse
914 3639 1151 3693 invitari.
1187 3639 1378 3694 Frater
1411 3640 1752 3706 charissime,
1787 3657 2013 3712 regnum

434 3731 694 3787 caelorum
733 3730 936 3785 clamat
970 3730 1113 3786 Deus
1158 3746 1217 3786 se
1251 3733 1449 3789 habere
1479 3734 1684 3789 venale.
1710 3734 1864 3801 Quod
1894 3735 2018 3805 qui-

433 3824 555 3879 dem
588 3838 811 3895 regnum
835 3823 1095 3878 coclorum
1125 3822 1231 3878 tale
1258 3831 1360 3889 est,
1390 3833 1449 3877 ut
1480 3823 1595 3893 ejus
1624 3825 2015 3882 beatitudinem

431 3924 487 3971 et
524 3915 751 3986 gloriam
787 3932 889 3971 nec
928 3916 1117 3970 oculus
1153 3916 1389 3972 hominis
1428 3917 1675 3973 mortalis
1722 3919 1891 3987 possit
1930 3919 2016 3973 vi-

433 4005 582 4069 dere,
633 4020 732 4061 nec
783 4005 931 4061 auris
978 4007 1186 4073 audire,
1239 4022 1341 4061 nec
1390 4023 1485 4061 cor
1534 4010 1775 4079 cogitare
1806 4008 1857 4080 (Ι
1889 4009 2013 4065 Cor.

434 4116 496 4167 ιι,
529 4100 583 4171 9)
611 4117 625 4154 :
662 4111 719 4155 ut
751 4110 930 4157 tamen
964 4102 1146 4172 aliquo
1177 4103 1341 4158 modo
1365 4104 1495 4159 illud
1545 4108 1721 4176 possis
1750 4109 2013 4178 cogitare.

435 4192 691 4262 Quisquis
739 4193 811 4247 ibi
862 4207 1025 4264 regna
1052 4196 1333 4259 meruerit,
1378 4196 1637 4266 quidquid
1692 4199 1807 4269 ipse
1851 4200 2017 4267 volet,

437 4282 543 4336 hoc
576 4282 680 4337 erit
709 4283 762 4336 iu
804 4283 942 4338 coelo
981 4292 1038 4338 et
1080 4285 1133 4338 in
1168 4293 1344 4350 terra;
1389 4285 1649 4355 quidquid
1686 4303 1815 4343 vero
1847 4290 2014 4355 uolet,

2111 417 2220 489 guli
2246 419 2446 486 volent,
2482 419 2582 475 hoc
2611 420 2747 486 erit;
2774 427 2829 473 et
2853 434 3047 475 omnes
3068 419 3231 473 simul
3261 434 3385 475 cum
3423 420 3529 475 Deo
3558 437 3717 479 unus

2111 525 2227 578 rex,
2255 520 2311 565 et
2338 512 2491 581 quasi
2526 527 2664 566 unus
2694 513 2874 575 homo,
2901 512 3026 580 quia
3062 526 3256 567 omnes
3282 527 3447 566 unum
3490 512 3712 581 volent,

2110 611 2165 658 et
2204 604 2347 673 quod
2380 602 2561 657 volent
2601 603 2725 657 erit.
2772 602 2924 658 lianc
2968 618 3207 659 mercem
3237 601 3435 657 clamat
3461 603 3603 659 Deus
3631 605 3713 662 de

2111 695 2249 750 coelo
2280 711 2338 750 se
2370 694 2573 750 habere
2607 694 2877 750 venalem.
2924 694 2983 750 Si
3030 696 3151 765 quis
3180 696 3388 765 quzcrit,
3438 712 3546 768 quo
3571 712 3707 767 pre-

2114 786 2236 841 tio?
2268 787 2623 857 respondetur
2672 787 2747 841 illi
2776 806 2790 842 :
2843 787 2959 842 Non
3010 787 3216 859 indiget
3246 800 3462 844 terreno
3496 792 3701 860 pretio,

2112 877 2346 947 quivult
2391 878 2524 934 dare
2562 894 2789 950 regnum
2832 880 2885 933 in
2916 880 3087 946 coelo;
3140 895 3247 936 uec
3295 881 3492 952 aliquis
3521 893 3710 953 potest

2113 970 2223 1026 Deo
2254 973 2383 1027 dare
2426 972 2571 1043 quod
2605 988 2710 1028 nou
2758 975 2971 1039 habeat,
3020 974 3173 1044 cujus
3203 986 3287 1032 est
3326 986 3497 1032 totum
3538 980 3710 1048 quid-

2114 1061 2241 1130 quid
2268 1072 2370 1116 est.
2396 1062 2505 1119 Nec
2534 1075 2713 1119 tamen
2742 1066 2834 1121 dat
2864 1067 3003 1122 Deus
3028 1078 3231 1122 tantam
3257 1084 3370 1124 rem
3401 1072 3519 1126 sine
3550 1074 3709 1127 omni

2113 1158 2309 1225 pretio,
2342 1158 2467 1228 quia
2503 1173 2607 1214 non
2640 1160 2732 1215 dat
2762 1160 2906 1215 illam
2950 1177 3056 1217 nou
3088 1164 3313 1217 amanti.
3357 1164 3526 1221 Nemo
3552 1166 3707 1222 enim

2114 1250 2207 1304 dat
2244 1250 2388 1320 quod
2436 1251 2663 1306 charum
2709 1252 2873 1309 habet
2926 1254 2999 1308 illi
3036 1255 3121 1309 cui
3167 1255 3397 1311 charum
3442 1272 3547 1311 non
3595 1268 3703 1314 est.

2114 1340 2376 1408 Quoniam
2425 1359 2555 1414 ergo
2588 1344 2731 1400 Deus
2762 1353 2851 1400 tua
2894 1362 2954 1402 re
2996 1362 3101 1402 non
3134 1358 3275 1418 eget,
3318 1364 3420 1405 nec
3449 1351 3581 1405 dare
3609 1352 3705 1407 de-

2112 1435 2204 1491 bet
2234 1445 2437 1492 tautam
2470 1454 2582 1493 rem
2612 1441 2981 1496 contemnenti
3009 1456 3195 1497 amare
3219 1441 3398 1507 illam;
3425 1458 3530 1497 non
3554 1458 3704 1512 quzc-

2114 1526 2186 1581 rit
2215 1526 2319 1582 nisi
2348 1542 2612 1594 amorem,
2642 1529 2761 1585 sine
2787 1544 2895 1599 quo
2926 1545 3032 1586 non
3077 1531 3212 1587 dare
3251 1531 3430 1588 debet.
3468 1533 3541 1587 Da
3571 1548 3701 1604 ergo

2115 1632 2378 1681 amorem,
2409 1628 2464 1673 et
2490 1620 2677 1689 accipe
2699 1636 2923 1692 regnum
2950 1638 2965 1688 ;
3000 1636 3147 1687 ama,
3176 1631 3232 1677 et
3259 1622 3417 1677 habe.
3457 1621 3704 1693 Denique

2044 1685 2088 1745 Β
2118 1710 2371 1781 quoniam
2413 1728 2639 1782 regnare
2688 1716 2742 1770 iu
2778 1715 2917 1770 coelo
2962 1715 3030 1747 ⁸³³
3079 1731 3185 1770 nou
3230 1725 3316 1771 est
3362 1715 3509 1771 aliud
3539 1732 3703 1785 quam

2116 1809 2197 1864 sic
2234 1809 2595 1881 conglutinari
2633 1824 2759 1865 cum
2792 1808 2925 1873 Deo,
2958 1817 3014 1862 et
3054 1824 3176 1862 cum
3205 1809 3458 1863 omnibus
3494 1810 3707 1864 sanctis

2116 1901 2322 1971 angelis
2349 1911 2404 1957 et
2437 1900 2746 1956 hominibus
2779 1914 2876 1971 per
2920 1899 3262 1954 dilectionem
3310 1898 3363 1953 iu
3411 1914 3574 1952 uuam
3606 1915 3706 1954 vo-

2114 1989 2413 2057 luntatem,
2461 1998 2521 2045 ut
2561 2005 2753 2045 omnes
2797 1998 3020 2044 utantur
3058 1987 3218 2043 simul
3260 2002 3366 2041 uua
3408 1996 3702 2056 potestate.

2114 2082 2251 2138 Ama
2284 2084 2450 2138 Deum
2478 2082 2759 2152 plusquam
2789 2082 3043 2152 teipsum,
3069 2091 3124 2137 et
3147 2079 3261 2151 jam
3290 2082 3481 2153 incipis
3514 2090 3707 2136 tenere

2115 2175 2260 2245 quod
2303 2173 2405 2228 sibi
2452 2171 2691 2243 perfecte
2722 2173 2803 2228 vis
2843 2173 3065 2227 habere.
3099 2170 3380 2228 Coneorda
3425 2188 3547 2228 cum
3594 2174 3713 2229 Deo

2114 2273 2315 2321 etcum
2349 2264 2657 2319 hominibus
2704 2263 2793 2329 ⁸⁸³,
2846 2263 2891 2318 si
2940 2270 3150 2317 tantum
3192 2278 3222 2317 a
3272 2263 3384 2318 Deo
3430 2263 3534 2333 ipsi
3587 2277 3702 2318 non

2115 2357 2459 2421 discordent;
2495 2365 2553 2411 et
2577 2354 2693 2423 jam
2740 2354 2936 2425 incipis
2969 2368 3092 2409 cum
3125 2354 3236 2409 Deo
3278 2362 3334 2408 et
3380 2369 3501 2407 cum
3534 2354 3710 2408 omni-

2114 2450 2216 2504 bus
2254 2450 2459 2504 sanctis
2490 2462 2741 2519 reguare.
2794 2446 2927 2501 Nam
2956 2447 3253 2502 secundum
3300 2445 3446 2515 quod
3477 2455 3535 2498 tu
3567 2461 3707 2499 cou-

2114 2543 2368 2599 cordabis
2402 2544 2561 2599 modo
2594 2558 2719 2598 cum
2761 2542 2871 2599 Deo
2898 2552 3103 2599 etcum
3137 2542 3468 2607 hominibus,
3502 2543 3554 2597 iu
3586 2543 3711 2598 illo-

2117 2650 2234 2690 rum
2287 2635 2563 2689 voluntatc
2621 2634 2972 2690 concordabit
3025 2634 3167 2690 Deus
3222 2644 3348 2689 tuus
3405 2647 3459 2690 et
3513 2650 3711 2689 omnes

2114 2729 2287 2783 sancti
2334 2737 2508 2784 tecum
2540 2728 2593 2783 in
2624 2737 2711 2782 tua
2753 2727 3049 2783 voluntate.
3097 2727 3152 2782 Si
3190 2743 3322 2799 ergo
3348 2729 3429 2783 vis
3457 2742 3578 2783 esse
3608 2744 3713 2783 rex

2116 2822 2170 2876 iu
2220 2822 2379 2887 coelo,
2428 2837 2548 2875 ama
2595 2821 2761 2877 Deum
2808 2830 2864 2877 ct
2907 2822 3157 2877 homines
3210 2822 3352 2877 sicut
3402 2821 3608 2889 debes;
3660 2831 3716 2877 et

2117 2914 2412 2969 mereberis
2441 2929 2562 2969 esse
2606 2915 2750 2983 quod
2787 2923 2960 2984 Optas.
3011 2915 3165 2969 lluuc
3200 2930 3329 2969 vero
3359 2930 3604 2970 amorem
3643 2916 3716 2947 ⁸³⁸

2116 3020 2222 3059 non
2255 3005 2460 3074 poteris
2506 3004 2709 3059 habere
2754 3004 3075 3074 perfectum.
3125 3005 3228 3058 nisi
3257 3007 3617 3059 evacuaveris
3645 3008 3717 3038 ⁸³⁸

2114 3112 2211 3152 cor
2242 3106 2393 3150 tuum
2438 3096 2505 3151 ab
2555 3096 2701 3150 omni
2749 3095 2855 3151 alio
2891 3111 3094 3151 amore.
3147 3096 3348 3164 Quippe
3394 3096 3477 3150 sic
3508 3106 3600 3151 est
3651 3100 3717 3153 de

2116 3192 2280 3244 corde
2310 3189 2545 3243 hominis
2575 3197 2625 3242 et
2662 3187 2732 3243 de
2759 3187 2859 3241 hoc
2905 3203 3106 3247 amore.
3137 3186 3408 3255 quomodo
3458 3187 3530 3241 de
3580 3204 3715 3243 vase

2115 3290 2170 3335 et
2218 3280 2358 3337 oleo.
2410 3280 2544 3334 Nam
2595 3280 2737 3334 sicut
2787 3295 2880 3334 vas
2910 3289 3112 3349 quanto
3159 3278 3332 3346 magis
3366 3294 3567 3349 aquam
3618 3290 3710 3333 ant

2116 3373 2281 3427 alium
2310 3373 2541 3428 similem
2583 3372 2869 3440 liquorem,
2909 3379 3056 3425 tanto
3103 3372 3279 3426 minus
3325 3372 3471 3439 capit
3502 3370 3705 3425 oleum.

2115 3462 2192 3517 Ita
2222 3478 2339 3526 cor,
2390 3463 2707 3532 iuquautum
2737 3468 3038 3529 occupatur
3081 3460 3186 3513 alio
3226 3475 3433 3524 amore,
3479 3461 3530 3513 in
3581 3471 3709 3513 tau-

2118 3561 2229 3606 tum
2261 3552 2502 3607 excludit
2531 3552 2711 3607 istum.
2760 3552 2856 3606 Est
2904 3560 2961 3605 et
3002 3551 3171 3615 aliud,
3204 3552 3332 3620 quia
3380 3551 3517 3605 sicut
3569 3551 3709 3604 fetor

2116 3654 2199 3699 est
2237 3644 2542 3701 contrarius
2597 3642 2770 3706 odori,
2826 3650 2881 3696 et
2926 3641 3161 3695 tenebrae
3208 3641 3342 3707 luci;
3396 3641 3479 3695 sic
3527 3642 3711 3695 ornuis

2116 3736 2257 3791 alius
2280 3750 2455 3796 amor,
2500 3735 2626 3789 huic
2658 3733 2853 3789 amori.
2885 3732 3039 3788 Sicut
3074 3733 3238 3802 igitur
3264 3732 3537 3787 contraria
3571 3750 3711 3787 nun-

2115 3843 2279 3897 quam
2316 3827 2477 3882 simul
2509 3827 2719 3895 iutegre
2763 3827 3121 3891 conveniunt;
3169 3827 3249 3879 sic
3282 3841 3381 3880 nec
3410 3828 3509 3880 iste
3553 3842 3710 3880 amor

2118 3934 2240 3973 cum
2272 3918 2378 3972 ullo
2407 3916 2511 3972 alio
2542 3932 2727 3970 amore
2761 3917 2814 3970 in
2865 3931 2972 3971 uno
3016 3915 3200 3970 corde.
3246 3914 3382 3971 llinc
3428 3926 3513 3970 est
3562 3916 3708 3983 quod

2118 4012 2208 4082 qui
2250 4027 2345 4066 cor
2388 4026 2545 4065 suum
2599 4010 2823 4080 implent
2867 4010 3156 4063 dilectione
3206 4008 3298 4062 Dei
3351 4017 3407 4063 et
3448 4008 3707 4077 proximi,

2119 4100 2253 4154 nihil
2296 4099 2439 4153 aliud
2488 4098 2675 4153 volunt
2721 4098 2823 4153 nisi
2871 4098 3012 4168 quod
3054 4098 3171 4153 vult
3210 4098 3374 4160 Deus,
3428 4107 3523 4151 aut
3561 4096 3705 4165 quod

2117 4194 2231 4247 vult
2259 4193 2396 4247 alius
2442 4193 2625 4254 homo.
2673 4200 2884 4246 tantum
2936 4193 2979 4247 si
3034 4208 3140 4246 nou
3184 4192 3258 4245 sit
3308 4200 3498 4245 eontra
3538 4190 3703 4243 Deum

2120 4286 2210 4339 ⁸³⁸.
2244 4285 2381 4339 Hinc
2408 4294 2492 4339 est
2518 4285 2661 4355 quod
2692 4285 2900 4339 instant
2922 4284 3283 4349 orationibus,
3312 4294 3365 4337 et
3394 4283 3708 4337 cmiestibus

434 4387 542 4428 non
567 4374 763 4429 eritm
797 4374 853 4429 in
880 4374 1017 4431 cmlo
1062 4389 1164 4430 nec
1206 4376 1260 4431 iu
1293 4386 1455 4431 terra.
1506 4375 1676 4432 Tanta
1715 4380 1860 4434 enim
1910 4382 2015 4436 erit
2042 4389 2094 4449 ι)
2118 4378 2416 4447 colloquiis,
2462 4388 2518 4431 et
2556 4375 3010 4447 cogitationibus;
3056 4375 3182 4444 quia
3231 4375 3391 4429 dulce
3439 4385 3527 4427 est
3561 4373 3705 4426 illum

434 4468 651 4523 dilectio
686 4468 827 4523 inter
856 4468 1023 4523 Deum
1070 4478 1125 4524 et
1158 4484 1253 4524 eos
1301 4471 1391 4539 qui
1424 4471 1495 4525 ibi
1549 4480 1729 4537 erunt,
1771 4481 1827 4527 et
1874 4473 2016 4528 inter

435 4559 645 4626 seipsos
668 4560 919 4623 invicem,
944 4569 1008 4614 ut
1035 4575 1223 4615 omnes
1253 4575 1312 4615 se
1335 4562 1565 4618 invicem
1595 4564 1847 4631 diligant,
1877 4565 2019 4620 sicut

436 4649 668 4718 seipsos;
704 4651 797 4706 sed
825 4666 1016 4707 omnes
1036 4652 1156 4722 plus
1184 4664 1367 4708 ament
1397 4654 1566 4710 Deum
1593 4671 1756 4725 quam
1787 4658 2016 4727 seipsos.

438 4740 503 4793 Et
526 4750 748 4810 propter
772 4742 877 4797 hoc
910 4743 1091 4798 nullus
1132 4745 1206 4799 ibi
1246 4745 1413 4813 volet,
1446 4748 1550 4802 nisi
1575 4748 1719 4817 quod
1750 4750 1930 4817 Deus;
1961 4759 2018 4805 ct

434 4830 581 4899 quod
611 4846 751 4887 unus
773 4831 939 4898 volet,
987 4834 1090 4887 hoc
1130 4833 1310 4889 volent
1338 4850 1558 4902 omnes;
1606 4846 1660 4892 et
1690 4839 1833 4907 quod
1879 4854 2016 4894 unus

434 4920 523 4976 vel
549 4936 757 4988 omnes,
788 4925 889 4978 hoc
926 4924 1101 4993 ipsum
1128 4925 1271 4979 volet
1302 4927 1459 4991 Deus.
1495 4929 1835 5001 Quapropter
1861 4933 2017 5001 quid-

436 5010 565 5080 quid
606 5012 973 5082 unusquisque
1004 5014 1163 5080 volet,
1195 5014 1297 5071 hoc
1329 5018 1436 5073 erit
1464 5028 1519 5072 et
1564 5019 1631 5074 de
1658 5022 1837 5090 seipso
1866 5032 1922 5076 et
1948 5022 2016 5077 de

435 5103 687 5160 omnibus
726 5105 873 5172 aliis,
903 5115 961 5162 et
998 5106 1065 5162 de
1097 5116 1206 5164 tota
1237 5119 1511 5176 creatura,
1542 5119 1599 5167 et
1636 5114 1703 5168 de
1732 5113 1849 5181 ipso
1880 5114 2010 5171 Deo.

2124 4470 2433 4525 desiderare
2464 4470 2630 4523 Deum
2679 4478 2733 4522 et
2758 4468 2903 4537 loqui
2936 4476 2989 4521 et
3036 4468 3225 4520 audire
3256 4475 3310 4521 et
3355 4466 3603 4535 cogitare
3645 4466 3706 4519 de

2126 4563 2215 4617 illo
2238 4577 2397 4631 quem
2429 4561 2655 4615 multum
2686 4569 2875 4614 amant
2899 4558 2990 4611 "7.
3025 4559 3163 4612 lliuc
3190 4567 3274 4613 est
3298 4558 3441 4626 quod
3464 4557 3704 4626 gaudent

2124 4676 2241 4713 cum
2267 4658 2630 4729 gaudentibus,
2664 4654 2791 4711 ﬂent
2822 4672 2941 4708 cum
2970 4653 3214 4723 ﬂentibus
3248 4651 3428 4715 (Rom.
3457 4667 3558 4715 xu,
3600 4651 3705 4718 l5}.

2124 4752 2455 4807 miserentur
2486 4748 2719 4811 miseris,
2751 4746 2955 4800 douaut
2989 4743 3379 4812 indigentibus,
3409 4741 3537 4809 quia
3574 4741 3705 4793 alios

2126 4844 2374 4901 homines
2428 4851 2682 4909 tauquam
2736 4839 2945 4909 seipsos
3003 4843 3210 4889 amant.
3262 4833 3398 4887 Hinc
3425 4840 3513 4887 est
3564 4833 3703 4901 quod

2121 4943 2473 4992 contemnunt
2512 4933 2745 4993 divitias,
2800 4937 3117 5000 potestates,
3155 4926 3477 4996 voluptates,
3522 4933 3582 4978 et
3611 4926 3704 4978 ho-

2122 5026 2301 5083 norari
2329 5038 2421 5079 aut
2465 5022 2690 5078 laudari.
2723 5020 2822 5089 Qui
2854 5021 2995 5074 enim
3041 5021 3155 5073 lucc
3188 5025 3350 5078 amat,
3391 5031 3541 5085 szepe
3582 5016 3706 5070 facit

2121 5121 2322 5190 aliquid
2364 5127 2551 5175 contra
2593 5116 2763 5171 Deum
2807 5124 2863 5169 et
2896 5122 3087 5169 contra
3130 5112 3211 5145 δ”
3238 5111 3575 5183 proximum.
3620 5108 3708 5165 Sic

1750 5211 1981 5269 VARUE
2023 5213 2423 5271 LECTIONES.

506 5296 576 5330 δί’
605 5295 821 5373 Callaici
854 5314 969 5352 cum
1020 5300 1198 5373 eodem
1242 5315 1342 5354 ms.
1389 5310 1439 5373 et
1480 5300 1625 5373 Edil.
1658 5313 1704 5356 et
1747 5301 1862 5357 Col.
1897 5306 2056 5362 1575.
2168 5305 2237 5336 ⁸¹⁰
2265 5302 2441 5359 Patris
2502 5299 2795 5373 caelestis:
2819 5298 3137 5373 accederent
3190 5312 3287 5373 ms.
3326 5302 3371 5346 et
3423 5295 3609 5373 Edit.“

1406 5370 1473 5403 "‘
1504 5371 1675 5434 Nolet,
1708 5389 1811 5429 non
1851 5378 1955 5431 erit
1983 5394 2079 5430 ms.
2110 5375 2283 5439 volet,
2325 5389 2429 5428 non
2470 5372 2576 5427 erit
2647 5371 2716 5402 ’δ”
2759 5368 3022 5436 Quoniam
3058 5368 3109 5420 in
3138 5366 3294 5439 Acoalo
3325 5372 3527 5439 nt:.___et
3553 5362 3714 5439 fidit.

436 5367 555 5422 trite
615 5366 895 5424 caelestis.
945 5369 1302 5425 accenderent

437 5436 690 5508 quoniam
748 5453 972 5509 regnare
1030 5441 1082 5494 iu
1132 5442 1273 5495 cmlo

439 5521 570 5562 vero
603 5521 844 5562 amorem
892 5527 989 5563 ms.
1014 5520 1061 5564 et
1086 5509 1227 5565 Edit.
1265 5511 1406 5567 hunc
1454 5528 1691 5568 amorem

1380 5441 1450 5473 ⁸⁸³
1475 5442 1607 5496 Cum
1658 5444 1768 5500 Deo
1814 5454 1869 5499 et
1917 5447 2226 5502 hominibus
2263 5437 2366 5499 rma.
2411 5458 2533 5498 cum
2584 5442 2696 5495 Deo
2733 5448 2787 5494 et
2836 5454 2957 5494 cum
3007 5437 3316 5491 hominibus

1805 5514 1875 5548 ’⁸⁸⁵
1905 5517 2197 5573 Evacueris
2247 5532 2346 5569 ms.
2399 5510 2746 5568 evacuaveris

2168 5305 2237 5336 “°
2265 5302 2441 5359 Patris
2502 5299 2781 5355 rmlestis..
2819 5298 3137 5353 accederent
3190 5312 3287 5349 ms.
3326 5302 3371 5346 et
3423 5291 3573 5345 Edit.
3612 5306 3705 5359 pa-

3418 5432 3491 5465 διδ
3553 5431 3710 5485 Hunc

2854 5510 2924 5541 ⁸’⁶
2948 5508 3102 5572 Circa
3138 5508 3304 5562 Deum
3353 5521 3454 5558 ms.
3486 5499 3713 5572 erEdit.

443 5588 634 5630 contra
659 5577 827 5634 Deum
903 5580 969 5613 "7
994 5579 1129 5637 Tum
1159 5590 1343 5639 amant
1369 5600 1467 5639 ms.
1492 5594 1539 5639 et
1566 5582 1707 5641 Edit.
1740 5584 1965 5643 multum
1991 5571 2188 5645 amant
2247 5585 2319 5649 ’ξε
2342 5583 2496 5641 Circa
2523 5582 2689 5638 Deum
2713 5590 2768 5637 ct
2793 5580 2937 5637 circa
2966 5596 3063 5634 ms.
3090 5586 3141 5633 et
3169 5577 3273 5633 Ed.
3311 5584 3500 5631 contra
3534 5571 3714 5627 Deum

442 5654 495 5697 et
522 5655 708 5701 contra
