3898 6052
295 179 432 236 Ηῖὅ

1493 176 1622 233 LIB.
1661 178 1726 245 ll,
1766 177 1980 236 EI’IS'I'.
2015 175 2204 236 XXIV.

3421 181 3556 240 1174

283 297 430 352 enim
457 292 525 350 ex'
551 295 632 347 Itis
663 280 1192 362 duobus'prazceptis'
1227 281 1582 349 universales:
1607 297 1792 363 pendet
1823 305 1869 348 et
1899 297 1943 352 A
1973 297 2140 362 misit,
2190 292 2456 352 diabolica
2499 290 2854 368 persuasione
2902 293 3160 369 deceptus
3188 294 3545 370 'exltorreat;

282 388 546 454 propheta:
593 385 809 454 (Matth.
864 401 1000 450 χιιι,
1047 385 1160 456 40).
1195 386 1296 454 Qui
1340 402 1471 458 ergo
1514 389 1629 443 vult
1672 389 1872 444 habere

284 479 430 536 illum
471 495 712 535 amorem
743 478 1005 548 perfecte,
1034 493 1144 548 quo
1190 495 1415 550 regnum
1439 479 1704 536 calorum
1731 480 1871 535 emi-

279 582 391 636 tur.
419 581 563 628 amet
585 579 980 641 contemptum,
1010 578 1409 640 paupertatem,
1445 571 1706 639 laborem,
1738 571 1872 626 sub-

277 661 596 730 iectionem,
641 661 784 717 sicut
828 661 1002 716 sancti
1042 661 1144 716 viri
1192 661 1416 716 faciunt.
1470 661 1563 718 Sic
1603 663 1750 717 enim
1783 662 1873 732 qui

281 750 350 783 ⁵³⁸
387 768 442 808 se
465 751 730 818 humiliat,
770 751 1091 806 excitabitur
1119 749 1273 821 (Luc.
1305 767 1457 816 xvut,
1491 753 1600 823 14).
1629 751 1874 808 Breviter

286 844 440 900 vobis
473 845 610 909 haec,
651 844 971 900 charissima
1018 843 1112 909 ⁸⁵³⁸,
1151 843 1296 899 sicut
1335 844 1672 914 postulastis,
1721 845 1867 912 dixi;

285 935 381 990 sed
426 936 478 992 in
528 936 720 992 borum
767 935 1108 1007 expositione
1146 935 1434 1004 prudentia
1478 945 1658 991 vestra
1704 938 1872 993 multo

286 1024 440 1096 plura
493 1025 741 1095 proferre
795 1027 994 1096 poterit
1043 1040 1204 1095 quam
1256 1025 1389 1080 dixi.
1465 1025 1522 1084 Si
1576 1035 1756 1082 tamen
1805 1026 1871 1080 de

288 1115 618 1184 plenitudine
647 1116 998 1172 beatitudinis
1025 1127 1242 1174 aeternae
1273 1113 1478 1184 aliquid
1523 1128 1554 1168 a
1595 1129 1682 1170 me
1712 1113 1871 1169 latius

287 1208 492 1264 dictum
540 1209 802 1264 sanctitas
839 1217 1020 1263 vestra
1066 1207 1249 1277 legere
1292 1206 1545 1272 voluerit,
1577 1206 1632 1261 in
1675 1204 1783 1262 line
1808 1204 1869 1259 li-

287 1301 413 1356 belli
444 1303 570 1368 mei,
621 1302 713 1373 qui
747 1300 1082 1373 Prostogium
1109 1300 1432 1372 appellatur,
1469 1298 1560 1355 ubi
1601 1298 1669 1353 de
1715 1298 1873 1368 pleno

287 1392 485 1462 gaudio
533 1393 784 1457 tractavi,
834 1392 1075 1463 reperire
1123 1391 1226 1447 hoc
1272 1389 1492 1461 poterit.
1545 1385 1775 1454 Valete,
1819 1396 1875 1444 et

287 1493 442 1540 orate
461 1499 560 1556 pro
589 1499 696 1542 me.
765 1550 768 1552 γ

741 1592 1076 1651 EPISTOLA
1115 1591 1284 1650 XXIII
1317 1594 1408 1650 “‘.

907 1725 976 1766 ΑΒ
1024 1726 1270 1769 ΡΕτΒυΙίσ

293 1823 448 1891 Quod
473 1825 691 1880 clericus
717 1827 1022 1897 priusquam
1052 1825 1388 1897 stabilitatem
1427 1825 1592 1897 libere
1615 1823 1871 1897 promise-

369 1897 456 1960 rit,
501 1912 605 1950 non
631 1894 796 1965 potest
824 1894 1014 1950 inuitus
1048 1897 1112 1950 ab
1135 1895 1319 1950 abbate
1343 1895 1586 1951 detineri.
1619 1894 1874 1964 Quodque

362 1967 419 2020 in
461 1982 521 2020 eo
553 1966 868 2020 monasterio
904 1982 1114 2020 manere
1158 1966 1302 2019 debet
1346 1966 1401 2021 in
1428 1981 1532 2036 quo
1565 1967 1714 2034 prius
1742 1965 1874 2035 peti-

360 2037 554 2092 tionem
589 2046 636 2090 ει
669 2046 842 2090 votum
868 2037 1110 2090 monachi
1133 2036 1276 2104 fecit.

364 2125 570 2180 Domno
604 2133 660 2180 et
704 2123 850 2178 Patri
901 2123 1084 2179 abbati
1129 2123 1427 2179 reverendo
1474 2123 1662 2180 Pareo
1706 2123 1874 2178 frater

289 2218 570 2272 Ausscuus
619 2215 795 2270 dictus
835 2215 1002 2270 abbas
1045 2213 1236 2276 Becci,
1285 2228 1384 2283 per
1426 2214 1708 2284 praesentis
1748 2215 1876 2269 vita:

291 2307 638 2361 sanctitatem
679 2305 902 2375 adipisci
948 2305 1142 2360 futura:
1180 2304 1518 2360 felicitatem.

363 2395 608 2450 Fratrem
639 2411 727 2451 me
753 2403 948 2452 vestra:
991 2395 1321 2461 sanctitatis,
1370 2395 1512 2450 sicut
1555 2393 1873 2459 mandastis,

293 2495 350 2540 et
398 2486 788 2541 fraternitatem
826 2488 967 2541 hanc
1013 2502 1101 2541 me
1142 2484 1278 2541 velle
1317 2499 1537 2540 servare
1579 2485 1718 2540 sicut
1781 2500 1877 2556 po-

293 2577 470 2642 scitis,
513 2577 796 2633 conliteor.
830 2577 985 2646 Quod
1029 2579 1155 2648 quia
1186 2577 1405 2633 domino
1437 2575 1655 2632 Ursioni
1679 2577 1878 2633 clerico

292 2669 384 2736 ⁸³³,
410 2670 502 2738 qui
523 2671 663 2740 apud
691 2685 786 2726 vos
810 2671 1127 2740 petitionem
1153 2680 1210 2726 et
1238 2681 1422 2727 votum
1451 2671 1697 2728 monachi
1726 2671 1876 2736 fecit,

293 2769 348 2814 et
381 2776 521 2815 nunc
549 2762 689 2828 apud
721 2777 817 2818 nos
846 2771 1046 2826 manet,
1074 2763 1236 2820 vultis
1264 2779 1563 2836 apparere;
1599 2765 1734 2820 nihil
1765 2765 1879 2821 uti-

294 2867 401 2921 que
429 2853 581 2908 vobis
621 2853 800 2909 minus
831 2855 897 2908 de
946 2855 1035 2912 illo
1079 2855 1364 2924 faciemus,
1410 2873 1575 2927 quam
1624 2873 1654 2912 a
1695 2867 1877 2914 vestra

291 2942 563 2996 charitate
608 2943 764 3000 nobis
793 2942 910 2999 ﬁeri
941 2947 1356 3016 postularemus.
1407 2947 1612 3003 Scitote
1645 2965 1878 3019 namque

292 3032 551 3100 quoniam
581 3033 724 3102 apud
753 3049 853 3088 nos
893 3034 1212 3104 priusquam
1249 3036 1388 3105 apud
1422 3051 1520 3092 vos
1560 3037 1875 3106 petitionem

295 3130 350 3176 et
379 3132 562 3178 votum
594 3123 842 3179 monachi
873 3123 1022 3179 fecit.
1059 3124 1117 3180 Si
1145 3109 1276 3195 ergo
1310 3141 1408 3196 per
1446 3126 1549 3181 hoc
1592 3142 1688 3182 vos
1715 3136 1875 3196 puta-

297 3215 366 3268 tis
386 3212 529 3283 juste
559 3215 707 3270 illum
738 3231 897 3286 posse
927 3231 1201 3284 revocare,
1225 3218 1421 3287 quibus
1446 3219 1715 3288 posterius
1738 3219 1879 3276 hanc

295 3305 610 3374 petitionem
637 3315 692 3361 et
733 3307 836 3363 hoc
863 3316 1071 3373 votum,
1103 3308 1514 3378 importunitate
1542 3311 1876 3379 precantium

295 3395 472 3451 victus
503 3395 668 3463 fecit;
707 3398 877 3454 multo
900 3397 1100 3464 iustius
1143 3414 1434 3468 possumus
1482 3415 1581 3456 nos
1610 3400 1757 3455 illum
1807 3401 1874 3434 “'

297 3487 550 3550 retinere,
579 3487 776 3556 quibus
802 3489 903 3543 hoc
925 3489 1075 3557 prius
1099 3487 1168 3543 de
1197 3487 1351 3558 longe
1374 3489 1446 3522 ’⁸⁸⁸
1468 3490 1695 3547 veniens
1717 3507 1880 3562 spon-

299 3586 458 3630 tanca
500 3577 816 3642 voluntate,
867 3593 971 3632 non
1005 3577 1110 3632 ulla
1157 3588 1336 3633 vestra
1387 3581 1738 3648 persuasione
1786 3597 1878 3640 co-

297 3674 476 3729 actus,
499 3665 626 3721 fecit
650 3665 741 3722 ille
767 3687 780 3721 :
806 3681 912 3736 quo
932 3669 1100 3723 multo
1129 3669 1300 3739 magis
1321 3677 1404 3723 est
1422 3669 1634 3724 debitor
1655 3685 1880 3725 servare

297 3755 582 3810 veritatem
614 3756 668 3810 in
706 3757 879 3826 prima
907 3766 962 3812 et
1005 3757 1173 3813 libera
1216 3757 1576 3827 promissione
1607 3774 1770 3827 quam
1827 3760 1881 3814 in

297 3845 540 3914 ejusdem
593 3846 783 3915 prima;
833 3847 1210 3918 promissionis
1270 3846 1578 3902 violatione.
1646 3846 1782 3902 Nam
1835 3849 1882 3904 si

295 3935 538 4007 praefata:
564 3939 842 4008 petitionis
865 3949 919 3994 et
947 3939 1056 3995 voti
1091 3948 1261 3995 testes
1299 3939 1513 3994 habetis
1560 3948 1616 3996 et
1641 3937 1882 4008 ejusdem

298 4029 696 4087 confessionem
721 4048 737 4098 ;
767 4047 864 4087 nos
897 4031 1014 4101 plus
1058 4032 1127 4064 ’⁸³⁸
1155 4032 1445 4097 habemus,
1473 4032 1599 4102 quia
1626 4031 1882 4086 volunta-

300 4127 408 4174 tem
457 4119 625 4190 ipsius
661 4131 906 4176 tenemus
931 4137 1052 4176 cum
1086 4122 1315 4178 testibus
1345 4130 1402 4178 et
1439 4120 1797 4188 confessione,
1828 4131 1886 4178 et

299 4211 512 4279 priores
567 4212 906 4283 suscepimus
957 4211 1073 4279 ejus
1139 4213 1578 4283 promissionem.
1641 4213 1886 4284 Denique

300 4311 540 4357 vestram
572 4319 678 4358 non
709 4303 840 4358 latet
867 4302 1213 4372 prudentiam
1239 4304 1368 4374 quia
1399 4313 1604 4374 quanto
1640 4313 1885 4374 tempore

300 4395 538 4452 novitius
567 4397 621 4452 in
664 4395 1037 4452 incolumitate
1075 4396 1159 4452 sui
1209 4407 1402 4466 sponte
1446 4405 1637 4468 petens
1687 4412 1885 4454 mona-

301 4488 514 4544 chicam
563 4488 1002 4554 conversionem,
1054 4489 1111 4543 in
1157 4489 1490 4544 monasterio
1529 4498 1887 4546 conversatur

304 4595 433 4638 ante
490 4583 910 4653 professionem,
972 4582 1274 4638 secundum
1331 4580 1571 4652 regulam
1637 4591 1886 4637 nostram

302 4673 550 4732 differtur
589 4685 805 4746 propter
834 4675 1144 4734 stabilitatis
1170 4673 1567 4745 probationem.
1599 4672 1711 4729 Nec
1741 4675 1886 4730 inte-

305 4765 407 4820 rim
449 4781 574 4822 eum
605 4767 745 4823 ullus
783 4781 976 4838 cogere
1020 4764 1093 4798 ⁸³⁸
1132 4773 1310 4837 potest
1351 4764 1421 4821 ad
1471 4767 1884 4833 remanendum,

305 4859 400 4912 sed
445 4858 616 4914 libera
659 4858 708 4913 ei
751 4858 1066 4914 conceditur
1092 4866 1334 4928 potestas
1379 4857 1446 4913 ad
1474 4857 1884 4915 discedendum.

304 4949 421 5006 Non
463 4952 592 5008 dico
613 4952 756 5022 quod
801 4967 906 5006 non
954 4951 1260 5027 peccetm,
1290 4951 1336 5006 si
1379 4958 1657 5022 acceptam
1689 4952 1885 5008 bonam

302 5045 638 5102 voluntatem
669 5045 915 5112 deserat;
947 5054 1000 5100 et
1029 5045 1176 5116 quod
1218 5043 1417 5115 saepius
1455 5059 1552 5101 ore
1579 5045 1717 5100 bene
1765 5059 1890 5114 pro-

1962 389 2069 469 sed
2098 389 2220 444 dico
2245 389 2370 460 quia
2399 389 2649 460 quamvis
2683 404 2872 446 coram
2909 389 3020 448 Deo
3059 391 3324 454 mendacii
3351 409 3547 465 argua-

1975 489 2065 534 tur
2091 478 2190 545 “3;
2237 493 2345 534 non
2377 487 2458 535 est
2505 489 2684 536 tamen
2713 479 2950 544 abbatis,
2981 480 3145 551 35o
3174 490 3234 536 ut
3275 483 3419 552 quod
3464 484 3558 540 ille

1973 569 2242 639 promisit,
2289 571 2359 627 ab
2403 585 2468 626 eo
2521 571 2788 628 violenter
2831 571 3034 643 exigat.
3078 573 3251 638 Quam
3287 574 3551 630 rationem

1974 659 2043 692 ⁸³⁸
2071 669 2127 714 et
2165 660 2319 718 nobis
2352 670 2408 716 et
2432 662 2584 718 vobis
2613 663 2821 732 pariter
2850 661 3173 718 servandam
3205 676 3324 718 esse
3349 677 3552 732 cogno-

1975 749 2144 810 scitis.
2179 747 2519 822 Quapropter
2549 750 2594 806 si
2630 752 2948 820 praedictum
2991 751 3252 806 clericum
3289 752 3452 806 vultis
3487 753 3554 806 ad

1977 857 2076 897 vos
2103 842 2379 908 reducere,
2410 842 2606 898 mittite
2641 857 2740 913 pro
2765 856 2872 898 eo:
2912 851 2989 908 et,
3027 842 3072 900 si
3121 841 3368 908 voluerit,
3423 842 3556 897 libe-

1976 948 2093 994 ram
2128 934 2290 990 habet
2319 944 2642 1005 potestatem
2683 949 2714 989 a
2747 934 2906 991 nobis
2936 935 3262 1000 recedendi;
3300 935 3344 992 si
3372 943 3554 990 autem

1977 1026 2235 1092 noluerit,
2271 1042 2377 1082 non
2407 1042 2438 1082 a
2467 1035 2648 1082 vestra
2697 1025 3024 1082 discretione
3069 1026 3402 1082 calumniam
3437 1027 3549 1096 pati

1977 1118 2136 1173 debet
2161 1119 2440 1174 nobiscum
2473 1118 2816 1186 remanendi;
2850 1133 2951 1176 nec
2994 1118 3048 1173 in
3078 1119 3232 1174 nobis
3262 1118 3369 1172 ulla
3398 1118 3557 1174 debet

1975 1225 2098 1265 esse
2126 1209 2375 1266 voluntas
2404 1211 2553 1266 illum
2584 1209 2911 1280 expellendi.
2943 1207 3057 1265 Hoc
3081 1209 3228 1264 enim
3267 1209 3428 1264 modo
3466 1223 3554 1263 me

1975 1315 2103 1372 erga
2125 1316 2219 1356 vos
2241 1300 2482 1358 fraterno
2494 1300 2688 1356 allecto
2713 1303 2812 1368 uti,
2836 1301 2979 1372 quod
3003 1300 3242 1371 poscitis,
3267 1299 3552 1364 existimo;

1974 1391 2022 1445 si
2049 1390 2192 1460 quod
2217 1407 2248 1444 a
2282 1391 2433 1448 vobis
2459 1391 2590 1447 mihi
2621 1391 2869 1446 ordinate
2912 1389 3032 1445 fieri
3067 1398 3329 1460 peterem,
3361 1398 3558 1444 vestra:

1976 1481 2301 1538 fraternitati
2353 1482 2532 1538 facere
2581 1497 2686 1538 non
2721 1497 2910 1538 renuo.
2957 1482 3039 1536 Ad
3085 1480 3414 1536 calumniam
3459 1494 3557 1534 ve-

1977 1579 2170 1637 stram,
2200 1586 2364 1641 quam
2404 1570 2608 1638 dicitis,
2659 1572 2928 1628 rationem
2960 1570 3323 1627 excusationis
3357 1579 3558 1625 nostra;

1911 1647 1957 1706 Β
1981 1662 2361 1734 exposuimus;
2394 1664 2489 1720 sed
2517 1663 2774 1734 quoniam
2803 1663 2947 1724 inter
2981 1677 3080 1718 nos
3117 1672 3173 1718 et
3199 1675 3298 1718 vos
3325 1677 3415 1718 res
3442 1662 3556 1717 haec

1973 1755 2185 1826 agitur,
2229 1753 2515 1811 consilium
2561 1754 2715 1810 vobis
2764 1753 2896 1809 dare
2952 1768 3060 1809 non
3105 1752 3389 1806 audemus.
3438 1749 3557 1818 Quo

1975 1853 2157 1900 tamen
2195 1859 2296 1900 nos
2321 1853 2540 1899 utamur
2569 1844 2622 1898 in
2657 1859 2716 1900 re
2759 1843 2924 1906 simili
2969 1843 3197 1898 consilio
3223 1841 3330 1909 ⁸⁵⁸,
3375 1841 3557 1896 dicere

1973 1948 2082 1990 non
2112 1932 2482 2004 prohibemur.
2532 1931 2788 1990 Nostrum
2832 1932 3021 2002 utique
3067 1945 3282 2002 semper
3309 1938 3393 1986 est
3421 1945 3554 1986 con-

1973 2026 2154 2083 silium
2186 2033 2248 2082 ut
2277 2025 2485 2082 nullum
2526 2035 2654 2081 ante
2687 2024 2831 2082 illam
2878 2025 2962 2080 sui
3009 2024 3358 2091 deditionem,
3390 2036 3556 2093 quam

1973 2129 2073 2185 per
2111 2113 2336 2171 cuculla:
2381 2122 2734 2185 spontaneam
2779 2113 3143 2183 acceptionem
3185 2111 3346 2177 facit;
3397 2111 3443 2167 si
3488 2112 3555 2166 ad

1975 2205 2123 2261 aliud
2154 2206 2542 2262 monasterium
2569 2207 2648 2260 ire
2693 2204 2948 2272 voluerit,
2995 2205 3222 2260 invitum
3276 2212 3556 2260 teneamus

1975 2298 2278 2354 novitium:
2327 2298 2424 2356 sed
2457 2297 2780 2367 inquantum
2830 2311 3137 2369 possumus,
3187 2295 3337 2354 illum
3378 2292 3558 2350 absol-

1975 2397 2185 2453 ventes,
2237 2395 2482 2443 nostrum
2519 2387 2680 2443 simul
2711 2387 2786 2442 illi
2815 2387 3130 2452 consilium,
3181 2385 3226 2441 si
3257 2385 3432 2456 poscit
3462 2383 3554 2449 Μ,

1977 2478 2341 2548 impendimus
2368 2488 2424 2535 et
2469 2477 2751 2534 auxilium.
2791 2478 2946 2546 Quod
2993 2478 3038 2533 si
3069 2478 3270 2534 bonam
3299 2477 3557 2533 deserens

1977 2569 2308 2625 voluntatem
2340 2569 2638 2628 monachus
2657 2583 2781 2624 esse
2809 2567 3076 2634 noluerit,
3115 2583 3146 2622 a
3175 2576 3300 2622 voto
3320 2566 3474 2636 cujus
3498 2580 3559 2621 se

1978 2657 2277 2715 debitorem
2309 2659 2438 2717 fecit
2467 2675 2576 2715 non
2601 2659 2954 2724 absolvimus,
2994 2657 3090 2714 sed
3118 2658 3318 2713 nullam
3346 2658 3422 2712 illi
3446 2657 3556 2711 vim

1977 2764 2076 2819 per
2105 2766 2202 2806 nos
2231 2751 2548 2820 inferentes,
2582 2751 2732 2807 illum
2768 2751 2858 2806 Dei
2883 2750 3181 2813 exactioni,
3209 2747 3294 2804 cui
3323 2764 3382 2804 se
3411 2745 3560 2802 debi-

1982 2850 2152 2896 torem
2177 2841 2324 2909 fccit,
2354 2842 2698 2898 dimittimus.
2735 2839 2791 2896 Si
2819 2849 3000 2896 autem
3024 2839 3312 2910 prmdictus
3331 2837 3560 2894 clericus

1983 2930 2260 2985 nobiscum
2307 2931 2588 3000 manserit,
2641 2942 2700 2988 et
2742 2945 2830 2986 res
2859 2930 2998 3001 ejus,
3050 2944 3188 2999 quas
3226 2928 3380 2996 prius
3418 2927 3562 2982 sicut

1905 3000 1952 3063 (ἶ
1983 3024 2218 3094 seipsum
2264 3023 2418 3080 nobis
2447 3025 2594 3080 dedit
2641 3039 2802 3094 quam
2840 3000 2984 3094 apud
3012 3038 3106 3078 vos
3151 3021 3467 3092 petitionem
3506 3027 3563 3072 et

1975 3128 2162 3175 votum
2193 3119 2446 3175 monachi
2489 3118 2714 3184 faceret,
2746 3117 2982 3172 retinere
3025 3113 3327 3181 volueritis,
3359 3111 3560 3168 nullatn

1980 3226 2013 3266 a
2043 3209 2311 3266 nobismet
2337 3208 2665 3264 calumniam
2687 3206 3043 3262 sustinebitis.
3078 3204 3282 3260 Valete.

2493 3319 2831 3377 EPISTOLA
2869 3319 3058 3375 XXIV.

2643 3428 2710 3466 ΔΙ)
2744 3427 2894 3466 ΙῺΔΙ.

2015 3507 2108 3563 Illi
2135 3520 2353 3577 magnas
2382 3505 2583 3575 gratias
2607 3504 2714 3577 agit
2740 3505 2803 3558 de
2827 3503 3103 3577 beneﬁciis
3133 3503 3187 3556 in
3224 3519 3280 3556 se
3307 3518 3368 3555 ac
3404 3501 3524 3556 reli-

2423 3592 2551 3645 quos
2578 3576 2663 3629 sui
2699 3576 2870 3645 gratia
2893 3574 3118 3628 collatis.

2053 3667 2294 3720 Domina?
2322 3680 2434 3720 sua:
2468 3665 2857 3728 dilectissimus,
2888 3663 3104 3733 generis
3143 3671 3200 3718 et
3224 3676 3434 3718 morum
3464 3677 3563 3718 no-

1981 3756 2189 3812 bilitate
2236 3754 2553 3810 clarissimae
2600 3753 2890 3808 comitisste
2930 3752 3036 3810 lati
3075 3751 3244 3807 frater
3281 3752 3565 3809 Aasuuus

1984 3859 2174 3902 servus
2223 3858 2504 3900 servorum
2554 3842 2651 3898 Dei
2702 3841 2858 3897 Becci
2909 3841 3392 3905 commanentium,
3438 3857 3562 3898 cum

1985 3939 2187 3994 eisdem
2213 3935 2448 3992 dominis
2479 3935 2614 4000 suis,
2663 3934 2718 3989 in
2750 3933 2999 4004 ﬂagranti
3043 3934 3315 3992 desiderio
3343 3933 3438 3988 Dei
3469 3948 3560 3988 us-

1985 4043 2090 4098 que
2117 4028 2170 4083 in
2215 4028 2378 4083 linem
2420 4042 2662 4094 manere,
2693 4027 2760 4083 de
2787 4025 3094 4085 desiderato
3134 4026 3561 4098 conspectu‘Dei

1987 4122 2104 4177 sine
2131 4123 2237 4178 line
2265 4125 2522 4194 gaudere.

2057 4213 2270 4271 Gratias
2309 4230 2472 4287 agere
2523 4217 2836 4274 reverendae
2873 4225 3066 4272 vestrae
3104 4214 3412 4272 celsitudini
3450 4222 3559 4271 tota

1911 4333 1963 4395 ι)
1988 4316 2170 4363 mente
2199 4307 2485 4374 vellemus;
2535 4311 2630 4366 sed
2656 4307 2844 4379 utique
2892 4307 3080 4377 dignas
3123 4309 3421 4363 secundum
3450 4322 3565 4362 ma-

1986 4399 2317 4471 gnitudinem
2348 4400 2735 4457 benevolentia:
2778 4410 2834 4455 et
2875 4399 3282 4466 beneficiorum,
3316 4415 3438 4471 qua:
3469 4414 3564 4454 no-

1983 4489 2070 4544 bis
2114 4498 2170 4544 et
2200 4489 2381 4545 multis
2419 4506 2519 4560 pro
2565 4490 2722 4544 nobis
2765 4489 3098 4559 impenditis,
3147 4505 3254 4544 non
3298 4488 3561 4545 valemus.

1982 4577 2136 4634 Illum
2192 4579 2355 4650 igitur
2382 4587 2605 4650 propter
2643 4592 2803 4648 quem
2848 4579 3022 4645 nobis,
3061 4588 3116 4634 et
3155 4578 3565 4650 quibuscunquc

1984 4671 2232 4741 potestis,
2278 4679 2423 4726 tanta
2469 4672 2612 4727 bona
2657 4669 2856 4738 facitis,
2903 4687 3124 4730 oramus
3159 4681 3220 4727 ut
3265 4673 3381 4744 ipse
3411 4672 3565 4728 vobis

1993 4765 2289 4820 secundum
2331 4761 2727 4820 multitudinem
2779 4765 3091 4822 divitiarum
3137 4781 3356 4822 suarum
3409 4765 3568 4820 retri-

1993 4857 2146 4920 buat,
2170 4856 2308 4911 sicut
2334 4864 2599 4925 optamus.
2630 4856 2708 4911 Ex
2733 4856 3063 4912 abundantia
3089 4865 3264 4912 tamen
3279 4854 3566 4912 charitatis

1996 4949 2279 5004 hortamur
2323 4955 2382 5002 ut
2423 4947 2810 5004 benefaciendo
2844 4963 2951 5004 non
2989 4946 3270 5011 deficiatis,
3301 4952 3566 5016 quatenus

1993 5051 2236 5110 tempore
2262 5054 2361 5098 suo
2383 5039 2756 5097 indeﬁcienter
2777 5040 3015 5096 metatis.
3045 5039 3282 5097 Domnus
3305 5035 3566 5093 Ricardus

1584 5133 1819 5190 VARI/8
1855 5131 2146 5193 LECTION
2155 5129 2256 5187 ES.

375 5230 448 5264 δι’
482 5229 574 5285 Sic
605 5229 698 5300 qui
741 5245 840 5283 ms.
890 5237 938 5282 et
979 5225 1132 5300 Edit.
1161 5227 1244 5300 sic
1270 5228 1420 5300 enim
1449 5225 1542 5296 qui

1649 5225 1717 5258 “°
1748 5226 1872 5281 Haec
1913 5223 2257 5287 charissimi,
2304 5239 2401 5276 ms.
2455 5231 2502 5276 et
2535 5221 2638 5276 Ed.
2687 5221 2838 5285 hare,
2892 5215 3213 5287 charissime

3317 5213 3385 5246 ιιι
3447 5213 3568 5269 σοι-

309 5301 419 5354 lata
445 5283 567 5354 cum
595 5283 772 5354 ebdem
803 5315 898 5354 ms.
977 5297 1046 5337 ⁵³⁸
1073 5297 1207 5364 Quia
1236 5297 1434 5353 clerico
1460 5283 1556 5350 ms.
1589 5295 1711 5365 quia
1740 5296 1967 5350 Domino
1995 5295 2223 5352 Ursionc
2244 5283 2442 5348 clerico
2513 5292 2584 5365 ‘1'"
2606 5283 2889 5365 Non_i_l_lu_m
2911 5305 3022 5365 ius.
3055 5301 3154 5342 nos
3186 5285 3332 5340 illum
3406 5283 3569 5365 "‘“Et

311 5373 468 5442 longe
487 5386 586 5423 ms.
611 5369 883 5442 _tlc_l_onge_
936 5368 1010 5400 ⁸³³
1039 5368 1446 5424 Coufessionem
1492 5366 1750 5442 titttmilus
1780 5383 1880 5419 ms.
1911 5365 2350 5442 confessionem:
2395 5377 2493 5442 nos

2533 5361 2656 5431 plus
2723 5361 2794 5393 ⁸³⁸
2825 5358 3010 5431 Nullus
3047 5371 3243 5427 cogere
3285 5371 3383 5410 ms.
3429 5353 3570 5409 ullus

306 5429 508 5512 cog‘ére
581 5439 659 5512 9",
690 5429 1259 5512 ljon‘r'placctms.‘non
1292 5445 1479 5508 peccet
1535 5429 1963 5512 _“f:_Arguan_tur
2009 5441 2403 5512 nisuarguatur
2473 5429 2548 5466 ⁸³⁵
2569 5431 2835 5512 Quoniam
2861 5429 3134 5512 rationem
3168 5439 3564 5512 umquam‘ra:

309 5497 516 5568 tio‘hcm
593 5508 664 5542 'M
697 5509 773 5564 lle
805 5497 938 5578 ﬁeri,
972 5509 1200 5566 consilio
1236 5497 1334 5563 ms.
1389 5523 1447 5564 re
1505 5505 1664 5564 simili
1721 5497 1946 5564 consilio
2021 5497 2286 5560 “"Siniul
2340 5504 2385 5560 si
2434 5497 2610 5575 poscit
2670 5518 2767 5558 ms.
2833 5499 2990 5557 simul
3045 5497 3116 5554 illi
3186 5497 3469 5553 consilium
3521 5497 3564 5548 si

307 5583 484 5650 poscit
