3898 6052
413 195 548 254 H75

969 199 1026 253 S.
1054 199 1356 258 ANSELMI
1385 199 1734 259 CANTUAB.
1765 200 2086 260 ARCillEP.
2129 201 2279 258 OPP.
2322 203 2500 261 PARS
2545 203 2629 259 ll'l.
2666 236 2734 245 —
2769 202 3012 262 ΕΡιὸΤο
3028 206 3161 262 ΙΑΕ.

3527 205 3688 266 H75

406 311 550 369 lator
575 306 736 381 hujus
775 309 1014 381 epistola:
1055 316 1306 383 promisit
1355 318 1510 375 nobis
1557 333 1616 374 se
1657 317 1724 372 ad
1772 331 1892 382 nos,
1931 314 1978 370 si
2014 316 2058 374 Λ
2095 311 2348 378 Possem.
2396 318 2468 370 mi
2515 315 2869 382 charissima,
2920 332 3270 374 commonere
3322 319 3690 378 dilectionem

412 407 552 462 Deus
591 402 666 457 illi
698 403 1050 471 concesserit,
1098 407 1399 465 rediturum
1432 420 1488 466 et
1516 410 1794 466 nobiscum
1827 408 1982 464 dein-

411 513 536 568 ceps
580 512 1014 568 permansurum.
1061 497 1359 558 Precamur
1404 505 1570 576 igitur
1621 504 1982 561 reverentiam

411 596 643 646 vestram
675 597 736 644 ut
763 589 935 658 illum,
983 595 1278 650 secundum
1321 598 1463 665 quod
1506 605 1686 652 vestra
1728 595 1830 651 scit
1857 609 1986 664 pru-

411 681 612 745 dentia,
645 682 995 751 confortetis;
1027 696 1082 742 et
1125 687 1178 742 in
1216 688 1467 744 omnibus
1502 688 1556 743 in
1583 691 1779 758 quibus
1801 699 1986 745 vestro

410 785 544 841 opus
571 770 791 828 habebit
823 776 1040 846 auxilio,
1090 786 1312 849 propter
1341 779 1433 834 Dei
1466 789 1520 835 et
1561 787 1805 835 nostrum
1837 794 1986 835 amo-

409 876 522 916 rem
569 859 855 928 adjuvetis.
907 865 1192 922 Dominum
1223 876 1466 922 nostrum
1508 871 1760 924 comitem
1807 869 1984 924 virum

408 963 668 1021 vestrum,
700 965 754 1011 et
784 955 920 1010 ﬁlios
950 967 1182 1023 vestros,
1219 975 1316 1014 vos
1353 959 1466 1028 ipsa
1493 975 1555 1014 ex
1596 971 1780 1016 nostra
1808 932 1987 1032 parte‘,

406 1043 531 1111 quia
565 1045 858 1102 lideliorem
888 1049 1134 1102 nuntium
1179 1049 1245 1103 de
1276 1049 1430 1104 nobis
1481 1049 1548 1104 ad
1595 1050 1716 1106 illos
1745 1067 1851 1107 non
1884 1051 1984 1106 ha-

407 1133 618 1202 bemus,
650 1137 789 1191 sicut
817 1153 914 1206 pro
945 1139 1141 1193 vestris
1181 1139 1427 1194 ﬁdelibus
1453 1143 1702 1197 salutate.

867 1251 1206 1308 EPISTOLA
1245 1253 1389 1308 XXV
1431 1255 1518 1309 ⁸⁵⁸.

958 1357 1026 1397 AD
1063 1359 1427 1400 GUILLELIIUM.

405 1424 474 1482 Ut
505 1429 552 1483 si
589 1428 771 1500 diligat
801 1431 1131 1517 Αηδεινηιιηι3
1158 1436 1327 1517 veniat
1356 1433 1579 1489 Beccum
1599 1475 1615 1500 ,
1655 1445 1702 1488 ct
1735 1434 1987 1489 arculum

1126 1513 1291 1558 καὶαι.

1121 1509 1158 1556 'u
1197 1509 1291 1558 ἰαί.

477 1587 589 1642 Suo
617 1589 837 1656 dilecto,
890 1607 989 1647 suo
1035 1509 1304 1655 dillecgtori.
1341 1609 1440 1649 suo
1483 1594 1793 1651 desiderato
1821 1596 1988 1653 Gen.-

2086 415 2243 460 tuam
2280 422 2344 461 ex
2378 408 2561 464 multis
2582 423 2754 465 sacras
2779 408 3072 481 Scriptum:
3103 413 3282 481 dictis,
3309 422 3369 467 ut
3405 416 3682 471 mundum

2084 504 2142 553 et
2187 499 2686 568 concupiscentiam
2732 501 2854 570 ejus
2893 512 3302 568 contemneres;
3341 505 3389 559 si
3433 521 3494 560 ea
3546 493 3684 578 qua:

2086 589 2183 643 tibi
2214 589 2458 646 dicturus
2506 607 2682 648 essent
2730 594 2848 662 ipse
2907 596 3169 652 nescires.
3218 596 3509 664 Memento,
3539 599 3678 655 cha-

2085 682 2328 749 rissime,
2383 685 2510 754 quia
2554 701 2651 756 per
2681 687 2976 742 vanitatem
3021 690 3317 745 transimus
3351 691 3418 745 ad
3462 691 3680 745 verita-

2086 783 2216 830 tem.
2252 776 2366 831 Noli
2409 793 2596 834 amare
2633 781 2954 847 vanitatem,
3008 782 3054 837 si
3085 783 3167 837 vis
3197 783 3443 839 obtinere
3467 785 3676 839 verita-

2087 875 2218 922 tem.
2249 869 2399 924 Scito
2427 869 2557 939 quia
2595 870 2646 924 in
2687 870 2966 942 Anglicam
3022 883 3222 928 terram
3264 883 3394 929 ante
3431 876 3672 930 mediam

2087 959 2230 1016 hanc
2280 960 2758 1032 Quadragesimam
2809 964 3149 1034 proﬁciscor,
3198 966 3344 1021 circa
3396 965 3672 1024 Pentecoo

2089 1060 2232 1116 sten,
2283 1053 2391 1108 Deo
2423 1063 2717 1122 annuente,
2769 1057 3156 1112 monasterium
3202 1069 3446 1114 nostrum
3483 1072 3677 1114 rever-

2089 1156 2267 1196 surus.
2299 1140 2356 1196 Si
2392 1150 2569 1198 tamen
2602 1144 2743 1200 Deus
2785 1145 3078 1217 inspiraret
3106 1147 3202 1203 tibi
3243 1149 3386 1217 quod
3411 1147 3673 1203 desidem

2089 1242 2145 1288 et
2168 1234 2310 1303 quod
2342 1233 2440 1289 tibi
2463 1235 2762 1305 expediret,
2797 1238 2905 1293 scis
2932 1239 3056 1309 quia
3099 1255 3303 1309 semper
3337 1240 3509 1293 nocuit
3559 1240 3674 1308 dif-

2089 1326 2228 1395 ferre
2256 1325 2321 1358 “7
2350 1329 2572 1396 paratis,
2619 1345 2718 1385 nec
2764 1330 3015 1386 deessent
3059 1333 3153 1401 qui
3193 1341 3253 1387 te
3295 1347 3418 1386 cum
3471 1334 3674 1402 gaudio

2089 1417 2446 1486 susciperent,
2497 1421 2634 1474 sicut
2679 1433 3036 1492 susceperunt
3082 1425 3244 1489 olim,
3292 1440 3379 1479 me
3419 1427 3672 1493 absente,

2090 1509 2344 1566 similiter
2404 1510 2658 1566 domuum
2727 1513 3018 1568 Rodulfum
3094 1516 3263 1570 ﬁlium
3336 1515 3670 1573 Lanscelini.

2092 1596 2446 1670 Omnipotens
2484 1599 2742 1656 Dominus
2789 1604 3080 1673 praeveniat
3125 1619 3314 1661 omnes
3359 1605 3671 1663 voluntates

404 1695 581 1736 ιειιιο
614 1682 686 1714 ⁸⁵³
723 1682 893 1738 frater
928 1685 1214 1741 ANSELIUS
1242 1686 1418 1742 dictus
1454 1687 1621 1743 abbas
1654 1689 1835 1755 Becci,
1876 1705 1983 1744 non
2018 1671 2062 1734 Β
2092 1701 2144 1748 et
2175 1694 2422 1749 actiones
2465 1702 2590 1748 tuas
2634 1711 2732 1750 suo
2773 1697 3035 1762 consilio,
3085 1709 3142 1752 et
3169 1698 3530 1770 subsequatur
3573 1715 3681 1757 suo

407 1773 633 1840 diligere
677 1777 960 1841 mundum,
994 1792 1095 1831 nec
1141 1793 1202 1832 ea
1243 1794 1362 1848 qua:
1391 1779 1444 1834 in
1479 1781 1682 1836 mundo
1709 1789 1858 1849 sunt,
1890 1784 1984 1839 sed

405 1877 435 1916 a
463 1861 573 1917 Deo
595 1865 766 1918 amari
807 1875 860 1921 et
893 1868 1059 1922 Deum
1086 1883 1289 1923 amare.

475 1946 629 2014 Quod
667 1949 820 2019 prius
860 1951 1035 2006 dicam
1077 1952 1130 2006 in
1177 1952 1405 2022 epistola
1451 1969 1569 2010 mea
1616 1957 1812 2013 dilecto
1852 1958 1985 2015 dile-

403 2037 543 2092 ctori
591 2053 735 2106 meo,
769 2039 869 2094 nisi
901 2040 1040 2112 quod
1072 2043 1310 2099 maxime
1336 2045 1578 2115 postulat
1601 2048 1668 2104 de
1696 2049 1984 2108 dilectione

403 2141 545 2181 mea.
576 2126 770 2182 Anima
819 2143 1052 2200 namque
1081 2132 1276 2189 dilecta
1305 2136 1500 2192 animae
1543 2153 1678 2195 mea:
1723 2141 1985 2198 mittendo

401 2217 612 2274 litteras
664 2219 951 2278 dilectione
1004 2223 1326 2295 flagrantes,
1371 2236 1426 2283 et
1472 2229 1815 2288 dilectionem
1870 2232 1984 2289 fra-

401 2320 646 2381 grantes,
696 2314 829 2384 petit
862 2329 891 2369 a
922 2331 1008 2371 me
1037 2317 1191 2389 signa
1233 2319 1560 2390 dilectionis,
1596 2322 1804 2380 litteras
1847 2341 1984 2382 con-

401 2403 706 2461 solationis.
744 2405 884 2473 Quid
911 2417 1091 2464 autem
1114 2411 1348 2477 dulcius,
1379 2413 1506 2483 quid
1524 2413 1836 2483 jucundius,
1864 2432 1985 2488 quae

402 2494 576 2564 major
621 2498 920 2554 consolatio
970 2499 1271 2569 dilectioni,
1322 2518 1486 2574 quam
1537 2505 1796 2560 dilectio?
1844 2507 1985 2575 Quid

402 2586 568 2654 igitur
593 2587 824 2642 scribam
849 2591 990 2659 quod
1024 2593 1196 2662 magis
1231 2594 1545 2650 consoletur
1576 2605 1628 2651 te
1664 2597 1982 2655 dilectorem

401 2691 583 2730 meum
627 2675 713 2740 W‘,
747 2692 910 2747 quam
941 2680 1065 2750 quia
1097 2682 1174 2735 sic
1207 2689 1257 2736 te
1285 2683 1458 2755 diligit
1505 2685 1686 2740 anima
1724 2701 1871 2754 mea;
1923 2697 1986 2744 ut

400 2765 507 2820 uisi
546 2774 600 2821 te
627 2775 828 2832 teneat,
859 2785 963 2823 non
1001 2771 1315 2827 consoletur
1344 2773 1410 2829 de
1439 2782 1490 2830 te
1517 2789 1616 2831 cor
1648 2791 1855 2844 meum,
1880 2794 1986 2836 nec

401 2855 633 2911 satietur
670 2856 994 2914 desiderium
1030 2875 1230 2917 meum.
1283 2863 1418 2918 Cum
1468 2867 1612 2920 enim
1662 2875 1812 2923 tanta
1852 2869 1985 2927 dile-

400 2947 604 3012 ctione,
649 2958 794 3005 tanta
824 2952 1186 3022 postulatione
1231 2972 1389 3028 rogas
1420 2967 1481 3014 ut
1507 2967 1558 3015 te
1585 2960 1839 3033 diligam;
1879 2965 1980 3021 uti-

401 3054 508 3109 que
546 3039 682 3097 facis
712 3051 772 3098 ut
800 3053 851 3099 te
886 3060 990 3101 non
1035 3047 1210 3103 solum
1236 3049 1516 3108 voluntate
1539 3052 1781 3124 diligam,
1809 3057 1904 3113 sed
1933 3067 1987 3114 et

403 3133 727 3188 neceSSitate
769 3134 1111 3192 desiderem:
1165 3148 1220 3194 et
1272 3150 1420 3198 certe
1477 3143 1612 3198 nihil
1670 3147 1986 3203 consolatur

402 3221 822 3289 desiderantem,
873 3225 975 3280 nisi
1006 3229 1148 3296 quod
1178 3230 1344 3286 satiat
1381 3232 1733 3304 desiderium,
1767 3248 1823 3293 et
1850 3239 1987 3294 nihil

402 3313 578 3382 magis
615 3323 826 3386 torquet
851 3333 1014 3388 quam
1045 3320 1256 3378 dilatio.
1294 3323 1457 3395 Optat
1488 3328 1708 3384 dilectio
1733 3339 1821 3385 tua
1851 3346 1987 3387 con--

403 3402 567 3458 solari
610 3407 840 3475 epistola
879 3409 1191 3469 dilectionis
1231 3429 1398 3481 meae;
1443 3417 1715 3474 desiderat
1763 3420 1984 3478 dilectio

402 3510 522 3551 mea
573 3496 829 3554 delectari
877 3505 1164 3570 praesentia
1213 3507 1519 3564 dilectionis
1565 3519 1689 3567 tum.
1751 3514 1807 3567 Si
1854 3529 1984 3586 ergo

401 3603 512 3641 non
542 3589 624 3643 vis
657 3599 910 3660 torquere
939 3596 1177 3651 animam
1209 3615 1406 3664 meam,
1437 3604 1575 3658 satia
1603 3604 1671 3636 ⁸⁵⁸
1697 3607 1842 3676 quod
1871 3617 1980 3662 tam

403 3675 666 3743 studiose,
719 3689 826 3736 tam
870 3684 1227 3742 vehementer
1270 3691 1594 3758 accendisti,
1651 3695 1981 3753 desiderium

399 3783 602 3826 meum.
648 3771 930 3840 Quomodo
955 3778 1098 3832 eriim
1147 3781 1278 3835 mihi
1327 3783 1463 3839 dicis
1495 3786 1620 3856 quia
1646 3803 1734 3843 me
1775 3789 1977 3861 diligis;

399 3870 456 3915 et
483 3872 543 3917 ut
573 3871 624 3919 te
655 3866 892 3937 diligam,
925 3870 1105 3925 anima
1134 3873 1326 3929 dilecta
1357 3891 1501 3942 mea,
1552 3879 1685 3934 sinis
1732 3890 1982 3952 torquere

400 3957 698 4023 praecordia
750 3962 916 4016 mea?
971 3963 1213 4034 Denique
1258 3967 1302 4021 si
1353 3968 1540 4024 eadem
1588 3971 1800 4028 fervent
1849 3974 1982 4030 dile-

400 4043 582 4099 ctione
609 4046 798 4104 intima
831 4059 944 4117 tua,
991 4067 1096 4122 qua
1129 4064 1185 4110 et
1230 4071 1385 4122 mea,
1426 4074 1648 4116 necesse
1689 4073 1772 4118 est
1805 4072 1976 4120 utco-

401 4133 526 4187 dem
559 4134 828 4193 desiderio
859 4139 1106 4210 liqueﬁat
1148 4144 1330 4200 anima
1359 4155 1446 4201 tua
1479 4164 1586 4218 quo
1616 4159 1671 4205 et
1697 4166 1836 4207 mea.
1873 4153 1980 4208 Sed

399 4225 669 4292 quomodo
712 4228 795 4283 vel
829 4232 1086 4298 possibile
1125 4243 1208 4290 est
1255 4244 1315 4290 ut
1363 4245 1415 4291 tu
1464 4241 1601 4296 velis
1627 4257 1719 4297 me
1760 4244 1980 4315 diligere

2091 1785 2314 1852 auxilio,
2347 1785 2523 1841 amice
2557 1785 2629 1839 mi
2658 1786 2972 1844 dulcissime
3003 1791 3152 1845 cordi
3182 1806 3323 1846 meo.

2443 1907 2602 1977 351
2646 1904 2980 1962 EPISTOLA
3015 1905 3185 1961 χχιι
3221 1906 3313 1961 διε.

2509 2013 2577 2054 AD
2616 2013 2890 2054 MONACHOS
2925 2013 3236 2054 BECCENSES.

2086 2065 2193 2123 Eos
2219 2069 2462 2123 hortatur
2485 2079 2542 2123 ut
2573 2069 2780 2122 absente
2819 2069 3176 2122 cmnobiarcha
3231 2069 3402 2123 vivant
3452 2068 3679 2136 integer-

2160 2141 2288 2192 rime
2313 2154 2332 2192 :
2354 2150 2402 2194 et
2437 2141 2512 2192 eis
2533 2155 2644 2193 sum
2673 2140 2725 2192 in
2752 2138 2941 2208 Anglia
2985 2155 3146 2194 mora:
3171 2155 3358 2192 causas
3409 2139 3602 2192 reddit.

2155 2232 2402 2290 Dominis
2423 2242 2477 2288 et
2510 2231 2770 2286 fratribus
2790 2231 3152 2297 charissimis,
3183 2231 3355 2287 servis
3382 2231 3475 2286 Dei
3513 2229 3677 2288 Beesi

2086 2324 2576 2389 commanentibus,
2604 2321 2772 2377 frater
2798 2321 3081 2377 Aasstuus
3097 2336 3286 2376 servus
3307 2336 3518 2387 eorum,
3536 2335 3678 2376 sem-

2083 2433 2181 2490 per
2205 2420 2272 2474 ad
2296 2417 2518 2472 meliora
2543 2431 2664 2471 cum
2689 2414 2988 2470 humilitate
3009 2413 3290 2484 proﬁcere,
3318 2421 3374 2468 et
3399 2427 3674 2483 nunquam

2085 2510 2334 2566 deﬁcere.

2156 2598 2301 2654 Bene
2327 2598 2554 2664 fecistis,
2580 2600 2706 2670 quia
2731 2599 2800 2654 de
2827 2599 2989 2654 rebus
3009 2596 3191 2652 domui
3220 2595 3458 2666 liugonis
3483 2591 3678 2649 defun-

2085 2691 2180 2756 cti,
2203 2699 2258 2745 et
2283 2693 2350 2745 de
2372 2690 2457 2745 his
2479 2706 2598 2760 qua:
2612 2704 2740 2760 erga
2770 2703 2867 2744 vos
2901 2696 3047 2753 sunt,
3094 2685 3228 2741 mihi
3259 2683 3570 2747 mandastis;
3615 2690 3676 2737 et

2085 2784 2212 2856 quia
2241 2782 2416 2854 gratia
2443 2781 2513 2814 ⁸⁸⁸
2540 2781 2633 2837 Dei
2663 2795 2759 2837 vos
2788 2787 2844 2836 et
2882 2787 3061 2835 vestra
3097 2775 3305 2847 protegi
3357 2772 3675 2838 intimastis,

2085 2891 2175 2932 me
2202 2873 2544 2944 semperhoc
2586 2871 2982 2928 desiderantem
3037 2869 3108 2901 ⁸⁸⁸
3144 2867 3300 2922 valde
3338 2863 3676 2921 laetiﬁcastis.

2089 2967 2358 3036 Quoniam
2382 2973 2562 3021 autem
2594 2979 2690 3020 vos
2719 2964 2834 3019 scio
2861 2978 2968 3018 non
2995 2959 3332 3017 dissimiliter
3357 2956 3679 3012 desiderare

2089 3073 2251 3115 nosse
2278 3073 2398 3128 quae
2421 3057 2564 3113 circa
2593 3070 2681 3111 me
2714 3064 2864 3120 sunt,
2891 3053 3085 3108 scitote
3124 3050 3372 3121 quoniam
3406 3061 3474 3101 ex
3511 3059 3683 3114 quoa

2087 3149 2261 3213 vobis,
2286 3146 2483 3202 vestris
2505 3160 2591 3200 me
2621 3143 3078 3216 prosequentibus
3097 3137 3446 3201 orationibus,
3481 3149 3682 3203 egres-

2088 3257 2182 3298 sus
2204 3258 2345 3308 sum,
2371 3239 2554 3296 omnia
2579 3238 2708 3293 mihi
2737 3250 2995 3308 prospere
3013 3248 3105 3304 per
3125 3231 3218 3286 Dei
3234 3228 3677 3285 misericordiam

2087 3341 2383 3390 evenerunt
2414 3331 2465 3400 (I
2495 3329 2652 3384 Esdr.
2686 3345 2804 3393 vm,
2829 3327 2948 3397 23),
2983 3335 3035 3381 et
3063 3323 3148 3379 his
3165 3322 3262 3392 qui
3283 3336 3495 3376 mecura
3524 3328 3676 3374 sunt.

2090 3426 2408 3490 Ubicunque
2434 3421 2516 3476 vel
2541 3420 2742 3484 eundo,
2767 3418 2853 3474 vel
2879 3415 3139 3472 morando
3166 3429 3319 3480 sum;
3367 3427 3476 3467 non
3514 3411 3677 3466 aliter

2088 3529 2248 3584 quam
2281 3513 2333 3567 in
2358 3519 2543 3568 nostra
2574 3525 2632 3565 re
2655 3508 2895 3579 propria,
2924 3507 3035 3562 Deo
3069 3506 3330 3568 donante,
3367 3517 3506 3558 sum.
3523 3502 3677 3568 Quo-

2087 3606 2230 3659 niam
2262 3619 2390 3658 vero
2413 3618 2505 3658 rex
2533 3603 2779 3657 chartam
2809 3608 3051 3654 nostram
3083 3599 3150 3654 de
3195 3598 3358 3653 rebus
3408 3610 3541 3664 quas
3569 3595 3672 3648 ha-

2084 3693 2276 3749 bemus
2299 3693 2351 3746 in
2373 3691 2589 3762 Anglia,
2622 3689 2833 3745 nonnisi
2860 3687 3218 3759 prasentibus
3239 3684 3538 3746 datoribus,
3575 3682 3673 3751 qui

2085 3801 2191 3840 non
2223 3798 2410 3838 omnes
2437 3783 2490 3836 in
2520 3783 2668 3836 curia
2691 3779 2939 3836 Paschaii
2968 3773 3669 3845 adfuerunt,voluitconlir-

2087 3893 2237 3933 mare
2285 3896 2298 3930 :
2347 3876 2508 3945 jussit
2551 3889 2640 3930 me
2684 3888 2856 3942 usque
2914 3871 3290 3926 Pentecostem
3340 3868 3409 3922 ad
3462 3866 3667 3922 curiam

2085 3987 2260 4034 suam,
2295 3970 2382 4024 ubi
2412 3982 2601 4024 omnes
2622 3966 2780 4023 sinnil
2794 3965 3311 4035 jamconvenerunt,
3330 3969 3668 4033 eXSpectare:

2087 4078 2190 4132 qua
2215 4060 2629 4116 conﬁrmatione
2651 4067 2893 4128 peracta.
2927 4057 3037 4112 Deo
3067 4057 3266 4112 vestris
3286 4055 3503 4110 favente
3547 4069 3672 4125 pre-

2083 4154 2259 4216 cibus,
2287 4151 2353 4205 ad
2377 4150 2745 4205 desiderantes
2766 4158 2820 4203 et
2850 4147 3188 4203 desideratos
3233 4161 3382 4202 meos
3424 4146 3674 4202 desidero

2083 4257 2349 4299 remeare.
2389 4239 2581 4294 Notum
2609 4248 2714 4304 est,
2737 4239 2918 4293 dilecti
2959 4238 3066 4292 mei
3116 4237 3213 4301 ⁸³³,
3259 4237 3524 4292 dulcedini
3580 4251 3675 4290 ve—

401 4324 473 4379 te,
499 4323 556 4369 et
591 4325 643 4371 tu
670 4332 777 4373 non
805 4321 1057 4378 similiter
1085 4324 1277 4397 diligas
1307 4329 1435 4383 me?
1461 4329 1540 4385 Ne
1573 4346 1706 4403 ergo
1740 4334 1816 4390 sis
1842 4351 1970 4390 cru-
2005 4357 2050 4414 ι)
2078 4343 2207 4395 stran
2226 4333 2351 4402 quia
2380 4331 2560 4401 religio
2607 4341 2786 4387 vestra
2831 4331 3026 4384 munda
3054 4341 3102 4385 et
3151 4330 3491 4384 immaculata
3533 4328 3677 4399 apud

397 4404 532 4460 delis
573 4407 627 4462 in
664 4411 898 4466 animam
931 4421 1076 4470 tuam
1108 4423 1162 4470 et
1202 4432 1404 4484 meam,
1446 4421 1566 4475 veni
1597 4431 1652 4476 et
1693 4423 1975 4481 consolare

396 4506 542 4552 tuam
579 4510 633 4554 et
676 4517 872 4560 meam.
928 4504 1034 4562 Sed
1080 4523 1204 4564 cum
1247 4511 1446 4566 exieris
1490 4513 1564 4567 de
1593 4514 1813 4571 civitate
1862 4525 1974 4583 tua,

393 4598 514 4642 esto
558 4591 726 4651 Loth:
771 4612 838 4652 ne
887 4601 1148 4669 respicias
1193 4601 1269 4634 ‘W
1306 4612 1454 4660 retro
1500 4604 1654 4678 (Gen.
1706 4623 1819 4672 XIX,
1859 4610 1973 4680 Ην).

393 4687 592 4743 Oculos
639 4688 779 4742 habe
827 4697 976 4754 ante,
1023 4699 1084 4744 ut
1111 4691 1294 4748 discas
1325 4696 1465 4748 viam
1515 4698 1582 4750 ad
1624 4699 1971 4765 veniendum,

2057 4426 2254 4482 Deum
2285 4431 2334 4476 et
2367 4420 2577 4476 Patrem
2598 4431 2674 4475 est
2707 4421 2846 4490 (Jac.
2881 4437 2920 4486 ι,
2957 4420 3050 4492 27)
3080 4420 3406 4476 desiderium
3465 4433 3673 4482 meum,

2080 4528 2132 4572 et
2162 4515 2302 4570 bona
2327 4512 2433 4567 vita
2462 4520 2640 4567 vestra
2663 4519 2746 4566 est
2774 4511 2826 4564 in
2855 4511 2959 4567 hoc
2977 4510 3175 4566 seculo
3189 4509 3443 4581 gaudium
3466 4523 3672 4562 meum.

2082 4605 2138 4661 Si
2171 4603 2303 4676 quid
2332 4617 2462 4673 ergo
2484 4602 2552 4656 de
2579 4611 2758 4657 vestra
2781 4601 3052 4656 charitate
3090 4615 3192 4670 pro
3242 4599 3346 4654 hac
3390 4597 3674 4652 voluntate

2078 4698 2276 4764 merui,
2311 4704 2374 4750 ut.
2399 4704 2626 4759 taceam,
2652 4695 2791 4749 bene
2813 4692 3052 4758 vivendi,
3084 4691 3341 4763 primum,
3385 4689 3533 4759 quod
3561 4705 3676 4743 ma-

395 4793 462 4833 ue
493 4778 694 4834 habeas
742 4792 836 4835 eos
887 4790 1054 4848 retro,
1100 4789 1160 4836 ut
1200 4783 1539 4842 obliviscaris
1589 4789 1731 4843 viam
1784 4792 1850 4847 ad
1886 4807 1973 4847 re—
2070 4790 2160 4859 jus
2189 4799 2298 4856 est,
2332 4801 2543 4856 precor,
2577 4787 2807 4842 obsecro
2833 4785 3053 4840 utbene
3098 4783 3332 4839 vivendo
3384 4780 3674 4835 lmliﬁcelis

391 4869 694 4937 dcundum;
736 4881 1006 4941 quatenus
1053 4889 1175 4928 cum
1224 4875 1483 4946 Apostolo
1533 4881 1859 4936 obliviscaris
1907 4901 1970 4938 ea

388 4979 506 5028 ηἰω
532 4975 671 5018 retro
709 4973 853 5030 sunt,
880 4974 934 5019 et
961 4951 1220 5021 extendas
1249 4976 1300 5022 te
1343 4969 1413 5022 ad
1455 4986 1517 5023 ea
1547 4987 1666 5041 qua?
1691 4982 1815 5027 ante
1842 4982 1969 5028 sunt

388 5050 610 5120 (Philip.
661 5067 744 5114 ιιι,
795 5052 904 5122 l5).
936 5053 1143 5123 Aperte
1187 5055 1329 5122 dico,
1375 5058 1454 5112 sic
1495 5059 1639 5124 veni,
1694 5071 1752 5114 ut
1804 5062 1969 5116 simul

388 5155 792 5210 conversemur,
845 5144 888 5198 si
940 5145 1023 5200 vis
1062 5155 1122 5201 ut
1173 5147 1401 5204 invicem
1451 5164 1551 5205 nos
1601 5151 1964 5208 consolemur.

2079 4883 2336 4937 absentes
2358 4890 2412 4935 et
2439 4887 2734 4948 prazsentes
2759 4893 2855 4932 eor
2877 4891 3076 4938 meum,
3103 4884 3160 4930 et
3188 4875 3254 4930 de
3303 4875 3445 4928 bono
3489 4883 3676 4927 vestro

2079 4973 2350 5043 impleatis
2377 4970 2703 5026 desiderium
2724 4978 2778 5024 et
2798 4969 3054 5037 gaudium
3076 4983 3278 5021 meum.
3331 4965 3399 5020 Et
3419 4981 3528 5034 pax
3549 4964 3672 5028 Dei,

2075 5082 2193 5136 qua:
2215 5073 2494 5134 exsuperat
2527 5078 2732 5115 onmem
2757 5078 2988 5128 sensum,
3021 5059 3281 5115 custodiat
3307 5058 3469 5112 corda
3494 5069 3671 5111 rastra

2075 5167 2122 5210 et
2156 5155 2531 5228 intelligentiae
2559 5165 2750 5209 vestras
2787 5152 3043 5224 (Philipp.
3092 5168 3166 5217 tv,
3216 5152 3270 5220 7)
3327 5168 3341 5203 :
3393 5159 3453 5203 ut
3497 5147 3673 5218 magis

1664 5261 1900 5319 VARIAE
1941 5265 2338 5325 LECTlONES.

456 5366 526 5399 ⁸³³
557 5366 763 5421 Collata
787 5385 905 5422 cum
950 5372 1128 5422 eodem
1161 5387 1257 5423 ms.
1335 5370 1404 5400 ⁸⁸³
1431 5369 1719 5428 Guillelmo
1749 5391 1848 5430 ms.
1878 5376 2159 5434 Guilleneo
2232 5379 2304 5410 ⁸⁸⁵
2353 5379 2712 5432 Dilectionem
2745 5373 2920 5431 meam
2959 5393 3058 5431 ms.
3120 5376 3435 5431 dilectorem
3485 5391 3669 5430 meum

384 5433 633 5514 "'Satis
657 5440 914 5514 tumentia
988 5439 1059 5474 ⁵³⁸
1086 5439 1204 5514 _Non
1231 5441 1490 5514 respicias
1521 5459 1617 5494 ms.
1666 5459 1733 5497 ne
1759 5433 2045 5514 respicias,
2089 5449 2155 5481 ⁸³⁷
2187 5448 2346 5503 Novit
2369 5446 2593 5504 diﬂ'erre
2616 5465 2713 5501 ms.
2733 5448 2916 5502 nocuit
2937 5447 3156 5502 differre
3229 5445 3301 5479 “'
3323 5445 3531 5500 Collata
3548 5461 3672 5498 tum

384 5505 564 5558 eodem
588 5522 689 5561 ms.

389 5573 522 5627 mihi

767 5508 836 5541 ‘i’
865 5509 931 5564 Et
961 5511 1132 5579 gratia
1168 5526 1266 5564 ms.
1310 5520 1366 5567 et
1399 5511 1524 5579 quia
1549 5515 1724 5582 gratia
1801 5508 1871 5547 δ’δ’
1906 5518 2259 5576 Desiderante
2282 5536 2378 5575 ms.
2406 5518 2811 5576 desiderantem
2887 5519 2952 5550 δ”
2985 5518 3174 5573 Dilecti
3216 5518 3328 5572 mei
3345 5533 3441 5570 ms.
3477 5515 3672 5574 dilecti
