3898 6052
315 201 454 256 Πῗτ

1682 207 1808 263 LiD.
1846 210 1908 276 ll,
1949 209 2160 266 EPIST.
2203 211 2392 268 XXIV.

3429 222 3568 279 H78

306 332 372 373 ac
393 318 561 389 magis
597 317 768 390 (quod
791 318 963 389 gratia
992 317 1084 375 Dei
1117 319 1269 394 estis)
1295 321 1504 378 solliciti
1536 324 1648 378 sitis
1678 341 1885 380 servare
1911 337 1959 394 Α
1989 339 2256 390 nostrum,
2288 339 2342 382 et
2369 327 2625 382 domuum
2664 327 2903 384 Odonem
2929 339 3205 401 antiquum
3227 333 3484 402 amicum,
3509 346 3566 396 et

306 415 558 470 unitatem
585 417 800 487 spiritus
822 418 876 472 in
903 417 1106 473 vinculo
1120 419 1264 489 pacis
1291 415 1508 488 (Ep/tes.
1527 433 1602 481 tv,
1621 416 1696 485 5).
1721 416 1881 470 Dom-

303 517 434 559 num
475 504 754 578 Hugonem
802 508 868 564 de
914 508 1166 566 Gornaco
1211 510 1324 581 (28)
1353 509 1421 547 ⁸⁵³
1469 508 1878 566 dilectissimum

1987 434 2184 472 novum
2208 419 2626 474 commilitonem
2657 431 2919 486 nostrum,
2963 431 3018 478 et
3063 424 3175 494 (29)
3217 427 3564 489 charissimas

1989 506 2232 561 dominas
2263 516 2313 562 et
2344 520 2544 564 matres
2566 517 2774 564 nostras
2801 511 3072 567 dominam
3098 513 3287 584 Evam,
3313 527 3367 574 ct
3393 521 3565 577 domi-

1597 614 1834 673 VARUE
1873 615 2166 673 LECTION
2176 616 2281 672 ES.

374 683 446 716 η’
468 683 545 740 De
573 682 823 757 Gornago
857 703 954 742 ηις.
988 687 1055 743 de
1083 687 1331 744 Gornaco

1443 835 1450 844 ,
1473 779 1758 838 JOANNIS
1794 780 1995 836 PlCAR
2005 781 2065 836 Dl
2097 781 2328 848 NOTAE,

371 870 485 944 (28)
523 869 806 944 Dominum
830 871 1104 944 Hugonem
1131 874 1195 928 de
1216 873 1484 944 Gornago,
1510 875 1644 929 alias
1691 889 1879 930 cmen-

291 941 606 1012 datiuSque,
636 941 877 997 Gornaco
897 941 1015 1009 {sic
1049 945 1248 998 etenim
1279 941 1502 1012 epistola
1538 946 1568 998 7
1595 946 1687 998 lib.
1719 959 1795 1006 ιι,
1826 953 1880 997 et

299 1015 442 1082 apud
476 1011 688 1068 Gemm.
721 1012 813 1067 lib.
838 1029 935 1068 vni
956 1055 970 1074 ,
1007 1029 1128 1082 cap.
1159 1015 1192 1068 8
1221 1011 1426 1069 Hister.
1463 1015 1657 1069 ducum
1682 1013 1879 1067 North-

297 1097 644 1154 mannorum,
674 1083 810 1154 etin
843 1084 1134 1153 diplomate
1161 1084 1399 1154 llerluini
1431 1084 1626 1154 legitur
1654 1085 1706 1137 in
1738 1085 1878 1138 hanc

297 1152 643 1223 sententiam.
681 1169 700 1203 ι
738 1152 922 1223 Eidem
974 1154 1302 1209 monasterio
1337 1152 1502 1208 dedit
1537 1154 1685 1223 "Ith
1733 1153 1876 1208 Gor-

297 1222 557 1294 nacensis‘
588 1223 851 1294 decimam
895 1222 963 1278 de
1011 1224 1183 1278 tribus
1236 1222 1775 1294 mansionibusquas
1822 1223 1873 1278 in

295 1291 489 1364 Anglia
545 1291 798 1347 habebat.
852 1311 872 1345 ι
927 1294 1234 1364 lterumque
1304 1295 1354 1348 in
1427 1295 1528 1348 alia
1580 1291 1802 1364 periodo
1856 1311 1869 1347 :

300 1361 572 1432 (Eidem
596 1364 926 1418 monasterio
960 1363 1108 1420 dedit
1146 1361 1300 1432 llugo
1347 1365 1413 1419 de
1447 1361 1696 1421 Gornaco
1719 1364 1874 1418 dimi-

295 1431 439 1502 diam
469 1431 691 1486 multam
741 1432 914 1498 villae,
960 1449 1079 1502 quae
1120 1431 1348 1489 vocatur
1391 1434 1576 1490 Boscis
1620 1433 1870 1499 Girardi,

295 1501 437 1571 quod
465 1511 651 1571 postea
679 1504 949 1558 concessit
975 1501 1110 1558 uxor
1134 1504 1278 1571 ejus,
1303 1513 1356 1559 et
1383 1503 1541 1559 lilius.
1581 1523 1600 1556 ι
1638 1503 1830 1558 Testes
1854 1545 1868 1568 ,

292 1569 554 1642 Aufridus
580 1572 875 1642 monachus
896 1615 910 1639 ,
945 1569 1209 1630 Rodulfus
1248 1574 1393 1629 ﬁlius
1417 1574 1629 1628 Toraldi
1650 1615 1664 1636 ,
1693 1574 1872 1642 Roge-

293 1640 412 1696 rius
459 1640 746 1708 Cochelin,
799 1650 855 1698 et
899 1644 988 1698 alii
1041 1643 1242 1708 plures.
1287 1644 1595 1699 Cornacum
1625 1640 1873 1708 verofde

294 1710 503 1784 quoad
521 1687 761 1784 prtesens
783 1687 865 1768 evs't
891 1687 1151 1784 oppiduni
1163 1687 1595 1768 "sanabilia;
1609 1687 1872 1769 ethe’llo:
1902 1687 1948 1746 Β

292 1781 446 1836 vacis
475 1780 795 1854 ﬁnitimum,
841 1780 1195 1854 spectansque
1217 1799 1284 1838 ex
1307 1784 1587 1854 occidente
1635 1783 1876 1838 Bellova-

294 1863 453 1922 cum;
476 1851 619 1920 quod
643 1851 924 1922 advertere
948 1869 1051 1907 non
1080 1851 1312 1908 otiosum
1339 1851 1490 1918 duxi,
1512 1854 1769 1922 quoniam
1793 1862 1878 1908 est

271 1921 536 1992 .ejusdem
564 1921 798 1992 neminis
824 1923 1106 1977 castellum
1131 1932 1326 1992 quarto
1353 1938 1382 1975 a
1415 1921 1625 1978 Lutetia
1654 1923 1836 1992 lapide
1858 1963 1874 1987 ,

295 1990 362 2064 ad
393 1990 845 2064 praterlluentcm
878 1990 1208 2062 Matronam,
1238 1994 1292 2048 in
1318 2002 1609 2064 conspectu
1633 1990 1878 2049 Calensis

293 2061 675 2117 Parthenonis.

364 2130 478 2201 (29)
519 2129 872 2186 Charissimas
899 2131 1138 2188 dominas
1154 2176 1168 2199 ,
1191 2146 1238 2188 et
1262 2142 1453 2188 matres
1476 2142 1680 2188 nostras
1702 2132 1872 2187 domi-

293 2217 416 2255 nam
446 2202 632 2264 Euam,
656 2212 703 2255 et
725 2202 994 2256 dominam
1022 2202 1298 2258 Basiliam.
1323 2203 1436 2258 Non
1468 2205 1564 2258 abs
1592 2219 1648 2256 re
1678 2212 1736 2256 ut
1759 2218 1873 2256 am-

290 2271 396 2324 bas
420 2271 517 2326 bas
538 2271 1121 2343 matronas_Anse|mus
1142 2273 1372 2343 appellat
1394 2284 1654 2342 :utraque
1674 2273 1872 2328 etenim

293 2349 543 2395 materno
578 2339 680 2396 fuit
728 2341 782 2395 in
814 2340 1114 2398 Beccenses
1155 2339 1358 2398 animo.
1391 2339 1700 2398 Porro'Eva
1726 2383 1740 2406 ,
1776 2359 1874 2396 na-

293 2410 440 2483 _t_i_one
470 2409 969 2483 Franca,__i_ll_us_lris
1008 2428 1208 2482 genere
1232 2455 1246 2477 ,
1285 2414 1464 2483 nupsit
1511 2413 1624 2466 viro
1661 2425 1875 2483 quoque

291 2479 660 2554 i_llustris_simo
684 2480 957 2554 Willelmo
980 2523 994 2546 ,
1012 2479 1341 2554 cognomine
1364 2479 1640 2552 Crispino,
1672 2479 1872 2554 Neastii

294 2548 592 2620 Toparchze
615 2591 630 2612 .
685 2559 742 2607 et
794 2548 1202 2608 Northmamniei
1240 2548 1536 2608 Vulcassini
1571 2551 1872 2620 viceeomili

291 2617 499 2674 comiti.
532 2640 551 2674 ι
605 2621 716 2694 Eva
754 2631 964 2694 autem,
1012 2623 1189 2694 inquit
1236 2623 1544 2694 Chronicon
1574 2617 1880 2694 iBeccense

290 2705 420 2764 ms"
469 2705 530 2745 se
572 2692 816 2762 conjugis
841 2703 1034 2762 aptans
1081 2692 1320 2749 moribus
1369 2693 1534 2764 cmpit
1573 2692 1870 2747 Ecclesiam

290 2757 614 2830 Beccensem
643 2757 760 2830 ρ’τὲ
779 2757 1028 2818 omnibus
1057 2779 1242 2819 amare
1261 2805 1274 2828 ,
1303 2757 1551 2819 abbatem
1591 2773 1646 2817 et
1684 2778 1872 2817 mona-

290 2829 426 2884 chos
471 2830 627 2903 qu_asi
652 2829 722 2903 ex
776 2846 834 2887 se
861 2833 1072 2901 genitos
1103 2835 1230 2890 totis
1256 2834 1553 2890 visceribus
1579 2833 1866 2903 amplecti,

288 2915 485 2969 magna
519 2899 811 2972 devotione
843 2899 1125 2969 venerari,
1156 2916 1334 2959 vestes
1367 2914 1421 2960 et
1451 2899 1783 2972 quaecunque
1814 2903 1867 2957 in

290 2970 631 3024 ornamentis
678 2971 914 3039 pretiosa
963 2973 1224 3034 habebat,
1261 2970 1482 3028 in'usus
1528 2970 1772 3028 ecclesiae
1813 2982 1870 3028 et

1988 876 2421 944 arcltiepiscopO,
2441 874 2625 944 sicque
2647 875 2898 932 defuncta
2915 885 2998 932 est
3021 875 3123 931 alia
3151 878 3424 936 Dominica
3446 897 3558 942 xvr.

1985 943 2212 1018 Kalend.
2262 943 2558 1018 febr-nata,
2613 955 2669 1000 et
2711 947 2946 1015 sepulta,
2987 957 3045 1001 ut
3077 949 3234 1003 talem
3276 965 3558 1018 personam

1984 1014 2231 1086 decebat.
2262 1015 2440 1069 Tertia
2464 1015 2580 1084 ejus
2615 1032 2720 1072 non
2759 1014 2846 1071 diu
2875 1019 3201 1086 supervixit;
3239 1014 3361 1075 nam
3406 1032 3562 1079 aetate

1985 1094 2037 1159 et
2063 1083 2288 1159 jejuniis
2317 1083 2591 1140 attenuata
2626 1087 2790 1159 cmpit
2843 1083 3059 1154 repente
3089 1088 3288 1159 viribus
3320 1095 3561 1159 corporis

1983 1153 2224 1208 destitui.
2261 1156 2386 1210 Post
2417 1166 2646 1210 mortem
2693 1153 2835 1210 (Enim
2883 1153 2980 1211 viri
3031 1159 3111 1211 sui
3155 1153 3560 1216 Willelmi'Cri-

1983 1224 2120 1292 spini
2177 1227 2322 1300 omni
2369 1226 2714 1300 continentiae
2760 1242 2848 1300 se
2885 1228 3246 1300 mancipavit,
3301 1231 3560 1300 lleccique

1978 1309 2149 1367 usque
2170 1295 2235 1348 ad
2278 1295 2436 1367 finem
2473 1297 2597 1351 vita:
2648 1297 2700 1350 in
2756 1295 2849 1351 Dei
2904 1295 3126 1352 servitio
3171 1295 3556 1367 perseveravit.

1978 1361 2463 1439 limeanteplures
2495 1382 2664 1439 annos
2687 1383 2900 1439 sacrum
2946 1361 3187 1439 velamen
3218 1381 3500 1439 acceperat
3529 1387 3558 1425 a

1975 1433 2240 1555 pra-dicto
2269 1433 2543 1490 Willelmo
2590 1437 3029 1508 Rothomagensi.
3059 1437 3303 1507 Cumque
3346 1433 3396 1494 in
3443 1441 3558 1496 dies

1999 1518 2204 1555 anguor
2228 1515 2517 1555 cresceret.
2547 1515 2602 1555 et
2639 1507 2750 1555 insa
2773 1507 3014 1555 mmtidie
3039 1508 3104 1555 ad
3129 1509 3409 1555 eeclesia-n
3438 1526 3558 1555 πριι-

1999 1515 2518 1578 anguorcresceret,
2547 1515 2602 1578 et
2639 1507 3014 1578 ipsa_quOtidie
3039 1508 3104 1562 ad
3129 1509 3409 1563 ecclesiarn
3438 1526 3559 1578 per-

1977 1581 2164 1642 geret,
2197 1573 2284 1629 die
2308 1574 2623 1630 festivitatis
2656 1575 2714 1630 S.
2745 1573 3014 1632 Vincentii
3037 1618 3051 1640 ,
3085 1593 3245 1633 mane
3265 1595 3323 1634 se
3353 1573 3480 1634 fecit
3505 1581 3558 1635 in

1976 1642 2263 1698 ecclesiam
2315 1645 2472 1712 duci,
2518 1644 2699 1714 ibique
2748 1662 2777 1700 a
2833 1656 2943 1702 toto
2985 1657 3250 1703 conventu
3302 1651 3551 1714 visitata,

1979 1722 2141 1782 atque
2170 1713 2418 1778 inuncta,
2461 1723 2584 1768 ante
2612 1713 2797 1770 fallare
2841 1715 3130 1780 Crucilixi,
3189 1731 3381 1772 caetera
3435 1713 3554 1782 utne

1980 1737 2141 1782 atque
2171 1737 2418 1778 Illullcul,
2461 1737 2584 1768 altu:
2627 1737 2797 1770 altare
2841 1737 3130 1780 ht'UCIIIXI,
3189 1737 3381 1772 cmtera
3475 1738 3554 1776 tlte

1980 1783 2335 1856 morientibus
2369 1784 2696 1838 Christianis
2737 1784 2914 1839 solent
2973 1786 3244 1848 exhiberi,
3284 1737 3556 1856 persoluta

1986 1863 2113 1907 sunt
2139 1854 2207 1907 ei.
2242 1852 2486 1922 Cumque
2511 1863 2805 1908 conventus
2829 1857 3123 1921 recederet,
3148 1852 3354 1911 elevata
3396 1874 3554 1914 manu

1977 1923 2215 1992 signavit
2236 1938 2329 1979 eos
2355 1924 2545 1978 dicens
2578 1942 2592 1977 :
2641 1925 2751 1978 Deo
2778 1940 2876 1980 vos
2901 1927 3240 1989 commendo,
3299 1927 3419 1981 lilii.
3469 1930 3549 1982 Di-

1978 1992 2176 2066 iigebat
2193 1993 2334 2047 enim
2362 2004 2477 2066 tam;
2501 2002 2680 2048 tenere
2707 2009 2821 2057 eos,
2846 1995 2997 2066 quasi
3023 2011 3210 2050 omnes
3233 1998 3549 2066 peperisset.

1977 2062 2109 2116 Dein
2137 2064 2356 2118 domum
2388 2064 2630 2130 reducta,
2661 2066 2785 2117 dum
2816 2065 2882 2117 ad
2909 2064 3081 2118 locum
3110 2062 3342 2131 sederet,
3369 2068 3504 2121 dixit
3537 2087 3549 2121 :

1977 2132 2204 2204 Videtur
2265 2133 2397 2204 mihi
2461 2136 2602 2203 quod
2659 2148 2760 2203 ego
2816 2144 2870 2188 et
2920 2135 3058 2204 ignis
3104 2136 3204 2189 iste
3259 2153 3444 2191 sumus
3503 2139 3554 2191 in

1977 2202 2225 2276 ecclesia.
2254 2203 2347 2276 Sic
2387 2202 2551 2276 diem,
2609 2213 2664 2259 et
2695 2202 3007 2273 sequentem
3040 2214 3254 2259 noctem
3287 2208 3552 2276 transigit.

1976 2272 2108 2325 Cum
2131 2271 2242 2344 jam
2270 2274 2335 2326 ad
2365 2275 2570 2328 exitum
2604 2271 3009 2344 propinquaret,
3068 2276 3294 2331 aderant
3322 2271 3540 2339 lratrés,

1976 2353 2034 2396 ut
2072 2343 2294 2411 psalmis
2323 2352 2378 2414 et
2434 2343 2772 2398 orationibus
2826 2345 2874 2398 ei
2920 2345 3286 2408 subvenirent,
3332 2347 3550 2414 quando

1975 2427 2111 2484 opus
2143 2425 2307 2468 esset.
2337 2413 2484 2467 Inter
2513 2430 2646 2483 quos
2670 2414 2767 2468 fuit
2795 2414 3033 2484 quidam,
3085 2418 3302 2469 nomine
3346 2413 3549 2470 Rodul-

1972 2481 2237 2546 lusJilius
2267 2481 2564 2546 Laneelini,
2590 2484 2680 2552 qui
2708 2481 2827 2538 eam
2859 2485 3085 2554 rogavit,
3111 2493 3192 2552 ut,
3222 2487 3266 2540 si
3298 2487 3552 2554 possibile

1973 2565 2136 2620 esset,
2168 2564 2289 2623 post
2311 2564 2538 2608 mortem
2576 2555 2649 2608 illi
2678 2569 2944 2624 apparens
2971 2553 3178 2610 diceret
3222 2553 3365 2624 quid
3405 2557 3548 2610 iuve-

1974 2625 2164 2678 nisset.
2197 2626 2267 2678 At
2297 2624 2383 2678 illa
2417 2625 2725 2694 spopondit,
2754 2625 2797 2694 si
2839 2625 2978 2694 Deus
3048 2628 3363 2679 concederet
3416 2627 3548 2690 sibi;

1974 2694 2161 2762 sicque
2185 2694 2435 2749 defuncta
2463 2693 2543 2749 est
2578 2694 2732 2749 tertia
2767 2693 3045 2747 Dominica
3077 2710 3109 2748 χ
3138 2694 3255 2748 Kal.
3286 2695 3548 2749 Februar.

1973 2773 2030 2818 et
2065 2766 2227 2818 humo
2252 2766 2448 2820 tradita
2488 2773 2544 2820 et
2572 2764 2812 2833 apposita
2845 2764 2911 2817 ad
2944 2764 3197 2833 pepulum
3249 2779 3428 2819 suum.
3485 2765 3552 2819 Et

1973 2835 2158 2902 paucis
2187 2835 2517 2904 interpositis
2541 2834 2730 2889 diebus
2755 2843 3039 2903 postquam
3067 2835 3318 2888 defuncta
3349 2845 3432 2888 est
3458 2849 3552 2902 ap-

1972 2905 2153 2974 paruit
2188 2905 2452 2960 monacho
2496 2905 2809 2965 dormienti,
2863 2905 2953 2972 qui
3009 2919 3126 2957 eam
3166 2913 3448 2974 rogaverat
3496 2914 3551 2958 ut

1941 2975 2074 3029 'sibi
2106 2975 2246 3043 quod
2280 2975 2577 3030 invenisset
2629 2975 2980 3028 renuntiaret.
3026 2974 3195 3040 Quam
3237 2991 3355 3028 cum
3386 2974 3549 3027 vidis-

289 3039 518 3123 !ratrum
547 3041 824 3123 expendit,
850 3041 1131 3123 ipsamque
1157 3043 1367 3123 Domini
1387 3052 1642 3123 matreth
1665 3055 1719 3123 ent
1747 3043 1866 3123 ejus
1893 3039 1938 3102 C
1969 3055 2068 3104 set,
2099 3039 2177 3123 ait
2204 3062 2217 3097 :
2247 3044 2383 3112 Quid
2405 3054 2514 3123 est,_
2533 3045 2782 3098 domina?
2805 3039 3082 3123 Quomodo
3114 3055 3164 3123 te
3195 3045 3399 3098 habes?
3420 3043 3552 3123 _Re-

291 3109 627 3164 Dcecensem’
672 3109 970 3167 Ecclesiam
1023 3109 1134 3167 toto
1174 3115 1337 3168 corde
1368 3114 1574 3167 dilexit.
1607 3109 1867 3168 Defuncto

289 3180 553 3250 \iroejus
577 3179 874 3247 Willelmo,
908 3191 1075 3236 totam
1101 3199 1161 3238 se
1191 3184 1257 3239 ad
1293 3183 1386 3240 Dei
1421 3183 1699 3238 servitium
1732 3197 1866 3237 con-

288 3249 476 3322 vertit,
497 3251 691 3322 vivens
723 3252 776 3306 in
800 3261 986 3306 sancta
1018 3253 1281 3308 viduitate
1301 3295 1315 3317 ,
1339 3252 1557 3322 jejuniis
1583 3262 1634 3308 et
1666 3254 1868 3307 oratio-

289 3321 448 3374 nibus
495 3319 698 3375 intenta
724 3361 740 3387 ,
767 3331 1024 3391 quantum
1056 3337 1221 3378 sexus
1251 3319 1502 3378 vel'a'elas
1529 3323 1864 3392 patiebatur,

287 3404 512 3444 carnem
560 3398 617 3463 et
658 3392 903 3462 saginam
941 3408 1110 3463 usque
1159 3394 1226 3448 ad
1267 3392 1428 3448 tinem
1477 3394 1603 3448 vita:
1633 3407 1740 3463 non
1771 3407 1868 3463 gu-

289 3468 472 3533 stans,
507 3459 916 3533 heleemosynas
972 3459 1169 3533 multas
1232 3463 1592 3532 indigentibus
1637 3459 1864 3518 faciens.

290 3528 419 3603 Post
455 3528 677 3603 _aliquot
727 3528 900 3603 annos
934 3547 963 3584 a
990 3531 1265 3603 Willelmo
1321 3528 1742 3603 lj'othomagensi
1781 3549 1868 3587 ar-

290 3598 640 3667 chiepiscopo
662 3600 860 3664 velata,
886 3601 939 3654 in
971 3601 1304 3667 subjectione
1332 3598 1619 3656 Beccensis
1638 3603 1867 3656 etetiobii

290 3670 593 3740 permansit
633 3685 804 3738 usque
855 3670 921 3724 ad
971 3679 1232 3736 mortem;
1272 3680 1325 3725 et
1363 3672 1615 3726 defuncta
1659 3672 1867 3740 sepulta

289 3735 553 3809 estjuxta
583 3735 769 3809 rviruin
822 3754 996 3793 suum.
1038 3759 1057 3792 ι
1096 3740 1386 3809 [lucusque
1412 3742 1480 3794 de
1511 3741 1620 3794 Eva
1660 3735 1869 3793 in'nar-

289 3808 505 3879 ratione
561 3808 627 3864 de
667 3807 786 3877 ejus
823 3812 942 3864 viro
979 3809 1271 3877 Willelmo,
1295 3807 1412 3879 _qui
1459 3811 1560 3864 sub
1583 3817 1868 3879 extremae

289 3878 416 3932 vita:
465 3877 580 3934 dies
633 3879 1002 3934 monachalem
1057 3880 1230 3935 induit
1276 3877 1538 3934 circanam
1581 3877 1776 3943 Beeci,
1815 3887 1870 3932 et

289 3956 537 4020 mortuus
554 3949 751 4020 ibidem
770 3949 1098 4020 sepulturam
1120 3949 1354 4004 obtinuit
1371 3949 1524 4018 juxta
1546 3947 1867 4020 claustrum,

289 4018 380 4088 ubi
407 4019 634 4073 ecclesia
670 4018 980 4074 :edillcanda
1031 4029 1172 4074 erat.
1227 4020 1355 4074 Post
1403 4034 1564 4074 unam
1617 4018 1866 4088 paginam

288 4087 599 4144 Chronicon
633 4091 815 4144 subdit
857 4091 1220 4146 narrationem
1257 4091 1322 4145 de
1355 4092 1542 4146 eadem
1591 4087 1729 4148 Eva,
1762 4087 1868 4143 Ba—

291 4158 434 4219 silia,
459 4166 514 4212 et
542 4159 787 4226 Aul'rida,
811 4159 1049 4226 ejusdem
1075 4170 1263 4229 nepte,
1289 4176 1451 4230 quam
1484 4161 1570 4213 hic
1597 4167 1856 4226 attexam,

290 4237 353 4281 ut
396 4237 583 4296 pareat
621 4231 813 4283 iterum
842 4231 982 4283 unde
1012 4230 1299 4285 Auselmus
1341 4234 1474 4285 duas
1513 4230 1726 4298 priores
1775 4243 1870 4297 ap-

287 4298 460 4370 pellet
483 4307 713 4370 matres;
745 4300 825 4356 sic
867 4301 1113 4370 ergoiait
1157 4301 1458 4354 Cltronicon
1491 4315 1506 4353 :
1545 4315 1566 4350 α
1601 4299 1866 4370 Tempore

288 4368 465 4423 sancti
493 4369 731 4424 Anselmi
763 4368 974 4424 abbatis
1005 4369 1184 4435 Beeci,
1219 4377 1328 4424 tres
1363 4379 1621 4423 matronae
1657 4369 1864 4424 nobiles

289 4451 348 4492 se
378 4439 651 4508 edederunt
687 4440 740 4494 in
795 4440 1182 4507 subjectionem
1227 4440 1468 4508 ejusdem
1502 4439 1634 4502 loci,
1674 4439 1867 4493 Basilia

289 4507 506 4579 scilicet
525 4525 663 4563 uxor
690 4509 931 4579 Hugonis
961 4511 1026 4565 de
1055 4507 1324 4576 CornaCo,
1350 4521 1404 4564 et
1427 4508 1668 4579 Arull'rida
1694 4510 1868 4576 neptis

289 4577 461 4647 ipsius
488 4578 726 4645 Basi-l'iat,
757 4577 811 4635 et
838 4581 946 4634 Eva
990 4595 1128 4633 uxor
1160 4579 1413 4635 Willelmi
1451 4578 1706 4648 Crispini.
1739 4581 1868 4640 Qua:

288 4657 403 4702 tres
431 4662 552 4703 cum
598 4650 758 4705 simul
802 4650 960 4706 Becci
1007 4651 1280 4715 viverent,
1309 4651 1462 4719 quasi
1508 4650 1867 4704 condixerunt

287 4719 418 4783 sibi,
451 4728 510 4772 ut
539 4719 603 4775 de
632 4722 734 4775 hoc
764 4723 963 4775 mundo
992 4736 1097 4774 una
1127 4730 1250 4789 post
1297 4719 1456 4774 aliam
1490 4719 1864 4773 transvehere-

291 4799 411 4854 lul‘,
452 4800 507 4846 et
556 4801 666 4846 tres
703 4791 1001 4846 dominicas
1048 4791 1366 4859 elegerunt,
1397 4791 1448 4844 in
1483 4791 1677 4858 quibus
1702 4790 1865 4841 vitam

289 4859 528 4913 ﬁnirent.
561 4861 628 4915 Et
649 4862 819 4930 prima
847 4861 1086 4916 Aull'rida
1121 4861 1330 4914 Basilite
1361 4860 1556 4930 neptis,
1579 4874 1698 4928 quae
1727 4873 1862 4913 anus

288 4939 408 5002 erat
447 4940 606 4993 aetate
629 4972 644 4995 ,
686 4933 836 5002 virgo
870 4943 1048 4986 autem
1094 4947 1316 4999 corpore
1338 4971 1353 4995 ,
1383 4940 1441 4984 ut
1471 4931 1778 5002 dicebatur,
1810 4938 1864 4982 et

289 4997 407 5070 Deo
429 5009 662 5054 sacrata.
697 4997 826 5068 Quae
871 5018 991 5056 cum
1024 4997 1321 5070 proximam
1355 5001 1543 5054 mortis
1581 5009 1864 5068 exspecta-

289 5077 375 5141 ret
403 5069 624 5134 horam,
673 5073 806 5124 dixit
835 5069 1103 5141 prioribus
1144 5071 1387 5125 Baldrico
1416 5080 1470 5125 et
1507 5070 1776 5141 ilogerio,
1809 5075 1864 5122 et

288 5138 410 5208 aliis
435 5141 522 5208 qui
553 5141 618 5196 ad
645 5138 848 5195 exitum
877 5141 1017 5195 illius
1047 5153 1410 5196 convenerant
1445 5159 1457 5192 :
1491 5139 1717 5205 Quando
1741 5154 1866 5193 oco-

288 5206 371 5262 l’os
394 5206 586 5264 claudo
610 5254 624 5277 ,
655 5212 868 5265 videtur
910 5212 1039 5264 mihi
1082 5212 1271 5264 donms
1313 5212 1414 5265 ista
1461 5210 1615 5278 plena
1648 5209 1784 5264 albis
1809 5218 1864 5262 et

289 5280 462 5347 nigris
484 5283 746 5350 personis.
779 5281 1192 5350 Responderunt
1215 5296 1229 5334 :
1258 5282 1504 5343 Domina,
1525 5295 1645 5334 cmn
1671 5279 1865 5333 albatis

291 5352 529 5418 pergeris
575 5353 640 5405 ad
697 5351 1008 5414 Dominum;
1063 5366 1161 5404 nec
1210 5352 1386 5406 multo
1429 5360 1548 5420 post
1599 5350 1867 5420 expiravit

289 5419 550 5487 jn'ofunda
602 5430 792 5485 nocte,
858 5421 1128 5475 Dominica
1175 5437 1225 5474 tv
1275 5419 1684 5475 Non.’Jauuar.
1748 5420 1862 5486 Qua

288 5489 523 5558 sepulta,
559 5491 721 5559 ccepit
774 5491 1030 5544 infirmari
1070 5491 1262 5546 Basilio
1307 5493 1522 5545 domina
1557 5492 1700 5560 ejus;
1745 5505 1865 5559 qua:

287 5573 412 5630 eum
442 5573 538 5628 per
571 5560 769 5630 aliquot
800 5562 914 5616 dies
959 5561 1104 5628 gravi
1139 5563 1382 5628 corporis
1423 5561 1864 5617 incommoditate

289 5628 674 5695 molestaretur
695 5670 710 5698 ,
739 5630 909 5688 velata
941 5641 1022 5688 est
1050 5647 1079 5686 a
1120 5631 1393 5690 Willelmo
1443 5632 1862 5703 ltothoznagensi

1969 3114 2187 3184 spondit
2220 3129 2278 3168 se
2331 3115 2614 3183 sexaginta
2655 3129 2826 3168 annos
2882 3115 3214 3184 poenitentia:
3254 3115 3545 3183 accepisse.

1965 3183 2049 3238 Ad
2076 3184 2177 3238 hoc
2202 3200 2325 3239 cum
2357 3184 2443 3238 ille
2468 3185 2858 3253 obstupuisset,
2886 3183 2940 3238 et
2962 3186 3463 3254 quaesivitcausam,
3493 3193 3550 3238 et

1967 3256 2082 3307 ait:
2111 3253 2245 3324 Quia
2273 3269 2466 3324 parvos
2487 3262 2728 3324 eaneset
2775 3255 2875 3324 alia
2907 3253 3210 3320 huiusmodi
3239 3269 3376 3307 vana
3401 3267 3550 3308 ama—

1965 3324 2042 3389 vi,
2072 3332 2128 3377 et
2149 3322 2287 3380 ultra
2310 3325 2528 3378 modum
2576 3324 2631 3377 in
2662 3323 2745 3378 bis
2776 3322 3045 3380 delectata
3088 3339 3230 3390 sum,
3273 3324 3394 3378 ideo
3439 3334 3547 3378 tam

1931 3451 1934 3454 ,
1965 3392 2179 3465 longam
2201 3394 2576 3465 pwnitentiam
2599 3394 2803 3465 accepi.
2836 3395 2910 3448 Ita
2935 3395 3016 3449 ha:
3043 3403 3152 3448 tres
3177 3395 3406 3449 dentium
3438 3395 3537 3465 tri-

1965 3463 2067 3535 bus
2095 3463 2386 3519 Dominicis
2417 3480 2444 3519 a
2477 3465 2673 3520 saeculo
2697 3463 3079 3535 niigraverant,
3109 3474 3163 3519 et
3191 3482 3295 3518 una
3326 3464 3540 3533 quidem

1967 3534 2137 3603 prima
2166 3543 2318 3603 parte
2349 3536 2546 3600 noctis,
2574 3545 2632 3589 ut
2662 3534 2917 3598 diximus,
2963 3534 3190 3598 defecit;
3220 3536 3324 3588 alia
3372 3535 3546 3587 media

1967 3613 2150 3670 nocte,
2203 3604 2330 3659 dum
2379 3613 2735 3660 cantarentur
2780 3605 3092 3670 matutinae;
3153 3605 3311 3658 tertia
3370 3619 3544 3665 mane,

1970 3675 2097 3742 dum
2127 3683 2438 3742 cantaretur
2479 3677 2673 3742 prima,
2732 3675 2980 3726 ultimum
3036 3673 3282 3742 spiritum
3327 3673 3545 3728 exhala-

1967 3741 2443 3810 vit._rllucusque
2475 3741 2680 3796 Chron.
2716 3742 3003 3797 Beccense.
3059 3741 3325 3796 Caeterum
3383 3759 3545 3810 quam

1970 3805 2275 3879 _Willelmus
2316 3805 2616 3879 Ci'ispinus,
2645 3811 2866 3879 ejusque
2916 3827 3051 3864 uxor
3089 3811 3199 3864 Eva
3259 3805 3461 3864 fuerint
3494 3813 3544 3866 in

1967 3877 2269 3934 Beccenses
2289 3877 2536 3945 benefici,
2563 3877 3005 3947 litec‘diplomatis
3030 3880 3362 3934 Herluiniani
3394 3882 3540 3934 clau-

1970 3949 2086 4004 sula
2137 3949 2411 4018 propalam
2441 3949 2614 4004 dicit:
2652 3967 2671 4000 ι
2730 3948 2961 4004 l’raefato
2991 3950 3237 4004 coenobio
3281 3951 3543 4004 dederunt

1972 4033 2070 4088 per
2121 4034 2445 4075 consensum
2512 4019 2727 4075 comitis
2771 4019 3179 4073 Norlhmanniae
3248 4018 3546 4073 Willelmus

1971 4089 2252 4158 Crispinus
2280 4097 2336 4144 et
2362 4104 2497 4144 uxor
2537 4089 2653 4156 ejus
2677 4089 2842 4144 lilium
2865 4089 3292 4143 monachandum
3313 4106 3328 4153 ;
3352 4099 3406 4143 et
3429 4106 3549 4142 cum

1972 4173 2036 4213 eo
2059 4159 2377 4214 beneficium
2403 4159 2542 4229 quod
2577 4159 2851 4214 Osberuus
2878 4159 3018 4212 lilius
3064 4158 3304 4212 Vallonis
3335 4159 3550 4213 tenebat

1973 4229 2038 4283 de
2067 4229 2226 4283 deum
2252 4245 2459 4292 cormn,
2489 4229 2800 4292 ecclesiam,
2826 4244 2944 4297 qua:
2990 4229 3090 4282 sita
3137 4237 3219 4282 est
3249 4230 3300 4281 in
3353 4230 3547 4298 burgo,

1972 4300 2061 4367 qui
2090 4310 2312 4355 vocatur
2336 4299 2642 4352 Blanzeium
2696 4314 2817 4352 cum
2848 4300 3099 4352 omnibus
3158 4299 3552 4368 pertinentibus

1901 4370 2036 4452 Ded
2059 4384 2202 4452 eam.
2233 4388 2285 4452 ﬁt
2323 4368 2510 4423 Testes
2536 4368 2799 4452 Arnuli'us
2853 4369 3160 4452 presbyter,
3199 4378 3253 4452 et
3283 4368 3551 4452 ‘llatlulfus

1975 4437 2184 4492 Dastin.
2230 4438 2296 4492 Et
2345 4453 2536 4493 rursus
2583 4439 2727 4492 haud
2772 4438 2959 4506 procul
2997 4437 3162 4492 a‘lide
3191 4437 3498 4507 diplomatis
3535 4457 3546 4490 :

1977 4527 1996 4560 ι
2030 4508 2214 4562 Eidem
2253 4508 2583 4563 monasterio
2611 4507 2759 4560 dedit
2780 4507 3120 4562 Wuillelmus
3144 4508 3427 4576 Crispinus
3453 4509 3549 4560 de-

1971 4580 2168 4633 cimam
2200 4577 2509 4642 molendini,
2541 4587 2595 4632 et
2625 4578 2792 4646 totius
2837 4578 3060 4631 dominii
3085 4579 3166 4632 sui
3202 4579 3345 4646 quod
3386 4577 3552 4632 habe-

1971 4649 2059 4702 bat
2091 4650 2144 4702 in
2173 4647 2602 4703 Maisnilfulbert.
2633 4666 2652 4698 ι
2677 4645 2863 4702 Testes
2883 4646 3127 4718 Paganus
3149 4645 3545 4712 de’Moritania,

1970 4718 2296 4773 Gillebertns
2329 4719 2532 4772 Dastin.
2574 4717 2862 4786 'l‘ertioque
2921 4736 2940 4769 ι
2977 4719 3242 4773 Ρτωαίειο
3271 4727 3546 4771 monaste-

1972 4790 2051 4842 rio
2080 4789 2228 4858 dedit
2255 4788 2553 4845 Willelmus
2569 4788 2850 4858 Crispinus
2870 4787 2934 4842 ad
2962 4787 3240 4842 luminaria
3272 4788 3463 4858 altaris
3492 4787 3544 4840 in

1972 4859 2144 4929 burgo
2179 4857 2338 4914 Pacei
2391 4875 2466 4929 xx,
2508 4855 2708 4929 solidos
2760 4859 2828 4912 de
2879 4858 3135 4929 Teloneo,
3171 4866 3222 4910 et
3262 4857 3322 4929 in
3380 4855 3550 4926 burgo

1968 4925 2303 5000 Estrepignei
2331 4930 2397 4984 de
2428 4927 2661 4983 Teloneo
2685 4944 2753 4982 xx
2782 4929 2982 4983 solidos
3013 4927 3066 5000 in
3119 4925 3364 5000 eamdem
3410 4938 3545 5000 rem,

1968 5009 2022 5052 et
2049 4994 2397 5053 tre—decimam
2422 5000 2585 5053 totius
2611 5014 2838 5053 atmouze
2865 5013 3025 5066 quam
3057 4997 3217 5050 habet
3267 4995 3320 5047 in
3353 4994 3546 5066 eadem

1969 5069 2117 5132 villa,
2151 5078 2204 5124 et
2243 5085 2406 5123 unum
2449 5069 2735 5138 hOSpitcm.
2766 5062 2918 5122 Dedit
2952 5081 3164 5137 quoque
3209 5071 3444 5138 quatuor
3481 5062 3549 5116 li-

1969 5139 2096 5193 bras
2118 5139 2458 5194 denariorum
2485 5134 2678 5209 praeter
2706 5134 3139 5209 supradictosgxx
3161 5134 3362 5190 solidos
3387 5134 3544 5189 datos

1973 5210 2040 5262 ad
2073 5209 2356 5263 luminaria
2385 5210 2439 5263 in
2476 5207 2729 5279 pratalicta
2759 5207 2881 5262 villa
2911 5207 3179 5279 Pacei,_et
3212 5214 3380 5279 totam
3411 5218 3538 5279 paro

1977 5289 2085 5334 tem
2124 5294 2285 5348 quam
2337 5273 2554 5334 tenebat
2589 5281 2639 5334 in
2701 5277 3022 5333 molendinis
3076 5276 3315 5344 ejusdem
3382 5273 3546 5348 vilhe,

1975 5351 2077 5405 hoc
2102 5345 2205 5414 est,
2234 5359 2441 5405 sextam
2471 5360 2677 5420 partem
2705 5349 3156 5420 molendinorum,
3200 5355 3255 5420 et
3285 5345 3540 5420 medieta-

1973 5429 2080 5475 tem
2107 5423 2268 5475 totius
2291 5421 2438 5474 silvze
2473 5415 2800 5490 pertinentis
2849 5419 2916 5490 ad
2945 5433 3019 5490 _se
3066 5419 3117 5471 in
3145 5417 3343 5490 eadem
3398 5415 3542 5490 villa.

1972 5491 2126 5546 Dedit
2166 5493 2327 5544 etiam
2356 5491 2422 5545 de
2478 5485 2700 5544 Telonio
2739 5489 2889 5558 burgi
2941 5487 3184 5558 Linarolt
3232 5503 3300 5540 χι.
3327 5485 3542 5558 solidos

1971 5571 2168 5631 praeter
2193 5563 2497 5631 supradicta
2523 5563 2684 5615 dona.
2726 5556 2992 5631 Deditide
3042 5557 3277 5631 Teloneo
3320 5556 3538 5631 _Blan7.e_i

1975 5625 2039 5687 iu.
2065 5625 2284 5688 solidos".
2313 5631 2467 5688 Dedit
2507 5645 2719 5702 quoque
2770 5630 3113 5688 medietatem
3166 5628 3334 5686 clausi
3393 5625 3535 5696 quo-.1
