  <div class='ocr_page' id='page_1' title='image "/cluster/home/n/w/nwhite01/storage/ocr_20150623/158/hvd.32044054760160/595.png"; bbox 0 0 3898 6052; ppageno 0'>
   <div class='ocr_carea' id='block_1_1' title="bbox 420 152 559 208">
    <p class='ocr_par' dir='ltr' id='par_1_1' title="bbox 420 152 559 208">
     <span class='ocr_line' id='line_1_1' title="bbox 420 152 559 208; baseline 0.007 -1"><span class='ocrx_word' id='word_1_1' title='bbox 420 152 559 208; x_wconf 74' lang='lat'><strong>“79</strong></span> 
     </span>
    </p>
   </div>
   <div class='ocr_carea' id='block_1_2' title="bbox 946 144 3149 210">
    <p class='ocr_par' dir='ltr' id='par_1_2' title="bbox 946 144 3149 210">
     <span class='ocr_line' id='line_1_2' title="bbox 946 144 3149 210; baseline -0.002 -3"><span class='ocrx_word' id='word_1_2' title='bbox 946 150 1005 207; x_wconf 91' lang='lat' dir='ltr'><strong>S.</strong></span> <span class='ocrx_word' id='word_1_3' title='bbox 1044 151 1346 209; x_wconf 78' lang='lat' dir='ltr'><strong>ANSELMI</strong></span> <span class='ocrx_word' id='word_1_4' title='bbox 1391 151 1743 210; x_wconf 80' lang='lat' dir='ltr'><strong>CANTUAR.</strong></span> <span class='ocrx_word' id='word_1_5' title='bbox 1783 147 2102 208; x_wconf 78' lang='lat' dir='ltr'><strong>ARCHIEP.</strong></span> <span class='ocrx_word' id='word_1_6' title='bbox 2136 145 2282 204; x_wconf 84' lang='lat' dir='ltr'><strong>OPP.</strong></span> <span class='ocrx_word' id='word_1_7' title='bbox 2321 145 2502 202; x_wconf 79' lang='lat' dir='ltr'><strong>PARS</strong></span> <span class='ocrx_word' id='word_1_8' title='bbox 2538 145 2624 201; x_wconf 90' lang='lat' dir='ltr'><strong>Ill.</strong></span> <span class='ocrx_word' id='word_1_9' title='bbox 2661 175 2729 186; x_wconf 92' lang='lat'><strong><em>—</em></strong></span> <span class='ocrx_word' id='word_1_10' title='bbox 2766 144 3149 203; x_wconf 57' lang='lat' dir='ltr'><strong>EPISTOLKE.</strong></span> 
     </span>
    </p>
   </div>
   <div class='ocr_carea' id='block_1_3' title="bbox 3599 139 3746 195">
    <p class='ocr_par' dir='ltr' id='par_1_3' title="bbox 3599 139 3746 195">
     <span class='ocr_line' id='line_1_3' title="bbox 3599 139 3746 195; baseline 0.007 -1"><span class='ocrx_word' id='word_1_11' title='bbox 3599 140 3627 194; x_wconf 76' lang='grc' dir='ltr'><strong><em>Ι</em></strong></span> <span class='ocrx_word' id='word_1_12' title='bbox 3646 139 3746 195; x_wconf 68' lang='lat' dir='ltr'><strong>[Sd</strong></span> 
     </span>
    </p>
   </div>
   <div class='ocr_carea' id='block_1_4' title="bbox 415 254 3740 338">
    <p class='ocr_par' dir='ltr' id='par_1_4' title="bbox 415 254 3740 338">
     <span class='ocr_line' id='line_1_4' title="bbox 415 254 3740 338; baseline 0 -18"><span class='ocrx_word' id='word_1_13' title='bbox 415 279 542 320; x_wconf 87' lang='lat' dir='ltr'><strong>nam</strong></span> <span class='ocrx_word' id='word_1_14' title='bbox 569 261 822 320; x_wconf 85' lang='lat' dir='ltr'><strong>Basiliam</strong></span> <span class='ocrx_word' id='word_1_15' title='bbox 853 277 916 318; x_wconf 79' lang='lat' dir='ltr'><strong>ex</strong></span> <span class='ocrx_word' id='word_1_16' title='bbox 947 276 1128 320; x_wconf 89' lang='lat' dir='ltr'><strong>nostra</strong></span> <span class='ocrx_word' id='word_1_17' title='bbox 1155 275 1330 335; x_wconf 88' lang='lat' dir='ltr'><strong>parte,</strong></span> <span class='ocrx_word' id='word_1_18' title='bbox 1367 275 1569 338; x_wconf 90' lang='lat' dir='ltr'><strong>quanto</strong></span> <span class='ocrx_word' id='word_1_19' title='bbox 1590 267 1797 322; x_wconf 83' lang='lat' dir='ltr'><strong>dulcius</strong></span> <span class='ocrx_word' id='word_1_20' title='bbox 1838 272 1993 336; x_wconf 85' lang='lat' dir='ltr'><strong>pote-</strong></span> <span class='ocrx_word' id='word_1_21' title='bbox 2023 269 2070 328; x_wconf 79' lang='grc' dir='ltr'>Α</span> <span class='ocrx_word' id='word_1_22' title='bbox 2101 265 2212 311; x_wconf 81' lang='lat' dir='ltr'><strong>lum</strong></span> <span class='ocrx_word' id='word_1_23' title='bbox 2234 257 2490 327; x_wconf 74' lang='lat' dir='ltr'><strong>gaudium</strong></span> <span class='ocrx_word' id='word_1_24' title='bbox 2528 254 2764 324; x_wconf 62' lang='lat' dir='ltr'><strong>Perfudit</strong></span> <span class='ocrx_word' id='word_1_25' title='bbox 2793 269 2887 320; x_wconf 67' lang='grc' dir='ltr'><strong>(ἔον</strong></span> <span class='ocrx_word' id='word_1_26' title='bbox 2914 270 3114 320; x_wconf 70' lang='lat' dir='ltr'><strong>meum.</strong></span> <span class='ocrx_word' id='word_1_27' title='bbox 3165 264 3432 326; x_wconf 75' lang='lat' dir='ltr'><strong>quantum</strong></span> <span class='ocrx_word' id='word_1_28' title='bbox 3473 255 3740 312; x_wconf 66' lang='lat' dir='ltr'><strong>dilatata</strong></span> 
     </span>
    </p>
   </div>
   <div class='ocr_carea' id='block_1_5' title="bbox 415 353 2000 424">
    <p class='ocr_par' dir='ltr' id='par_1_5' title="bbox 415 353 2000 424">
     <span class='ocr_line' id='line_1_5' title="bbox 415 353 2000 424; baseline 0.002 -15"><span class='ocrx_word' id='word_1_29' title='bbox 415 354 534 419; x_wconf 89' lang='lat' dir='ltr'><strong>stis,</strong></span> <span class='ocrx_word' id='word_1_30' title='bbox 565 353 826 422; x_wconf 90' lang='lat' dir='ltr'><strong>salutate;</strong></span> <span class='ocrx_word' id='word_1_31' title='bbox 859 365 911 410; x_wconf 90' lang='lat' dir='ltr'><strong>et</strong></span> <span class='ocrx_word' id='word_1_32' title='bbox 938 371 1056 423; x_wconf 90' lang='lat' dir='ltr'><strong>eos,</strong></span> <span class='ocrx_word' id='word_1_33' title='bbox 1080 358 1219 414; x_wconf 92' lang='lat' dir='ltr'><strong>sicut</strong></span> <span class='ocrx_word' id='word_1_34' title='bbox 1250 374 1344 414; x_wconf 82' lang='lat' dir='ltr'><strong>vos</strong></span> <span class='ocrx_word' id='word_1_35' title='bbox 1365 369 1421 414; x_wconf 88' lang='lat' dir='ltr'><strong>ct</strong></span> <span class='ocrx_word' id='word_1_36' title='bbox 1450 359 1572 414; x_wconf 89' lang='lat' dir='ltr'><strong>illos</strong></span> <span class='ocrx_word' id='word_1_37' title='bbox 1593 359 1768 424; x_wconf 88' lang='lat' dir='ltr'><strong>decet,</strong></span> <span class='ocrx_word' id='word_1_38' title='bbox 1801 367 1856 412; x_wconf 92' lang='lat' dir='ltr'><strong>et</strong></span> <span class='ocrx_word' id='word_1_39' title='bbox 1898 372 2000 412; x_wconf 84' lang='lat' dir='ltr'><strong>no-</strong></span> 
     </span>
    </p>
   </div>
   <div class='ocr_carea' id='block_1_6' title="bbox 413 445 2002 514">
    <p class='ocr_par' dir='ltr' id='par_1_6' title="bbox 413 445 2002 514">
     <span class='ocr_line' id='line_1_6' title="bbox 413 445 2002 514; baseline 0.003 -17"><span class='ocrx_word' id='word_1_40' title='bbox 413 453 581 498; x_wconf 89' lang='lat' dir='ltr'><strong>stram</strong></span> <span class='ocrx_word' id='word_1_41' title='bbox 623 445 772 501; x_wconf 91' lang='lat' dir='ltr'><strong>scitis</strong></span> <span class='ocrx_word' id='word_1_42' title='bbox 822 446 1155 502; x_wconf 76' lang='lat' dir='ltr'><strong>voluntatem</strong></span> <span class='ocrx_word' id='word_1_43' title='bbox 1191 489 1208 514; x_wconf 93' lang='lat'><strong>,</strong></span> <span class='ocrx_word' id='word_1_44' title='bbox 1261 450 1550 506; x_wconf 80' lang='lat' dir='ltr'><strong>serviendo</strong></span> <span class='ocrx_word' id='word_1_45' title='bbox 1602 460 1658 504; x_wconf 88' lang='lat' dir='ltr'><strong>et</strong></span> <span class='ocrx_word' id='word_1_46' title='bbox 1688 447 2002 504; x_wconf 88' lang='lat' dir='ltr'><strong>honorando</strong></span> 
     </span>
    </p>
   </div>
   <div class='ocr_carea' id='block_1_7' title="bbox 412 536 2000 610">
    <p class='ocr_par' dir='ltr' id='par_1_7' title="bbox 412 536 2000 610">
     <span class='ocr_line' id='line_1_7' title="bbox 412 536 2000 610; baseline 0.003 -21"><span class='ocrx_word' id='word_1_47' title='bbox 412 536 738 592; x_wconf 80' lang='lat' dir='ltr'><strong>confortate.</strong></span> <span class='ocrx_word' id='word_1_48' title='bbox 766 537 822 594; x_wconf 88' lang='lat' dir='ltr'><strong>Si</strong></span> <span class='ocrx_word' id='word_1_49' title='bbox 853 539 1136 610; x_wconf 91' lang='lat' dir='ltr'><strong>plusquam</strong></span> <span class='ocrx_word' id='word_1_50' title='bbox 1194 543 1302 596; x_wconf 84' lang='lat' dir='ltr'><strong>dixi</strong></span> <span class='ocrx_word' id='word_1_51' title='bbox 1337 559 1544 598; x_wconf 90' lang='lat' dir='ltr'><strong>moram</strong></span> <span class='ocrx_word' id='word_1_52' title='bbox 1599 542 1802 609; x_wconf 81' lang='lat' dir='ltr'><strong>fecero,</strong></span> <span class='ocrx_word' id='word_1_53' title='bbox 1865 540 2000 595; x_wconf 86' lang='lat' dir='ltr'><strong>tole-</strong></span> 
     </span>
    </p>
   </div>
   <div class='ocr_carea' id='block_1_8' title="bbox 413 621 2000 702">
    <p class='ocr_par' dir='ltr' id='par_1_8' title="bbox 413 621 2000 702">
     <span class='ocr_line' id='line_1_8' title="bbox 413 621 2000 702; baseline 0.006 -25"><span class='ocrx_word' id='word_1_54' title='bbox 413 633 559 691; x_wconf 89' lang='lat' dir='ltr'><strong>rate;</strong></span> <span class='ocrx_word' id='word_1_55' title='bbox 591 627 715 696; x_wconf 82' lang='lat' dir='ltr'><strong>quia</strong></span> <span class='ocrx_word' id='word_1_56' title='bbox 748 643 904 698; x_wconf 89' lang='lat' dir='ltr'><strong>spero</strong></span> <span class='ocrx_word' id='word_1_57' title='bbox 933 630 985 684; x_wconf 90' lang='lat' dir='ltr'><strong>in</strong></span> <span class='ocrx_word' id='word_1_58' title='bbox 1012 631 1141 697; x_wconf 91' lang='lat' dir='ltr'><strong>Deo,</strong></span> <span class='ocrx_word' id='word_1_59' title='bbox 1175 647 1281 687; x_wconf 92' lang='lat' dir='ltr'><strong>non</strong></span> <span class='ocrx_word' id='word_1_60' title='bbox 1312 633 1416 688; x_wconf 88' lang='lat' dir='ltr'><strong>erit</strong></span> <span class='ocrx_word' id='word_1_61' title='bbox 1446 634 1565 688; x_wconf 91' lang='lat' dir='ltr'><strong>sine</strong></span> <span class='ocrx_word' id='word_1_62' title='bbox 1620 621 1797 702; x_wconf 78' lang='lat' dir='ltr'><strong>aliqua</strong></span> <span class='ocrx_word' id='word_1_63' title='bbox 1850 631 2000 688; x_wconf 88' lang='lat' dir='ltr'><strong>utili—</strong></span> 
     </span>
    </p>
   </div>
   <div class='ocr_carea' id='block_1_9' title="bbox 411 722 540 768">
    <p class='ocr_par' dir='ltr' id='par_1_9' title="bbox 411 722 540 768">
     <span class='ocr_line' id='line_1_9' title="bbox 411 722 540 768; baseline 0.008 -1"><span class='ocrx_word' id='word_1_64' title='bbox 411 722 540 768; x_wconf 88' lang='lat' dir='ltr'><strong>tate.</strong></span> 
     </span>
    </p>
   </div>
   <div class='ocr_carea' id='block_1_10' title="bbox 909 809 1496 868">
    <p class='ocr_par' dir='ltr' id='par_1_10' title="bbox 909 809 1496 868">
     <span class='ocr_line' id='line_1_10' title="bbox 909 809 1496 868; baseline 0.009 -5"><span class='ocrx_word' id='word_1_65' title='bbox 909 809 1245 868; x_wconf 84' lang='lat' dir='ltr'><strong>EPISTOLA</strong></span> <span class='ocrx_word' id='word_1_66' title='bbox 1283 812 1496 868; x_wconf 77' lang='lat' dir='ltr'><strong>XXVII.</strong></span> 
     </span>
    </p>
   </div>
   <div class='ocr_carea' id='block_1_11' title="bbox 1000 917 1417 960">
    <p class='ocr_par' dir='ltr' id='par_1_11' title="bbox 1000 917 1417 960">
     <span class='ocr_line' id='line_1_11' title="bbox 1000 917 1417 960; baseline 0.01 -4"><span class='ocrx_word' id='word_1_67' title='bbox 1000 917 1068 956; x_wconf 77' lang='lat' dir='ltr'><strong>AD</strong></span> <span class='ocrx_word' id='word_1_68' title='bbox 1108 918 1417 960; x_wconf 68' lang='lat' dir='ltr'><strong>ROBERTUM.</strong></span> 
     </span>
    </p>
   </div>
   <div class='ocr_carea' id='block_1_12' title="bbox 423 1001 2000 1087">
    <p class='ocr_par' dir='ltr' id='par_1_12' title="bbox 423 1001 2000 1087">
     <span class='ocr_line' id='line_1_12' title="bbox 423 1001 2000 1087; baseline 0.008 -31"><span class='ocrx_word' id='word_1_69' title='bbox 423 1001 487 1056; x_wconf 83' lang='lat' dir='ltr'><strong><em>U!</em></strong></span> <span class='ocrx_word' id='word_1_70' title='bbox 510 1007 619 1076; x_wconf 77' lang='lat' dir='ltr'><strong>qui,</strong></span> <span class='ocrx_word' id='word_1_71' title='bbox 641 1007 820 1063; x_wconf 82' lang='lat' dir='ltr'><strong>relicto</strong></span> <span class='ocrx_word' id='word_1_72' title='bbox 841 1016 1155 1087; x_wconf 76' lang='lat' dir='ltr'><strong>monasterio</strong></span> <span class='ocrx_word' id='word_1_73' title='bbox 1173 1033 1288 1082; x_wconf 86' lang='lat' dir='ltr'><strong>suo,</strong></span> <span class='ocrx_word' id='word_1_74' title='bbox 1308 1017 1498 1087; x_wconf 78' lang='lat' dir='ltr'><strong>absque</strong></span> <span class='ocrx_word' id='word_1_75' title='bbox 1525 1033 1685 1071; x_wconf 82' lang='lat' dir='ltr'><strong>causa</strong></span> <span class='ocrx_word' id='word_1_76' title='bbox 1703 1026 1751 1071; x_wconf 92' lang='lat' dir='ltr'><strong>et</strong></span> <span class='ocrx_word' id='word_1_77' title='bbox 1776 1016 1886 1086; x_wconf 84' lang='lat' dir='ltr'><strong>ipso</strong></span> <span class='ocrx_word' id='word_1_78' title='bbox 1907 1015 2000 1070; x_wconf 85' lang='lat' dir='ltr'><strong>ab-</strong></span> 
     </span>
    </p>
   </div>
   <div class='ocr_carea' id='block_1_13' title="bbox 744 1083 1682 1150">
    <p class='ocr_par' dir='ltr' id='par_1_13' title="bbox 744 1083 1682 1150">
     <span class='ocr_line' id='line_1_13' title="bbox 744 1083 1682 1150; baseline 0.01 -17"><span class='ocrx_word' id='word_1_79' title='bbox 744 1093 885 1135; x_wconf 83' lang='lat' dir='ltr'><strong>sente</strong></span> <span class='ocrx_word' id='word_1_80' title='bbox 915 1083 1219 1140; x_wconf 77' lang='lat' dir='ltr'><strong>discesserat</strong></span> <span class='ocrx_word' id='word_1_81' title='bbox 1248 1127 1261 1150; x_wconf 92' lang='lat'><strong>,</strong></span> <span class='ocrx_word' id='word_1_82' title='bbox 1292 1104 1351 1141; x_wconf 91' lang='lat' dir='ltr'><strong>eo</strong></span> <span class='ocrx_word' id='word_1_83' title='bbox 1377 1083 1682 1142; x_wconf 77' lang='lat' dir='ltr'><strong>revertatur.</strong></span> 
     </span>
    </p>
   </div>
   <div class='ocr_carea' id='block_1_14' title="bbox 483 1166 2002 1234">
    <p class='ocr_par' dir='ltr' id='par_1_14' title="bbox 483 1166 2002 1234">
     <span class='ocr_line' id='line_1_14' title="bbox 483 1166 2002 1234; baseline 0.007 -13"><span class='ocrx_word' id='word_1_84' title='bbox 483 1166 714 1223; x_wconf 89' lang='lat' dir='ltr'><strong>Domino</strong></span> <span class='ocrx_word' id='word_1_85' title='bbox 743 1181 798 1228; x_wconf 89' lang='lat' dir='ltr'><strong>et</strong></span> <span class='ocrx_word' id='word_1_86' title='bbox 845 1171 1002 1229; x_wconf 82' lang='lat' dir='ltr'><strong>fratri</strong></span> <span class='ocrx_word' id='word_1_87' title='bbox 1054 1175 1368 1233; x_wconf 89' lang='lat' dir='ltr'><strong>dulcissimo</strong></span> <span class='ocrx_word' id='word_1_88' title='bbox 1419 1178 1675 1234; x_wconf 78' lang='lat' dir='ltr'><strong>Ronenro</strong></span> <span class='ocrx_word' id='word_1_89' title='bbox 1719 1177 2002 1234; x_wconf 74' lang='lat' dir='ltr'><strong>Anssuus</strong></span> 
     </span>
    </p>
   </div>
   <div class='ocr_carea' id='block_1_15' title="bbox 401 1257 1626 1340">
    <p class='ocr_par' dir='ltr' id='par_1_15' title="bbox 401 1257 1626 1340">
     <span class='ocr_line' id='line_1_15' title="bbox 401 1257 1626 1340; baseline 0.011 -29"><span class='ocrx_word' id='word_1_90' title='bbox 401 1257 636 1316; x_wconf 83' lang='lat' dir='ltr'><strong>salutem</strong></span> <span class='ocrx_word' id='word_1_91' title='bbox 665 1272 720 1317; x_wconf 90' lang='lat' dir='ltr'><strong>et</strong></span> <span class='ocrx_word' id='word_1_92' title='bbox 743 1264 910 1320; x_wconf 86' lang='lat' dir='ltr'><strong>vitam</strong></span> <span class='ocrx_word' id='word_1_93' title='bbox 935 1269 1192 1338; x_wconf 88' lang='lat' dir='ltr'><strong>consequi</strong></span> <span class='ocrx_word' id='word_1_94' title='bbox 1217 1269 1626 1340; x_wconf 86' lang='lat' dir='ltr'><strong>sempiternam.</strong></span> 
     </span>
    </p>
   </div>
   <div class='ocr_carea' id='block_1_16' title="bbox 481 1350 1996 1432">
    <p class='ocr_par' dir='ltr' id='par_1_16' title="bbox 481 1350 1996 1432">
     <span class='ocr_line' id='line_1_16' title="bbox 481 1350 1996 1432; baseline 0.007 -27"><span class='ocrx_word' id='word_1_95' title='bbox 481 1350 693 1409; x_wconf 88' lang='lat' dir='ltr'><strong>Dictum</strong></span> <span class='ocrx_word' id='word_1_96' title='bbox 724 1365 808 1411; x_wconf 91' lang='lat' dir='ltr'><strong>est</strong></span> <span class='ocrx_word' id='word_1_97' title='bbox 835 1357 964 1413; x_wconf 88' lang='lat' dir='ltr'><strong>mihi</strong></span> <span class='ocrx_word' id='word_1_98' title='bbox 1005 1360 1129 1428; x_wconf 88' lang='lat' dir='ltr'><strong>quia</strong></span> <span class='ocrx_word' id='word_1_99' title='bbox 1176 1369 1461 1432; x_wconf 82' lang='lat' dir='ltr'><strong>postquam</strong></span> <span class='ocrx_word' id='word_1_100' title='bbox 1494 1362 1567 1418; x_wconf 88' lang='lat' dir='ltr'><strong>ivi</strong></span> <span class='ocrx_word' id='word_1_101' title='bbox 1617 1362 1671 1417; x_wconf 92' lang='lat' dir='ltr'><strong>in</strong></span> <span class='ocrx_word' id='word_1_102' title='bbox 1726 1361 1996 1432; x_wconf 80' lang='lat' dir='ltr'><strong>Angliam,</strong></span> 
     </span>
    </p>
   </div>
   <div class='ocr_carea' id='block_1_17' title="bbox 408 1443 1998 1520">
    <p class='ocr_par' dir='ltr' id='par_1_17' title="bbox 408 1443 1998 1520">
     <span class='ocr_line' id='line_1_17' title="bbox 408 1443 1998 1520; baseline 0.006 -23"><span class='ocrx_word' id='word_1_103' title='bbox 408 1443 664 1502; x_wconf 88' lang='lat' dir='ltr'><strong>noluistis</strong></span> <span class='ocrx_word' id='word_1_104' title='bbox 687 1445 742 1501; x_wconf 92' lang='lat' dir='ltr'><strong>in</strong></span> <span class='ocrx_word' id='word_1_105' title='bbox 775 1451 1110 1506; x_wconf 89' lang='lat' dir='ltr'><strong>monasterio</strong></span> <span class='ocrx_word' id='word_1_106' title='bbox 1139 1459 1320 1507; x_wconf 89' lang='lat' dir='ltr'><strong>vestro</strong></span> <span class='ocrx_word' id='word_1_107' title='bbox 1357 1453 1693 1508; x_wconf 85' lang='lat' dir='ltr'><strong>conversari.</strong></span> <span class='ocrx_word' id='word_1_108' title='bbox 1751 1452 1906 1520; x_wconf 87' lang='lat' dir='ltr'><strong>Quod</strong></span> <span class='ocrx_word' id='word_1_109' title='bbox 1953 1452 1998 1507; x_wconf 87' lang='lat' dir='ltr'><strong>si</strong></span> 
     </span>
    </p>
   </div>
   <div class='ocr_carea' id='block_1_18' title="bbox 408 1534 2002 1613">
    <p class='ocr_par' dir='ltr' id='par_1_18' title="bbox 408 1534 2002 1613">
     <span class='ocr_line' id='line_1_18' title="bbox 408 1534 2002 1613; baseline 0.004 -22"><span class='ocrx_word' id='word_1_110' title='bbox 408 1534 610 1592; x_wconf 75' lang='lat' dir='ltr'><strong>factum</strong></span> <span class='ocrx_word' id='word_1_111' title='bbox 639 1546 724 1594; x_wconf 87' lang='lat' dir='ltr'><strong>est</strong></span> <span class='ocrx_word' id='word_1_112' title='bbox 747 1539 889 1597; x_wconf 86' lang='lat' dir='ltr'><strong>bono</strong></span> <span class='ocrx_word' id='word_1_113' title='bbox 924 1541 1108 1598; x_wconf 87' lang='lat' dir='ltr'><strong>animo</strong></span> <span class='ocrx_word' id='word_1_114' title='bbox 1134 1550 1187 1597; x_wconf 89' lang='lat' dir='ltr'><strong>et</strong></span> <span class='ocrx_word' id='word_1_115' title='bbox 1217 1553 1441 1613; x_wconf 85' lang='lat' dir='ltr'><strong>prapter</strong></span> <span class='ocrx_word' id='word_1_116' title='bbox 1466 1542 1845 1599; x_wconf 84' lang='lat' dir='ltr'><strong>rationabilem</strong></span> <span class='ocrx_word' id='word_1_117' title='bbox 1869 1559 2002 1599; x_wconf 90' lang='lat' dir='ltr'><strong>cau-</strong></span> 
     </span>
    </p>
   </div>
   <div class='ocr_carea' id='block_1_19' title="bbox 2103 347 3829 419">
    <p class='ocr_par' dir='ltr' id='par_1_19' title="bbox 2103 347 3829 419">
     <span class='ocr_line' id='line_1_19' title="bbox 2103 347 3829 419; baseline -0.001 -15"><span class='ocrx_word' id='word_1_118' title='bbox 2103 359 2187 405; x_wconf 80' lang='lat' dir='ltr'><strong>e3t</strong></span> <span class='ocrx_word' id='word_1_119' title='bbox 2212 363 2336 419; x_wconf 88' lang='lat' dir='ltr'><strong>spes</strong></span> <span class='ocrx_word' id='word_1_120' title='bbox 2358 362 2474 402; x_wconf 87' lang='lat' dir='ltr'><strong>mea</strong></span> <span class='ocrx_word' id='word_1_121' title='bbox 2508 349 2573 400; x_wconf 86' lang='lat' dir='ltr'><strong>de</strong></span> <span class='ocrx_word' id='word_1_122' title='bbox 2604 347 2776 414; x_wconf 87' lang='lat' dir='ltr'><strong>vobis,</strong></span> <span class='ocrx_word' id='word_1_123' title='bbox 2803 357 3061 416; x_wconf 90' lang='lat' dir='ltr'><strong>quantum</strong></span> <span class='ocrx_word' id='word_1_124' title='bbox 3089 348 3237 417; x_wconf 88' lang='lat' dir='ltr'><strong>prius</strong></span> <span class='ocrx_word' id='word_1_125' title='bbox 3268 349 3510 414; x_wconf 85' lang='lat' dir='ltr'><strong>ardens,</strong></span> <span class='ocrx_word' id='word_1_126' title='bbox 3548 348 3738 402; x_wconf 81' lang='lat' dir='ltr'><strong>vehe-</strong></span> <span class='ocrx_word' id='word_1_127' title='bbox 3827 365 3829 419; x_wconf 49' lang='grc' dir='ltr'><strong>ι</strong></span> 
     </span>
    </p>
   </div>
   <div class='ocr_carea' id='block_1_20' title="bbox 2103 438 3741 498">
    <p class='ocr_par' dir='ltr' id='par_1_20' title="bbox 2103 438 3741 498">
     <span class='ocr_line' id='line_1_20' title="bbox 2103 438 3741 498; baseline -0.004 0"><span class='ocrx_word' id='word_1_128' title='bbox 2103 441 2336 498; x_wconf 88' lang='lat' dir='ltr'><strong>mentius</strong></span> <span class='ocrx_word' id='word_1_129' title='bbox 2359 438 2562 494; x_wconf 83' lang='lat' dir='ltr'><strong>exarsit</strong></span> <span class='ocrx_word' id='word_1_130' title='bbox 2591 438 2915 494; x_wconf 82' lang='lat' dir='ltr'><strong>desiderium</strong></span> <span class='ocrx_word' id='word_1_131' title='bbox 2949 455 3126 494; x_wconf 90' lang='lat' dir='ltr'><strong>meum</strong></span> <span class='ocrx_word' id='word_1_132' title='bbox 3170 441 3235 494; x_wconf 90' lang='lat' dir='ltr'><strong>de</strong></span> <span class='ocrx_word' id='word_1_133' title='bbox 3265 440 3439 494; x_wconf 81' lang='lat' dir='ltr'><strong>vobis.</strong></span> <span class='ocrx_word' id='word_1_134' title='bbox 3488 439 3741 495; x_wconf 78' lang='lat' dir='ltr'><strong>Concu-</strong></span> 
     </span>
    </p>
   </div>
   <div class='ocr_carea' id='block_1_21' title="bbox 2100 531 3829 602">
    <p class='ocr_par' dir='ltr' id='par_1_21' title="bbox 2100 531 3829 602">
     <span class='ocr_line' id='line_1_21' title="bbox 2100 531 3829 602; baseline 0.001 -17"><span class='ocrx_word' id='word_1_135' title='bbox 2100 533 2316 602; x_wconf 91' lang='lat' dir='ltr'><strong>piscunt</strong></span> <span class='ocrx_word' id='word_1_136' title='bbox 2351 531 2503 601; x_wconf 90' lang='lat' dir='ltr'><strong>jam,</strong></span> <span class='ocrx_word' id='word_1_137' title='bbox 2554 531 2885 586; x_wconf 87' lang='lat' dir='ltr'><strong>dilectissimi</strong></span> <span class='ocrx_word' id='word_1_138' title='bbox 2932 531 3079 596; x_wconf 90' lang='lat' dir='ltr'><strong>mei,</strong></span> <span class='ocrx_word' id='word_1_139' title='bbox 3121 533 3528 602; x_wconf 85' lang='lat' dir='ltr'><strong>concupiscunt</strong></span> <span class='ocrx_word' id='word_1_140' title='bbox 3577 533 3734 588; x_wconf 86' lang='lat' dir='ltr'><strong>oculi</strong></span> <span class='ocrx_word' id='word_1_141' title='bbox 3827 531 3829 602; x_wconf 44' lang='grc' dir='ltr'><strong>ι</strong></span> 
     </span>
    </p>
   </div>
   <div class='ocr_carea' id='block_1_22' title="bbox 2102 599 3829 688">
    <p class='ocr_par' dir='ltr' id='par_1_22' title="bbox 2102 599 3829 688">
     <span class='ocr_line' id='line_1_22' title="bbox 2102 599 3829 688; baseline 0.001 -11"><span class='ocrx_word' id='word_1_142' title='bbox 2102 622 2208 678; x_wconf 86' lang='lat' dir='ltr'><strong>mei</strong></span> <span class='ocrx_word' id='word_1_143' title='bbox 2239 622 2416 677; x_wconf 85' lang='lat' dir='ltr'><strong>vultus</strong></span> <span class='ocrx_word' id='word_1_144' title='bbox 2443 631 2671 688; x_wconf 88' lang='lat' dir='ltr'><strong>vestros,</strong></span> <span class='ocrx_word' id='word_1_145' title='bbox 2699 624 2996 678; x_wconf 68' lang='lat' dir='ltr'><strong>extendunt</strong></span> <span class='ocrx_word' id='word_1_146' title='bbox 3018 638 3078 678; x_wconf 90' lang='lat' dir='ltr'><strong>se</strong></span> <span class='ocrx_word' id='word_1_147' title='bbox 3101 623 3319 679; x_wconf 89' lang='lat' dir='ltr'><strong>brachia</strong></span> <span class='ocrx_word' id='word_1_148' title='bbox 3354 639 3479 680; x_wconf 79' lang='lat' dir='ltr'><strong>mea</strong></span> <span class='ocrx_word' id='word_1_149' title='bbox 3516 625 3584 680; x_wconf 90' lang='lat' dir='ltr'><strong>in</strong></span> <span class='ocrx_word' id='word_1_150' title='bbox 3604 640 3734 678; x_wconf 86' lang='lat' dir='ltr'><strong>am—</strong></span> 
     </span>
    </p>
   </div>
   <div class='ocr_carea' id='block_1_23' title="bbox 2101 689 3829 784">
    <p class='ocr_par' dir='ltr' id='par_1_23' title="bbox 2101 689 3829 784">
     <span class='ocr_line' id='line_1_23' title="bbox 2101 689 3829 784; baseline 0.002 -20"><span class='ocrx_word' id='word_1_151' title='bbox 2101 712 2290 781; x_wconf 82' lang='lat' dir='ltr'><strong>plcxus</strong></span> <span class='ocrx_word' id='word_1_152' title='bbox 2312 722 2540 768; x_wconf 88' lang='lat' dir='ltr'><strong>vestros.</strong></span> <span class='ocrx_word' id='word_1_153' title='bbox 2565 713 2882 767; x_wconf 85' lang='lat' dir='ltr'><strong>Anhelatad</strong></span> <span class='ocrx_word' id='word_1_154' title='bbox 2931 713 3114 768; x_wconf 90' lang='lat' dir='ltr'><strong>oscula</strong></span> <span class='ocrx_word' id='word_1_155' title='bbox 3147 724 3322 769; x_wconf 85' lang='lat' dir='ltr'><strong>vestra</strong></span> <span class='ocrx_word' id='word_1_156' title='bbox 3369 729 3430 768; x_wconf 90' lang='lat' dir='ltr'><strong>os</strong></span> <span class='ocrx_word' id='word_1_157' title='bbox 3487 729 3724 777; x_wconf 88' lang='lat' dir='ltr'><strong>meum,</strong></span> <span class='ocrx_word' id='word_1_158' title='bbox 3827 689 3829 784; x_wconf 66' lang='grc' dir='ltr'>Ῐ</span> 
     </span>
    </p>
   </div>
   <div class='ocr_carea' id='block_1_24' title="bbox 2102 803 3721 876">
    <p class='ocr_par' dir='ltr' id='par_1_24' title="bbox 2102 803 3721 876">
     <span class='ocr_line' id='line_1_24' title="bbox 2102 803 3721 876; baseline -0.001 -19"><span class='ocrx_word' id='word_1_159' title='bbox 2102 803 2866 858; x_wconf 85' lang='lat' dir='ltr'><strong>desideratconversationem</strong></span> <span class='ocrx_word' id='word_1_160' title='bbox 2919 815 3157 860; x_wconf 83' lang='lat' dir='ltr'><strong>vestram</strong></span> <span class='ocrx_word' id='word_1_161' title='bbox 3211 805 3477 876; x_wconf 85' lang='lat' dir='ltr'><strong>quidquid</strong></span> <span class='ocrx_word' id='word_1_162' title='bbox 3533 815 3721 860; x_wconf 80' lang='lat' dir='ltr'><strong>restat</strong></span> 
     </span>
    </p>
   </div>
   <div class='ocr_carea' id='block_1_25' title="bbox 2100 894 3719 968">
    <p class='ocr_par' dir='ltr' id='par_1_25' title="bbox 2100 894 3719 968">
     <span class='ocr_line' id='line_1_25' title="bbox 2100 894 3719 968; baseline 0.002 -18"><span class='ocrx_word' id='word_1_163' title='bbox 2100 894 2167 951; x_wconf 88' lang='lat' dir='ltr'><strong>de</strong></span> <span class='ocrx_word' id='word_1_164' title='bbox 2195 898 2303 961; x_wconf 83' lang='lat' dir='ltr'><strong>vita</strong></span> <span class='ocrx_word' id='word_1_165' title='bbox 2343 912 2484 962; x_wconf 87' lang='lat' dir='ltr'><strong>mea,</strong></span> <span class='ocrx_word' id='word_1_166' title='bbox 2511 904 2571 951; x_wconf 87' lang='lat' dir='ltr'><strong>ut</strong></span> <span class='ocrx_word' id='word_1_167' title='bbox 2599 895 2650 951; x_wconf 88' lang='lat' dir='ltr'><strong>in</strong></span> <span class='ocrx_word' id='word_1_168' title='bbox 2682 896 2843 966; x_wconf 89' lang='lat' dir='ltr'><strong>pleno</strong></span> <span class='ocrx_word' id='word_1_169' title='bbox 2891 897 3086 968; x_wconf 88' lang='lat' dir='ltr'><strong>gaudio</strong></span> <span class='ocrx_word' id='word_1_170' title='bbox 3129 895 3322 953; x_wconf 67' lang='lat' dir='ltr'><strong>futura:</strong></span> <span class='ocrx_word' id='word_1_171' title='bbox 3358 898 3487 953; x_wconf 64' lang='lat' dir='ltr'><strong>vita:</strong></span> <span class='ocrx_word' id='word_1_172' title='bbox 3516 899 3719 953; x_wconf 75' lang='lat' dir='ltr'><strong>vobis-</strong></span> 
     </span>
    </p>
   </div>
   <div class='ocr_carea' id='block_1_26' title="bbox 2101 989 3714 1060">
    <p class='ocr_par' dir='ltr' id='par_1_26' title="bbox 2101 989 3714 1060">
     <span class='ocr_line' id='line_1_26' title="bbox 2101 989 3714 1060; baseline 0.001 -17"><span class='ocrx_word' id='word_1_173' title='bbox 2101 1003 2223 1043; x_wconf 94' lang='lat' dir='ltr'><strong>cum</strong></span> <span class='ocrx_word' id='word_1_174' title='bbox 2251 989 2480 1060; x_wconf 78' lang='lat' dir='ltr'><strong>gaudeat</strong></span> <span class='ocrx_word' id='word_1_175' title='bbox 2508 989 2690 1042; x_wconf 89' lang='lat' dir='ltr'><strong>anima</strong></span> <span class='ocrx_word' id='word_1_176' title='bbox 2723 1004 2861 1044; x_wconf 88' lang='lat' dir='ltr'><strong>mea.</strong></span> <span class='ocrx_word' id='word_1_177' title='bbox 2886 989 3000 1044; x_wconf 83' lang='lat' dir='ltr'><strong>Hoc</strong></span> <span class='ocrx_word' id='word_1_178' title='bbox 3025 998 3238 1059; x_wconf 81' lang='lat' dir='ltr'><strong>optant,</strong></span> <span class='ocrx_word' id='word_1_179' title='bbox 3283 989 3388 1044; x_wconf 89' lang='lat' dir='ltr'><strong>hoc</strong></span> <span class='ocrx_word' id='word_1_180' title='bbox 3411 997 3597 1044; x_wconf 87' lang='lat' dir='ltr'><strong>orant</strong></span> <span class='ocrx_word' id='word_1_181' title='bbox 3646 991 3714 1043; x_wconf 87' lang='lat' dir='ltr'><strong>de</strong></span> 
     </span>
    </p>
   </div>
   <div class='ocr_carea' id='block_1_27' title="bbox 2101 1080 3709 1152">
    <p class='ocr_par' dir='ltr' id='par_1_27' title="bbox 2101 1080 3709 1152">
     <span class='ocr_line' id='line_1_27' title="bbox 2101 1080 3709 1152; baseline 0.001 -18"><span class='ocrx_word' id='word_1_182' title='bbox 2101 1080 2518 1136; x_wconf 80' lang='lat' dir='ltr'><strong>vobisardentia</strong></span> <span class='ocrx_word' id='word_1_183' title='bbox 2550 1097 2648 1152; x_wconf 83' lang='lat' dir='ltr'><strong>pro</strong></span> <span class='ocrx_word' id='word_1_184' title='bbox 2683 1081 2835 1136; x_wconf 87' lang='lat' dir='ltr'><strong>vobis</strong></span> <span class='ocrx_word' id='word_1_185' title='bbox 2889 1081 3079 1136; x_wconf 89' lang='lat' dir='ltr'><strong>intima</strong></span> <span class='ocrx_word' id='word_1_186' title='bbox 3133 1095 3274 1147; x_wconf 88' lang='lat' dir='ltr'><strong>mea,</strong></span> <span class='ocrx_word' id='word_1_187' title='bbox 3333 1081 3709 1144; x_wconf 81' lang='lat' dir='ltr'><strong>charissimi,</strong></span> 
     </span>
    </p>
   </div>
   <div class='ocr_carea' id='block_1_28' title="bbox 2100 1171 3707 1245">
    <p class='ocr_par' dir='ltr' id='par_1_28' title="bbox 2100 1171 3707 1245">
     <span class='ocr_line' id='line_1_28' title="bbox 2100 1171 3707 1245; baseline 0.002 -19"><span class='ocrx_word' id='word_1_188' title='bbox 2100 1172 2203 1227; x_wconf 88' lang='lat' dir='ltr'><strong>hoc</strong></span> <span class='ocrx_word' id='word_1_189' title='bbox 2230 1173 2342 1243; x_wconf 87' lang='lat' dir='ltr'><strong>jam</strong></span> <span class='ocrx_word' id='word_1_190' title='bbox 2373 1171 2627 1230; x_wconf 77' lang='lat' dir='ltr'><strong>fidentius</strong></span> <span class='ocrx_word' id='word_1_191' title='bbox 2652 1182 2892 1245; x_wconf 88' lang='lat' dir='ltr'><strong>sperant,</strong></span> <span class='ocrx_word' id='word_1_192' title='bbox 2922 1183 2976 1228; x_wconf 88' lang='lat' dir='ltr'><strong>et</strong></span> <span class='ocrx_word' id='word_1_193' title='bbox 3011 1180 3079 1230; x_wconf 85' lang='lat' dir='ltr'><strong>ad</strong></span> <span class='ocrx_word' id='word_1_194' title='bbox 3109 1173 3213 1230; x_wconf 85' lang='lat' dir='ltr'><strong>hoc</strong></span> <span class='ocrx_word' id='word_1_195' title='bbox 3263 1175 3556 1231; x_wconf 88' lang='lat' dir='ltr'><strong>ardentius</strong></span> <span class='ocrx_word' id='word_1_196' title='bbox 3605 1189 3707 1230; x_wconf 86' lang='lat' dir='ltr'><strong>an-</strong></span> 
     </span>
    </p>
   </div>
   <div class='ocr_carea' id='block_1_29' title="bbox 2103 1259 3709 1330">
    <p class='ocr_par' dir='ltr' id='par_1_29' title="bbox 2103 1259 3709 1330">
     <span class='ocr_line' id='line_1_29' title="bbox 2103 1259 3709 1330; baseline 0.001 -16"><span class='ocrx_word' id='word_1_197' title='bbox 2103 1259 2306 1327; x_wconf 89' lang='lat' dir='ltr'><strong>helant,</strong></span> <span class='ocrx_word' id='word_1_198' title='bbox 2337 1259 2464 1330; x_wconf 89' lang='lat' dir='ltr'><strong>quia</strong></span> <span class='ocrx_word' id='word_1_199' title='bbox 2490 1276 2588 1316; x_wconf 89' lang='lat' dir='ltr'><strong>vos</strong></span> <span class='ocrx_word' id='word_1_200' title='bbox 2614 1261 2667 1316; x_wconf 94' lang='lat' dir='ltr'><strong>in</strong></span> <span class='ocrx_word' id='word_1_201' title='bbox 2698 1260 3150 1318; x_wconf 79' lang='lat' dir='ltr'><strong>Nortbmanniam</strong></span> <span class='ocrx_word' id='word_1_202' title='bbox 3175 1263 3405 1318; x_wconf 81' lang='lat' dir='ltr'><strong>adduxit</strong></span> <span class='ocrx_word' id='word_1_203' title='bbox 3434 1263 3709 1318; x_wconf 85' lang='lat' dir='ltr'><strong>voluntas</strong></span> 
     </span>
    </p>
   </div>
   <div class='ocr_carea' id='block_1_30' title="bbox 2098 1349 3714 1423">
    <p class='ocr_par' dir='ltr' id='par_1_30' title="bbox 2098 1349 3714 1423">
     <span class='ocr_line' id='line_1_30' title="bbox 2098 1349 3714 1423; baseline 0.002 -19"><span class='ocrx_word' id='word_1_204' title='bbox 2098 1349 2382 1405; x_wconf 86' lang='lat' dir='ltr'><strong>Altissimi.</strong></span> <span class='ocrx_word' id='word_1_205' title='bbox 2418 1349 2590 1419; x_wconf 88' lang='lat' dir='ltr'><strong>Spero</strong></span> <span class='ocrx_word' id='word_1_206' title='bbox 2610 1350 2752 1406; x_wconf 88' lang='lat' dir='ltr'><strong>enim</strong></span> <span class='ocrx_word' id='word_1_207' title='bbox 2785 1351 3011 1419; x_wconf 87' lang='lat' dir='ltr'><strong>orando,</strong></span> <span class='ocrx_word' id='word_1_208' title='bbox 3041 1361 3097 1406; x_wconf 90' lang='lat' dir='ltr'><strong>et</strong></span> <span class='ocrx_word' id='word_1_209' title='bbox 3123 1367 3220 1408; x_wconf 90' lang='lat' dir='ltr'><strong>oro</strong></span> <span class='ocrx_word' id='word_1_210' title='bbox 3249 1354 3520 1423; x_wconf 87' lang='lat' dir='ltr'><strong>sperando</strong></span> <span class='ocrx_word' id='word_1_211' title='bbox 3550 1354 3610 1408; x_wconf 90' lang='lat' dir='ltr'><strong>in</strong></span> <span class='ocrx_word' id='word_1_212' title='bbox 3639 1368 3714 1408; x_wconf 82' lang='lat' dir='ltr'><strong>eo</strong></span> 
     </span>
    </p>
   </div>
   <div class='ocr_carea' id='block_1_31' title="bbox 2101 1442 3702 1515">
    <p class='ocr_par' dir='ltr' id='par_1_31' title="bbox 2101 1442 3702 1515">
     <span class='ocr_line' id='line_1_31' title="bbox 2101 1442 3702 1515; baseline 0.002 -20"><span class='ocrx_word' id='word_1_213' title='bbox 2101 1442 2190 1512; x_wconf 71' lang='lat' dir='ltr'><strong>qui</strong></span> <span class='ocrx_word' id='word_1_214' title='bbox 2214 1457 2309 1498; x_wconf 89' lang='lat' dir='ltr'><strong>sua</strong></span> <span class='ocrx_word' id='word_1_215' title='bbox 2339 1443 2510 1515; x_wconf 88' lang='lat' dir='ltr'><strong>gratia</strong></span> <span class='ocrx_word' id='word_1_216' title='bbox 2542 1452 2750 1498; x_wconf 89' lang='lat' dir='ltr'><strong>tantum</strong></span> <span class='ocrx_word' id='word_1_217' title='bbox 2782 1443 2934 1509; x_wconf 79' lang='lat' dir='ltr'><strong>fecit,</strong></span> <span class='ocrx_word' id='word_1_218' title='bbox 2981 1444 3107 1514; x_wconf 89' lang='lat' dir='ltr'><strong>quia</strong></span> <span class='ocrx_word' id='word_1_219' title='bbox 3156 1444 3452 1500; x_wconf 86' lang='lat' dir='ltr'><strong>secundum</strong></span> <span class='ocrx_word' id='word_1_220' title='bbox 3505 1454 3702 1500; x_wconf 81' lang='lat' dir='ltr'><strong>votum</strong></span> 
     </span>
    </p>
   </div>
   <div class='ocr_carea' id='block_1_32' title="bbox 2101 1535 3704 1606">
    <p class='ocr_par' dir='ltr' id='par_1_32' title="bbox 2101 1535 3704 1606">
     <span class='ocr_line' id='line_1_32' title="bbox 2101 1535 3704 1606; baseline 0.001 -16"><span class='ocrx_word' id='word_1_221' title='bbox 2101 1549 2280 1591; x_wconf 76' lang='lat' dir='ltr'><strong>meum</strong></span> <span class='ocrx_word' id='word_1_222' title='bbox 2304 1535 2547 1606; x_wconf 82' lang='lat' dir='ltr'><strong>perﬁciet</strong></span> <span class='ocrx_word' id='word_1_223' title='bbox 2574 1535 2716 1606; x_wconf 90' lang='lat' dir='ltr'><strong>quod</strong></span> <span class='ocrx_word' id='word_1_224' title='bbox 2742 1535 2988 1605; x_wconf 72' lang='lat' dir='ltr'><strong>inctnpit.</strong></span> <span class='ocrx_word' id='word_1_225' title='bbox 3039 1535 3145 1592; x_wconf 90' lang='lat' dir='ltr'><strong>Sed</strong></span> <span class='ocrx_word' id='word_1_226' title='bbox 3199 1537 3454 1606; x_wconf 89' lang='lat' dir='ltr'><strong>quoniam</strong></span> <span class='ocrx_word' id='word_1_227' title='bbox 3521 1537 3704 1592; x_wconf 87' lang='lat' dir='ltr'><strong>donec</strong></span> 
     </span>
    </p>
   </div>
   <div class='ocr_carea' id='block_1_33' title="bbox 406 1626 1998 1708">
    <p class='ocr_par' dir='ltr' id='par_1_33' title="bbox 406 1635 1994 1708">
     <span class='ocr_line' id='line_1_33' title="bbox 406 1635 1994 1708; baseline 0.004 -24"><span class='ocrx_word' id='word_1_228' title='bbox 406 1645 548 1695; x_wconf 84' lang='lat' dir='ltr'><strong>sam,</strong></span> <span class='ocrx_word' id='word_1_229' title='bbox 572 1640 849 1703; x_wconf 84' lang='lat' dir='ltr'><strong>utcunque</strong></span> <span class='ocrx_word' id='word_1_230' title='bbox 874 1644 1051 1703; x_wconf 87' lang='lat' dir='ltr'><strong>potest</strong></span> <span class='ocrx_word' id='word_1_231' title='bbox 1078 1635 1336 1701; x_wconf 89' lang='lat' dir='ltr'><strong>tolerari;</strong></span> <span class='ocrx_word' id='word_1_232' title='bbox 1383 1635 1428 1692; x_wconf 92' lang='lat' dir='ltr'><strong>si</strong></span> <span class='ocrx_word' id='word_1_233' title='bbox 1458 1651 1588 1692; x_wconf 89' lang='lat' dir='ltr'><strong>vero</strong></span> <span class='ocrx_word' id='word_1_234' title='bbox 1639 1636 1820 1708; x_wconf 79' lang='lat' dir='ltr'><strong>aliquo</strong></span> <span class='ocrx_word' id='word_1_235' title='bbox 1869 1652 1994 1691; x_wconf 85' lang='lat' dir='ltr'><strong>ran-</strong></span> 
     </span>
    </p>
   </div>
   <div class='ocr_carea' id='block_1_34' title="bbox 2100 1626 3698 1708">
    <p class='ocr_par' dir='ltr' id='par_1_34' title="bbox 2100 1626 3698 1698">
     <span class='ocr_line' id='line_1_34' title="bbox 2100 1626 3698 1698; baseline -0.001 -16"><span class='ocrx_word' id='word_1_236' title='bbox 2100 1627 2312 1683; x_wconf 83' lang='lat' dir='ltr'><strong>videam</strong></span> <span class='ocrx_word' id='word_1_237' title='bbox 2337 1629 2481 1698; x_wconf 87' lang='lat' dir='ltr'><strong>quod</strong></span> <span class='ocrx_word' id='word_1_238' title='bbox 2506 1635 2657 1698; x_wconf 90' lang='lat' dir='ltr'><strong>opto,</strong></span> <span class='ocrx_word' id='word_1_239' title='bbox 2686 1626 2934 1682; x_wconf 86' lang='lat' dir='ltr'><strong>stimulat</strong></span> <span class='ocrx_word' id='word_1_240' title='bbox 2963 1642 3051 1683; x_wconf 90' lang='lat' dir='ltr'><strong>me</strong></span> <span class='ocrx_word' id='word_1_241' title='bbox 3095 1627 3422 1682; x_wconf 87' lang='lat' dir='ltr'><strong>desiderium</strong></span> <span class='ocrx_word' id='word_1_242' title='bbox 3479 1642 3698 1691; x_wconf 85' lang='lat' dir='ltr'><strong>meum,</strong></span> 
     </span>
    </p>
   </div>
   <div class='ocr_carea' id='block_1_35' title="bbox 407 1720 1996 1791">
    <p class='ocr_par' dir='ltr' id='par_1_35' title="bbox 407 1720 1996 1791">
     <span class='ocr_line' id='line_1_35' title="bbox 407 1720 1996 1791; baseline 0.007 -16"><span class='ocrx_word' id='word_1_243' title='bbox 407 1733 537 1775; x_wconf 88' lang='lat' dir='ltr'><strong>core</strong></span> <span class='ocrx_word' id='word_1_244' title='bbox 570 1720 773 1776; x_wconf 80' lang='lat' dir='ltr'><strong>factum</strong></span> <span class='ocrx_word' id='word_1_245' title='bbox 803 1732 906 1791; x_wconf 88' lang='lat' dir='ltr'><strong>est,</strong></span> <span class='ocrx_word' id='word_1_246' title='bbox 935 1725 1130 1780; x_wconf 90' lang='lat' dir='ltr'><strong>scitote</strong></span> <span class='ocrx_word' id='word_1_247' title='bbox 1184 1743 1270 1784; x_wconf 90' lang='lat' dir='ltr'><strong>me</strong></span> <span class='ocrx_word' id='word_1_248' title='bbox 1318 1727 1546 1783; x_wconf 91' lang='lat' dir='ltr'><strong>multum</strong></span> <span class='ocrx_word' id='word_1_249' title='bbox 1596 1728 1808 1784; x_wconf 88' lang='lat' dir='ltr'><strong>mirari.</strong></span> <span class='ocrx_word' id='word_1_250' title='bbox 1859 1728 1996 1786; x_wconf 89' lang='lat' dir='ltr'><strong>Nam</strong></span> 
     </span>
    </p>
   </div>
   <div class='ocr_carea' id='block_1_36' title="bbox 404 1811 1996 1889">
    <p class='ocr_par' dir='ltr' id='par_1_36' title="bbox 404 1811 1996 1889">
     <span class='ocr_line' id='line_1_36' title="bbox 404 1811 1996 1889; baseline 0.005 -23"><span class='ocrx_word' id='word_1_251' title='bbox 404 1811 620 1868; x_wconf 88' lang='lat' dir='ltr'><strong>etiamsi</strong></span> <span class='ocrx_word' id='word_1_252' title='bbox 646 1812 860 1871; x_wconf 88' lang='lat' dir='ltr'><strong>habetis</strong></span> <span class='ocrx_word' id='word_1_253' title='bbox 884 1815 1120 1886; x_wconf 88' lang='lat' dir='ltr'><strong>aliquam</strong></span> <span class='ocrx_word' id='word_1_254' title='bbox 1167 1834 1415 1885; x_wconf 89' lang='lat' dir='ltr'><strong>causam,</strong></span> <span class='ocrx_word' id='word_1_255' title='bbox 1471 1834 1593 1889; x_wconf 69' lang='lat' dir='ltr'><strong>quae</strong></span> <span class='ocrx_word' id='word_1_256' title='bbox 1648 1819 1803 1875; x_wconf 87' lang='lat' dir='ltr'><strong>vobis</strong></span> <span class='ocrx_word' id='word_1_257' title='bbox 1845 1829 1996 1876; x_wconf 89' lang='lat' dir='ltr'><strong>recta</strong></span> 
     </span>
    </p>
   </div>
   <div class='ocr_carea' id='block_1_37' title="bbox 406 1901 1996 1979">
    <p class='ocr_par' dir='ltr' id='par_1_37' title="bbox 406 1901 1996 1979">
     <span class='ocr_line' id='line_1_37' title="bbox 406 1901 1996 1979; baseline 0.006 -24"><span class='ocrx_word' id='word_1_258' title='bbox 406 1901 642 1969; x_wconf 89' lang='lat' dir='ltr'><strong>videtur,</strong></span> <span class='ocrx_word' id='word_1_259' title='bbox 667 1915 726 1958; x_wconf 92' lang='lat' dir='ltr'><strong>ut</strong></span> <span class='ocrx_word' id='word_1_260' title='bbox 753 1920 783 1960; x_wconf 90' lang='lat' dir='ltr'><strong>a</strong></span> <span class='ocrx_word' id='word_1_261' title='bbox 814 1909 1148 1964; x_wconf 90' lang='lat' dir='ltr'><strong>monasterio</strong></span> <span class='ocrx_word' id='word_1_262' title='bbox 1182 1919 1366 1966; x_wconf 90' lang='lat' dir='ltr'><strong>vestro</strong></span> <span class='ocrx_word' id='word_1_263' title='bbox 1394 1925 1490 1966; x_wconf 89' lang='lat' dir='ltr'><strong>vos</strong></span> <span class='ocrx_word' id='word_1_264' title='bbox 1533 1910 1876 1979; x_wconf 86' lang='lat' dir='ltr'><strong>alienaretis;</strong></span> <span class='ocrx_word' id='word_1_265' title='bbox 1910 1911 1996 1968; x_wconf 87' lang='lat' dir='ltr'><strong>vel</strong></span> 
     </span>
    </p>
   </div>
   <div class='ocr_carea' id='block_1_38' title="bbox 405 2003 1995 2075">
    <p class='ocr_par' dir='ltr' id='par_1_38' title="bbox 405 2003 1995 2075">
     <span class='ocr_line' id='line_1_38' title="bbox 405 2003 1995 2075; baseline 0.009 -29"><span class='ocrx_word' id='word_1_266' title='bbox 405 2008 630 2064; x_wconf 81' lang='lat' dir='ltr'><strong>propter</strong></span> <span class='ocrx_word' id='word_1_267' title='bbox 667 2011 906 2054; x_wconf 91' lang='lat' dir='ltr'><strong>amorem</strong></span> <span class='ocrx_word' id='word_1_268' title='bbox 940 2009 1184 2056; x_wconf 89' lang='lat' dir='ltr'><strong>nostrum</strong></span> <span class='ocrx_word' id='word_1_269' title='bbox 1226 2003 1444 2059; x_wconf 90' lang='lat' dir='ltr'><strong>deceret</strong></span> <span class='ocrx_word' id='word_1_270' title='bbox 1493 2018 1591 2059; x_wconf 84' lang='lat' dir='ltr'><strong>vos</strong></span> <span class='ocrx_word' id='word_1_271' title='bbox 1634 2013 1954 2075; x_wconf 81' lang='lat' dir='ltr'><strong>exspectare</strong></span> <span class='ocrx_word' id='word_1_272' title='bbox 1979 2043 1995 2073; x_wconf 89' lang='lat'><strong>,</strong></span> 
     </span>
    </p>
   </div>
   <div class='ocr_carea' id='block_1_39' title="bbox 405 2083 1996 2164">
    <p class='ocr_par' dir='ltr' id='par_1_39' title="bbox 405 2083 1996 2164">
     <span class='ocr_line' id='line_1_39' title="bbox 405 2083 1996 2164; baseline 0.009 -28"><span class='ocrx_word' id='word_1_273' title='bbox 405 2083 578 2139; x_wconf 90' lang='lat' dir='ltr'><strong>donec</strong></span> <span class='ocrx_word' id='word_1_274' title='bbox 603 2085 736 2140; x_wconf 91' lang='lat' dir='ltr'><strong>mihi</strong></span> <span class='ocrx_word' id='word_1_275' title='bbox 767 2103 880 2143; x_wconf 89' lang='lat' dir='ltr'><strong>rem</strong></span> <span class='ocrx_word' id='word_1_276' title='bbox 911 2090 1103 2160; x_wconf 86' lang='lat' dir='ltr'><strong>ipsam,</strong></span> <span class='ocrx_word' id='word_1_277' title='bbox 1137 2107 1258 2162; x_wconf 66' lang='lat' dir='ltr'><strong>quae</strong></span> <span class='ocrx_word' id='word_1_278' title='bbox 1287 2108 1384 2149; x_wconf 89' lang='lat' dir='ltr'><strong>vos</strong></span> <span class='ocrx_word' id='word_1_279' title='bbox 1412 2093 1731 2164; x_wconf 78' lang='lat' dir='ltr'><strong>ollenderet,</strong></span> <span class='ocrx_word' id='word_1_280' title='bbox 1775 2094 1996 2150; x_wconf 90' lang='lat' dir='ltr'><strong>intima-</strong></span> 
     </span>
    </p>
   </div>
   <div class='ocr_carea' id='block_1_40' title="bbox 407 2172 1998 2250">
    <p class='ocr_par' dir='ltr' id='par_1_40' title="bbox 407 2172 1998 2250">
     <span class='ocr_line' id='line_1_40' title="bbox 407 2172 1998 2250; baseline 0.009 -25"><span class='ocrx_word' id='word_1_281' title='bbox 407 2172 650 2240; x_wconf 88' lang='lat' dir='ltr'><strong>retis;et</strong></span> <span class='ocrx_word' id='word_1_282' title='bbox 678 2175 872 2232; x_wconf 88' lang='lat' dir='ltr'><strong>deinde</strong></span> <span class='ocrx_word' id='word_1_283' title='bbox 901 2188 1087 2235; x_wconf 89' lang='lat' dir='ltr'><strong>nostro</strong></span> <span class='ocrx_word' id='word_1_284' title='bbox 1110 2181 1339 2238; x_wconf 92' lang='lat' dir='ltr'><strong>consilio</strong></span> <span class='ocrx_word' id='word_1_285' title='bbox 1389 2198 1490 2239; x_wconf 90' lang='lat' dir='ltr'><strong>cor</strong></span> <span class='ocrx_word' id='word_1_286' title='bbox 1539 2193 1806 2250; x_wconf 89' lang='lat' dir='ltr'><strong>vestrum,</strong></span> <span class='ocrx_word' id='word_1_287' title='bbox 1858 2184 1998 2241; x_wconf 90' lang='lat' dir='ltr'><strong>sicut</strong></span> 
     </span>
    </p>
   </div>
   <div class='ocr_carea' id='block_1_41' title="bbox 405 2264 1998 2348">
    <p class='ocr_par' dir='ltr' id='par_1_41' title="bbox 405 2264 1998 2348">
     <span class='ocr_line' id='line_1_41' title="bbox 405 2264 1998 2348; baseline 0.008 -28"><span class='ocrx_word' id='word_1_288' title='bbox 405 2279 621 2321; x_wconf 89' lang='lat' dir='ltr'><strong>servum</strong></span> <span class='ocrx_word' id='word_1_289' title='bbox 645 2267 737 2322; x_wconf 86' lang='lat' dir='ltr'><strong>Dei</strong></span> <span class='ocrx_word' id='word_1_290' title='bbox 763 2264 1000 2340; x_wconf 82' lang='lat' dir='ltr'><strong>deceret,</strong></span> <span class='ocrx_word' id='word_1_291' title='bbox 1056 2275 1343 2342; x_wconf 89' lang='lat' dir='ltr'><strong>pacaretis.</strong></span> <span class='ocrx_word' id='word_1_292' title='bbox 1399 2275 1600 2338; x_wconf 88' lang='lat' dir='ltr'><strong>Precor</strong></span> <span class='ocrx_word' id='word_1_293' title='bbox 1649 2277 1812 2348; x_wconf 85' lang='lat' dir='ltr'><strong>igitur</strong></span> <span class='ocrx_word' id='word_1_294' title='bbox 1847 2287 1906 2332; x_wconf 89' lang='lat' dir='ltr'><strong>ut</strong></span> <span class='ocrx_word' id='word_1_295' title='bbox 1950 2277 1998 2333; x_wconf 91' lang='lat' dir='ltr'><strong>si</strong></span> 
     </span>
    </p>
   </div>
   <div class='ocr_carea' id='block_1_42' title="bbox 405 2360 1999 2438">
    <p class='ocr_par' dir='ltr' id='par_1_42' title="bbox 405 2360 1999 2438">
     <span class='ocr_line' id='line_1_42' title="bbox 405 2360 1999 2438; baseline 0.009 -27"><span class='ocrx_word' id='word_1_296' title='bbox 405 2371 492 2412; x_wconf 89' lang='lat' dir='ltr'><strong>me</strong></span> <span class='ocrx_word' id='word_1_297' title='bbox 520 2367 577 2413; x_wconf 88' lang='lat' dir='ltr'><strong>et</strong></span> <span class='ocrx_word' id='word_1_298' title='bbox 599 2360 882 2417; x_wconf 87' lang='lat' dir='ltr'><strong>consilium</strong></span> <span class='ocrx_word' id='word_1_299' title='bbox 922 2379 1102 2420; x_wconf 89' lang='lat' dir='ltr'><strong>meum</strong></span> <span class='ocrx_word' id='word_1_300' title='bbox 1135 2365 1379 2436; x_wconf 86' lang='lat' dir='ltr'><strong>diligitis,</strong></span> <span class='ocrx_word' id='word_1_301' title='bbox 1407 2368 1546 2424; x_wconf 87' lang='lat' dir='ltr'><strong>sicut</strong></span> <span class='ocrx_word' id='word_1_302' title='bbox 1576 2383 1676 2438; x_wconf 87' lang='lat' dir='ltr'><strong>ego</strong></span> <span class='ocrx_word' id='word_1_303' title='bbox 1717 2384 1813 2425; x_wconf 90' lang='lat' dir='ltr'><strong>vos</strong></span> <span class='ocrx_word' id='word_1_304' title='bbox 1858 2384 1999 2426; x_wconf 87' lang='lat' dir='ltr'><strong>sem-</strong></span> 
     </span>
    </p>
   </div>
   <div class='ocr_carea' id='block_1_43' title="bbox 404 2449 1998 2526">
    <p class='ocr_par' dir='ltr' id='par_1_43' title="bbox 404 2449 1998 2526">
     <span class='ocr_line' id='line_1_43' title="bbox 404 2449 1998 2526; baseline 0.009 -25"><span class='ocrx_word' id='word_1_305' title='bbox 404 2463 502 2517; x_wconf 90' lang='lat' dir='ltr'><strong>per</strong></span> <span class='ocrx_word' id='word_1_306' title='bbox 529 2449 691 2505; x_wconf 79' lang='lat' dir='ltr'><strong>dilexi</strong></span> <span class='ocrx_word' id='word_1_307' title='bbox 720 2461 775 2507; x_wconf 89' lang='lat' dir='ltr'><strong>et</strong></span> <span class='ocrx_word' id='word_1_308' title='bbox 798 2453 983 2526; x_wconf 85' lang='lat' dir='ltr'><strong>diligo,</strong></span> <span class='ocrx_word' id='word_1_309' title='bbox 1009 2456 1075 2510; x_wconf 91' lang='lat' dir='ltr'><strong>ad</strong></span> <span class='ocrx_word' id='word_1_310' title='bbox 1100 2460 1488 2513; x_wconf 89' lang='lat' dir='ltr'><strong>monasterium</strong></span> <span class='ocrx_word' id='word_1_311' title='bbox 1519 2467 1761 2514; x_wconf 89' lang='lat' dir='ltr'><strong>vestrum</strong></span> <span class='ocrx_word' id='word_1_312' title='bbox 1813 2461 1998 2515; x_wconf 88' lang='lat' dir='ltr'><strong>venia-</strong></span> 
     </span>
    </p>
   </div>
   <div class='ocr_carea' id='block_1_44' title="bbox 406 2539 2072 2620">
    <p class='ocr_par' dir='ltr' id='par_1_44' title="bbox 406 2539 2072 2620">
     <span class='ocr_line' id='line_1_44' title="bbox 406 2539 2072 2620; baseline 0.01 -28"><span class='ocrx_word' id='word_1_313' title='bbox 406 2539 494 2600; x_wconf 91' lang='lat' dir='ltr'><strong>tis,</strong></span> <span class='ocrx_word' id='word_1_314' title='bbox 524 2548 580 2594; x_wconf 91' lang='lat' dir='ltr'><strong>et</strong></span> <span class='ocrx_word' id='word_1_315' title='bbox 608 2540 678 2595; x_wconf 88' lang='lat' dir='ltr'><strong>ibi</strong></span> <span class='ocrx_word' id='word_1_316' title='bbox 713 2559 834 2597; x_wconf 93' lang='lat' dir='ltr'><strong>cum</strong></span> <span class='ocrx_word' id='word_1_317' title='bbox 862 2545 982 2601; x_wconf 89' lang='lat' dir='ltr'><strong>aliis</strong></span> <span class='ocrx_word' id='word_1_318' title='bbox 1006 2547 1228 2615; x_wconf 84' lang='lat' dir='ltr'><strong>paciﬁca</strong></span> <span class='ocrx_word' id='word_1_319' title='bbox 1251 2558 1303 2603; x_wconf 90' lang='lat' dir='ltr'><strong>et</strong></span> <span class='ocrx_word' id='word_1_320' title='bbox 1331 2548 1560 2620; x_wconf 88' lang='lat' dir='ltr'><strong>benigna</strong></span> <span class='ocrx_word' id='word_1_321' title='bbox 1588 2550 1997 2606; x_wconf 85' lang='lat' dir='ltr'><strong>conversatione</strong></span> <span class='ocrx_word' id='word_1_322' title='bbox 2049 2589 2072 2608; x_wconf 89' lang='lat'><strong>.</strong></span> 
     </span>
    </p>
   </div>
   <div class='ocr_carea' id='block_1_45' title="bbox 407 2631 1997 2712">
    <p class='ocr_par' dir='ltr' id='par_1_45' title="bbox 407 2631 1997 2712">
     <span class='ocr_line' id='line_1_45' title="bbox 407 2631 1997 2712; baseline 0.008 -26"><span class='ocrx_word' id='word_1_323' title='bbox 407 2631 520 2688; x_wconf 85' lang='lat' dir='ltr'><strong>Deo</strong></span> <span class='ocrx_word' id='word_1_324' title='bbox 551 2635 819 2691; x_wconf 88' lang='lat' dir='ltr'><strong>serviatis.</strong></span> <span class='ocrx_word' id='word_1_325' title='bbox 861 2637 918 2692; x_wconf 89' lang='lat' dir='ltr'><strong>Si</strong></span> <span class='ocrx_word' id='word_1_326' title='bbox 947 2647 1125 2693; x_wconf 87' lang='lat' dir='ltr'><strong>autem</strong></span> <span class='ocrx_word' id='word_1_327' title='bbox 1153 2640 1287 2696; x_wconf 90' lang='lat' dir='ltr'><strong>mihi</strong></span> <span class='ocrx_word' id='word_1_328' title='bbox 1331 2643 1675 2712; x_wconf 89' lang='lat' dir='ltr'><strong>acquiescere</strong></span> <span class='ocrx_word' id='word_1_329' title='bbox 1715 2643 1997 2700; x_wconf 87' lang='lat' dir='ltr'><strong>nolueritis</strong></span> 
     </span>
    </p>
   </div>
   <div class='ocr_carea' id='block_1_46' title="bbox 411 2724 1999 2801">
    <p class='ocr_par' dir='ltr' id='par_1_46' title="bbox 411 2724 1999 2801">
     <span class='ocr_line' id='line_1_46' title="bbox 411 2724 1999 2801; baseline 0.007 -25"><span class='ocrx_word' id='word_1_330' title='bbox 411 2724 607 2778; x_wconf 87' lang='lat' dir='ltr'><strong>scitote</strong></span> <span class='ocrx_word' id='word_1_331' title='bbox 625 2726 752 2795; x_wconf 86' lang='lat' dir='ltr'><strong>quia</strong></span> <span class='ocrx_word' id='word_1_332' title='bbox 780 2728 974 2783; x_wconf 72' lang='lat' dir='ltr'><strong>animae</strong></span> <span class='ocrx_word' id='word_1_333' title='bbox 1001 2741 1194 2786; x_wconf 69' lang='lat' dir='ltr'><strong>vestrae</strong></span> <span class='ocrx_word' id='word_1_334' title='bbox 1226 2746 1328 2787; x_wconf 87' lang='lat' dir='ltr'><strong>non</strong></span> <span class='ocrx_word' id='word_1_335' title='bbox 1352 2733 1594 2801; x_wconf 86' lang='lat' dir='ltr'><strong>expedit,</strong></span> <span class='ocrx_word' id='word_1_336' title='bbox 1637 2742 1689 2787; x_wconf 90' lang='lat' dir='ltr'><strong>et</strong></span> <span class='ocrx_word' id='word_1_337' title='bbox 1719 2749 1806 2788; x_wconf 91' lang='lat' dir='ltr'><strong>me</strong></span> <span class='ocrx_word' id='word_1_338' title='bbox 1867 2748 1999 2789; x_wconf 79' lang='lat' dir='ltr'><strong>con-</strong></span> 
     </span>
    </p>
   </div>
   <div class='ocr_carea' id='block_1_47' title="bbox 407 2814 2000 2896">
    <p class='ocr_par' dir='ltr' id='par_1_47' title="bbox 407 2814 2000 2896">
     <span class='ocr_line' id='line_1_47' title="bbox 407 2814 2000 2896; baseline 0.009 -29"><span class='ocrx_word' id='word_1_339' title='bbox 407 2814 654 2872; x_wconf 86' lang='lat' dir='ltr'><strong>tristatis.</strong></span> <span class='ocrx_word' id='word_1_340' title='bbox 680 2817 831 2885; x_wconf 84' lang='lat' dir='ltr'><strong>Quod</strong></span> <span class='ocrx_word' id='word_1_341' title='bbox 861 2820 905 2876; x_wconf 91' lang='lat' dir='ltr'><strong>si</strong></span> <span class='ocrx_word' id='word_1_342' title='bbox 933 2823 1087 2877; x_wconf 88' lang='lat' dir='ltr'><strong>vobis</strong></span> <span class='ocrx_word' id='word_1_343' title='bbox 1111 2839 1274 2894; x_wconf 89' lang='lat' dir='ltr'><strong>grave</strong></span> <span class='ocrx_word' id='word_1_344' title='bbox 1304 2833 1387 2878; x_wconf 91' lang='lat' dir='ltr'><strong>est</strong></span> <span class='ocrx_word' id='word_1_345' title='bbox 1431 2825 1624 2894; x_wconf 89' lang='lat' dir='ltr'><strong>placita</strong></span> <span class='ocrx_word' id='word_1_346' title='bbox 1655 2834 1838 2880; x_wconf 82' lang='lat' dir='ltr'><strong>tenere</strong></span> <span class='ocrx_word' id='word_1_347' title='bbox 1878 2841 2000 2896; x_wconf 69' lang='lat' dir='ltr'><strong>qua:</strong></span> 
     </span>
    </p>
   </div>
   <div class='ocr_carea' id='block_1_48' title="bbox 407 2906 1994 2987">
    <p class='ocr_par' dir='ltr' id='par_1_48' title="bbox 407 2906 1994 2987">
     <span class='ocr_line' id='line_1_48' title="bbox 407 2906 1994 2987; baseline 0.009 -27"><span class='ocrx_word' id='word_1_348' title='bbox 407 2906 560 2963; x_wconf 87' lang='lat' dir='ltr'><strong>vobis</strong></span> <span class='ocrx_word' id='word_1_349' title='bbox 613 2913 1012 2978; x_wconf 88' lang='lat' dir='ltr'><strong>commendavi,</strong></span> <span class='ocrx_word' id='word_1_350' title='bbox 1043 2915 1216 2987; x_wconf 88' lang='lat' dir='ltr'><strong>magis</strong></span> <span class='ocrx_word' id='word_1_351' title='bbox 1265 2916 1388 2971; x_wconf 89' lang='lat' dir='ltr'><strong>volo</strong></span> <span class='ocrx_word' id='word_1_352' title='bbox 1446 2924 1503 2971; x_wconf 87' lang='lat' dir='ltr'><strong>ut</strong></span> <span class='ocrx_word' id='word_1_353' title='bbox 1557 2917 1647 2974; x_wconf 91' lang='lat' dir='ltr'><strong>illa</strong></span> <span class='ocrx_word' id='word_1_354' title='bbox 1708 2918 1994 2974; x_wconf 84' lang='lat' dir='ltr'><strong>dimittatis</strong></span> 
     </span>
    </p>
   </div>
   <div class='ocr_carea' id='block_1_49' title="bbox 2100 1715 3697 1788">
    <p class='ocr_par' dir='ltr' id='par_1_49' title="bbox 2100 1715 3697 1788">
     <span class='ocr_line' id='line_1_49' title="bbox 2100 1715 3697 1788; baseline -0.001 -14"><span class='ocrx_word' id='word_1_355' title='bbox 2100 1717 2314 1774; x_wconf 89' lang='lat' dir='ltr'><strong>interim</strong></span> <span class='ocrx_word' id='word_1_356' title='bbox 2345 1734 2409 1772; x_wconf 74' lang='lat' dir='ltr'><strong>ex</strong></span> <span class='ocrx_word' id='word_1_357' title='bbox 2446 1718 2618 1772; x_wconf 81' lang='lat' dir='ltr'><strong>cordis</strong></span> <span class='ocrx_word' id='word_1_358' title='bbox 2644 1717 2970 1772; x_wconf 82' lang='lat' dir='ltr'><strong>abundantia</strong></span> <span class='ocrx_word' id='word_1_359' title='bbox 2993 1715 3226 1788; x_wconf 83' lang='lat' dir='ltr'><strong>loquitur</strong></span> <span class='ocrx_word' id='word_1_360' title='bbox 3247 1733 3303 1771; x_wconf 87' lang='lat' dir='ltr'><strong>os</strong></span> <span class='ocrx_word' id='word_1_361' title='bbox 3323 1715 3548 1779; x_wconf 73' lang='lat' dir='ltr'><strong>(Matth.</strong></span> <span class='ocrx_word' id='word_1_362' title='bbox 3593 1734 3697 1783; x_wconf 66' lang='grc' dir='ltr'>ιιι,</span> 
     </span>
    </p>
   </div>
   <div class='ocr_carea' id='block_1_50' title="bbox 2097 1807 3702 1880">
    <p class='ocr_par' dir='ltr' id='par_1_50' title="bbox 2097 1807 3702 1880">
     <span class='ocr_line' id='line_1_50' title="bbox 2097 1807 3702 1880; baseline 0 -16"><span class='ocrx_word' id='word_1_363' title='bbox 2097 1807 2190 1880; x_wconf 72' lang='grc'><strong>54)</strong></span> <span class='ocrx_word' id='word_1_364' title='bbox 2221 1824 2420 1865; x_wconf 89' lang='lat' dir='ltr'><strong>meum.</strong></span> <span class='ocrx_word' id='word_1_365' title='bbox 2455 1807 2692 1875; x_wconf 71' lang='lat' dir='ltr'><strong>Gustata,</strong></span> <span class='ocrx_word' id='word_1_366' title='bbox 2721 1807 3114 1872; x_wconf 87' lang='lat' dir='ltr'><strong>amantissimi,</strong></span> <span class='ocrx_word' id='word_1_367' title='bbox 3166 1824 3328 1880; x_wconf 90' lang='lat' dir='ltr'><strong>quam</strong></span> <span class='ocrx_word' id='word_1_368' title='bbox 3387 1810 3571 1864; x_wconf 63' lang='lat' dir='ltr'><strong>suavis</strong></span> <span class='ocrx_word' id='word_1_369' title='bbox 3626 1820 3702 1864; x_wconf 80' lang='lat' dir='ltr'><strong>est</strong></span> 
     </span>
    </p>
   </div>
   <div class='ocr_carea' id='block_1_51' title="bbox 2098 1898 3701 1970">
    <p class='ocr_par' dir='ltr' id='par_1_51' title="bbox 2098 1898 3701 1970">
     <span class='ocr_line' id='line_1_51' title="bbox 2098 1898 3701 1970; baseline -0.001 -15"><span class='ocrx_word' id='word_1_370' title='bbox 2098 1899 2356 1955; x_wconf 85' lang='lat' dir='ltr'><strong>Dominus</strong></span> <span class='ocrx_word' id='word_1_371' title='bbox 2383 1898 2556 1970; x_wconf 81' lang='lat' dir='ltr'><strong>(Psal.</strong></span> <span class='ocrx_word' id='word_1_372' title='bbox 2596 1915 2788 1964; x_wconf 71' lang='lat' dir='ltr'><strong>sum,</strong></span> <span class='ocrx_word' id='word_1_373' title='bbox 2825 1906 2916 1968; x_wconf 79' lang='lat'><strong>9);</strong></span> <span class='ocrx_word' id='word_1_374' title='bbox 2968 1899 3110 1968; x_wconf 91' lang='lat' dir='ltr'><strong>quod</strong></span> <span class='ocrx_word' id='word_1_375' title='bbox 3162 1914 3503 1970; x_wconf 86' lang='lat' dir='ltr'><strong>nequaquam</strong></span> <span class='ocrx_word' id='word_1_376' title='bbox 3553 1901 3701 1954; x_wconf 84' lang='lat' dir='ltr'><strong>scire</strong></span> 
     </span>
    </p>
   </div>
   <div class='ocr_carea' id='block_1_52' title="bbox 2097 1988 3701 2061">
    <p class='ocr_par' dir='ltr' id='par_1_52' title="bbox 2097 1988 3701 2061">
     <span class='ocr_line' id='line_1_52' title="bbox 2097 1988 3701 2061; baseline -0.001 -17"><span class='ocrx_word' id='word_1_377' title='bbox 2097 1989 2325 2061; x_wconf 84' lang='lat' dir='ltr'><strong>potestis</strong></span> <span class='ocrx_word' id='word_1_378' title='bbox 2358 1989 2593 2059; x_wconf 89' lang='lat' dir='ltr'><strong>quandiu</strong></span> <span class='ocrx_word' id='word_1_379' title='bbox 2623 1988 2794 2044; x_wconf 89' lang='lat' dir='ltr'><strong>dulcis</strong></span> <span class='ocrx_word' id='word_1_380' title='bbox 2822 1997 2906 2044; x_wconf 87' lang='lat' dir='ltr'><strong>est</strong></span> <span class='ocrx_word' id='word_1_381' title='bbox 2934 1988 3086 2044; x_wconf 90' lang='lat' dir='ltr'><strong>vobis</strong></span> <span class='ocrx_word' id='word_1_382' title='bbox 3111 1989 3361 2043; x_wconf 84' lang='lat' dir='ltr'><strong>mundus.</strong></span> <span class='ocrx_word' id='word_1_383' title='bbox 3387 1988 3581 2050; x_wconf 87' lang='lat' dir='ltr'><strong>Scitis,</strong></span> <span class='ocrx_word' id='word_1_384' title='bbox 3617 1989 3701 2043; x_wconf 82' lang='lat' dir='ltr'><strong>di-</strong></span> 
     </span>
    </p>
   </div>
   <div class='ocr_carea' id='block_1_53' title="bbox 2098 2079 3699 2150">
    <p class='ocr_par' dir='ltr' id='par_1_53' title="bbox 2098 2079 3699 2150">
     <span class='ocr_line' id='line_1_53' title="bbox 2098 2079 3699 2150; baseline -0.002 -15"><span class='ocrx_word' id='word_1_385' title='bbox 2098 2079 2375 2136; x_wconf 88' lang='lat' dir='ltr'><strong>lectissimi</strong></span> <span class='ocrx_word' id='word_1_386' title='bbox 2403 2079 2530 2146; x_wconf 91' lang='lat' dir='ltr'><strong>mei,</strong></span> <span class='ocrx_word' id='word_1_387' title='bbox 2559 2081 2684 2150; x_wconf 88' lang='lat' dir='ltr'><strong>quia</strong></span> <span class='ocrx_word' id='word_1_388' title='bbox 2715 2081 2942 2134; x_wconf 67' lang='lat' dir='ltr'><strong>muurlus</strong></span> <span class='ocrx_word' id='word_1_389' title='bbox 2971 2079 3210 2134; x_wconf 78' lang='lat' dir='ltr'><strong>transibit</strong></span> <span class='ocrx_word' id='word_1_390' title='bbox 3233 2087 3281 2132; x_wconf 87' lang='lat' dir='ltr'><strong>et</strong></span> <span class='ocrx_word' id='word_1_391' title='bbox 3321 2079 3699 2147; x_wconf 75' lang='lat' dir='ltr'><strong>concupiscen-</strong></span> 
     </span>
    </p>
   </div>
   <div class='ocr_carea' id='block_1_54' title="bbox 2097 2170 3695 2242">
    <p class='ocr_par' dir='ltr' id='par_1_54' title="bbox 2097 2170 3695 2242">
     <span class='ocr_line' id='line_1_54' title="bbox 2097 2170 3695 2242; baseline -0.002 -15"><span class='ocrx_word' id='word_1_392' title='bbox 2097 2174 2174 2227; x_wconf 83' lang='lat' dir='ltr'><strong>tia</strong></span> <span class='ocrx_word' id='word_1_393' title='bbox 2205 2173 2319 2242; x_wconf 85' lang='lat' dir='ltr'><strong>ejus</strong></span> <span class='ocrx_word' id='word_1_394' title='bbox 2347 2171 2402 2242; x_wconf 85' lang='grc' dir='ltr'><strong>(Ι</strong></span> <span class='ocrx_word' id='word_1_395' title='bbox 2429 2171 2591 2226; x_wconf 82' lang='lat' dir='ltr'><strong>Joan.</strong></span> <span class='ocrx_word' id='word_1_396' title='bbox 2635 2188 2696 2240; x_wconf 85' lang='grc' dir='ltr'>ιι,</span> <span class='ocrx_word' id='word_1_397' title='bbox 2756 2171 2880 2241; x_wconf 83' lang='lat' dir='ltr'><strong>l7);</strong></span> <span class='ocrx_word' id='word_1_398' title='bbox 2925 2170 3066 2225; x_wconf 89' lang='lat' dir='ltr'><strong>Deus</strong></span> <span class='ocrx_word' id='word_1_399' title='bbox 3113 2179 3293 2225; x_wconf 89' lang='lat' dir='ltr'><strong>autem</strong></span> <span class='ocrx_word' id='word_1_400' title='bbox 3349 2171 3695 2240; x_wconf 84' lang='lat' dir='ltr'><strong>permanebit</strong></span> 
     </span>
    </p>
   </div>
   <div class='ocr_carea' id='block_1_55' title="bbox 2101 2260 3692 2336">
    <p class='ocr_par' dir='ltr' id='par_1_55' title="bbox 2101 2260 3692 2336">
     <span class='ocr_line' id='line_1_55' title="bbox 2101 2260 3692 2336; baseline 0 -20"><span class='ocrx_word' id='word_1_401' title='bbox 2101 2263 2272 2336; x_wconf 84' lang='lat' dir='ltr'><strong>(Psal.</strong></span> <span class='ocrx_word' id='word_1_402' title='bbox 2299 2281 2368 2328; x_wconf 79' lang='grc' dir='ltr'><strong>οι,</strong></span> <span class='ocrx_word' id='word_1_403' title='bbox 2395 2264 2504 2332; x_wconf 71' lang='grc'><strong>15),</strong></span> <span class='ocrx_word' id='word_1_404' title='bbox 2533 2273 2587 2320; x_wconf 93' lang='lat' dir='ltr'><strong>et</strong></span> <span class='ocrx_word' id='word_1_405' title='bbox 2606 2263 2782 2319; x_wconf 90' lang='lat' dir='ltr'><strong>omnis</strong></span> <span class='ocrx_word' id='word_1_406' title='bbox 2813 2263 2985 2334; x_wconf 82' lang='lat' dir='ltr'><strong>gloria</strong></span> <span class='ocrx_word' id='word_1_407' title='bbox 3014 2262 3086 2296; x_wconf 71' lang='grc'><strong>⁸⁸⁵</strong></span> <span class='ocrx_word' id='word_1_408' title='bbox 3110 2260 3248 2330; x_wconf 86' lang='lat' dir='ltr'><strong>ejus.</strong></span> <span class='ocrx_word' id='word_1_409' title='bbox 3276 2261 3377 2329; x_wconf 85' lang='lat' dir='ltr'><strong>Qui</strong></span> <span class='ocrx_word' id='word_1_410' title='bbox 3403 2277 3542 2333; x_wconf 86' lang='lat' dir='ltr'><strong>ergo</strong></span> <span class='ocrx_word' id='word_1_411' title='bbox 3574 2262 3692 2317; x_wconf 85' lang='lat' dir='ltr'><strong>dili-</strong></span> 
     </span>
    </p>
   </div>
   <div class='ocr_carea' id='block_1_56' title="bbox 2100 2345 3694 2427">
    <p class='ocr_par' dir='ltr' id='par_1_56' title="bbox 2100 2345 3694 2427">
     <span class='ocr_line' id='line_1_56' title="bbox 2100 2345 3694 2427; baseline -0.001 -19"><span class='ocrx_word' id='word_1_412' title='bbox 2100 2355 2178 2427; x_wconf 90' lang='lat' dir='ltr'><strong>git</strong></span> <span class='ocrx_word' id='word_1_413' title='bbox 2224 2356 2524 2424; x_wconf 86' lang='lat' dir='ltr'><strong>mundum,</strong></span> <span class='ocrx_word' id='word_1_414' title='bbox 2577 2365 2817 2410; x_wconf 87' lang='lat' dir='ltr'><strong>sectatur</strong></span> <span class='ocrx_word' id='word_1_415' title='bbox 2861 2345 3178 2419; x_wconf 71' lang='lat' dir='ltr'><strong>vanita&#39;tem,</strong></span> <span class='ocrx_word' id='word_1_416' title='bbox 3231 2361 3285 2407; x_wconf 93' lang='lat' dir='ltr'><strong>et</strong></span> <span class='ocrx_word' id='word_1_417' title='bbox 3325 2362 3694 2422; x_wconf 85' lang='lat' dir='ltr'><strong>consequetur</strong></span> 
     </span>
    </p>
   </div>
   <div class='ocr_carea' id='block_1_57' title="bbox 2099 2445 3691 2516">
    <p class='ocr_par' dir='ltr' id='par_1_57' title="bbox 2099 2445 3691 2516">
     <span class='ocr_line' id='line_1_57' title="bbox 2099 2445 3691 2516; baseline -0.003 -16"><span class='ocrx_word' id='word_1_418' title='bbox 2099 2445 2352 2502; x_wconf 89' lang='lat' dir='ltr'><strong>miseram</strong></span> <span class='ocrx_word' id='word_1_419' title='bbox 2380 2446 2754 2516; x_wconf 87' lang='lat' dir='ltr'><strong>indigentiam;</strong></span> <span class='ocrx_word' id='word_1_420' title='bbox 2787 2445 2876 2515; x_wconf 91' lang='lat' dir='ltr'><strong>qui</strong></span> <span class='ocrx_word' id='word_1_421' title='bbox 2899 2454 3105 2510; x_wconf 88' lang='lat' dir='ltr'><strong>autem,</strong></span> <span class='ocrx_word' id='word_1_422' title='bbox 3128 2452 3440 2512; x_wconf 84' lang='lat' dir='ltr'><strong>contempto</strong></span> <span class='ocrx_word' id='word_1_423' title='bbox 3467 2445 3691 2508; x_wconf 88' lang='lat' dir='ltr'><strong>mundo,</strong></span> 
     </span>
    </p>
   </div>
   <div class='ocr_carea' id='block_1_58' title="bbox 2099 2534 3692 2606">
    <p class='ocr_par' dir='ltr' id='par_1_58' title="bbox 2099 2534 3692 2606">
     <span class='ocr_line' id='line_1_58' title="bbox 2099 2534 3692 2606; baseline -0.002 -16"><span class='ocrx_word' id='word_1_424' title='bbox 2099 2534 2251 2606; x_wconf 86' lang='lat' dir='ltr'><strong>eligit</strong></span> <span class='ocrx_word' id='word_1_425' title='bbox 2279 2536 2470 2601; x_wconf 91' lang='lat' dir='ltr'><strong>Deum,</strong></span> <span class='ocrx_word' id='word_1_426' title='bbox 2501 2536 2748 2606; x_wconf 88' lang='lat' dir='ltr'><strong>sequitur</strong></span> <span class='ocrx_word' id='word_1_427' title='bbox 2794 2536 3080 2591; x_wconf 88' lang='lat' dir='ltr'><strong>veritatem</strong></span> <span class='ocrx_word' id='word_1_428' title='bbox 3109 2544 3164 2589; x_wconf 88' lang='lat' dir='ltr'><strong>et</strong></span> <span class='ocrx_word' id='word_1_429' title='bbox 3193 2534 3427 2588; x_wconf 90' lang='lat' dir='ltr'><strong>inveniet</strong></span> <span class='ocrx_word' id='word_1_430' title='bbox 3473 2535 3692 2588; x_wconf 84' lang='lat' dir='ltr'><strong>beatam</strong></span> 
     </span>
    </p>
   </div>
   <div class='ocr_carea' id='block_1_59' title="bbox 2101 2624 3694 2699">
    <p class='ocr_par' dir='ltr' id='par_1_59' title="bbox 2101 2624 3694 2699">
     <span class='ocr_line' id='line_1_59' title="bbox 2101 2624 3694 2699; baseline -0.003 -16"><span class='ocrx_word' id='word_1_431' title='bbox 2101 2627 2499 2684; x_wconf 76' lang='lat' dir='ltr'><strong>suﬁicientiam.</strong></span> <span class='ocrx_word' id='word_1_432' title='bbox 2528 2627 2634 2684; x_wconf 90' lang='lat' dir='ltr'><strong>Sed</strong></span> <span class='ocrx_word' id='word_1_433' title='bbox 2682 2627 2808 2699; x_wconf 92' lang='lat' dir='ltr'><strong>quid</strong></span> <span class='ocrx_word' id='word_1_434' title='bbox 2865 2634 3091 2682; x_wconf 86' lang='lat' dir='ltr'><strong>cunctor</strong></span> <span class='ocrx_word' id='word_1_435' title='bbox 3147 2624 3218 2656; x_wconf 66' lang='grc'><strong>⁸⁸⁵</strong></span> <span class='ocrx_word' id='word_1_436' title='bbox 3279 2635 3462 2696; x_wconf 86' lang='lat' dir='ltr'><strong>aperte</strong></span> <span class='ocrx_word' id='word_1_437' title='bbox 3507 2625 3694 2679; x_wconf 86' lang='lat' dir='ltr'><strong>dicere</strong></span> 
     </span>
    </p>
   </div>
   <div class='ocr_carea' id='block_1_60' title="bbox 2100 2717 3693 2789">
    <p class='ocr_par' dir='ltr' id='par_1_60' title="bbox 2100 2717 3693 2789">
     <span class='ocr_line' id='line_1_60' title="bbox 2100 2717 3693 2789; baseline -0.001 -16"><span class='ocrx_word' id='word_1_438' title='bbox 2100 2719 2427 2775; x_wconf 86' lang='lat' dir='ltr'><strong>desiderium</strong></span> <span class='ocrx_word' id='word_1_439' title='bbox 2451 2719 2632 2775; x_wconf 90' lang='lat' dir='ltr'><strong>cordis</strong></span> <span class='ocrx_word' id='word_1_440' title='bbox 2653 2718 2799 2773; x_wconf 86' lang='lat' dir='ltr'><strong>mei?</strong></span> <span class='ocrx_word' id='word_1_441' title='bbox 2821 2718 3006 2774; x_wconf 89' lang='lat' dir='ltr'><strong>Dicam</strong></span> <span class='ocrx_word' id='word_1_442' title='bbox 3037 2733 3139 2789; x_wconf 87' lang='lat' dir='ltr'><strong>ego</strong></span> <span class='ocrx_word' id='word_1_443' title='bbox 3185 2736 3199 2771; x_wconf 89' lang='lat'><strong>:</strong></span> <span class='ocrx_word' id='word_1_444' title='bbox 3251 2717 3583 2773; x_wconf 84' lang='lat' dir='ltr'><strong>Persuadeat</strong></span> <span class='ocrx_word' id='word_1_445' title='bbox 3626 2717 3693 2750; x_wconf 73' lang='grc'><strong><em>⁵³⁵</em></strong></span> 
     </span>
    </p>
   </div>
   <div class='ocr_carea' id='block_1_61' title="bbox 2102 2808 3692 2879">
    <p class='ocr_par' dir='ltr' id='par_1_61' title="bbox 2102 2808 3692 2879">
     <span class='ocr_line' id='line_1_61' title="bbox 2102 2808 3692 2879; baseline -0.003 -14"><span class='ocrx_word' id='word_1_446' title='bbox 2102 2810 2264 2866; x_wconf 89' lang='lat' dir='ltr'><strong>Deus.</strong></span> <span class='ocrx_word' id='word_1_447' title='bbox 2289 2809 2590 2866; x_wconf 89' lang='lat' dir='ltr'><strong>Desiderati</strong></span> <span class='ocrx_word' id='word_1_448' title='bbox 2618 2810 2747 2875; x_wconf 88' lang='lat' dir='ltr'><strong>mei,</strong></span> <span class='ocrx_word' id='word_1_449' title='bbox 2777 2808 2909 2864; x_wconf 88' lang='lat' dir='ltr'><strong>nihil</strong></span> <span class='ocrx_word' id='word_1_450' title='bbox 2933 2817 3042 2863; x_wconf 88' lang='lat' dir='ltr'><strong>tam</strong></span> <span class='ocrx_word' id='word_1_451' title='bbox 3070 2808 3210 2863; x_wconf 87' lang='lat' dir='ltr'><strong>bene</strong></span> <span class='ocrx_word' id='word_1_452' title='bbox 3234 2808 3460 2879; x_wconf 86' lang='lat' dir='ltr'><strong>potestis</strong></span> <span class='ocrx_word' id='word_1_453' title='bbox 3482 2851 3497 2875; x_wconf 92' lang='lat'><strong>,</strong></span> <span class='ocrx_word' id='word_1_454' title='bbox 3527 2823 3692 2878; x_wconf 85' lang='lat' dir='ltr'><strong>quam</strong></span> 
     </span>
    </p>
   </div>
   <div class='ocr_carea' id='block_1_62' title="bbox 2104 2898 3694 2970">
    <p class='ocr_par' dir='ltr' id='par_1_62' title="bbox 2104 2898 3694 2970">
     <span class='ocr_line' id='line_1_62' title="bbox 2104 2898 3694 2970; baseline -0.001 -16"><span class='ocrx_word' id='word_1_455' title='bbox 2104 2900 2416 2955; x_wconf 67' lang='lat' dir='ltr'><strong>monasticaa</strong></span> <span class='ocrx_word' id='word_1_456' title='bbox 2443 2901 2566 2955; x_wconf 76' lang='lat' dir='ltr'><strong>vita:</strong></span> <span class='ocrx_word' id='word_1_457' title='bbox 2597 2901 2931 2970; x_wconf 90' lang='lat' dir='ltr'><strong>propositum</strong></span> <span class='ocrx_word' id='word_1_458' title='bbox 2961 2898 3234 2969; x_wconf 86' lang='lat' dir='ltr'><strong>arripere;</strong></span> <span class='ocrx_word' id='word_1_459' title='bbox 3284 2913 3550 2969; x_wconf 78' lang='lat' dir='ltr'><strong>nusquam</strong></span> <span class='ocrx_word' id='word_1_460' title='bbox 3583 2915 3694 2952; x_wconf 80' lang='lat' dir='ltr'><strong>mc-</strong></span> 
     </span>
    </p>
   </div>
   <div class='ocr_carea' id='block_1_63' title="bbox 405 2989 1998 3070">
    <p class='ocr_par' dir='ltr' id='par_1_63' title="bbox 405 3003 1998 3070">
     <span class='ocr_line' id='line_1_63' title="bbox 405 3003 1998 3070; baseline 0.007 -19"><span class='ocrx_word' id='word_1_461' title='bbox 405 3013 572 3067; x_wconf 89' lang='lat' dir='ltr'><strong>quam</strong></span> <span class='ocrx_word' id='word_1_462' title='bbox 599 3003 742 3070; x_wconf 92' lang='lat' dir='ltr'><strong>quod</strong></span> <span class='ocrx_word' id='word_1_463' title='bbox 767 3003 1003 3059; x_wconf 89' lang='lat' dir='ltr'><strong>animam</strong></span> <span class='ocrx_word' id='word_1_464' title='bbox 1035 3015 1128 3059; x_wconf 89' lang='lat' dir='ltr'><strong>aut</strong></span> <span class='ocrx_word' id='word_1_465' title='bbox 1151 3006 1351 3061; x_wconf 80' lang='lat' dir='ltr'><strong>famam</strong></span> <span class='ocrx_word' id='word_1_466' title='bbox 1381 3013 1618 3062; x_wconf 85' lang='lat' dir='ltr'><strong>vestram</strong></span> <span class='ocrx_word' id='word_1_467' title='bbox 1649 3006 1808 3063; x_wconf 70' lang='lat' dir='ltr'><strong>Ludat</strong></span> <span class='ocrx_word' id='word_1_468' title='bbox 1831 3008 1998 3064; x_wconf 84' lang='lat' dir='ltr'><strong>facia-</strong></span> 
     </span>
    </p>
   </div>
   <div class='ocr_carea' id='block_1_64' title="bbox 2100 2989 3693 3070">
    <p class='ocr_par' dir='ltr' id='par_1_64' title="bbox 2104 2989 3693 3061">
     <span class='ocr_line' id='line_1_64' title="bbox 2104 2989 3693 3061; baseline -0.001 -15"><span class='ocrx_word' id='word_1_469' title='bbox 2104 2990 2208 3046; x_wconf 92' lang='lat' dir='ltr'><strong>lius</strong></span> <span class='ocrx_word' id='word_1_470' title='bbox 2237 2992 2340 3046; x_wconf 92' lang='lat' dir='ltr'><strong>boc</strong></span> <span class='ocrx_word' id='word_1_471' title='bbox 2370 2991 2615 3061; x_wconf 90' lang='lat' dir='ltr'><strong>potestis,</strong></span> <span class='ocrx_word' id='word_1_472' title='bbox 2648 3006 2808 3061; x_wconf 89' lang='lat' dir='ltr'><strong>quam</strong></span> <span class='ocrx_word' id='word_1_473' title='bbox 2840 3005 2962 3045; x_wconf 91' lang='lat' dir='ltr'><strong>cum</strong></span> <span class='ocrx_word' id='word_1_474' title='bbox 2993 2989 3085 3045; x_wconf 93' lang='lat' dir='ltr'><strong>illo</strong></span> <span class='ocrx_word' id='word_1_475' title='bbox 3129 2991 3219 3060; x_wconf 91' lang='lat' dir='ltr'><strong>qui</strong></span> <span class='ocrx_word' id='word_1_476' title='bbox 3265 2990 3414 3046; x_wconf 91' lang='lat' dir='ltr'><strong>vobis</strong></span> <span class='ocrx_word' id='word_1_477' title='bbox 3472 2991 3528 3044; x_wconf 86' lang='lat' dir='ltr'><strong>in</strong></span> <span class='ocrx_word' id='word_1_478' title='bbox 3595 2991 3693 3045; x_wconf 89' lang='lat' dir='ltr'><strong>hoc</strong></span> 
     </span>
    </p>
   </div>
   <div class='ocr_carea' id='block_1_65' title="bbox 405 3091 1998 3170">
    <p class='ocr_par' dir='ltr' id='par_1_65' title="bbox 405 3091 1998 3170">
     <span class='ocr_line' id='line_1_65' title="bbox 405 3091 1998 3170; baseline 0.011 -26"><span class='ocrx_word' id='word_1_479' title='bbox 405 3091 497 3146; x_wconf 89' lang='lat' dir='ltr'><strong>tis.</strong></span> <span class='ocrx_word' id='word_1_480' title='bbox 524 3092 638 3148; x_wconf 85' lang='lat' dir='ltr'><strong>Non</strong></span> <span class='ocrx_word' id='word_1_481' title='bbox 672 3095 792 3151; x_wconf 89' lang='lat' dir='ltr'><strong>dico</strong></span> <span class='ocrx_word' id='word_1_482' title='bbox 824 3098 985 3152; x_wconf 89' lang='lat' dir='ltr'><strong>modo</strong></span> <span class='ocrx_word' id='word_1_483' title='bbox 1036 3099 1197 3155; x_wconf 88' lang='lat' dir='ltr'><strong>verba</strong></span> <span class='ocrx_word' id='word_1_484' title='bbox 1252 3099 1709 3167; x_wconf 85' lang='lat' dir='ltr'><strong>inconvenientia,</strong></span> <span class='ocrx_word' id='word_1_485' title='bbox 1766 3115 1887 3170; x_wconf 80' lang='lat' dir='ltr'><strong>quae</strong></span> <span class='ocrx_word' id='word_1_486' title='bbox 1931 3101 1998 3157; x_wconf 85' lang='lat' dir='ltr'><strong>de</strong></span> 
     </span>
    </p>
   </div>
   <div class='ocr_carea' id='block_1_66' title="bbox 405 3185 2002 3266">
    <p class='ocr_par' dir='ltr' id='par_1_66' title="bbox 405 3185 2002 3266">
     <span class='ocr_line' id='line_1_66' title="bbox 405 3185 2002 3266; baseline 0.006 -28"><span class='ocrx_word' id='word_1_487' title='bbox 405 3185 560 3241; x_wconf 87' lang='lat' dir='ltr'><strong>vobis</strong></span> <span class='ocrx_word' id='word_1_488' title='bbox 581 3204 679 3258; x_wconf 93' lang='lat' dir='ltr'><strong>pro</strong></span> <span class='ocrx_word' id='word_1_489' title='bbox 703 3189 805 3244; x_wconf 89' lang='lat' dir='ltr'><strong>hac</strong></span> <span class='ocrx_word' id='word_1_490' title='bbox 852 3192 1138 3248; x_wconf 89' lang='lat' dir='ltr'><strong>occasione</strong></span> <span class='ocrx_word' id='word_1_491' title='bbox 1183 3194 1432 3250; x_wconf 78' lang='lat' dir='ltr'><strong>dicuntur</strong></span> <span class='ocrx_word' id='word_1_492' title='bbox 1468 3195 1522 3250; x_wconf 91' lang='lat' dir='ltr'><strong>in</strong></span> <span class='ocrx_word' id='word_1_493' title='bbox 1562 3193 1776 3266; x_wconf 84' lang='lat' dir='ltr'><strong>Anglia.</strong></span> <span class='ocrx_word' id='word_1_494' title='bbox 1817 3193 2002 3250; x_wconf 74' lang='lat' dir='ltr'><strong>Valeat</strong></span> 
     </span>
    </p>
   </div>
   <div class='ocr_carea' id='block_1_67' title="bbox 406 3277 2001 3357">
    <p class='ocr_par' dir='ltr' id='par_1_67' title="bbox 406 3277 2001 3357">
     <span class='ocr_line' id='line_1_67' title="bbox 406 3277 2001 3357; baseline 0.008 -27"><span class='ocrx_word' id='word_1_495' title='bbox 406 3277 537 3332; x_wconf 85' lang='lat' dir='ltr'><strong>mihi</strong></span> <span class='ocrx_word' id='word_1_496' title='bbox 565 3279 738 3337; x_wconf 90' lang='lat' dir='ltr'><strong>dulcis</strong></span> <span class='ocrx_word' id='word_1_497' title='bbox 763 3281 1003 3339; x_wconf 85' lang='lat' dir='ltr'><strong>charitas</strong></span> <span class='ocrx_word' id='word_1_498' title='bbox 1033 3296 1244 3351; x_wconf 81' lang='lat' dir='ltr'><strong>vestra;</strong></span> <span class='ocrx_word' id='word_1_499' title='bbox 1297 3293 1351 3341; x_wconf 89' lang='lat' dir='ltr'><strong>et</strong></span> <span class='ocrx_word' id='word_1_500' title='bbox 1403 3301 1474 3342; x_wconf 83' lang='lat' dir='ltr'><strong>ne</strong></span> <span class='ocrx_word' id='word_1_501' title='bbox 1515 3286 1682 3342; x_wconf 83' lang='lat' dir='ltr'><strong>faciat</strong></span> <span class='ocrx_word' id='word_1_502' title='bbox 1729 3286 1873 3357; x_wconf 91' lang='lat' dir='ltr'><strong>quod</strong></span> <span class='ocrx_word' id='word_1_503' title='bbox 1913 3301 2001 3342; x_wconf 91' lang='lat' dir='ltr'><strong>me</strong></span> 
     </span>
    </p>
   </div>
   <div class='ocr_carea' id='block_1_68' title="bbox 406 3372 1999 3451">
    <p class='ocr_par' dir='ltr' id='par_1_68' title="bbox 406 3372 1999 3451">
     <span class='ocr_line' id='line_1_68' title="bbox 406 3372 1999 3451; baseline 0.004 -26"><span class='ocrx_word' id='word_1_504' title='bbox 406 3372 714 3442; x_wconf 87' lang='lat' dir='ltr'><strong>contristet,</strong></span> <span class='ocrx_word' id='word_1_505' title='bbox 751 3374 1135 3446; x_wconf 88' lang='lat' dir='ltr'><strong>quiajucuuda</strong></span> <span class='ocrx_word' id='word_1_506' title='bbox 1166 3387 1248 3433; x_wconf 90' lang='lat' dir='ltr'><strong>est</strong></span> <span class='ocrx_word' id='word_1_507' title='bbox 1275 3378 1405 3434; x_wconf 89' lang='lat' dir='ltr'><strong>mihi</strong></span> <span class='ocrx_word' id='word_1_508' title='bbox 1443 3378 1747 3451; x_wconf 83' lang='lat' dir='ltr'><strong>benignitas</strong></span> <span class='ocrx_word' id='word_1_509' title='bbox 1798 3386 1999 3434; x_wconf 87' lang='lat' dir='ltr'><strong>vestra.</strong></span> 
     </span>
    </p>
   </div>
   <div class='ocr_carea' id='block_1_69' title="bbox 846 3487 1554 3547">
    <p class='ocr_par' dir='ltr' id='par_1_69' title="bbox 846 3487 1554 3547">
     <span class='ocr_line' id='line_1_69' title="bbox 846 3487 1554 3547; baseline 0.001 -6"><span class='ocrx_word' id='word_1_510' title='bbox 846 3487 1181 3547; x_wconf 83' lang='lat' dir='ltr'><strong>EPISTOLA</strong></span> <span class='ocrx_word' id='word_1_511' title='bbox 1213 3490 1425 3546; x_wconf 75' lang='lat' dir='ltr'><strong>XXVIII</strong></span> <span class='ocrx_word' id='word_1_512' title='bbox 1461 3490 1554 3542; x_wconf 64' lang='lat'><strong>“3.</strong></span> 
     </span>
    </p>
   </div>
   <div class='ocr_carea' id='block_1_70' title="bbox 635 3591 1785 3636">
    <p class='ocr_par' dir='ltr' id='par_1_70' title="bbox 635 3591 1785 3636">
     <span class='ocr_line' id='line_1_70' title="bbox 635 3591 1785 3636; baseline 0.008 -9"><span class='ocrx_word' id='word_1_513' title='bbox 635 3591 704 3628; x_wconf 72' lang='lat' dir='ltr'><strong>AD</strong></span> <span class='ocrx_word' id='word_1_514' title='bbox 730 3592 1017 3632; x_wconf 72' lang='lat' dir='ltr'><strong>HAYMONEII</strong></span> <span class='ocrx_word' id='word_1_515' title='bbox 1040 3596 1111 3634; x_wconf 75' lang='grc' dir='ltr'>ΕΤ</span> <span class='ocrx_word' id='word_1_516' title='bbox 1142 3597 1460 3636; x_wconf 72' lang='lat' dir='ltr'><strong>RAYNALDUM</strong></span> <span class='ocrx_word' id='word_1_517' title='bbox 1491 3596 1785 3636; x_wconf 73' lang='lat' dir='ltr'><strong>MONACHOS.</strong></span> 
     </span>
    </p>
   </div>
   <div class='ocr_carea' id='block_1_71' title="bbox 404 3662 2000 3742">
    <p class='ocr_par' dir='ltr' id='par_1_71' title="bbox 404 3662 2000 3742">
     <span class='ocr_line' id='line_1_71' title="bbox 404 3662 2000 3742; baseline 0.006 -25"><span class='ocrx_word' id='word_1_518' title='bbox 404 3662 476 3718; x_wconf 86' lang='lat' dir='ltr'><strong>Ut</strong></span> <span class='ocrx_word' id='word_1_519' title='bbox 504 3663 658 3718; x_wconf 83' lang='lat' dir='ltr'><strong>Becci</strong></span> <span class='ocrx_word' id='word_1_520' title='bbox 678 3667 938 3742; x_wconf 70' lang='lat' dir='ltr'><strong>cucullum</strong></span> <span class='ocrx_word' id='word_1_521' title='bbox 966 3669 1211 3734; x_wconf 79' lang='lat' dir='ltr'><strong>induant,</strong></span> <span class='ocrx_word' id='word_1_522' title='bbox 1236 3672 1326 3740; x_wconf 80' lang='lat' dir='ltr'><strong>qui</strong></span> <span class='ocrx_word' id='word_1_523' title='bbox 1348 3688 1375 3726; x_wconf 83' lang='lat' dir='ltr'><strong>e</strong></span> <span class='ocrx_word' id='word_1_524' title='bbox 1410 3671 1690 3742; x_wconf 82' lang='lat' dir='ltr'><strong>longinquo</strong></span> <span class='ocrx_word' id='word_1_525' title='bbox 1737 3671 1863 3725; x_wconf 82' lang='lat' dir='ltr'><strong>illuc</strong></span> <span class='ocrx_word' id='word_1_526' title='bbox 1909 3677 2000 3734; x_wconf 73' lang='lat' dir='ltr'><strong>ve-</strong></span> 
     </span>
    </p>
   </div>
   <div class='ocr_carea' id='block_1_72' title="bbox 475 3736 2003 3858">
    <p class='ocr_par' dir='ltr' id='par_1_72' title="bbox 475 3736 2003 3858">
     <span class='ocr_line' id='line_1_72' title="bbox 475 3736 2003 3858; baseline 0.006 -72"><span class='ocrx_word' id='word_1_527' title='bbox 475 3746 662 3858; x_wconf 59' lang='lat' dir='ltr'><strong>;terqnt</strong></span> <span class='ocrx_word' id='word_1_528' title='bbox 707 3736 939 3794; x_wconf 79' lang='lat' dir='ltr'><strong>Anselmi</strong></span> <span class='ocrx_word' id='word_1_529' title='bbox 991 3736 1290 3796; x_wconf 80' lang='lat' dir='ltr'><strong>convisendi</strong></span> <span class='ocrx_word' id='word_1_530' title='bbox 1341 3736 1629 3813; x_wconf 41' lang='lat' dir='ltr'><strong>ergofeo&#39;s</strong></span> <span class='ocrx_word' id='word_1_531' title='bbox 1676 3743 2003 3798; x_wconf 80' lang='lat' dir='ltr'><strong>vehementer</strong></span> 
     </span>
     <span class='ocr_line' id='line_1_73' title="bbox 491 3817 736 3858; baseline 0 0"><span class='ocrx_word' id='word_1_532' title='bbox 491 3822 572 3858; x_wconf 80' lang='lat' dir='ltr'><strong>tor</strong></span> <span class='ocrx_word' id='word_1_533' title='bbox 595 3817 736 3858; x_wconf 82' lang='lat' dir='ltr'><strong>atur.</strong></span> 
     </span>
    </p>
   </div>
   <div class='ocr_carea' id='block_1_73' title="bbox 491 3817 736 3861">
    <p class='ocr_par' dir='ltr' id='par_1_73' title="bbox 491 3817 736 3861">
     <span class='ocr_line' id='line_1_74' title="bbox 491 3817 736 3861; baseline 0.012 -4"><span class='ocrx_word' id='word_1_534' title='bbox 491 3817 736 3861; x_wconf 81' lang='lat' dir='ltr'><strong>&#39;torlatur.</strong></span> 
     </span>
    </p>
   </div>
   <div class='ocr_carea' id='block_1_74' title="bbox 480 3898 1999 3974">
    <p class='ocr_par' dir='ltr' id='par_1_74' title="bbox 480 3898 1999 3974">
     <span class='ocr_line' id='line_1_75' title="bbox 480 3898 1999 3974; baseline 0.003 -21"><span class='ocrx_word' id='word_1_535' title='bbox 480 3898 605 3954; x_wconf 88' lang='lat' dir='ltr'><strong>Suis</strong></span> <span class='ocrx_word' id='word_1_536' title='bbox 630 3899 995 3957; x_wconf 90' lang='lat' dir='ltr'><strong>dilectissimis</strong></span> <span class='ocrx_word' id='word_1_537' title='bbox 1037 3910 1092 3958; x_wconf 92' lang='lat' dir='ltr'><strong>et</strong></span> <span class='ocrx_word' id='word_1_538' title='bbox 1143 3903 1621 3961; x_wconf 85' lang='lat' dir='ltr'><strong>desideratissimis</strong></span> <span class='ocrx_word' id='word_1_539' title='bbox 1672 3902 1999 3974; x_wconf 80' lang='lat' dir='ltr'><strong>consangui-</strong></span> 
     </span>
    </p>
   </div>
   <div class='ocr_carea' id='block_1_75' title="bbox 407 3986 2004 4050">
    <p class='ocr_par' dir='ltr' id='par_1_75' title="bbox 407 3986 2004 4050">
     <span class='ocr_line' id='line_1_76' title="bbox 407 3986 2004 4050; baseline 0.005 -8"><span class='ocrx_word' id='word_1_540' title='bbox 407 3987 528 4042; x_wconf 83' lang='lat' dir='ltr'><strong>neis</strong></span> <span class='ocrx_word' id='word_1_541' title='bbox 558 3986 801 4043; x_wconf 76' lang='lat' dir='ltr'><strong>HAYMONI</strong></span> <span class='ocrx_word' id='word_1_542' title='bbox 829 3998 883 4044; x_wconf 88' lang='lat' dir='ltr'><strong>et</strong></span> <span class='ocrx_word' id='word_1_543' title='bbox 939 3990 1224 4048; x_wconf 70' lang='lat' dir='ltr'><strong>RAYNALDO</strong></span> <span class='ocrx_word' id='word_1_544' title='bbox 1277 3991 1448 4049; x_wconf 80' lang='lat' dir='ltr'><strong>frater</strong></span> <span class='ocrx_word' id='word_1_545' title='bbox 1485 3996 1770 4049; x_wconf 73' lang='lat' dir='ltr'><strong>ANSELIIUS</strong></span> <span class='ocrx_word' id='word_1_546' title='bbox 1812 4008 2004 4050; x_wconf 85' lang='lat' dir='ltr'><strong>servus</strong></span> 
     </span>
    </p>
   </div>
   <div class='ocr_carea' id='block_1_76' title="bbox 409 4079 2001 4149">
    <p class='ocr_par' dir='ltr' id='par_1_76' title="bbox 409 4079 2001 4149">
     <span class='ocr_line' id='line_1_77' title="bbox 409 4079 2001 4149; baseline 0.004 -16"><span class='ocrx_word' id='word_1_547' title='bbox 409 4094 688 4133; x_wconf 85' lang='lat' dir='ltr'><strong>servorum</strong></span> <span class='ocrx_word' id='word_1_548' title='bbox 712 4079 806 4136; x_wconf 90' lang='lat' dir='ltr'><strong>Dei</strong></span> <span class='ocrx_word' id='word_1_549' title='bbox 835 4081 991 4138; x_wconf 91' lang='lat' dir='ltr'><strong>Becci</strong></span> <span class='ocrx_word' id='word_1_550' title='bbox 1020 4087 1502 4149; x_wconf 89' lang='lat' dir='ltr'><strong>commanentium,</strong></span> <span class='ocrx_word' id='word_1_551' title='bbox 1541 4095 1650 4141; x_wconf 88' lang='lat' dir='ltr'><strong>tota</strong></span> <span class='ocrx_word' id='word_1_552' title='bbox 1683 4087 1884 4140; x_wconf 89' lang='lat' dir='ltr'><strong>virtute</strong></span> <span class='ocrx_word' id='word_1_553' title='bbox 1912 4101 2001 4140; x_wconf 89' lang='lat' dir='ltr'><strong>va-</strong></span> 
     </span>
    </p>
   </div>
   <div class='ocr_carea' id='block_1_77' title="bbox 409 4172 2000 4242">
    <p class='ocr_par' dir='ltr' id='par_1_77' title="bbox 409 4172 2000 4242">
     <span class='ocr_line' id='line_1_78' title="bbox 409 4172 2000 4242; baseline 0.003 -16"><span class='ocrx_word' id='word_1_554' title='bbox 409 4172 634 4227; x_wconf 84' lang='lat' dir='ltr'><strong>nitatem</strong></span> <span class='ocrx_word' id='word_1_555' title='bbox 663 4181 1027 4242; x_wconf 86' lang='lat' dir='ltr'><strong>contemnere,</strong></span> <span class='ocrx_word' id='word_1_556' title='bbox 1075 4184 1129 4230; x_wconf 85' lang='lat' dir='ltr'><strong>et</strong></span> <span class='ocrx_word' id='word_1_557' title='bbox 1185 4184 1301 4232; x_wconf 93' lang='lat' dir='ltr'><strong>toto</strong></span> <span class='ocrx_word' id='word_1_558' title='bbox 1349 4174 1547 4233; x_wconf 66' lang='lat' dir='ltr'><strong>affectu</strong></span> <span class='ocrx_word' id='word_1_559' title='bbox 1596 4177 1666 4232; x_wconf 89' lang='lat' dir='ltr'><strong>ad</strong></span> <span class='ocrx_word' id='word_1_560' title='bbox 1717 4177 2000 4233; x_wconf 89' lang='lat' dir='ltr'><strong>veritatem</strong></span> 
     </span>
    </p>
   </div>
   <div class='ocr_carea' id='block_1_78' title="bbox 408 4267 757 4322">
    <p class='ocr_par' dir='ltr' id='par_1_78' title="bbox 408 4267 757 4322">
     <span class='ocr_line' id='line_1_79' title="bbox 408 4267 757 4322; baseline 0.011 -4"><span class='ocrx_word' id='word_1_561' title='bbox 408 4267 757 4322; x_wconf 87' lang='lat' dir='ltr'><strong>contendere.</strong></span> 
     </span>
    </p>
   </div>
   <div class='ocr_carea' id='block_1_79' title="bbox 2099 3079 3687 3150">
    <p class='ocr_par' dir='ltr' id='par_1_79' title="bbox 2099 3079 3687 3150">
     <span class='ocr_line' id='line_1_80' title="bbox 2099 3079 3687 3150; baseline -0.003 -15"><span class='ocrx_word' id='word_1_562' title='bbox 2099 3081 2370 3136; x_wconf 89' lang='lat' dir='ltr'><strong>desiderat</strong></span> <span class='ocrx_word' id='word_1_563' title='bbox 2395 3090 2452 3136; x_wconf 86' lang='lat' dir='ltr'><strong>et</strong></span> <span class='ocrx_word' id='word_1_564' title='bbox 2478 3088 2678 3150; x_wconf 90' lang='lat' dir='ltr'><strong>potest,</strong></span> <span class='ocrx_word' id='word_1_565' title='bbox 2709 3079 2818 3136; x_wconf 86' lang='lat' dir='ltr'><strong>Deo</strong></span> <span class='ocrx_word' id='word_1_566' title='bbox 2847 3083 3029 3144; x_wconf 89' lang='lat' dir='ltr'><strong>dante,</strong></span> <span class='ocrx_word' id='word_1_567' title='bbox 3055 3080 3255 3135; x_wconf 87' lang='lat' dir='ltr'><strong>servire</strong></span> <span class='ocrx_word' id='word_1_568' title='bbox 3290 3088 3344 3134; x_wconf 89' lang='lat' dir='ltr'><strong>et</strong></span> <span class='ocrx_word' id='word_1_569' title='bbox 3369 3079 3687 3134; x_wconf 82' lang='lat' dir='ltr'><strong>consulere.</strong></span> 
     </span>
    </p>
   </div>
   <div class='ocr_carea' id='block_1_80' title="bbox 2103 3170 3688 3245">
    <p class='ocr_par' dir='ltr' id='par_1_80' title="bbox 2103 3170 3688 3245">
     <span class='ocr_line' id='line_1_81' title="bbox 2103 3170 3688 3245; baseline -0.005 -14"><span class='ocrx_word' id='word_1_570' title='bbox 2103 3173 2299 3245; x_wconf 90' lang='lat' dir='ltr'><strong>Utique</strong></span> <span class='ocrx_word' id='word_1_571' title='bbox 2328 3189 2436 3228; x_wconf 91' lang='lat' dir='ltr'><strong>non</strong></span> <span class='ocrx_word' id='word_1_572' title='bbox 2464 3172 2612 3238; x_wconf 85' lang='lat' dir='ltr'><strong>l‘allo,</strong></span> <span class='ocrx_word' id='word_1_573' title='bbox 2637 3180 2762 3242; x_wconf 81' lang='lat' dir='ltr'><strong>quia</strong></span> <span class='ocrx_word' id='word_1_574' title='bbox 2792 3172 2998 3227; x_wconf 92' lang='lat' dir='ltr'><strong>amicus</strong></span> <span class='ocrx_word' id='word_1_575' title='bbox 3021 3186 3164 3235; x_wconf 90' lang='lat' dir='ltr'><strong>sum;</strong></span> <span class='ocrx_word' id='word_1_576' title='bbox 3198 3176 3346 3225; x_wconf 87' lang='lat' dir='ltr'><strong>certe</strong></span> <span class='ocrx_word' id='word_1_577' title='bbox 3375 3183 3482 3224; x_wconf 90' lang='lat' dir='ltr'><strong>nec</strong></span> <span class='ocrx_word' id='word_1_578' title='bbox 3511 3170 3688 3234; x_wconf 77' lang='lat' dir='ltr'><strong>fallor,</strong></span> 
     </span>
    </p>
   </div>
   <div class='ocr_carea' id='block_1_81' title="bbox 2095 3260 3686 3337">
    <p class='ocr_par' dir='ltr' id='par_1_81' title="bbox 2095 3260 3686 3337">
     <span class='ocr_line' id='line_1_82' title="bbox 2095 3260 3686 3337; baseline -0.003 -18"><span class='ocrx_word' id='word_1_579' title='bbox 2095 3266 2226 3337; x_wconf 86' lang='lat' dir='ltr'><strong>quia</strong></span> <span class='ocrx_word' id='word_1_580' title='bbox 2257 3271 2514 3335; x_wconf 83' lang='lat' dir='ltr'><strong>expertus</strong></span> <span class='ocrx_word' id='word_1_581' title='bbox 2539 3278 2680 3318; x_wconf 91' lang='lat' dir='ltr'><strong>sum.</strong></span> <span class='ocrx_word' id='word_1_582' title='bbox 2717 3261 2899 3323; x_wconf 90' lang='lat' dir='ltr'><strong>Simus</strong></span> <span class='ocrx_word' id='word_1_583' title='bbox 2925 3276 3053 3332; x_wconf 91' lang='lat' dir='ltr'><strong>ergo</strong></span> <span class='ocrx_word' id='word_1_584' title='bbox 3085 3260 3335 3316; x_wconf 89' lang='lat' dir='ltr'><strong>monachi</strong></span> <span class='ocrx_word' id='word_1_585' title='bbox 3359 3260 3545 3323; x_wconf 87' lang='lat' dir='ltr'><strong>simul.</strong></span> <span class='ocrx_word' id='word_1_586' title='bbox 3569 3275 3686 3316; x_wconf 85' lang='lat' dir='ltr'><strong>ser-</strong></span> 
     </span>
    </p>
   </div>
   <div class='ocr_carea' id='block_1_82' title="bbox 2099 3351 3687 3421">
    <p class='ocr_par' dir='ltr' id='par_1_82' title="bbox 2099 3351 3687 3421">
     <span class='ocr_line' id='line_1_83' title="bbox 2099 3351 3687 3421; baseline -0.006 -6"><span class='ocrx_word' id='word_1_587' title='bbox 2099 3359 2314 3415; x_wconf 87' lang='lat' dir='ltr'><strong>viamus</strong></span> <span class='ocrx_word' id='word_1_588' title='bbox 2334 3356 2444 3412; x_wconf 88' lang='lat' dir='ltr'><strong>Deo</strong></span> <span class='ocrx_word' id='word_1_589' title='bbox 2467 3354 2648 3421; x_wconf 88' lang='lat' dir='ltr'><strong>simul,</strong></span> <span class='ocrx_word' id='word_1_590' title='bbox 2678 3362 2735 3410; x_wconf 91' lang='lat' dir='ltr'><strong>ut</strong></span> <span class='ocrx_word' id='word_1_591' title='bbox 2763 3353 2830 3408; x_wconf 90' lang='lat' dir='ltr'><strong>de</strong></span> <span class='ocrx_word' id='word_1_592' title='bbox 2855 3354 3088 3409; x_wconf 90' lang='lat' dir='ltr'><strong>invicem</strong></span> <span class='ocrx_word' id='word_1_593' title='bbox 3133 3368 3276 3407; x_wconf 90' lang='lat' dir='ltr'><strong>nunc</strong></span> <span class='ocrx_word' id='word_1_594' title='bbox 3311 3361 3364 3406; x_wconf 90' lang='lat' dir='ltr'><strong>et</strong></span> <span class='ocrx_word' id='word_1_595' title='bbox 3397 3351 3450 3418; x_wconf 83' lang='lat' dir='ltr'><strong>in</strong></span> <span class='ocrx_word' id='word_1_596' title='bbox 3507 3351 3687 3406; x_wconf 78' lang='lat' dir='ltr'><strong>futuro</strong></span> 
     </span>
    </p>
   </div>
   <div class='ocr_carea' id='block_1_83' title="bbox 2099 3443 3684 3522">
    <p class='ocr_par' dir='ltr' id='par_1_83' title="bbox 2099 3443 3684 3522">
     <span class='ocr_line' id='line_1_84' title="bbox 2099 3443 3684 3522; baseline -0.006 -18"><span class='ocrx_word' id='word_1_597' title='bbox 2099 3450 2430 3522; x_wconf 86' lang='lat' dir='ltr'><strong>gaudeamus</strong></span> <span class='ocrx_word' id='word_1_598' title='bbox 2450 3445 2610 3503; x_wconf 88' lang='lat' dir='ltr'><strong>simul</strong></span> <span class='ocrx_word' id='word_1_599' title='bbox 2636 3462 2740 3502; x_wconf 90' lang='lat' dir='ltr'><strong>una</strong></span> <span class='ocrx_word' id='word_1_600' title='bbox 2761 3461 2910 3514; x_wconf 88' lang='lat' dir='ltr'><strong>caro,</strong></span> <span class='ocrx_word' id='word_1_601' title='bbox 2941 3461 3082 3501; x_wconf 90' lang='lat' dir='ltr'><strong>unus</strong></span> <span class='ocrx_word' id='word_1_602' title='bbox 3094 3443 3331 3516; x_wconf 87' lang='lat' dir='ltr'><strong>sanguis,</strong></span> <span class='ocrx_word' id='word_1_603' title='bbox 3356 3458 3460 3498; x_wconf 87' lang='lat' dir='ltr'><strong>una</strong></span> <span class='ocrx_word' id='word_1_604' title='bbox 3483 3443 3684 3509; x_wconf 82' lang='lat' dir='ltr'><strong>anima,</strong></span> 
     </span>
    </p>
   </div>
   <div class='ocr_carea' id='block_1_84' title="bbox 2100 3525 3687 3614">
    <p class='ocr_par' dir='ltr' id='par_1_84' title="bbox 2100 3525 3687 3614">
     <span class='ocr_line' id='line_1_85' title="bbox 2100 3525 3687 3614; baseline -0.003 -20"><span class='ocrx_word' id='word_1_605' title='bbox 2100 3525 2241 3595; x_wconf 83' lang='lat' dir='ltr'><strong>unus</strong></span> <span class='ocrx_word' id='word_1_606' title='bbox 2271 3538 2493 3609; x_wconf 89' lang='lat' dir='ltr'><strong>spiritus</strong></span> <span class='ocrx_word' id='word_1_607' title='bbox 2516 3538 2709 3614; x_wconf 83' lang='lat' dir='ltr'><strong>simus.</strong></span> <span class='ocrx_word' id='word_1_608' title='bbox 2733 3536 2975 3607; x_wconf 89' lang='lat' dir='ltr'><strong>Denique</strong></span> <span class='ocrx_word' id='word_1_609' title='bbox 3009 3536 3352 3600; x_wconf 89' lang='lat' dir='ltr'><strong>accessistis,</strong></span> <span class='ocrx_word' id='word_1_610' title='bbox 3382 3534 3687 3589; x_wconf 80' lang='lat' dir='ltr'><strong>accedendo</strong></span> 
     </span>
    </p>
   </div>
   <div class='ocr_carea' id='block_1_85' title="bbox 2099 3623 3686 3695">
    <p class='ocr_par' dir='ltr' id='par_1_85' title="bbox 2099 3623 3686 3695">
     <span class='ocr_line' id='line_1_86' title="bbox 2099 3623 3686 3695; baseline -0.001 -13"><span class='ocrx_word' id='word_1_611' title='bbox 2099 3627 2882 3692; x_wconf 78' lang='lat' dir='ltr'><strong>succendistis,succendendo</strong></span> <span class='ocrx_word' id='word_1_612' title='bbox 2929 3626 3000 3659; x_wconf 73' lang='lat'><strong>“7</strong></span> <span class='ocrx_word' id='word_1_613' title='bbox 3056 3625 3352 3695; x_wconf 84' lang='lat' dir='ltr'><strong>conﬂastis,</strong></span> <span class='ocrx_word' id='word_1_614' title='bbox 3407 3623 3686 3681; x_wconf 83' lang='lat' dir='ltr'><strong>conﬂando</strong></span> 
     </span>
    </p>
   </div>
   <div class='ocr_carea' id='block_1_86' title="bbox 2101 3717 3681 3780">
    <p class='ocr_par' dir='ltr' id='par_1_86' title="bbox 2101 3717 3681 3780">
     <span class='ocr_line' id='line_1_87' title="bbox 2101 3717 3681 3780; baseline -0.004 -4"><span class='ocrx_word' id='word_1_615' title='bbox 2101 3718 2480 3776; x_wconf 87' lang='lat' dir='ltr'><strong>consolidastis</strong></span> <span class='ocrx_word' id='word_1_616' title='bbox 2506 3717 2740 3780; x_wconf 87' lang='lat' dir='ltr'><strong>animam</strong></span> <span class='ocrx_word' id='word_1_617' title='bbox 2768 3733 2942 3772; x_wconf 88' lang='lat' dir='ltr'><strong>meam</strong></span> <span class='ocrx_word' id='word_1_618' title='bbox 2971 3732 3094 3773; x_wconf 91' lang='lat' dir='ltr'><strong>cum</strong></span> <span class='ocrx_word' id='word_1_619' title='bbox 3137 3717 3422 3772; x_wconf 88' lang='lat' dir='ltr'><strong>animabus</strong></span> <span class='ocrx_word' id='word_1_620' title='bbox 3467 3717 3681 3770; x_wconf 88' lang='lat' dir='ltr'><strong>vestris.</strong></span> 
     </span>
    </p>
   </div>
   <div class='ocr_carea' id='block_1_87' title="bbox 2103 3808 3683 3882">
    <p class='ocr_par' dir='ltr' id='par_1_87' title="bbox 2103 3808 3683 3882">
     <span class='ocr_line' id='line_1_88' title="bbox 2103 3808 3683 3882; baseline -0.003 -16"><span class='ocrx_word' id='word_1_621' title='bbox 2103 3810 2289 3868; x_wconf 90' lang='lat' dir='ltr'><strong>Scindi</strong></span> <span class='ocrx_word' id='word_1_622' title='bbox 2315 3820 2512 3882; x_wconf 85' lang='lat' dir='ltr'><strong>potest,</strong></span> <span class='ocrx_word' id='word_1_623' title='bbox 2551 3811 2759 3867; x_wconf 87' lang='lat' dir='ltr'><strong>secerni</strong></span> <span class='ocrx_word' id='word_1_624' title='bbox 2780 3810 2892 3880; x_wconf 85' lang='lat' dir='ltr'><strong>jam</strong></span> <span class='ocrx_word' id='word_1_625' title='bbox 2917 3826 3024 3869; x_wconf 89' lang='lat' dir='ltr'><strong>non</strong></span> <span class='ocrx_word' id='word_1_626' title='bbox 3077 3819 3275 3881; x_wconf 88' lang='lat' dir='ltr'><strong>potest.</strong></span> <span class='ocrx_word' id='word_1_627' title='bbox 3332 3808 3570 3864; x_wconf 84' lang='lat' dir='ltr'><strong>Trahere</strong></span> <span class='ocrx_word' id='word_1_628' title='bbox 3621 3808 3683 3862; x_wconf 85' lang='lat' dir='ltr'><strong>il-</strong></span> 
     </span>
    </p>
   </div>
   <div class='ocr_carea' id='block_1_88' title="bbox 2102 3899 3682 3973">
    <p class='ocr_par' dir='ltr' id='par_1_88' title="bbox 2102 3899 3682 3973">
     <span class='ocr_line' id='line_1_89' title="bbox 2102 3899 3682 3973; baseline -0.003 -17"><span class='ocrx_word' id='word_1_629' title='bbox 2102 3901 2210 3957; x_wconf 86' lang='lat' dir='ltr'><strong>lam</strong></span> <span class='ocrx_word' id='word_1_630' title='bbox 2241 3903 2307 3957; x_wconf 92' lang='lat' dir='ltr'><strong>ad</strong></span> <span class='ocrx_word' id='word_1_631' title='bbox 2338 3902 2592 3960; x_wconf 62' lang='lat' dir='ltr'><strong>saeculum</strong></span> <span class='ocrx_word' id='word_1_632' title='bbox 2622 3901 2901 3957; x_wconf 89' lang='lat' dir='ltr'><strong>vobiscum</strong></span> <span class='ocrx_word' id='word_1_633' title='bbox 2930 3899 3092 3973; x_wconf 74' lang='lat'><strong>352</strong></span> <span class='ocrx_word' id='word_1_634' title='bbox 3120 3917 3226 3959; x_wconf 89' lang='lat' dir='ltr'><strong>non</strong></span> <span class='ocrx_word' id='word_1_635' title='bbox 3283 3900 3525 3970; x_wconf 87' lang='lat' dir='ltr'><strong>potestis.</strong></span> <span class='ocrx_word' id='word_1_636' title='bbox 3571 3899 3682 3952; x_wconf 83' lang='lat' dir='ltr'><strong>Aut</strong></span> 
     </span>
    </p>
   </div>
   <div class='ocr_carea' id='block_1_89' title="bbox 2101 3990 3677 4062">
    <p class='ocr_par' dir='ltr' id='par_1_89' title="bbox 2101 3990 3677 4062">
     <span class='ocr_line' id='line_1_90' title="bbox 2101 3990 3677 4062; baseline -0.002 -15"><span class='ocrx_word' id='word_1_637' title='bbox 2101 4006 2232 4062; x_wconf 87' lang='lat' dir='ltr'><strong>ergo</strong></span> <span class='ocrx_word' id='word_1_638' title='bbox 2262 4008 2384 4048; x_wconf 89' lang='lat' dir='ltr'><strong>cum</strong></span> <span class='ocrx_word' id='word_1_639' title='bbox 2415 3993 2502 4046; x_wconf 89' lang='lat' dir='ltr'><strong>illa</strong></span> <span class='ocrx_word' id='word_1_640' title='bbox 2529 3993 2836 4060; x_wconf 85' lang='lat' dir='ltr'><strong>manebitis,</strong></span> <span class='ocrx_word' id='word_1_641' title='bbox 2859 4001 2954 4046; x_wconf 82' lang='lat' dir='ltr'><strong>aut</strong></span> <span class='ocrx_word' id='word_1_642' title='bbox 2974 3992 3117 4048; x_wconf 87' lang='lat' dir='ltr'><strong>illam</strong></span> <span class='ocrx_word' id='word_1_643' title='bbox 3152 3992 3434 4051; x_wconf 70' lang='lat' dir='ltr'><strong>scindetis.</strong></span> <span class='ocrx_word' id='word_1_644' title='bbox 3479 3990 3584 4046; x_wconf 87' lang='lat' dir='ltr'><strong>Sed</strong></span> <span class='ocrx_word' id='word_1_645' title='bbox 3635 3991 3677 4044; x_wconf 87' lang='lat' dir='ltr'><strong>si</strong></span> 
     </span>
    </p>
   </div>
   <div class='ocr_carea' id='block_1_90' title="bbox 2104 4082 3680 4155">
    <p class='ocr_par' dir='ltr' id='par_1_90' title="bbox 2104 4082 3680 4155">
     <span class='ocr_line' id='line_1_91' title="bbox 2104 4082 3680 4155; baseline -0.001 -17"><span class='ocrx_word' id='word_1_646' title='bbox 2104 4083 2180 4138; x_wconf 89' lang='lat' dir='ltr'><strong>illi</strong></span> <span class='ocrx_word' id='word_1_647' title='bbox 2211 4084 2519 4150; x_wconf 90' lang='lat' dir='ltr'><strong>cohaeretis,</strong></span> <span class='ocrx_word' id='word_1_648' title='bbox 2548 4099 2653 4139; x_wconf 92' lang='lat' dir='ltr'><strong>non</strong></span> <span class='ocrx_word' id='word_1_649' title='bbox 2683 4085 2856 4139; x_wconf 86' lang='lat' dir='ltr'><strong>solum</strong></span> <span class='ocrx_word' id='word_1_650' title='bbox 2887 4084 3296 4155; x_wconf 87' lang='lat' dir='ltr'><strong>consanguinei,</strong></span> <span class='ocrx_word' id='word_1_651' title='bbox 3330 4082 3445 4138; x_wconf 63' lang='grc' dir='ltr'><strong>ἐοὰ</strong></span> <span class='ocrx_word' id='word_1_652' title='bbox 3473 4092 3529 4137; x_wconf 85' lang='lat' dir='ltr'><strong>et</strong></span> <span class='ocrx_word' id='word_1_653' title='bbox 3553 4097 3680 4137; x_wconf 91' lang='lat' dir='ltr'><strong>con-</strong></span> 
     </span>
    </p>
   </div>
   <div class='ocr_carea' id='block_1_91' title="bbox 2103 4176 3678 4250">
    <p class='ocr_par' dir='ltr' id='par_1_91' title="bbox 2103 4176 3678 4250">
     <span class='ocr_line' id='line_1_92' title="bbox 2103 4176 3678 4250; baseline -0.003 -16"><span class='ocrx_word' id='word_1_654' title='bbox 2103 4178 2418 4250; x_wconf 81' lang='lat' dir='ltr'><strong>Spirituales</strong></span> <span class='ocrx_word' id='word_1_655' title='bbox 2444 4177 2593 4233; x_wconf 86' lang='lat' dir='ltr'><strong>estis.</strong></span> <span class='ocrx_word' id='word_1_656' title='bbox 2625 4176 2680 4232; x_wconf 91' lang='lat' dir='ltr'><strong>Si</strong></span> <span class='ocrx_word' id='word_1_657' title='bbox 2713 4192 2843 4234; x_wconf 91' lang='lat' dir='ltr'><strong>vero</strong></span> <span class='ocrx_word' id='word_1_658' title='bbox 2875 4177 3022 4234; x_wconf 89' lang='lat' dir='ltr'><strong>illam</strong></span> <span class='ocrx_word' id='word_1_659' title='bbox 3079 4177 3353 4244; x_wconf 89' lang='lat' dir='ltr'><strong>scinditis,</strong></span> <span class='ocrx_word' id='word_1_660' title='bbox 3398 4191 3505 4232; x_wconf 92' lang='lat' dir='ltr'><strong>non</strong></span> <span class='ocrx_word' id='word_1_661' title='bbox 3553 4191 3678 4231; x_wconf 81' lang='lat' dir='ltr'><strong>cou-</strong></span> 
     </span>
    </p>
   </div>
   <div class='ocr_carea' id='block_1_92' title="bbox 2100 4266 3678 4340">
    <p class='ocr_par' dir='ltr' id='par_1_92' title="bbox 2100 4266 3678 4340">
     <span class='ocr_line' id='line_1_93' title="bbox 2100 4266 3678 4340; baseline -0.002 -16"><span class='ocrx_word' id='word_1_662' title='bbox 2100 4269 2410 4340; x_wconf 84' lang='lat' dir='ltr'><strong>sanguinei,</strong></span> <span class='ocrx_word' id='word_1_663' title='bbox 2441 4268 2535 4324; x_wconf 89' lang='lat' dir='ltr'><strong>sed</strong></span> <span class='ocrx_word' id='word_1_664' title='bbox 2564 4283 2690 4324; x_wconf 89' lang='lat' dir='ltr'><strong>vere</strong></span> <span class='ocrx_word' id='word_1_665' title='bbox 2711 4269 2992 4339; x_wconf 84' lang='lat' dir='ltr'><strong>sanguinei</strong></span> <span class='ocrx_word' id='word_1_666' title='bbox 3021 4277 3075 4324; x_wconf 92' lang='lat' dir='ltr'><strong>et</strong></span> <span class='ocrx_word' id='word_1_667' title='bbox 3111 4267 3362 4328; x_wconf 82' lang='lat' dir='ltr'><strong>carnales</strong></span> <span class='ocrx_word' id='word_1_668' title='bbox 3412 4266 3563 4323; x_wconf 85' lang='lat' dir='ltr'><strong>estis.</strong></span> <span class='ocrx_word' id='word_1_669' title='bbox 3623 4266 3678 4322; x_wconf 91' lang='lat' dir='ltr'><strong>Si</strong></span> 
     </span>
    </p>
   </div>
   <div class='ocr_carea' id='block_1_93' title="bbox 480 4343 3679 4430">
    <p class='ocr_par' dir='ltr' id='par_1_93' title="bbox 480 4343 3679 4430">
     <span class='ocr_line' id='line_1_94' title="bbox 480 4343 3679 4430; baseline 0 -19"><span class='ocrx_word' id='word_1_670' title='bbox 480 4356 612 4413; x_wconf 90' lang='lat' dir='ltr'><strong>Cum</strong></span> <span class='ocrx_word' id='word_1_671' title='bbox 664 4359 866 4425; x_wconf 90' lang='lat' dir='ltr'><strong>audivi,</strong></span> <span class='ocrx_word' id='word_1_672' title='bbox 932 4360 1126 4416; x_wconf 65' lang='lat' dir='ltr'><strong>animat</strong></span> <span class='ocrx_word' id='word_1_673' title='bbox 1183 4360 1546 4418; x_wconf 73' lang='lat' dir='ltr'><strong>dilectissimze</strong></span> <span class='ocrx_word' id='word_1_674' title='bbox 1590 4363 1788 4418; x_wconf 65' lang='lat' dir='ltr'><strong>anima:</strong></span> <span class='ocrx_word' id='word_1_675' title='bbox 1837 4377 1990 4430; x_wconf 67' lang='lat' dir='ltr'><strong>mea},</strong></span> <span class='ocrx_word' id='word_1_676' title='bbox 2023 4343 2075 4404; x_wconf 82' lang='grc' dir='ltr'>Ῑ)</span> <span class='ocrx_word' id='word_1_677' title='bbox 2101 4360 2169 4414; x_wconf 87' lang='lat' dir='ltr'><strong>ad</strong></span> <span class='ocrx_word' id='word_1_678' title='bbox 2195 4360 2302 4415; x_wconf 92' lang='lat' dir='ltr'><strong>hoc</strong></span> <span class='ocrx_word' id='word_1_679' title='bbox 2327 4360 2569 4426; x_wconf 89' lang='lat' dir='ltr'><strong>venistis,</strong></span> <span class='ocrx_word' id='word_1_680' title='bbox 2604 4374 2700 4414; x_wconf 91' lang='lat' dir='ltr'><strong>vos</strong></span> <span class='ocrx_word' id='word_1_681' title='bbox 2732 4359 3090 4430; x_wconf 85' lang='lat' dir='ltr'><strong>ipsijudicate</strong></span> <span class='ocrx_word' id='word_1_682' title='bbox 3128 4360 3219 4429; x_wconf 91' lang='lat' dir='ltr'><strong>qui</strong></span> <span class='ocrx_word' id='word_1_683' title='bbox 3265 4369 3322 4413; x_wconf 91' lang='lat' dir='ltr'><strong>et</strong></span> <span class='ocrx_word' id='word_1_684' title='bbox 3366 4358 3555 4428; x_wconf 88' lang='lat' dir='ltr'><strong>quales</strong></span> <span class='ocrx_word' id='word_1_685' title='bbox 3600 4358 3679 4413; x_wconf 85' lang='lat' dir='ltr'><strong>di-</strong></span> 
     </span>
    </p>
   </div>
   <div class='ocr_carea' id='block_1_94' title="bbox 410 4449 1997 4523">
    <p class='ocr_par' dir='ltr' id='par_1_94' title="bbox 410 4449 1997 4523">
     <span class='ocr_line' id='line_1_95' title="bbox 410 4449 1997 4523; baseline 0.003 -22"><span class='ocrx_word' id='word_1_686' title='bbox 410 4462 548 4515; x_wconf 85' lang='lat' dir='ltr'><strong>quas</strong></span> <span class='ocrx_word' id='word_1_687' title='bbox 569 4449 709 4504; x_wconf 91' lang='lat' dir='ltr'><strong>sicut</strong></span> <span class='ocrx_word' id='word_1_688' title='bbox 738 4463 796 4504; x_wconf 90' lang='lat' dir='ltr'><strong>se</strong></span> <span class='ocrx_word' id='word_1_689' title='bbox 827 4449 1018 4522; x_wconf 86' lang='lat' dir='ltr'><strong>diligit,</strong></span> <span class='ocrx_word' id='word_1_690' title='bbox 1051 4459 1106 4506; x_wconf 90' lang='lat' dir='ltr'><strong>et</strong></span> <span class='ocrx_word' id='word_1_691' title='bbox 1135 4451 1201 4507; x_wconf 87' lang='lat' dir='ltr'><strong>de</strong></span> <span class='ocrx_word' id='word_1_692' title='bbox 1228 4451 1425 4520; x_wconf 87' lang='lat' dir='ltr'><strong>quibus</strong></span> <span class='ocrx_word' id='word_1_693' title='bbox 1472 4453 1617 4523; x_wconf 91' lang='lat' dir='ltr'><strong>quod</strong></span> <span class='ocrx_word' id='word_1_694' title='bbox 1643 4451 1711 4507; x_wconf 89' lang='lat' dir='ltr'><strong>de</strong></span> <span class='ocrx_word' id='word_1_695' title='bbox 1739 4467 1818 4518; x_wconf 90' lang='lat' dir='ltr'><strong>se,</strong></span> <span class='ocrx_word' id='word_1_696' title='bbox 1852 4451 1997 4508; x_wconf 91' lang='lat' dir='ltr'><strong>desi-</strong></span> 
     </span>
    </p>
   </div>
   <div class='ocr_carea' id='block_1_95' title="bbox 408 4539 1996 4615">
    <p class='ocr_par' dir='ltr' id='par_1_95' title="bbox 408 4539 1996 4615">
     <span class='ocr_line' id='line_1_96' title="bbox 408 4539 1996 4615; baseline 0.004 -22"><span class='ocrx_word' id='word_1_697' title='bbox 408 4539 564 4594; x_wconf 88' lang='lat' dir='ltr'><strong>derat</strong></span> <span class='ocrx_word' id='word_1_698' title='bbox 589 4541 768 4595; x_wconf 87' lang='lat' dir='ltr'><strong>anima</strong></span> <span class='ocrx_word' id='word_1_699' title='bbox 801 4557 953 4609; x_wconf 89' lang='lat' dir='ltr'><strong>mea;</strong></span> <span class='ocrx_word' id='word_1_700' title='bbox 995 4557 1117 4597; x_wconf 87' lang='lat' dir='ltr'><strong>cum</strong></span> <span class='ocrx_word' id='word_1_701' title='bbox 1169 4543 1349 4598; x_wconf 90' lang='lat' dir='ltr'><strong>audivi</strong></span> <span class='ocrx_word' id='word_1_702' title='bbox 1405 4558 1502 4599; x_wconf 89' lang='lat' dir='ltr'><strong>vos</strong></span> <span class='ocrx_word' id='word_1_703' title='bbox 1544 4545 1612 4599; x_wconf 89' lang='lat' dir='ltr'><strong>de</strong></span> <span class='ocrx_word' id='word_1_704' title='bbox 1673 4553 1783 4598; x_wconf 89' lang='lat' dir='ltr'><strong>tam</strong></span> <span class='ocrx_word' id='word_1_705' title='bbox 1839 4543 1996 4615; x_wconf 86' lang='lat' dir='ltr'><strong>longe</strong></span> 
     </span>
    </p>
   </div>
   <div class='ocr_carea' id='block_1_96' title="bbox 408 4632 1992 4707">
    <p class='ocr_par' dir='ltr' id='par_1_96' title="bbox 408 4632 1992 4707">
     <span class='ocr_line' id='line_1_97' title="bbox 408 4632 1992 4707; baseline 0.004 -25"><span class='ocrx_word' id='word_1_706' title='bbox 408 4632 722 4700; x_wconf 73' lang='lat' dir='ltr'><strong>quaesivisse</strong></span> <span class='ocrx_word' id='word_1_707' title='bbox 742 4632 936 4689; x_wconf 82' lang='lat' dir='ltr'><strong>faciem</strong></span> <span class='ocrx_word' id='word_1_708' title='bbox 959 4649 1155 4700; x_wconf 89' lang='lat' dir='ltr'><strong>meam,</strong></span> <span class='ocrx_word' id='word_1_709' title='bbox 1207 4635 1512 4706; x_wconf 80' lang='lat' dir='ltr'><strong>exprimere</strong></span> <span class='ocrx_word' id='word_1_710' title='bbox 1567 4649 1776 4707; x_wconf 91' lang='lat' dir='ltr'><strong>nequeo</strong></span> <span class='ocrx_word' id='word_1_711' title='bbox 1818 4651 1992 4706; x_wconf 86' lang='lat' dir='ltr'><strong>quan-</strong></span> 
     </span>
    </p>
   </div>
   <div class='ocr_carea' id='block_1_97' title="bbox 2101 4448 3674 4517">
    <p class='ocr_par' dir='ltr' id='par_1_97' title="bbox 2101 4448 3674 4517">
     <span class='ocr_line' id='line_1_98' title="bbox 2101 4448 3674 4517; baseline 0 -13"><span class='ocrx_word' id='word_1_712' title='bbox 2101 4449 2255 4504; x_wconf 87' lang='lat' dir='ltr'><strong>cendi</strong></span> <span class='ocrx_word' id='word_1_713' title='bbox 2286 4449 2440 4505; x_wconf 90' lang='lat' dir='ltr'><strong>estis.</strong></span> <span class='ocrx_word' id='word_1_714' title='bbox 2467 4448 2573 4505; x_wconf 91' lang='lat' dir='ltr'><strong>Sed</strong></span> <span class='ocrx_word' id='word_1_715' title='bbox 2596 4448 2764 4504; x_wconf 79' lang='lat' dir='ltr'><strong>absit!</strong></span> <span class='ocrx_word' id='word_1_716' title='bbox 2795 4449 3128 4517; x_wconf 88' lang='lat' dir='ltr'><strong>cbarissimi;</strong></span> <span class='ocrx_word' id='word_1_717' title='bbox 3159 4449 3252 4505; x_wconf 88' lang='lat' dir='ltr'><strong>sed</strong></span> <span class='ocrx_word' id='word_1_718' title='bbox 3274 4457 3486 4505; x_wconf 86' lang='lat' dir='ltr'><strong>avertat</strong></span> <span class='ocrx_word' id='word_1_719' title='bbox 3515 4449 3674 4515; x_wconf 88' lang='lat' dir='ltr'><strong>Deus,</strong></span> 
     </span>
    </p>
   </div>
   <div class='ocr_carea' id='block_1_98' title="bbox 2099 4539 3681 4608">
    <p class='ocr_par' dir='ltr' id='par_1_98' title="bbox 2099 4539 3681 4608">
     <span class='ocr_line' id='line_1_99' title="bbox 2099 4539 3681 4608; baseline -0.003 -12"><span class='ocrx_word' id='word_1_720' title='bbox 2099 4539 2459 4608; x_wconf 89' lang='lat' dir='ltr'><strong>dilectissimi,</strong></span> <span class='ocrx_word' id='word_1_721' title='bbox 2493 4555 2561 4595; x_wconf 91' lang='lat' dir='ltr'><strong>ne</strong></span> <span class='ocrx_word' id='word_1_722' title='bbox 2588 4547 2694 4594; x_wconf 90' lang='lat' dir='ltr'><strong>tam</strong></span> <span class='ocrx_word' id='word_1_723' title='bbox 2721 4539 3095 4596; x_wconf 88' lang='lat' dir='ltr'><strong>insanabiliter</strong></span> <span class='ocrx_word' id='word_1_724' title='bbox 3133 4539 3370 4595; x_wconf 90' lang='lat' dir='ltr'><strong>animam</strong></span> <span class='ocrx_word' id='word_1_725' title='bbox 3419 4555 3515 4595; x_wconf 88' lang='lat' dir='ltr'><strong>vos</strong></span> <span class='ocrx_word' id='word_1_726' title='bbox 3564 4540 3681 4594; x_wconf 82' lang='lat' dir='ltr'><strong>dili-</strong></span> 
     </span>
    </p>
   </div>
   <div class='ocr_carea' id='block_1_99' title="bbox 2100 4631 3676 4704">
    <p class='ocr_par' dir='ltr' id='par_1_99' title="bbox 2100 4631 3676 4704">
     <span class='ocr_line' id='line_1_100' title="bbox 2100 4631 3676 4704; baseline -0.004 -14"><span class='ocrx_word' id='word_1_727' title='bbox 2100 4641 2315 4704; x_wconf 81' lang='lat' dir='ltr'><strong>gentem</strong></span> <span class='ocrx_word' id='word_1_728' title='bbox 2349 4631 2420 4664; x_wconf 72' lang='grc' dir='ltr'><strong>δ⁸⁸</strong></span> <span class='ocrx_word' id='word_1_729' title='bbox 2447 4641 2505 4687; x_wconf 87' lang='lat' dir='ltr'><strong>et</strong></span> <span class='ocrx_word' id='word_1_730' title='bbox 2526 4646 2652 4704; x_wconf 87' lang='lat' dir='ltr'><strong>erga</strong></span> <span class='ocrx_word' id='word_1_731' title='bbox 2682 4646 2780 4688; x_wconf 86' lang='lat' dir='ltr'><strong>vos</strong></span> <span class='ocrx_word' id='word_1_732' title='bbox 2800 4631 3144 4688; x_wconf 84' lang='lat' dir='ltr'><strong>innocentem</strong></span> <span class='ocrx_word' id='word_1_733' title='bbox 3167 4631 3407 4698; x_wconf 64' lang='lat' dir='ltr'><strong>laedatis;</strong></span> <span class='ocrx_word' id='word_1_734' title='bbox 3456 4646 3526 4686; x_wconf 82' lang='lat' dir='ltr'><strong>ne</strong></span> <span class='ocrx_word' id='word_1_735' title='bbox 3574 4640 3676 4684; x_wconf 84' lang='lat' dir='ltr'><strong>tam</strong></span> 
     </span>
    </p>
   </div>
   <div class='ocr_carea' id='block_1_100' title="bbox 1693 4726 2378 4786">
    <p class='ocr_par' dir='ltr' id='par_1_100' title="bbox 1693 4726 2378 4786">
     <span class='ocr_line' id='line_1_101' title="bbox 1693 4726 2378 4786; baseline 0.001 -5"><span class='ocrx_word' id='word_1_736' title='bbox 1693 4727 1932 4784; x_wconf 77' lang='lat' dir='ltr'><strong>VARle</strong></span> <span class='ocrx_word' id='word_1_737' title='bbox 1973 4726 2378 4786; x_wconf 78' lang='lat' dir='ltr'><strong>LECTIO‘NES.</strong></span> 
     </span>
    </p>
   </div>
   <div class='ocr_carea' id='block_1_101' title="bbox 479 4790 3679 4870">
    <p class='ocr_par' dir='ltr' id='par_1_101' title="bbox 479 4790 3679 4870">
     <span class='ocr_line' id='line_1_102' title="bbox 479 4790 3679 4870; baseline 0 -22"><span class='ocrx_word' id='word_1_738' title='bbox 479 4791 551 4826; x_wconf 72' lang='grc'><strong>⁸⁸³</strong></span> <span class='ocrx_word' id='word_1_739' title='bbox 583 4790 791 4848; x_wconf 86' lang='lat' dir='ltr'><strong>Collata</strong></span> <span class='ocrx_word' id='word_1_740' title='bbox 837 4810 954 4870; x_wconf 74' lang='lat' dir='ltr'><strong>cum</strong></span> <span class='ocrx_word' id='word_1_741' title='bbox 1005 4797 1182 4850; x_wconf 79' lang='lat' dir='ltr'><strong>eodem</strong></span> <span class='ocrx_word' id='word_1_742' title='bbox 1217 4814 1336 4870; x_wconf 28' lang='lat' dir='ltr'><strong>Ama.</strong></span> <span class='ocrx_word' id='word_1_743' title='bbox 1408 4797 1480 4870; x_wconf 62' lang='grc' dir='ltr'><strong>Ψ</strong></span> <span class='ocrx_word' id='word_1_744' title='bbox 1528 4796 1824 4870; x_wconf 88' lang='lat' dir='ltr'><strong>Transibit,</strong></span> <span class='ocrx_word' id='word_1_745' title='bbox 1859 4809 1912 4855; x_wconf 89' lang='lat' dir='ltr'><strong>et</strong></span> <span class='ocrx_word' id='word_1_746' title='bbox 1940 4801 2120 4856; x_wconf 86' lang='lat' dir='ltr'><strong>omnis</strong></span> <span class='ocrx_word' id='word_1_747' title='bbox 2166 4798 2470 4870; x_wconf 65' lang='lat' dir='ltr'><strong>gloriatus.</strong></span> <span class='ocrx_word' id='word_1_748' title='bbox 2506 4794 2874 4870; x_wconf 79' lang='lat' dir='ltr'><strong>transibit_._et_</strong></span> <span class='ocrx_word' id='word_1_749' title='bbox 2889 4796 3324 4870; x_wconf 80' lang='lat' dir='ltr'><strong>concupiscentia</strong></span> <span class='ocrx_word' id='word_1_750' title='bbox 3358 4793 3477 4870; x_wconf 81' lang='lat' dir='ltr'><strong>eius</strong></span> <span class='ocrx_word' id='word_1_751' title='bbox 3501 4812 3516 4847; x_wconf 90' lang='lat'><strong>:</strong></span> <span class='ocrx_word' id='word_1_752' title='bbox 3543 4793 3679 4850; x_wconf 87' lang='lat' dir='ltr'><strong>Deus</strong></span> 
     </span>
    </p>
   </div>
   <div class='ocr_carea' id='block_1_102' title="bbox 411 4866 1458 4936">
    <p class='ocr_par' dir='ltr' id='par_1_102' title="bbox 411 4866 1458 4936">
     <span class='ocr_line' id='line_1_103' title="bbox 411 4866 1458 4936; baseline 0.007 -20"><span class='ocrx_word' id='word_1_753' title='bbox 411 4871 590 4936; x_wconf 80' lang='lat' dir='ltr'><strong>autem</strong></span> <span class='ocrx_word' id='word_1_754' title='bbox 622 4866 964 4934; x_wconf 82' lang='lat' dir='ltr'><strong>permanebit</strong></span> <span class='ocrx_word' id='word_1_755' title='bbox 989 4875 1043 4921; x_wconf 90' lang='lat' dir='ltr'><strong>et</strong></span> <span class='ocrx_word' id='word_1_756' title='bbox 1085 4866 1260 4922; x_wconf 89' lang='lat' dir='ltr'><strong>omnis</strong></span> <span class='ocrx_word' id='word_1_757' title='bbox 1291 4868 1458 4936; x_wconf 84' lang='lat' dir='ltr'><strong>gloria</strong></span> 
     </span>
    </p>
   </div>
   <div class='ocr_carea' id='block_1_103' title="bbox 411 5003 1621 5080">
    <p class='ocr_par' dir='ltr' id='par_1_103' title="bbox 411 5003 1621 5080">
     <span class='ocr_line' id='line_1_104' title="bbox 411 5003 1621 5080; baseline 0.003 -20"><span class='ocrx_word' id='word_1_758' title='bbox 411 5003 724 5076; x_wconf 83' lang='lat' dir='ltr'><strong>diligentem</strong></span> <span class='ocrx_word' id='word_1_759' title='bbox 766 5003 866 5063; x_wconf 76' lang='lat' dir='ltr'><strong>ms.</strong></span> <span class='ocrx_word' id='word_1_760' title='bbox 916 5006 1152 5062; x_wconf 88' lang='lat' dir='ltr'><strong>animam</strong></span> <span class='ocrx_word' id='word_1_761' title='bbox 1179 5023 1274 5065; x_wconf 89' lang='lat' dir='ltr'><strong>vos</strong></span> <span class='ocrx_word' id='word_1_762' title='bbox 1312 5008 1621 5080; x_wconf 88' lang='lat' dir='ltr'><strong>diligentem</strong></span> 
     </span>
    </p>
   </div>
   <div class='ocr_carea' id='block_1_104' title="bbox 1572 4869 1772 4904">
    <p class='ocr_par' dir='ltr' id='par_1_104' title="bbox 1572 4869 1772 4904">
     <span class='ocr_line' id='line_1_105' title="bbox 1572 4869 1772 4904; baseline 0.025 -4"><span class='ocrx_word' id='word_1_763' title='bbox 1572 4869 1643 4904; x_wconf 63' lang='grc' dir='ltr'><strong>δῦ,</strong></span> <span class='ocrx_word' id='word_1_764' title='bbox 1672 4869 1772 4904; x_wconf 74' lang='grc' dir='ltr'><strong>[11ιῖ</strong></span> 
     </span>
    </p>
   </div>
   <div class='ocr_carea' id='block_1_105' title="bbox 410 4869 3375 5005">
    <p class='ocr_par' dir='ltr' id='par_1_105' title="bbox 410 4869 3375 5005">
     <span class='ocr_line' id='line_1_106' title="bbox 411 4869 3372 4937; baseline 0.001 -20"><span class='ocrx_word' id='word_1_765' title='bbox 411 4871 590 4924; x_wconf 84' lang='lat' dir='ltr'><strong>autem</strong></span> <span class='ocrx_word' id='word_1_766' title='bbox 622 4869 964 4934; x_wconf 82' lang='lat' dir='ltr'><strong>permanebit</strong></span> <span class='ocrx_word' id='word_1_767' title='bbox 989 4875 1043 4921; x_wconf 89' lang='lat' dir='ltr'><strong>et</strong></span> <span class='ocrx_word' id='word_1_768' title='bbox 1085 4869 1260 4922; x_wconf 90' lang='lat' dir='ltr'><strong>omnis</strong></span> <span class='ocrx_word' id='word_1_769' title='bbox 1291 4869 1458 4936; x_wconf 84' lang='lat' dir='ltr'><strong>gloria</strong></span> <span class='ocrx_word' id='word_1_770' title='bbox 1572 4869 1643 4904; x_wconf 76' lang='grc'><strong>⁸⁸⁸</strong></span> <span class='ocrx_word' id='word_1_771' title='bbox 1672 4869 1810 4936; x_wconf 87' lang='lat' dir='ltr'><strong>Quid</strong></span> <span class='ocrx_word' id='word_1_772' title='bbox 1849 4880 2071 4927; x_wconf 88' lang='lat' dir='ltr'><strong>cunctet</strong></span> <span class='ocrx_word' id='word_1_773' title='bbox 2099 4869 2197 4924; x_wconf 80' lang='lat' dir='ltr'><strong>ms.</strong></span> <span class='ocrx_word' id='word_1_774' title='bbox 2237 4869 2363 4937; x_wconf 92' lang='lat' dir='ltr'><strong>quid</strong></span> <span class='ocrx_word' id='word_1_775' title='bbox 2404 4875 2631 4920; x_wconf 86' lang='lat' dir='ltr'><strong>cunctor</strong></span> <span class='ocrx_word' id='word_1_776' title='bbox 2736 4869 2807 4898; x_wconf 70' lang='grc'><strong>⁸⁵⁸</strong></span> <span class='ocrx_word' id='word_1_777' title='bbox 2845 4869 3027 4920; x_wconf 89' lang='lat' dir='ltr'><strong>Dicam</strong></span> <span class='ocrx_word' id='word_1_778' title='bbox 3073 4882 3172 4937; x_wconf 79' lang='lat' dir='ltr'><strong>ego</strong></span> <span class='ocrx_word' id='word_1_779' title='bbox 3215 4881 3372 4936; x_wconf 86' lang='lat' dir='ltr'><strong>persu</strong></span> 
     </span>
     <span class='ocr_line' id='line_1_107' title="bbox 410 4933 3375 5005; baseline 0.002 -19"><span class='ocrx_word' id='word_1_780' title='bbox 410 4933 588 5005; x_wconf 85' lang='lat' dir='ltr'><strong>dicam</strong></span> <span class='ocrx_word' id='word_1_781' title='bbox 622 4949 721 5003; x_wconf 89' lang='lat' dir='ltr'><strong>ego</strong></span> <span class='ocrx_word' id='word_1_782' title='bbox 749 4952 762 4988; x_wconf 90' lang='lat'>:</span> <span class='ocrx_word' id='word_1_783' title='bbox 814 4937 1138 5005; x_wconf 85' lang='lat' dir='ltr'><strong>persuadeat</strong></span> <span class='ocrx_word' id='word_1_784' title='bbox 1233 4938 1302 4970; x_wconf 72' lang='grc'><strong>⁸⁵⁷</strong></span> <span class='ocrx_word' id='word_1_785' title='bbox 1330 4939 1654 4994; x_wconf 84' lang='lat' dir='ltr'><strong>Accedcndo</strong></span> <span class='ocrx_word' id='word_1_786' title='bbox 1695 4940 2072 4996; x_wconf 87' lang='lat' dir='ltr'><strong>succendendo</strong></span> <span class='ocrx_word' id='word_1_787' title='bbox 2120 4956 2222 4995; x_wconf 90' lang='lat' dir='ltr'><strong>ms.</strong></span> <span class='ocrx_word' id='word_1_788' title='bbox 2254 4937 2564 4994; x_wconf 86' lang='lat' dir='ltr'><strong>accedendo</strong></span> <span class='ocrx_word' id='word_1_789' title='bbox 2596 4936 2972 5002; x_wconf 75' lang='lat' dir='ltr'><strong>succendisds,</strong></span> <span class='ocrx_word' id='word_1_790' title='bbox 2998 4937 3375 4994; x_wconf 89' lang='lat' dir='ltr'><strong>succendendo</strong></span> 
     </span>
    </p>
   </div>
   <div class='ocr_carea' id='block_1_106' title="bbox 2237 4865 3676 4937">
    <p class='ocr_par' dir='ltr' id='par_1_106' title="bbox 2237 4865 3676 4937">
     <span class='ocr_line' id='line_1_108' title="bbox 2237 4865 3676 4937; baseline -0.001 -17"><span class='ocrx_word' id='word_1_791' title='bbox 2237 4867 2363 4937; x_wconf 91' lang='lat' dir='ltr'><strong>quid</strong></span> <span class='ocrx_word' id='word_1_792' title='bbox 2404 4875 2631 4920; x_wconf 89' lang='lat' dir='ltr'><strong>cunctor</strong></span> <span class='ocrx_word' id='word_1_793' title='bbox 2736 4865 2807 4898; x_wconf 73' lang='grc'><strong>⁸⁵⁸</strong></span> <span class='ocrx_word' id='word_1_794' title='bbox 2845 4866 3027 4937; x_wconf 89' lang='lat' dir='ltr'><strong>Dicam</strong></span> <span class='ocrx_word' id='word_1_795' title='bbox 3065 4865 3172 4937; x_wconf 68' lang='lat' dir='ltr'><strong>ego</strong></span> <span class='ocrx_word' id='word_1_796' title='bbox 3215 4869 3542 4937; x_wconf 71' lang='lat' dir='ltr'><strong>persuadeat</strong></span> <span class='ocrx_word' id='word_1_797' title='bbox 3581 4882 3676 4937; x_wconf 65' lang='lat' dir='ltr'><strong>gius.</strong></span> 
     </span>
    </p>
   </div>
   <div class='ocr_carea' id='block_1_107' title="bbox 3478 4934 3829 5090">
    <p class='ocr_par' dir='ltr' id='par_1_107' title="bbox 3478 4934 3829 5090">
     <span class='ocr_line' id='line_1_109' title="bbox 3478 4934 3829 5090; baseline 0.006 -124"><span class='ocrx_word' id='word_1_798' title='bbox 3478 4935 3551 4968; x_wconf 60' lang='lat' dir='ltr'><strong>bl.</strong></span> <span class='ocrx_word' id='word_1_799' title='bbox 3580 4934 3676 4991; x_wconf 58' lang='lat' dir='ltr'><strong>Vm</strong></span> 
     </span>
    </p>
   </div>
   <div class='ocr_carea' id='block_1_108' title="bbox 1676 5098 2538 5160">
    <p class='ocr_par' dir='ltr' id='par_1_108' title="bbox 1676 5098 2538 5160">
     <span class='ocr_line' id='line_1_110' title="bbox 1676 5098 2538 5160; baseline 0.002 -6"><span class='ocrx_word' id='word_1_800' title='bbox 1676 5098 1960 5156; x_wconf 79' lang='lat' dir='ltr'><strong>JOANNIS</strong></span> <span class='ocrx_word' id='word_1_801' title='bbox 2001 5101 2278 5160; x_wconf 82' lang='lat' dir='ltr'><strong>PICARDI</strong></span> <span class='ocrx_word' id='word_1_802' title='bbox 2302 5101 2538 5158; x_wconf 65' lang='lat' dir='ltr'><strong>NOTAE}.</strong></span> 
     </span>
    </p>
   </div>
   <div class='ocr_carea' id='block_1_109' title="bbox 409 5167 1986 5241">
    <p class='ocr_par' dir='ltr' id='par_1_109' title="bbox 409 5167 1986 5241">
     <span class='ocr_line' id='line_1_111' title="bbox 409 5167 1986 5241; baseline 0.003 -19"><span class='ocrx_word' id='word_1_803' title='bbox 409 5176 640 5226; x_wconf 86' lang='lat' dir='ltr'><strong>vocatur</strong></span> <span class='ocrx_word' id='word_1_804' title='bbox 667 5167 917 5224; x_wconf 85' lang='lat' dir='ltr'><strong>Blancart</strong></span> <span class='ocrx_word' id='word_1_805' title='bbox 940 5168 1010 5224; x_wconf 89' lang='lat' dir='ltr'><strong>ad</strong></span> <span class='ocrx_word' id='word_1_806' title='bbox 1034 5184 1272 5239; x_wconf 82' lang='lat' dir='ltr'><strong>praesens</strong></span> <span class='ocrx_word' id='word_1_807' title='bbox 1301 5170 1567 5236; x_wconf 88' lang='lat' dir='ltr'><strong>absolute,</strong></span> <span class='ocrx_word' id='word_1_808' title='bbox 1607 5178 1664 5225; x_wconf 86' lang='lat' dir='ltr'><strong>et</strong></span> <span class='ocrx_word' id='word_1_809' title='bbox 1723 5170 1986 5241; x_wconf 88' lang='lat' dir='ltr'><strong>reliquam</strong></span> 
     </span>
    </p>
   </div>
   <div class='ocr_carea' id='block_1_110' title="bbox 408 5241 1985 5312">
    <p class='ocr_par' dir='ltr' id='par_1_110' title="bbox 408 5241 1985 5312">
     <span class='ocr_line' id='line_1_112' title="bbox 408 5241 1985 5312; baseline 0.003 -20"><span class='ocrx_word' id='word_1_810' title='bbox 408 5251 622 5312; x_wconf 77' lang='lat' dir='ltr'><strong>partem</strong></span> <span class='ocrx_word' id='word_1_811' title='bbox 647 5241 876 5294; x_wconf 90' lang='lat' dir='ltr'><strong>mediam</strong></span> <span class='ocrx_word' id='word_1_812' title='bbox 907 5250 1029 5309; x_wconf 87' lang='lat' dir='ltr'><strong>post</strong></span> <span class='ocrx_word' id='word_1_813' title='bbox 1057 5249 1287 5296; x_wconf 89' lang='lat' dir='ltr'><strong>mortem</strong></span> <span class='ocrx_word' id='word_1_814' title='bbox 1319 5241 1443 5296; x_wconf 65' lang='lat' dir='ltr'><strong>Eva:</strong></span> <span class='ocrx_word' id='word_1_815' title='bbox 1489 5246 1679 5298; x_wconf 78' lang='lat' dir='ltr'><strong>uxoris</strong></span> <span class='ocrx_word' id='word_1_816' title='bbox 1702 5256 1838 5306; x_wconf 73' lang='lat' dir='ltr'><strong>suae,</strong></span> <span class='ocrx_word' id='word_1_817' title='bbox 1870 5243 1985 5312; x_wconf 88' lang='lat' dir='ltr'><strong>ipsa</strong></span> 
     </span>
    </p>
   </div>
   <div class='ocr_carea' id='block_1_111' title="bbox 411 5311 1170 5366">
    <p class='ocr_par' dir='ltr' id='par_1_111' title="bbox 411 5311 1170 5366">
     <span class='ocr_line' id='line_1_113' title="bbox 411 5311 1170 5366; baseline 0.001 -3"><span class='ocrx_word' id='word_1_818' title='bbox 411 5311 627 5366; x_wconf 85' lang='lat' dir='ltr'><strong>volenle</strong></span> <span class='ocrx_word' id='word_1_819' title='bbox 649 5317 703 5364; x_wconf 90' lang='lat' dir='ltr'><strong>et</strong></span> <span class='ocrx_word' id='word_1_820' title='bbox 729 5313 1116 5366; x_wconf 89' lang='lat' dir='ltr'><strong>consentiente.</strong></span> <span class='ocrx_word' id='word_1_821' title='bbox 1151 5329 1170 5363; x_wconf 80' lang='grc' dir='ltr'><strong>ι</strong></span> 
     </span>
    </p>
   </div>
   <div class='ocr_carea' id='block_1_112' title="bbox 483 5379 1992 5453">
    <p class='ocr_par' dir='ltr' id='par_1_112' title="bbox 483 5379 1992 5453">
     <span class='ocr_line' id='line_1_114' title="bbox 483 5379 1992 5453; baseline 0.002 -17"><span class='ocrx_word' id='word_1_822' title='bbox 483 5380 751 5453; x_wconf 57' lang='lat' dir='ltr'><strong>Caeterum</strong></span> <span class='ocrx_word' id='word_1_823' title='bbox 781 5379 1544 5453; x_wconf 78' lang='lat' dir='ltr'><strong>Northtnannorunt_comitem</strong></span> <span class='ocrx_word' id='word_1_824' title='bbox 1575 5396 1736 5453; x_wconf 77' lang='lat' dir='ltr'><strong>supra</strong></span> <span class='ocrx_word' id='word_1_825' title='bbox 1783 5397 1992 5439; x_wconf 89' lang='lat' dir='ltr'><strong>memo-</strong></span> 
     </span>
    </p>
   </div>
   <div class='ocr_carea' id='block_1_113' title="bbox 414 5450 1992 5524">
    <p class='ocr_par' dir='ltr' id='par_1_113' title="bbox 414 5450 1992 5524">
     <span class='ocr_line' id='line_1_115' title="bbox 414 5450 1992 5524; baseline 0.003 -20"><span class='ocrx_word' id='word_1_826' title='bbox 414 5459 592 5524; x_wconf 81' lang='lat' dir='ltr'><strong>ratum</strong></span> <span class='ocrx_word' id='word_1_827' title='bbox 645 5450 806 5524; x_wconf 70' lang='lat' dir='ltr'><strong>alium</strong></span> <span class='ocrx_word' id='word_1_828' title='bbox 852 5460 1015 5524; x_wconf 77' lang='lat' dir='ltr'><strong>putes</strong></span> <span class='ocrx_word' id='word_1_829' title='bbox 1058 5466 1223 5524; x_wconf 81' lang='lat' dir='ltr'><strong>quam</strong></span> <span class='ocrx_word' id='word_1_830' title='bbox 1270 5450 1992 5524; x_wconf 52' lang='lat' dir='ltr'><strong>\Yillielmum&#39;cognomine</strong></span> 
     </span>
    </p>
   </div>
   <div class='ocr_carea' id='block_1_114' title="bbox 418 5519 1990 5590">
    <p class='ocr_par' dir='ltr' id='par_1_114' title="bbox 418 5519 1990 5590">
     <span class='ocr_line' id='line_1_116' title="bbox 418 5519 1990 5590; baseline 0.004 -18"><span class='ocrx_word' id='word_1_831' title='bbox 418 5521 694 5586; x_wconf 77' lang='lat' dir='ltr'><strong>Spurium.</strong></span> <span class='ocrx_word' id='word_1_832' title='bbox 719 5519 865 5574; x_wconf 81' lang='lat' dir='ltr'><strong>Nam</strong></span> <span class='ocrx_word' id='word_1_833' title='bbox 885 5522 936 5574; x_wconf 92' lang='lat' dir='ltr'><strong>in</strong></span> <span class='ocrx_word' id='word_1_834' title='bbox 966 5519 1258 5590; x_wconf 83' lang='lat' dir='ltr'><strong>diplomate</strong></span> <span class='ocrx_word' id='word_1_835' title='bbox 1299 5521 1541 5578; x_wconf 74' lang='lat' dir='ltr'><strong>llcrluini</strong></span> <span class='ocrx_word' id='word_1_836' title='bbox 1582 5538 1688 5578; x_wconf 90' lang='lat' dir='ltr'><strong>non</strong></span> <span class='ocrx_word' id='word_1_837' title='bbox 1716 5519 1883 5579; x_wconf 76' lang='lat' dir='ltr'><strong>semel</strong></span> <span class='ocrx_word' id='word_1_838' title='bbox 1911 5524 1990 5579; x_wconf 91' lang='lat' dir='ltr'><strong>sic</strong></span> 
     </span>
    </p>
   </div>
   <div class='ocr_carea' id='block_1_115' title="bbox 417 5590 1990 5666">
    <p class='ocr_par' dir='ltr' id='par_1_115' title="bbox 417 5590 1990 5666">
     <span class='ocr_line' id='line_1_117' title="bbox 417 5590 1990 5666; baseline 0.002 -21"><span class='ocrx_word' id='word_1_839' title='bbox 417 5599 664 5660; x_wconf 81' lang='lat' dir='ltr'><strong>vocatur,</strong></span> <span class='ocrx_word' id='word_1_840' title='bbox 691 5590 916 5663; x_wconf 86' lang='lat' dir='ltr'><strong>etquod</strong></span> <span class='ocrx_word' id='word_1_841' title='bbox 943 5591 1034 5648; x_wconf 90' lang='lat' dir='ltr'><strong>ille</strong></span> <span class='ocrx_word' id='word_1_842' title='bbox 1089 5591 1201 5664; x_wconf 87' lang='lat' dir='ltr'><strong>ipse</strong></span> <span class='ocrx_word' id='word_1_843' title='bbox 1231 5592 1302 5649; x_wconf 88' lang='lat' dir='ltr'><strong>sit</strong></span> <span class='ocrx_word' id='word_1_844' title='bbox 1342 5593 1433 5666; x_wconf 90' lang='lat' dir='ltr'><strong>qui</strong></span> <span class='ocrx_word' id='word_1_845' title='bbox 1467 5593 1670 5665; x_wconf 84' lang='lat' dir='ltr'><strong>Anglos</strong></span> <span class='ocrx_word' id='word_1_846' title='bbox 1708 5593 1990 5663; x_wconf 74' lang='lat' dir='ltr'><strong>devicerit,</strong></span> 
     </span>
    </p>
   </div>
   <div class='ocr_carea' id='block_1_116' title="bbox 2093 5167 3670 5244">
    <p class='ocr_par' dir='ltr' id='par_1_116' title="bbox 2093 5167 3670 5244">
     <span class='ocr_line' id='line_1_118' title="bbox 2093 5167 3670 5244; baseline -0.003 -16"><span class='ocrx_word' id='word_1_847' title='bbox 2093 5183 2283 5244; x_wconf 87' lang='lat' dir='ltr'><strong>aperte</strong></span> <span class='ocrx_word' id='word_1_848' title='bbox 2343 5174 2630 5242; x_wconf 89' lang='lat' dir='ltr'><strong>palamque</strong></span> <span class='ocrx_word' id='word_1_849' title='bbox 2675 5170 2862 5244; x_wconf 84' lang='lat' dir='ltr'><strong>dicunt</strong></span> <span class='ocrx_word' id='word_1_850' title='bbox 2915 5170 3258 5244; x_wconf 69' lang='lat' dir='ltr'><strong>insequentia</strong></span> <span class='ocrx_word' id='word_1_851' title='bbox 3313 5169 3432 5224; x_wconf 76' lang='lat' dir='ltr'><strong>bzec</strong></span> <span class='ocrx_word' id='word_1_852' title='bbox 3468 5167 3670 5244; x_wconf 73' lang='lat' dir='ltr'><strong>verba:</strong></span> 
     </span>
    </p>
   </div>
   <div class='ocr_carea' id='block_1_117' title="bbox 2101 5238 3672 5308">
    <p class='ocr_par' dir='ltr' id='par_1_117' title="bbox 2101 5238 3672 5308">
     <span class='ocr_line' id='line_1_119' title="bbox 2101 5238 3672 5308; baseline -0.003 -11"><span class='ocrx_word' id='word_1_853' title='bbox 2101 5238 2297 5299; x_wconf 65' lang='lat' dir='ltr'><strong>t&#39;llanc</strong></span> <span class='ocrx_word' id='word_1_854' title='bbox 2318 5238 2660 5299; x_wconf 82' lang='lat' dir='ltr'><strong>donationem</strong></span> <span class='ocrx_word' id='word_1_855' title='bbox 2683 5238 3338 5297; x_wconf 83' lang='lat' dir='ltr'><strong>conlirmavitWillelmus</strong></span> <span class='ocrx_word' id='word_1_856' title='bbox 3357 5253 3453 5293; x_wconf 75' lang='lat' dir='ltr'><strong>rex</strong></span> <span class='ocrx_word' id='word_1_857' title='bbox 3478 5238 3672 5308; x_wconf 81' lang='lat' dir='ltr'><strong>Anglo—</strong></span> 
     </span>
    </p>
   </div>
   <div class='ocr_carea' id='block_1_118' title="bbox 2096 5301 3829 5428">
    <p class='ocr_par' dir='ltr' id='par_1_118' title="bbox 2096 5301 3829 5428">
     <span class='ocr_line' id='line_1_120' title="bbox 2096 5301 3829 5428; baseline -0.003 -58"><span class='ocrx_word' id='word_1_858' title='bbox 2096 5330 2240 5382; x_wconf 88' lang='lat' dir='ltr'><strong>rum,</strong></span> <span class='ocrx_word' id='word_1_859' title='bbox 2272 5330 2393 5369; x_wconf 85' lang='lat' dir='ltr'><strong>ctnn</strong></span> <span class='ocrx_word' id='word_1_860' title='bbox 2418 5321 2562 5370; x_wconf 86' lang='lat' dir='ltr'><strong>esset</strong></span> <span class='ocrx_word' id='word_1_861' title='bbox 2586 5327 2769 5367; x_wconf 89' lang='lat' dir='ltr'><strong>comes</strong></span> <span class='ocrx_word' id='word_1_862' title='bbox 2793 5311 3344 5367; x_wconf 60' lang='lat' dir='ltr'><strong>Northmannorum.»</strong></span> <span class='ocrx_word' id='word_1_863' title='bbox 3374 5308 3441 5364; x_wconf 81' lang='lat' dir='ltr'><strong>Et</strong></span> <span class='ocrx_word' id='word_1_864' title='bbox 3460 5301 3672 5379; x_wconf 72' lang='lat' dir='ltr'><strong>quidem</strong></span> <span class='ocrx_word' id='word_1_865' title='bbox 3827 5301 3829 5428; x_wconf 38' lang='grc' dir='ltr'>γ</span> 
     </span>
     <span class='ocr_line' id='line_1_121' title="bbox 2099 5379 3674 5428; baseline 0 0"><span class='ocrx_word' id='word_1_866' title='bbox 2099 5385 2453 5428; x_wconf 69' lang='lat' dir='ltr'><strong>ninamnlnrps</strong></span> <span class='ocrx_word' id='word_1_867' title='bbox 2476 5383 2586 5428; x_wconf 73' lang='lat' dir='ltr'><strong>illic.</strong></span> <span class='ocrx_word' id='word_1_868' title='bbox 2616 5391 2967 5428; x_wconf 71' lang='lat' dir='ltr'><strong>recensentur</strong></span> <span class='ocrx_word' id='word_1_869' title='bbox 2989 5382 3090 5428; x_wconf 80' lang='lat' dir='ltr'><strong>viri</strong></span> <span class='ocrx_word' id='word_1_870' title='bbox 3135 5382 3366 5428; x_wconf 70' lang='lat' dir='ltr'><strong>nobiles-</strong></span> <span class='ocrx_word' id='word_1_871' title='bbox 3389 5391 3447 5428; x_wconf 81' lang='lat' dir='ltr'><strong>at</strong></span> <span class='ocrx_word' id='word_1_872' title='bbox 3467 5379 3674 5428; x_wconf 63' lang='lat' dir='ltr'><strong>mtiliti:</strong></span> 
     </span>
    </p>
   </div>
   <div class='ocr_carea' id='block_1_119' title="bbox 2099 5379 3674 5455">
    <p class='ocr_par' dir='ltr' id='par_1_119' title="bbox 2099 5379 3674 5455">
     <span class='ocr_line' id='line_1_122' title="bbox 2099 5379 3674 5455; baseline -0.004 -16"><span class='ocrx_word' id='word_1_873' title='bbox 2099 5379 2453 5455; x_wconf 84' lang='lat' dir='ltr'><strong>quamplures</strong></span> <span class='ocrx_word' id='word_1_874' title='bbox 2476 5383 2586 5455; x_wconf 88' lang='lat' dir='ltr'><strong>illic</strong></span> <span class='ocrx_word' id='word_1_875' title='bbox 2616 5391 2967 5455; x_wconf 81' lang='lat' dir='ltr'><strong>recensentur</strong></span> <span class='ocrx_word' id='word_1_876' title='bbox 2989 5382 3091 5455; x_wconf 72' lang='lat' dir='ltr'><strong>viri</strong></span> <span class='ocrx_word' id='word_1_877' title='bbox 3135 5382 3367 5455; x_wconf 84' lang='lat' dir='ltr'><strong>nobiles,</strong></span> <span class='ocrx_word' id='word_1_878' title='bbox 3389 5391 3447 5435; x_wconf 87' lang='lat' dir='ltr'><strong>at</strong></span> <span class='ocrx_word' id='word_1_879' title='bbox 3467 5379 3674 5455; x_wconf 78' lang='lat' dir='ltr'><strong>comitis</strong></span> 
     </span>
    </p>
   </div>
   <div class='ocr_carea' id='block_1_120' title="bbox 2102 5449 3674 5517">
    <p class='ocr_par' dir='ltr' id='par_1_120' title="bbox 2102 5449 3674 5517">
     <span class='ocr_line' id='line_1_123' title="bbox 2102 5449 3674 5517; baseline -0.003 -7"><span class='ocrx_word' id='word_1_880' title='bbox 2102 5449 2250 5511; x_wconf 78' lang='lat' dir='ltr'><strong>nudo</strong></span> <span class='ocrx_word' id='word_1_881' title='bbox 2273 5449 2515 5510; x_wconf 78' lang='lat' dir='ltr'><strong>contenti</strong></span> <span class='ocrx_word' id='word_1_882' title='bbox 2545 5453 2784 5517; x_wconf 91' lang='lat' dir='ltr'><strong>nomine,</strong></span> <span class='ocrx_word' id='word_1_883' title='bbox 2819 5453 3014 5506; x_wconf 89' lang='lat' dir='ltr'><strong>unicus</strong></span> <span class='ocrx_word' id='word_1_884' title='bbox 3048 5449 3546 5510; x_wconf 84' lang='lat' dir='ltr'><strong>Northmannorum</strong></span> <span class='ocrx_word' id='word_1_885' title='bbox 3572 5449 3674 5506; x_wconf 80' lang='lat' dir='ltr'><strong>dux</strong></span> 
     </span>
    </p>
   </div>
   <div class='ocr_carea' id='block_1_121' title="bbox 2101 5522 3147 5598">
    <p class='ocr_par' dir='ltr' id='par_1_121' title="bbox 2101 5522 3147 5598">
     <span class='ocr_line' id='line_1_124' title="bbox 2101 5522 3147 5598; baseline -0.008 -15"><span class='ocrx_word' id='word_1_886' title='bbox 2101 5524 2404 5598; x_wconf 85' lang='lat' dir='ltr'><strong>appellatur</strong></span> <span class='ocrx_word' id='word_1_887' title='bbox 2427 5539 2610 5584; x_wconf 85' lang='lat' dir='ltr'><strong>comes</strong></span> <span class='ocrx_word' id='word_1_888' title='bbox 2631 5522 3147 5580; x_wconf 85' lang='lat' dir='ltr'><strong>Nortbmannorum.</strong></span> 
     </span>
    </p>
   </div>
  </div>
