3898 6052
220 234 352 290 Η8ὶ

1561 213 1690 270 LIB.
1730 212 1794 270 ιι,
1827 208 2041 268 EPIST.
2082 205 2254 263 XXX.

3349 201 3488 259 “8‘1

221 343 634 404 intolerabiliter
665 355 815 413 spem
841 339 906 396 de
931 336 1086 393 vobis
1123 333 1320 392 bonam
1369 329 1732 387 confundatis.
1762 329 1806 384 Ο
1835 331 1882 386 Α
1909 325 2102 390 amice,
2127 319 2466 394 quantalibet
2487 317 2672 372 mundi
2701 315 2869 386 gloria
2903 316 3106 387 potitus
3152 315 3339 380 fueris,
3364 315 3486 386 quis

221 438 490 510 quomodo
526 437 669 490 inter
695 430 995 502 praecordia
1020 443 1137 484 mea
1186 425 1355 481 fervet
1396 436 1550 478 amor
1601 435 1754 474 meus
1783 419 1799 472 ι

221 529 500 600 Quomodo
552 526 761 581 laborat
805 531 952 578 totus
989 533 1277 592 erumpere
1344 511 1506 570 simul
1581 508 1806 565 affectus

222 615 713 684 meuslouomodo
744 611 938 684 qumrit
975 625 1034 665 se
1085 608 1269 664 verbis
1319 602 1656 674 exprimere;
1713 599 1808 654 sed

223 712 367 769 nulla
389 710 554 766 verba
586 703 884 760 sufficiunt!
923 701 1134 768 Quanta
1167 697 1279 752 vult
1325 707 1676 764 expromere;
1715 689 1810 745 sed

224 816 437 875 tempus
460 811 514 856 et
540 800 728 855 charta
753 811 856 850 non
881 791 1130 864 capiunt!
1167 789 1259 843 Dic
1288 797 1364 850 tu,
1410 801 1442 840 ο
1467 787 1608 839 bone
1659 781 1810 846 Jesu,

226 895 486 954 cordibus
512 905 722 956 eorum,
755 888 875 940 sine
897 899 1004 954 quo
1065 880 1208 936 nulla
1251 893 1356 932 vox
1403 875 1545 929 valet
1594 871 1814 926 auribus

225 1003 449 1051 eormn;
483 984 572 1038 dic
597 981 704 1036 illis
733 985 793 1034 ut
821 977 1128 1045 relinquant
1151 960 1358 1034 omnia,
1405 975 1463 1021 et
1509 971 1816 1034 sequantur

226 1089 303 1136 te.
331 1075 597 1133 Promitte
621 1073 726 1127 illis
753 1069 906 1140 quia,
935 1081 1056 1122 cum
1109 1061 1323 1116 veneris
1370 1057 1633 1129 judicare,
1662 1053 1818 1110 sede-

227 1171 364 1226 bunt
395 1179 570 1224 tecum
596 1172 652 1220 et
673 1161 992 1231 judicabant
1016 1165 1212 1210 tecum.
1249 1149 1358 1206 Nec
1400 1160 1626 1216 separes
1653 1159 1682 1198 a
1710 1157 1816 1209 me,

229 1263 424 1334 quibus
459 1245 546 1315 ine
568 1266 716 1313 tanto
741 1253 922 1310 carnis
947 1260 1003 1304 et
1050 1246 1272 1318 spiritus
1321 1239 1516 1296 aerctu
1557 1235 1818 1306 junxisti;

231 1331 328 1413 sed
377 1365 609 1424 aggrega
641 1363 736 1405 eos
783 1347 888 1401 illis
935 1343 1134 1414 quibus
1181 1337 1278 1392 tibi
1333 1331 1698 1390 servientibus
1738 1341 1824 1384 me

229 1421 696 1515 servirejttssisti.
731 1437 977 1500 Domine,
1031 1441 1085 1487 tu
1139 1428 1296 1486 testis
1339 1441 1404 1482 es
1462 1421 1719 1486 interius;
1773 1427 1828 1475 et

231 1542 488 1609 lacrymae
517 1547 658 1604 quae,
693 1547 780 1586 me
804 1530 908 1585 hoc
938 1525 1236 1588 scribente,
1260 1519 1456 1581 ﬂuunt,
1487 1521 1654 1570 testes
1701 1518 1830 1567 sunt

233 1628 498 1689 exterius,
542 1624 587 1679 si
643 1635 854 1676 mecum
903 1613 1048 1686 quod
1101 1620 1230 1682 opto
1293 1605 1518 1665 fecerint
1563 1601 1830 1673 quomodo

1907 417 1978 472 sit
1999 415 2138 476 finis,
2172 421 2226 468 et
2261 413 2313 466 in
2346 409 2448 464 fine
2473 408 2594 477 quis
2623 407 2848 471 fructus,
2899 409 3040 476 quod
3087 405 3367 476 praemium
3396 423 3408 459 :
3435 414 3490 460 et

1907 515 2151 568 econtra,
2176 517 2296 572 quae
2324 501 2396 555 sit
2431 498 2765 567 exspectatio
2799 497 2981 550 mundi
3013 496 3238 564 gloriam
3282 495 3493 551 calcan-

1912 600 2065 654 tium.
2107 595 2164 651 Si
2195 594 2346 657 dicis,
2381 608 2486 646 non
2519 591 2616 647 soli
2655 589 2905 643 monachi
2960 587 3028 642 ad
3085 585 3312 641 salutem
3365 601 3482 654 per-

1911 688 2167 750 veniunt,
2195 698 2381 738 verum
2413 691 2515 736 est.
2545 681 2650 736 Sed
2673 681 2764 751 qui
2797 679 3018 740 certius,
3081 676 3172 745 qui
3204 675 3366 728 altius
3421 673 3496 727 illi

1913 777 2004 850 qui
2031 777 2201 832 solum
2232 776 2400 830 Deum
2424 781 2688 828 conantur
2719 785 2931 835 amare;
2981 784 3048 822 an
3081 767 3154 820 illi
3208 766 3296 836 qui
3351 781 3473 818 amo
3493 793 3506 800 -

1915 885 2030 923 rem
2055 866 2147 921 Dei
2177 875 2232 920 et
2257 880 2492 919 amorem
2537 861 2716 918 saeculi
2767 859 2926 914 simul
2971 857 3155 913 volunt
3203 846 3506 924 copulare?

1917 957 2024 1012 Sed
2055 955 2282 1009 forsitan
2313 952 2455 1007 dicet
2482 951 2675 1020 aliquis
2697 949 2824 1019 quia
2859 956 2916 1002 et
2970 947 3025 1000 in
3076 945 3268 1000 ordine
3317 957 3502 996 mona-

1918 1049 2144 1104 chorum
2179 1054 2258 1100 est
2284 1041 2604 1114 periculum.
2635 1040 2678 1096 0
2717 1039 2878 1093 homo
2909 1037 2998 1108 qui
3027 1036 3131 1090 hoc
3163 1033 3314 1096 dicit,
3336 1045 3507 1102 quare

1921 1155 2027 1194 non
2057 1136 2364 1192 considerat
2392 1133 2519 1203 quid
2539 1131 2693 1186 dicit!
2722 1129 2766 1187 Ο
2795 1127 3069 1184 rationalis
3093 1125 3315 1180 natura!
3345 1139 3410 1176 an
3426 1129 3510 1176 est

1929 1231 2032 1285 boc
2064 1224 2386 1281 rationabile
2415 1221 2721 1285 consilium,
2749 1227 2806 1273 ut
2835 1218 2958 1288 quia
2983 1215 3179 1285 ubique
3225 1222 3309 1267 est
3361 1209 3504 1282 peri-

1923 1321 2126 1384 culum,
2159 1317 2231 1372 ibi
2269 1315 2436 1386 eligas
2459 1325 2680 1368 manere
2711 1310 2802 1364 ubi
2841 1307 3012 1377 majus
3057 1321 3140 1360 εει
3163 1299 3508 1374 periculum?

1927 1413 2170 1481 Denique
2197 1409 2241 1464 si
2270 1407 2357 1463 ille
2383 1404 2474 1476 qui
2499 1403 2672 1460 solum
2701 1403 2867 1456 Deum
2919 1398 3111 1453 nititur
3160 1407 3346 1450 amare
3396 1407 3510 1448 ser-

1928 1513 2020 1559 vat
2043 1501 2376 1575 propositum
2407 1511 2580 1567 usque
2607 1495 2659 1549 in
2689 1493 2870 1559 finem,
2903 1497 3052 1545 certa
3097 1496 3182 1543 est
3233 1484 3401 1540 salus.
3457 1481 3515 1538 Si

1933 1611 2060 1652 vero
2085 1594 2174 1648 ille
2189 1592 2280 1662 qui
2304 1588 2562 1646 mundum
2590 1583 2704 1640 vult
2731 1598 2937 1649 amare,
2967 1596 3072 1635 non
3105 1577 3307 1634 deserit
3358 1589 3522 1630 suum

236 1667 498 1689 ............,
543 1667 587 1679 ...
643 1667 854 1676 .-.--_-_-
909 1667 1048 1686 Tm-
1113 1667 1153 1682 ,_
1581 1667 1597 1673 _

236 1720 478 1793 gaudens
506 1715 726 1771 eritcor
751 1725 932 1766 meum
958 1725 971 1761 :
1001 1708 1046 1762 si
1085 1705 1212 1760 alibi
1239 1704 1344 1760 hoc
1369 1698 1621 1762 fecerint,
1662 1707 1824 1765 quam
1855 1673 1899 1732 Β
1930 1686 2264 1760 propositum
2285 1689 2412 1736 ante
2438 1680 2633 1743 linem,
2694 1685 2786 1730 aut
2843 1673 3006 1736 nulla,
3063 1679 3155 1724 aut
3191 1667 3376 1732 dubia,
3433 1675 3530 1721 aut

1337 1792 1342 1793 ν
1592 1787 1623 1793 --
1771 1784 1802 1793 λ-
1989 1777 2000 1790 ·
2143 1783 2212 1793 __.
2247 1771 2388 1793 _-I.--
2447 1768 2505 1793 Dn
2539 1775 2685 1793 -mnn
2721 1763 2851 1793 ...αἶα
2881 1761 3066 1793 ηιρηῑνιι
3117 1757 3240 1793 nuit:
3291 1754 3524 1793 nnilnln-

239 1784 439 1868 melius
472 1807 578 1864 illis
606 1805 742 1866 scio,
767 1800 900 1872 quid
933 1798 1130 1854 talibus
1156 1792 1428 1863 expediat,
1482 1787 1716 1859 qualiter
1765 1784 1834 1837 ti-

236 1903 466 1960 mida'et
490 1911 754 1968 suspensa
777 1891 884 1949 erit
905 1904 1056 1946 mens
1088 1885 1244 1944 mea?
1273 1884 1330 1941 Si
1361 1880 1618 1940 sazculum
1644 1887 1834 1931 tenue-

239 1997 374 2062 rint,
406 2007 570 2064 quam
591 1966 786 2044 dolens
806 1993 862 2042 et
885 1981 1056 2039 tristis
1083 1979 1190 2036 erit
1239 1977 1419 2032 anima
1469 1986 1612 2028 mea.
1661 1966 1835 2022 Nimis

238 2059 459 2157 loquor,
485 2081 578 2138 sed
603 2081 866 2136 immenso
891 2089 1076 2132 amore
1103 2087 1290 2144 cogor.
1312 2067 1491 2124 Amati
1519 2073 1574 2122 et
1619 2059 1834 2118 deside-

239 2178 368 2243 rati,
391 2173 570 2232 valete
593 2181 648 2228 et
695 2177 932 2226 manete.
973 2165 1206 2230 Manete,
1239 2163 1482 2231 inquam,
1537 2165 1593 2211 et
1623 2165 1836 2224 perma-

245 2281 389 2328 nete.
439 2268 590 2338 Quod
619 2266 824 2321 utinam
855 2261 1006 2334 prius
1051 2257 1264 2314 audiam
1322 2255 1616 2321 inemptum
1676 2257 1838 2316 quam

244 2363 482 2426 veniam,
504 2369 558 2416 et
585 2373 708 2414 cum
737 2369 958 2420 venero,
991 2349 1258 2406 inveniam
1292 2347 1305 2400 !

709 2443 1044 2504 EPISTOLA
1080 2437 1255 2498 XXIX
1278 2438 1366 2493 ⁵³⁸,

827 2554 897 2593 ΔΙ)
935 2547 1225 2590 HESBICUM.

538 2635 608 2692 Ut
636 2630 946 2704 quantocius
993 2625 1245 2680 mundum
1280 2619 1561 2689 relinquat.

327 2727 582 2792 Domino,
628 2703 784 2778 fratri
817 2717 990 2774 amico
1036 2713 1278 2768 ﬂammeo
1337 2708 1504 2762 frater
1545 2703 1848 2764 Amasenus,

256 2821 426 2874 abbas
451 2819 521 2850 ⁸⁸⁸
548 2816 728 2880 Becei,
761 2813 915 2868 bonae
947 2803 1242 2863 voluntatis
1289 2797 1677 2872 perfectionem
1709 2791 1774 2824 “1
1797 2797 1853 2846 et

259 2909 536 2969 effectum.

332 3000 659 3057 Benedictus
691 2997 828 3051 Deus
860 2993 912 3047 in
942 2989 1100 3045 donis
1129 2987 1260 3051 suis,
1296 2992 1342 3038 et
1365 2989 1576 3037 sanctus
1599 2979 1654 3032 in
1681 2975 1852 3031 omni-

263 3095 356 3148 bus
382 3089 620 3162 operibus
655 3086 766 3142 suis
800 3081 974 3154 (Psal.
1007 3092 1185 3144 cxuv,
1220 3075 1330 3144 i7),
1389 3071 1479 3142 qui
1503 3077 1694 3124 vestrm
1721 3066 1857 3122 dile—

265 3181 432 3237 ctioni
456 3188 663 3233 tantum
698 3175 763 3228 de
799 3180 986 3226 nostro
1010 3165 1302 3228 desiderio,
1334 3169 1554 3234 propter
1577 3156 1718 3228 quod
1747 3156 1852 3209 ivi-

268 3273 391 3334 stis,
414 3263 772 3324 concessit‘”
823 3259 1037 3316 efficere
1073 3276 1087 3311 :
1132 3269 1291 3325 quem
1350 3265 1570 3305 oramus
1615 3255 1672 3299 ut
1719 3243 1861 3313 quod

268 3363 420 3417 deest
445 3359 620 3414 adhuc
650 3357 716 3410 de
748 3363 870 3407 voto
894 3359 1084 3405 uestro
1137 3355 1190 3401 et
1235 3343 1300 3398 de
1355 3349 1537 3396 vestra
1586 3335 1857 3399 mercede,

269 3455 520 3524 dignetur
545 3447 822 3520 perficere.
854 3443 928 3497 De
951 3457 1057 3511 qua
1083 3437 1154 3470 “'
1199 3451 1259 3490 rc
1290 3430 1574 3488 consilium
1617 3439 1863 3495 nostrum

270 3562 368 3618 per
403 3517 603 3598 fratres
623 3546 838 3593 nostros
866 3529 1084 3587 mando.
1131 3527 1207 3580 De
1246 3525 1416 3595 gratia
1469 3529 1523 3574 et
1580 3517 1866 3573 dilectione

273 3608 450 3697 ducis,
491 3631 556 3683 de
584 3641 688 3697 qua
721 3623 851 3678 mihi
877 3616 1199 3688 scripsistis,
1229 3612 1456 3666 multum
1512 3608 1753 3677 gaudeo;
1812 3613 1868 3658 et

275 3741 374 3798 pro
399 3739 459 3780 ea
491 3722 601 3776 Deo
624 3727 676 3772 et
707 3716 780 3770 illi
812 3723 866 3768 et
899 3711 1053 3765 vobis
1081 3708 1282 3778 gratias
1323 3719 1443 3773 ago.
1493 3700 1642 3767 Quod
1698 3698 1866 3751 etiam

276 3819 352 3875 illi
377 3832 472 3888 per
498 3814 704 3867 litteras
733 3807 912 3862 facere
933 3802 1111 3873 cogito
1130 3839 1146 3866 ,
1179 3813 1301 3853 cum
1331 3790 1708 3854 nuntiivestri,
1732 3787 1872 3842 sicut

279 3881 458 3965 aud-ivi
485 3903 840 3962 constitutum
867 3909 1011 3960 esse,
1044 3894 1112 3948 ad
1141 3890 1292 3945 illum
1317 3885 1589 3941 redibunt.
1645 3881 1712 3934 Et
1741 3892 1874 3949 quo-

277 4001 425 4057 niam
457 3995 642 4052 nescio
667 3993 712 4048 si
745 3991 848 4046 hoc
885 4000 1108 4042 necesse
1130 3983 1237 4039 erit
1284 3978 1399 4034 fieri
1443 3983 1736 4044 antequam
1785 3985 1875 4024 re-

282 4092 471 4154 deam;
496 4101 618 4143 cum
644 4082 879 4153 primum
905 4075 1172 4149 poteritis,
1197 4069 1452 4126 mandate
1479 4065 1610 4120 mibi
1661 4077 1876 4134 praenu-

285 4199 410 4238 men
436 4179 574 4248 ejus,
608 4184 663 4231 et
687 4173 904 4228 nomina
965 4169 1036 4202 *⁸*
1085 4165 1274 4222 uxoris
1311 4169 1366 4218 et
1423 4158 1657 4214 filiorum
1712 4152 1874 4222 ejus:

285 4275 460 4331 solum
491 4271 634 4325 enim
668 4279 862 4320 nomen
894 4261 1011 4331 ejus
1042 4267 1220 4321 teneo,
1245 4256 1372 4325 quia
1399 4251 1588 4306 Vitalis
1627 4253 1874 4302 vocatur.

1929 1754 2111 1834 ininor
2135 1783 2219 1830 est
2245 1771 2410 1828 salus.
2445 1768 2512 1823 Et
2538 1775 2686 1821 certe
2721 1763 2854 1820 satis
2881 1761 3072 1833 probat
3117 1757 3243 1827 quia
3291 1754 3524 1810 nullate-

1933 1885 2056 1934 nus,
2094 1874 2188 1922 aut
2211 1877 2400 1935 parum
2428 1858 2646 1928 aliquod
2674 1856 2874 1910 bonum
2898 1850 3094 1921 diligit,
3135 1847 3226 1918 qui
3254 1845 3384 1900 illud
3435 1844 3528 1910 ubi

1934 1961 2138 2019 certius
2162 1968 2218 2014 et
2249 1954 2441 2011 melius
2473 1947 2773 2023 cognoscit,
2826 1959 2932 1999 non
2963 1942 3146 2014 elegit.
3205 1939 3312 1996 Sed
3343 1937 3530 1994 dicunt

1937 2053 2136 2110 multi:
2167 2047 2401 2106 Gravius
2464 2041 2716 2098 irascitur
2769 2037 2913 2091 Deus
2963 2030 3206 2106 peccanti
3267 2025 3532 2084 monacho

1940 2161 2101 2218 quam
2130 2142 2243 2208 alii,
2275 2139 2402 2209 quia
2433 2136 2499 2190 de
2527 2130 2804 2206 proposito
2831 2126 3012 2182 altiori
3045 2123 3208 2178 cadit.
3265 2120 3380 2174 lloc
3437 2131 3534 2171 ve-

1941 2207 2060 2293 rum
2089 2243 2189 2295 est,
2215 2207 2450 2301 quandiu
2477 2233 2561 2280 est
2585 2223 2641 2277 in
2674 2227 2918 2292 peccato.
2957 2213 3065 2269 Sed
3087 2219 3234 2268 certe
3252 2207 3538 2278 benignius

1943 2338 2000 2383 et
2025 2321 2348 2380 familiarius
2379 2314 2607 2386 suscipit
2635 2313 2778 2367 Deus
2801 2306 3128 2364 monachum
3154 2301 3534 2372 poenitentem,

1945 2421 1992 2478 si
2015 2419 2080 2474 ad
2109 2431 2266 2472 suum
2295 2411 2631 2485 propositum
2661 2403 2838 2466 rediit,
2872 2413 3034 2470 quam
3065 2411 3172 2450 non
3213 2387 3539 2446 monachum

1949 2511 2040 2584 qui
2079 2509 2147 2564 ad
2171 2461 2325 2560 ideni
2344 2461 2682 2573 prrOpositum
2743 2461 2847 2548 non
2889 2461 3076 2545 .venit.
3131 2483 3259 2538 Plus
3311 2490 3546 2547 namque
3585 2461 3592 2468 ’

1951 2575 2126 2676 placet
2153 2598 2264 2653 Deo
2292 2595 2457 2650 etiam
2485 2598 2606 2660 post
2634 2600 2798 2658 grave
2824 2589 3130 2654 peccatum,
3169 2575 3324 2646 cujus
3347 2582 3547 2642 propo-

1952 2671 2116 2751 situm
2147 2699 2231 2747 est
2258 2696 2314 2744 et
2345 2693 2468 2741 ante
2498 2691 2638 2754 post,
2672 2694 2779 2750 quo
2808 2673 2982 2743 majus
3011 2671 3214 2726 habere
3273 2681 3381 2721 non
3449 2676 3544 2732 po-

1957 2797 2082 2854 test,
2111 2800 2274 2858 quam
2305 2781 2394 2836 ille
2432 2779 2523 2850 qui
2549 2790 2648 2832 nec
2676 2782 2802 2828 ante
2832 2784 2931 2824 nec
2962 2773 3086 2838 post
3119 2763 3296 2819 simile
3355 2773 3552 2828 pecca-

1958 2851 2092 2948 tum,
2121 2851 2238 2931 vult
2273 2883 2596 2944 proponere,
2624 2880 2731 2934 quo
2759 2861 2951 2917 melius
2975 2873 3080 2912 non
3112 2861 3307 2925 potest.
3337 2851 3391 2905 Si
3415 2863 3544 2920 ergo

1958 2982 2014 3031 et
2037 2966 2414 3027 innocentibus
2437 2969 2487 3016 et
2519 2954 2910 3031 paenitentibus
2941 2949 3134 3005 melius
3180 2953 3262 3000 est
3291 2941 3358 2996 ad
3389 2937 3554 2993 vitam

1961 3059 2331 3119 monachicam
2356 3051 2562 3114 venire,
2595 3057 2650 3102 et
2685 3044 2886 3107 redire,
2911 3055 3072 3109 quam
3104 3037 3398 3090 absistere:
3421 3027 3554 3098 quid

1960 3151 2225 3211 moraris?
2252 3149 2308 3203 Si
2337 3145 2486 3215 prius
2516 3143 2582 3196 de
2607 3139 2707 3193 bac
2731 3135 2836 3188 vita
2865 3131 3069 3186 tolletis
3095 3169 3110 3194 ,
3165 3128 3422 3180 damnum
3473 3125 3560 3173 cst

1963 3239 2409 3312 irrecuperabile.
2477 3233 2668 3296 Multa,
2714 3224 3056 3304 charissime,
3111 3217 3178 3272 de
3228 3211 3561 3268 monachica:

1963 3337 2089 3392 vita:
2118 3301 2399 3388 altitudine
2424 3333 2478 3381 et
2500 3320 2824 3379 certitudine
2847 3357 2862 3380 ,
2882 3301 2958 3370 de
2985 3313 3168 3382 quiete
3197 3316 3252 3364 et
3298 3301 3554 3376 jucundi-

1967 3439 2078 3484 tate
2104 3425 2284 3480 dicere
2319 3432 2558 3491 possem,
2584 3415 2628 3469 si
2657 3408 2884 3482 epistola
2928 3403 3144 3459 modum
3177 3415 3282 3454 non
3333 3393 3562 3452 excede—

1967 3529 2089 3574 ret:
2123 3485 2470 3580 fcstina-ergo
2506 3507 2573 3561 ad
2605 3511 2814 3560 tantum
2841 3498 3062 3560 bonum,
3088 3491 3215 3560 quia
3248 3485 3394 3542 nullo
3416 3485 3560 3538 bono

1968 3608 2236 3668 efﬁcacius
2262 3604 2446 3658 venies
2469 3597 2534 3653 ad
2555 3608 2823 3652 summum
2854 3589 3075 3643 bonum.
3105 3583 3296 3638 Plures
3323 3576 3428 3630 vidi
3459 3573 3566 3627 hoc

1971 3699 2354 3772 promittentes
2379 3701 2435 3745 et
2461 3687 2792 3746 differentes,
2819 3695 2956 3749 quos
3011 3677 3084 3729 ita
3139 3685 3284 3726 mors
3337 3667 3456 3721 tulit
3507 3671 3569 3718 ut

1973 3754 2076 3846 itec
2101 3789 2208 3841 hoc
2230 3783 2552 3853 perficerent
2577 3789 2682 3841 quo
2711 3787 2768 3824 se
2788 3765 3176 3834 impediebant,
3214 3773 3314 3812 nec
3341 3759 3443 3809 hnc
3483 3754 3568 3806 in-

1976 3845 2315 3950 ciperent-“3
2345 3868 2486 3940 quod
2516 3859 2920 3934 promittebant.
2977 3852 3128 3919 Quod
3187 3848 3342 3902 valde
3399 3845 3566 3898 timeo

1978 3935 2046 4022 de
2076 3967 2156 4030 te';
2188 3961 2284 4018 sed
2315 3935 2524 4013 avertat
2549 3955 2692 4008 Deus
2721 3968 2749 4003 a
2781 3958 2852 4012 te,
2908 3941 3252 4000 ebarissime.
3309 3935 3462 4000 Vale,
3511 3941 3570 3988 et

1981 4056 2088 4114 noli
2114 4053 2351 4110 tardare.
2761 4087 2766 4092 .

2447 4149 2777 4214 EPISTOLA
2829 4147 2980 4203 XXX
3018 4145 3108 4199 "“.

2535 4284 2604 4322 ΑΙ)
2643 4276 3014 4320 Ἦλιειῐεωιωι
3025 4297 3040 4314 .

290 4366 397 4422 Sed
427 4359 682 4434 quoniam
707 4353 878 4410 dulcis
909 4351 1040 4406 mihi
1070 4341 1504 4438 vestradilectio
1531 4341 1614 4438 sic
1637 4351 1724 4438 ine
1775 4333 1876 4438 sibi
1913 4382 1958 4438 Β
1985 4370 2138 4438 Quod
2165 4364 2476 4438 monachum
2505 4358 2576 4411 ad
2607 4369 2808 4435 tempus
2851 4352 3036 4429 dum,”
3091 4363 3200 4438 εφη.
3237 4340 3578 4438 ’,σπη’-ταί,

290 4474 387 4516 sua
424 4425 694 4528 probitate
727 4441 1143 4518 conglutinavit,
1175 4447 1236 4493 ut
1259 4437 1402 4491 idem
1433 4433 1498 4488 de
1527 4429 1704 4496 vobis,
1733 4425 1880 4496 quod

292 4552 360 4605 de
387 4561 505 4612 me,
535 4542 808 4599 desideret
833 4551 928 4592 cor
949 4546 1165 4596 meum,
1221 4525 1362 4581 unde
1408 4522 1518 4593 jam
1567 4531 1716 4589 spem
1769 4529 1880 4570 ma-

295 4655 455 4713 gnam
483 4653 550 4692 ex
581 4633 778 4690 vestris
817 4625 1162 4684 sermonibus
1215 4617 1476 4686 concepi,
1539 4626 1647 4666 non
1702 4613 1882 4678 potest

297 4746 451 4788 mens
480 4743 598 4784 mea
627 4725 928 4796 quiescere,
955 4719 1126 4774 donec
1151 4715 1328 4783 ipsum
1349 4719 1529 4762 meum
1555 4699 1883 4758 desiderium

299 4823 368 4879 de
392 4821 543 4876 vobis
578 4819 825 4874 satietur.
860 4808 1117 4880 Quamvis
1139 4805 1304 4877 igitur
1332 4799 1511 4856 nullus
1533 4809 1714 4852 sermo
1754 4789 1887 4846 mihi

301 4909 552 4976 sufficiat,
587 4907 758 4964 donec
787 4903 930 4958 Deus
975 4898 1117 4971 quod
1181 4901 1308 4965 opto
1371 4888 1657 4962 perficiat,
1715 4896 1888 4954 pauca

307 5015 512 5068 tamen,
543 5001 670 5072 quia
697 5011 804 5053 non
835 4990 1098 5049 nescienti
1124 4989 1336 5059 loquor,
1361 4998 1461 5054 pro
1491 4983 1596 5036 hoc
1617 4979 1734 5050 ipso
1759 4972 1894 5028 ami-

306 5113 370 5154 ca
426 5094 792 5152 familiaritate
821 5099 1205 5148 commemoro.
1251 5081 1428 5136 Pensa
1483 5074 1668 5146 igitur,
1723 5065 1897 5124 dulcis

2056 4413 2574 4565 ééi'iiaiﬁﬁbbm
2595 4426 2682 4496 qui
2706 4413 2822 4478 eum
2853 4420 3051 4489 repetit.
3087 4415 3150 4470 Et
3184 4413 3453 4468 intercedit
3479 4427 3574 4482 pro

2107 4527 2148 4563 is
2173 4525 2199 4562 e
2235 4515 2364 4559 erto.

2107 4515 2364 4563 isleberto.

2059 4605 2267 4660 Domno
2293 4605 2348 4652 et
2385 4591 2532 4649 Patri
2573 4587 2868 4644 reverendo
2917 4579 3167 4652 episcopo
3207 4570 3582 4630 Wintonicnsi
3641 4615 3649 4621 .

1991 4685 2430 4750 WALcnsLuo‘"
2463 4681 2631 4740 frater
2657 4680 2963 4742 ANSELIUS,
3009 4672 3317 4728 orationum
3361 4674 3415 4722 et
3455 4679 3578 4720 sera

1991 4786 2111 4842 vitii
2149 4783 2480 4838 fidelitatem.

2067 4873 2375 4933 Secundum
2417 4865 2559 4941 quod
2594 4873 2832 4920 vestram
2864 4858 2995 4914 scivi
3021 4855 3374 4913 voluntatem,
3421 4845 3580 4901 locu~

1995 4979 2083 5027 tus
2115 4983 2232 5026 sum
2265 4979 2387 5022 cum
2419 4939 2618 5016 domno
2641 4955 2836 5009 abbate
2863 4953 2930 5006 de
2969 4957 3150 5004 monte
3199 4943 3415 5000 Sanctae
3457 4939 3578 4994 Tri-

1999 5063 2209 5120 nitatis.
2242 5053 2661 5115 Concessionem
2690 5063 2720 5102 a
2747 5047 2948 5102 domno
2999 5039 3194 5096 abbate
3222 5036 3460 5091 Rainero
3484 5045 3574 5086 an.

1596 5203 1831 5266 VARUE
1868 5195 2272 5259 LECTIONES.

382 5348 456 5384 δ”
493 5347 700 5403 Collata
739 5360 858 5399 cum
903 5339 1084 5400 eodem
1129 5350 1228 5389 ms.
1279 5339 1326 5386 et
1385 5323 1686 5403 cym_Edit.
1715 5317 1871 5374 Galli.
1913 5325 1961 5403 et
1991 5313 2114 5403 got.

855 5383 1259 5464 λσῖνῦδίιῖηἶᾷἶῖδ
1283 5383 1690 5474 profectionem
1750 5405 1851 5442 ms.
1891 5398 1936 5442 et

1446 5469 1514 5500 ⁸⁵³
1541 5466 1606 5522 Ει
1631 5479 1737 5534 qua
1766 5476 1864 5514 ms.
1885 5467 1945 5534 et

1857 5529 1926 5562 ⁸⁸⁵
1957 5525 2167 5584 Collata
2207 5518 2322 5578 cum
2355 5518 2532 5575 eodem
2567 5529 2666 5568 ms.

313 5421 517 5479 selmns
567 5419 748 5472 Abbas

314 5473 414 5546 iis;
440 5473 658 5544 et’Edit.
690 5484 829 5558 quod
861 5481 1034 5540 ivistis
1067 5473 1338 5558 concessit

313 5563 385 5596 ⁵⁸³
411 5561 518 5614 Nec
549 5537 658 5612 hoc
694 5537 998 5628 inciperent
1055 5566 1157 5604 ms.
1197 5559 1264 5602 ne
1307 5543 1408 5599 hoc
1449 5537 1750 5608 inciperent

319 5629 658 5688 Walcbelino

2155 5308 2293 5366 1575
2399 5303 2470 5336 “°
2500 5300 2788 5356 Anselmns
2823 5287 3230 5366 dicttts__}tlilias
3257 5285 3416 5366 _Edit.
3471 5285 3580 5366 An:

2174 5350 2468 5436 voluntatis
2519 5350 2907 5442 perfectionem
3015 5361 3086 5392 ⁸⁶²
3115 5358 3268 5442 Quod
3317 5350 3588 5432 concessit

2160 5421 3007 5521 ᾖξ’-’ἧδ’έί-ἶιόιιιίιρξεηηιες
3023 5421 3256 5521 λςιᾼξῖςίξε.
3291 5433 3344 5521 et
3365 5421 3590 5521 ιἮιξΞηι

2779 5507 2848 5540 ³⁵⁷
2876 5498 3224 5566 Gualcbelmo
3260 5511 3357 5558 m8.-
3389 5491 3592 5552 τεσιίηει
