3898 6052
196 253 332 312 1185

1485 251 1610 306 LIB.
1648 250 1709 318 11,
1757 249 1973 306 EPIST.
2014 247 2243 304 XXXIV.

3322 250 3460 309 1188

197 382 313 420 rum
345 368 419 421 rei
449 364 620 435 ipsms
646 364 784 419 serie
820 371 1166 435 pertractata,
1200 379 1298 420 nec
1331 373 1506 420 vestra
1545 365 1776 436 pruden-
1805 369 1850 426 Α
1879 365 2154 421 descendit
2191 363 2546 435 benignitate,
2583 379 2705 435 quae
2731 381 2790 422 se
2820 381 2952 423 meae
2981 367 3234 437 parvitati
3264 369 3461 428 litteris

196 457 267 511 tia
307 465 489 510 nostro
531 454 758 510 consilio
804 455 1087 526 indigebit,
1133 469 1231 510 nec
1270 453 1482 523 justitia
1524 457 1776 525 precibus

193 561 325 617 Opus
356 547 593 601 habebit.
630 546 814 600 Solum
861 546 1023 617 igitur
1063 547 1162 600 hoc
1196 561 1341 600 nunc
1384 547 1593 612 intimo,
1632 548 1776 617 quod

195 638 238 692 si
268 638 332 691 ad
357 636 719 704 vestramjam
751 638 895 691 venit
922 635 1102 709 (sicuti
1135 646 1218 691 est
1243 646 1336 690 aut
1363 645 1646 692 venturum
1672 637 1774 710 est)

195 730 440 784 notitiam
474 746 570 800 per
592 729 776 794 alium,
802 731 1012 795 nescio;
1051 730 1256 785 scilicet
1285 731 1409 800 quia
1441 731 1510 766 ⁸⁷⁸
1541 747 1645 786 non
1677 731 1778 786 mi-

196 823 397 876 nimam
445 822 584 876 idem
643 823 928 891 episcopus
968 825 1370 891 persecutionem
1418 823 1619 893 patitur
1652 840 1777 892 pro-

193 923 308 982 pter
345 912 608 982 justitiam
655 914 866 984 (Jlaltlt.
907 929 960 977 ν,
1007 913 1116 982 10),
1171 929 1329 983 quam
1384 930 1480 983 per
1519 912 1780 981 jussionis

197 1013 386 1058 vestrae
413 1019 630 1058 servare
662 1004 849 1057 nititur
874 1004 1256 1058 obedientiam.
1309 1003 1465 1067 Nam,
1513 1005 1776 1057 intantum

196 1094 313 1163 ejus
343 1094 524 1149 odium
559 1095 802 1148 canonici
843 1103 897 1148 et
938 1093 1236 1164 presbyteri
1267 1092 1383 1162 ejus
1411 1095 1777 1165 episcopatus,

195 1186 532 1256 paucissimis
554 1187 811 1255 exceptis,
840 1195 892 1238 et
914 1186 1134 1254 quidam
1156 1184 1278 1240 laici
1309 1187 1668 1241 exardescuut
1687 1227 1702 1253 ,
1728 1198 1782 1242 et

196 1286 519 1341 extraneos,
575 1293 923 1347 quoscunque
979 1289 1204 1347 possunt
1261 1288 1317 1332 et
1369 1279 1782 1350 quibuscunque

199 1368 370 1422 modis
398 1368 594 1434 valent,
641 1369 963 1433 accendunt,
998 1378 1057 1422 ut
1099 1384 1202 1421 non
1245 1369 1416 1423 solum
1448 1371 1644 1438 ipsum,
1687 1371 1782 1426 sed

198 1468 253 1514 et
313 1459 431 1513 illos
489 1461 840 1515 immoderate
901 1462 1271 1527 detestentur,
1330 1471 1383 1514 et
1437 1462 1785 1517 detestabiles

201 1560 505 1605 monstrare
536 1560 820 1615 conentur,
853 1553 941 1622 qui
971 1554 1018 1607 ei
1045 1552 1259 1621 aliquod
1288 1553 1538 1607 solatimn
1579 1555 1783 1624 impen-

201 1643 335 1698 dtuit
369 1663 380 1697 :
418 1653 476 1698 ut
501 1660 623 1698 cum
652 1645 719 1675 "7
751 1645 1016 1714 PrOphcta
1062 1645 1175 1713 ipse
1199 1645 1377 1699 dicere
1405 1647 1573 1715 possit
1604 1665 1617 1700 :
1653 1646 1782 1701 Tota

1876 473 1974 529 per
1996 459 2274 529 praefatum
2299 456 2610 529 episcopum
2641 458 3018 516 Bclvacenscm
3043 461 3245 528 missis,
3267 471 3320 516 et
3342 477 3464 516 ver-

1876 552 1961 608 bis
1987 551 2116 606 mihi
2146 565 2240 621 per
2268 549 2416 604 illum
2461 561 2516 605 et
2552 551 2812 620 quosdam
2842 551 2977 608 alios
3007 552 3213 620 relatis,
3243 555 3462 624 dignata

1877 653 1960 699 est
1985 652 2307 698 monstrare.
2337 641 2432 696 Est
2458 642 2602 696 enim
2649 657 2787 698 nova
2831 658 2938 709 res,
2983 651 3225 698 nostrum
3274 660 3463 699 mona-

1877 735 2102 790 sterium
2144 749 2242 788 nec
2269 733 2446 787 adhuc
2477 733 2581 787 ulla
2624 733 2965 802 antiquitate,
3013 743 3106 787 aut
3149 732 3308 789 ullius
3334 751 3464 804 apo-

1879 828 2068 884 stolica
2101 827 2443 891 auctoritate,
2483 834 2576 880 aut
2620 825 2898 895 privilegio
2929 825 3335 891 conﬁrmatum;
3367 829 3464 882 sed

1880 921 2074 975 vestris
2119 919 2446 988 temporibus
2476 929 2531 974 et
2565 927 2762 972 vestrae
2793 918 3096 972 clementiae
3120 919 3350 988 jussioni
3385 919 3464 972 di-

1885 1015 2082 1068 vinitus
2113 1022 2408 1066 servatmn.
2440 1009 2509 1066 Ut
2537 1025 2665 1081 ergo
2695 1010 2874 1079 aliquo
2901 1019 3094 1064 vestrae
3123 1009 3469 1065 auctoritatis

1883 1105 2044 1168 dono,
2091 1111 2248 1173 prout
2292 1112 2484 1157 vestrae
2529 1103 2702 1162 visum
2755 1101 2919 1156 fuerit
2951 1100 3222 1169 religiosae
3263 1102 3472 1158 discre-

1885 1195 2038 1260 tioni,
2068 1210 2126 1249 se
2169 1196 2402 1266 gaudeat
2432 1194 2686 1247 honorari
2720 1202 2776 1246 et
2801 1191 3112 1246 conﬁrmari
3144 1232 3158 1254 ,
3194 1192 3336 1245 nulla
3369 1207 3470 1246 no-

1883 1298 1994 1341 stra
2027 1287 2216 1340 merita
2247 1286 2615 1348 obtendimus;
2663 1284 2756 1339 sed
2788 1283 2979 1339 divinae
3003 1282 3265 1336 voluntati
3294 1292 3348 1336 et
3379 1299 3472 1337 vc-

1883 1389 2008 1433 strae
2038 1378 2221 1448 pietati
2253 1377 2666 1432 committimus.
2715 1375 2830 1430 Non
2885 1377 3031 1430 enim
3079 1377 3318 1446 ignotum
3350 1391 3470 1432 esse

1885 1479 2015 1539 puto
2061 1479 2254 1522 vestrae
2297 1468 2629 1523 excellentia:
2677 1467 2802 1536 quia
2848 1467 3032 1536 plures
3077 1468 3312 1537 episcopi
3363 1483 3468 1520 non

1888 1568 2094 1614 tantum
2125 1560 2359 1630 gaudent
2404 1561 2736 1614 monasteria
2779 1568 3001 1628 paterna
3037 1558 3235 1629 pietate
3265 1559 3471 1612 nutrire

1887 1662 1942 1708 et
1984 1652 2272 1723 episcopali
2315 1667 2443 1706 cura
2489 1652 2722 1713 erudire,
2768 1667 2928 1720 quam
2975 1661 3189 1706 austera
3239 1652 3470 1720 quadam

202 1733 287 1786 die
316 1733 463 1786 verba
489 1750 599 1786 mea
623 1735 1047 1799 exsecrabantur,
1079 1735 1352 1789 adversum
1389 1753 1468 1789 me
1499 1753 1672 1790 omnes
1700 1754 1785 1790 co-
1818 1755 1863 1815 Β
1889 1743 2256 1798 dominatione
2283 1752 2338 1797 et
2374 1743 2591 1812 propria
2620 1744 2894 1798 voluntate
2919 1759 3169 1814 gravare,
3209 1743 3360 1809 Quod
3393 1752 3464 1796 in.

199 1823 474 1893 gitationes
503 1841 684 1877 eorum
727 1826 782 1878 in
817 1824 1010 1877 malum
1039 1837 1058 1876 :
1092 1825 1456 1878 inhabitabant
1489 1835 1536 1878 et
1567 1826 1787 1881 abscon-

200 1912 320 1965 dent
336 1929 357 1977 ;
386 1914 484 1981 ipsi
508 1914 808 1968 calcaneunt
835 1931 1007 1968 meum
1035 1915 1373 1969 observabant
1399 1914 1568 1986 (Psal.
1595 1933 1682 1984 ιν,
1706 1917 1784 1981 6).

201 2001 457 2058 Canonici
491 2004 704 2072 quidem
736 2013 791 2059 et
820 2007 1117 2076 presbyteri
1150 2007 1251 2062 hoc
1285 2007 1357 2060 illi
1389 2007 1625 2072 faciunt,
1658 2009 1788 2078 quia

201 2107 294 2146 eos
319 2109 346 2146 a
373 2093 553 2160 pravis
574 2096 1076 2162 consuetudinibus,
1103 2106 1156 2152 et
1182 2098 1417 2153 maxime
1443 2114 1472 2152 a
1501 2099 1785 2154 mulierum

206 2184 437 2254 rcproba
469 2188 880 2242 conversatione
923 2187 1031 2242 vult
1067 2189 1390 2259 prohibere;
1435 2201 1484 2244 et
1531 2191 1666 2247 lilios
1695 2207 1789 2248 eo—

202 2293 342 2343 rum,
373 2278 484 2332 sive
513 2294 646 2347 quos
673 2279 773 2334 sibi
801 2281 1094 2334 secundum
1127 2280 1381 2350 placitum
1411 2283 1649 2338 haerech
1688 2284 1787 2338 eli-

199 2381 355 2440 guut,
382 2386 410 2424 a
442 2373 848 2442 praebendorum
875 2373 1214 2428 haereditaria
1237 2378 1602 2444 successione,
1626 2389 1787 2448 atque

199 2477 233 2516 a
277 2478 554 2518 sacrorum
602 2465 853 2520 ordinum
907 2468 1242 2536 promotione
1294 2481 1522 2524 conatur
1574 2487 1782 2530 arcere.

199 2553 345 2608 Laici
381 2571 506 2611 vero
536 2555 758 2620 idcirco,
783 2561 908 2628 quia
933 2560 1300 2616 invasionibus
1322 2577 1500 2616 rerum
1530 2563 1786 2620 Ecclesiae

201 2644 507 2703 inordinate
561 2649 720 2706 factis
770 2667 876 2705 non
928 2651 1040 2705 vult
1088 2651 1292 2708 lavere.
1345 2654 1682 2725 QuaprOptcr
1729 2667 1788 2710 ut

199 2753 322 2791 eum
365 2741 562 2794 vestris
593 2741 788 2797 litteris
819 2744 1166 2801 vehementer
1199 2748 1510 2802 roboratam
1540 2749 1787 2803 remitta-

203 2827 301 2891 tis,
356 2830 507 2884 valde
554 2836 918 2889 necessarium
975 2838 1256 2904 existimo,
1302 2849 1356 2893 et
1406 2849 1464 2893 ut
1509 2841 1784 2895 dominum

199 2921 423 2990 supplex
455 2937 643 2980 servus
676 2927 904 2997 postulo.
941 2928 1140 2999 Sicque
1183 2931 1333 2986 illum
1365 2933 1660 2987 auctoritas
1697 2947 1786 2987 ve-

199 3020 312 3065 stra
347 3012 596 3070 Remensi
642 3019 1067 3090 archiepiscopo,
1099 3031 1153 3076 et
1190 3023 1314 3078 aliis
1342 3024 1535 3078 vicinis
1573 3025 1786 3094 episco-

1889 1851 2012 1890 men
2069 1837 2168 1889 sub
2223 1843 2448 1904 paterna
2509 1836 2796 1890 sanctitate
2862 1835 3144 1890 reverendi
3201 1835 3468 1906 archiepi-

1887 1925 2034 1994 scopi
2059 1922 2506 1979 nostriGuillelmi
2531 1924 2661 1996 (29‘)
2688 1925 2858 1980 ﬁdelis
2877 1925 3150 1981 dilectoris
3173 1927 3342 1982 nostri
3365 1943 3472 1982 non

1891 2015 2160 2070 timemus.
2190 2012 2343 2068 Servi
2372 2013 2562 2078 vestri,
2592 2014 2836 2068 conservi
2877 2024 2933 2068 et
2963 2015 3165 2070 domini
3211 2017 3314 2070 mei
3358 2016 3471 2069 l'ra-

1891 2116 2000 2161 tres
2030 2117 2228 2161 nostrae
2264 2106 2725 2178 congregationis,
2762 2106 2854 2175 qui
2895 2121 2991 2175 pro
3017 2117 3195 2161 vestra
3237 2107 3477 2176 paterni-

1889 2207 1998 2251 tate
2028 2196 2270 2267 quotidie
2309 2213 2520 2252 mecum
2558 2212 2664 2251 non
2703 2207 2920 2251 cessant
2947 2212 3126 2261 orare,
3163 2197 3476 2252 desiderant

1887 2304 1945 2344 se
1974 2305 2181 2343 mecum
2208 2288 2441 2345 orat'oni
2475 2298 2531 2343 et
2571 2288 2931 2344 bcnedictioni
2970 2297 3164 2343 vestrae
3198 2303 3476 2344 commen-

1887 2381 2018 2435 dare
2047 2378 2137 2434 ⁸⁸⁷⁸.

2327 2469 2661 2526 EPISTOLA
2701 2469 2917 2525 XXXIV
2956 2468 3048 2524 ⁸⁷⁸.

2492 2578 2560 2614 ΑΙ)
2601 2575 2868 2616 ΕΒΒΛΝΟΙ.

1890 2673 2051 2728 Timet
2085 2691 2148 2728 tte
2175 2675 2443 2744 episcopus
2472 2685 2578 2728 tam
2615 2673 2858 2744 gravibus
2897 2673 3147 2744 (erumnis
3189 2672 3476 2738 obruatur;

2203 2743 2422 2814 euntque
2447 2755 2587 2812 optat
2612 2745 2911 2814 episcopatu
2938 2743 3156 2796 absolvi.
3299 2748 3313 2764 ‘

1959 2834 2070 2889 Suo
2112 2836 2407 2890 reverendo
2452 2835 2671 2888 domino
2711 2833 3142 2887 Christianorum
3187 2829 3474 2886 universali

1886 2927 2125 2998 pontiﬁci
2164 2927 2380 2983 Uneaao
2411 2927 2577 2982 frater
2609 2926 2912 2988 Anseuus,
2945 2924 3086 2994 quod
3119 2938 3269 2977 suus.

1958 3021 2035 3075 De
2066 3021 2376 3076 Belvacensi
2413 3019 2686 3090 episcopo,
2718 3016 2863 3087 quod
2891 3017 3066 3071 sentio
3098 3015 3354 3077 breviter,
3381 3013 3476 3069 sed

201 3103 304 3172 Pis.
329 3113 385 3158 el
421 3105 566 3160 clero
594 3107 909 3179 civibusque
952 3111 1188 3177 Belvaci,
1224 3121 1278 3168 et
1307 3113 1547 3183 ejuslem
1577 3116 1788 3184 episco-
1813 3103 1854 3160 C
1891 3128 2084 3184 magno
2113 3111 2308 3167 affectu
2341 3112 2476 3173 dico,
2521 3118 2576 3164 et
2619 3119 2680 3164 ut
2719 3119 2904 3163 notum
2950 3107 3020 3159 sit
3051 3114 3246 3158 vestrae
3290 3103 3478 3173 pietati

197 3202 357 3260 palus
404 3196 672 3250 nobilibus
701 3201 1089 3254 commendans
1119 3210 1309 3256 contra
1361 3202 1623 3258 malevola
1672 3220 1783 3260 ma-

203 3283 548 3340 chiuameula
591 3289 820 3353 muniat,
851 3300 908 3342 ut
941 3291 990 3344 in
1021 3292 1370 3348 exsecutione
1405 3297 1782 3350 mandatorum

201 3385 504 3431 vestrorum
538 3393 640 3433 non
677 3394 782 3433 tam
825 3396 918 3435 eos
949 3382 1291 3439 adversarios
1317 3401 1477 3454 quam
1509 3387 1784 3454 adjutores

203 3466 460 3524 inveniat.
498 3470 770 3526 Praesumo
801 3473 1033 3541 aliquam
1079 3476 1306 3545 gratiam
1337 3477 1403 3531 de
1439 3487 1628 3532 vestrae
1677 3479 1780 3532 lar-

196 3558 369 3626 gitate
397 3560 610 3629 pietatis
635 3563 884 3616 Ecclesia:
913 3561 1166 3618 Beeccnsi
1210 3565 1512 3634 postulare;
1544 3567 1637 3622 sed
1670 3568 1783 3623 haec

197 3653 548 3720 praesumptio
580 3669 682 3706 non
713 3663 919 3707 tantum
947 3655 1012 3709 de
1044 3670 1160 3709 mea
1186 3658 1427 3712 ascendit
1457 3658 1780 3725 temeritate,

202 3751 466 3809 (plantam
515 3744 580 3797 de
629 3754 805 3798 vestra
855 3745 1148 3801 reverenda
1192 3749 1322 3802 mihi
1368 3757 1422 3802 et
1462 3747 1782 3804 charissiua

1891 3204 2161 3259 desidero.
2207 3202 2348 3258 Nihil
2384 3201 2597 3273 proﬁcit
2628 3201 2681 3255 in
2729 3202 3058 3271 episcopatu,
3090 3197 3184 3252 sed
3211 3205 3267 3250 et
3307 3195 3418 3264 ipse
3445 3209 3477 3249 a

1889 3298 1971 3353 sui
2001 3296 2242 3351 custodia
2269 3295 2580 3364 impeditur,
2625 3309 2725 3348 nec
2754 3292 2914 3347 rebus
2938 3290 3193 3345 Ecclesiae
3235 3287 3476 3358 prodest,

1890 3401 1990 3441 nec
2033 3385 2085 3439 in
2119 3384 2302 3439 futuro
2327 3399 2445 3454 ego,
2475 3393 2568 3436 aut
2595 3383 2791 3452 aliquis
2815 3396 3001 3436 eorum
3031 3379 3122 3449 qui
3155 3394 3266 3432 rem
3311 3391 3480 3432 nove-

1893 3489 2053 3543 runt,
2100 3489 2147 3534 et
2195 3478 2492 3534 secundum
2536 3478 2701 3531 Deum
2730 3491 2850 3530 eam
2891 3475 3238 3530 considerare
3271 3472 3477 3536 volunt,

1890 3570 2091 3638 aliquid
2137 3570 2330 3625 melius
2371 3570 2463 3624 sed
2495 3569 2730 3622 deterius
2760 3577 3156 3636 eXspectatmus.
3190 3563 3305 3618 Non
3350 3565 3478 3635 quia

1893 3661 1947 3713 in
1977 3660 2092 3728 ejus
2123 3661 2397 3713 innocenti
2438 3660 2548 3712 vita
2587 3659 2771 3725 aliqua
2803 3657 2961 3724 culpa
3001 3656 3158 3709 mala:
3188 3655 3480 3711 voluntat‘s

1893 3751 1990 3812 sit;
2037 3750 2131 3805 sed
2179 3751 2306 3820 quia
2350 3765 2453 3804 non
2480 3759 2565 3804 est
2593 3749 2715 3802 talis
2757 3748 2848 3817 qui
2892 3757 3099 3802 tantum
3129 3762 3266 3802 onus
3309 3749 3480 3818 possit

1540 3837 1774 3892 VARUS
1803 3838 2206 3894 LECTlONES.

278 3933 348 3965 m
380 3931 567 3988 Nescio
591 3934 798 3990 scilicet
829 3952 842 3987 :
880 3935 1003 4003 quia
1037 3950 1132 3987 ms.
1165 3932 1348 3987 nescio
1370 3947 1390 3986 :
1421 3929 1662 3998 Scilicet,
1701 3931 1826 4001 quia
1899 3932 1966 3965 "7
2002 3932 2070 3988 Ut
2107 3950 2231 3989 eum
2261 3949 2359 3987 ms.
2397 3940 2594 3987 etcum
2668 3928 2740 3961 ⁸⁷³
2773 3927 3151 3985 Commendari
3181 3947 3279 3984 ms.
3324 3944 3476 3986 com-

203 4005 462 4060 mendare
534 4003 604 4036 ⁸⁷⁸
629 4005 834 4060 Collata
865 4022 981 4060 cum
1009 4004 1185 4060 eodem
1213 4019 1312 4056 ms.

862 4148 865 4152 ,
1461 4092 1745 4151 JOANNIS
1772 4095 2045 4152 PICARDI
2074 4094 2304 4152 NOTAE.

279 4188 413 4260 (29‘)
440 4189 830 4260 Archiepiscopi
867 4192 1030 4244 nostri
1061 4189 1356 4244 Willielmi.
1410 4188 1626 4260 Scilicet
1674 4189 1782 4244 Ro-
1892 4191 2099 4247 tradam
2156 4191 2298 4245 inter
2327 4204 2522 4244 uxores
2550 4188 2805 4244 Fulconis
2847 4202 2954 4242 non
3003 4186 3214 4254 reperio
3259 4185 3308 4240 in
3341 4185 3477 4241 Tra-

203 4259 594 4331 thomagcnsis,
633 4261 698 4314 ad
726 4259 881 4329 quem
913 4267 994 4314 est
1014 4262 1170 4329 epist.
1203 4260 1290 4315 68.
1324 4260 1359 4331 l.
1391 4275 1474 4323 ιιι,
1515 4259 1775 4331 cujusque

1886 4273 2034 4316 ctatu
2075 4262 2336 4315 comitum
2394 4261 2864 4329 Andegaveusium
2907 4272 3067 4327 quem
3111 4265 3290 4329 servat
3337 4260 3473 4310 scri-

203 4346 312 4386 non
339 4328 504 4403 semel
549 4328 994 4403 Chronic.__l_}ecc.
1179 4330 1444 4403 meminit.
1501 4328 1775 4385 Successit
1811 4340 1855 4394 ι)
1881 4343 2030 4403 ptum
2051 4328 2730 4403 Bibliothequicto’riaua.
2761 4329 2856 4403 llis
2876 4344 3003 4403 vero
3023 4328 3309 4403 connubiis
3335 4329 3475 4381 male

203 4411 387 4455 autem
415 4398 606 4454 Joanni
640 4410 774 4455 teste
800 4399 1000 4454 Willel.
1029 4400 1296 4454 Gemmet.
1342 4399 1438 4453 lib.
1485 4415 1602 4464 \‘lll,
1655 4417 1776 4469 cap.

204 4473 259 4525 ὃ.
293 4471 493 4525 llistor.
529 4473 650 4526 duc.
677 4471 996 4525 Nortlnnan.
1032 4470 1121 4536 (ad
1155 4485 1317 4538 quem
1364 4469 1465 4535 legi
1519 4473 1779 4525 norinulla

204 4541 498 4596 Lanl‘ranci
529 4542 777 4611 cpistola)
822 4542 927 4594 vita
965 4539 1146 4611 functo
1176 4555 1318 4593 anno
1354 4539 1525 4611 1070.
1559 4557 1578 4590 ι
1622 4542 1690 4604 Is,
1729 4551 1787 4594 ut

205 4613 337 4666 alibi
396 4609 723 4677 monuimus,
760 4609 877 4664 'l'uit
907 4625 1074 4680 nepos
1119 4609 1410 4674 llathbodi,
1463 4625 1584 4672 ceu,
1620 4620 1676 4664 ut
1707 4611 1783 4666 lc-

246 4691 343 4735 unt
390 4680 716 4737 \‘ietoriauae
755 4679 1000 4751 Sagiens’.
1045 4681 1344 4752 episcopor.
1377 4679 1618 4752 Tabulae,
1662 4697 1781 4752 ms.

233 4753 512 4806 lathhandi
535 4753 769 4822 episcopi
799 4767 988 4822 nepos,
1013 4751 1089 4806 et
1117 4752 1415 4822 monachus
1443 4751 1498 4803 S.
1516 4751 1785 4822 Stephani

205 4819 587 4886 Gadouiensis,
630 4819 954 4891 tandemque
997 4822 1164 4876 abbas
1214 4833 1335 4890 post
1389 4819 1782 4887 Laufraucutn;

204 4892 286 4946 illi
321 4901 502 4947 autem
551 4901 860 4962 nuncnpato
913 4892 1328 4962 Bothomagensi
1376 4892 1787 4962 archiepiscopo

204 4962 573 5017 Cadonienses
637 4961 990 5033 surrogarunt
1053 4961 1402 5033 Gillebertum
1473 4961 1785 5016 Constanti-

206 5035 450 5087 nicnsem
487 5052 504 5084 ι
535 5042 592 5086 ut
619 5032 818 5088 notavit
843 5033 1157 5087 Guillchnus
1210 5032 1656 5087 Ge.nmcticensis
1690 5033 1782 5087 lib.

180 5108 306 5156 'vn.
335 5101 536 5157 llistor.
571 5103 772 5158 Ducum
799 5103 1315 5166 Northtuamnorum,
1353 5118 1472 5173 cap.
1497 5103 1590 5162 ‘26.
1644 5118 1787 5155 anno

205 5173 369 5246 1081,
397 5175 583 5228 habuit
614 5175 876 5246 synodum
897 5174 1414 5246 apinquissebonam
1472 5173 1653 5246 multis
1699 5189 1788 5226 as-

206 5245 450 5298 tantibus
488 5242 777 5314 episcopis,
833 5253 886 5298 et
933 5242 1206 5314 Willchno
1265 5242 1786 5314 NothoAnglorum

208 5328 359 5383 rege,
398 5313 532 5368 teste
559 5315 810 5370 Matthan
842 5315 990 5369 Paris
1021 5315 1074 5368 in
1105 5313 1339 5368 Historia
1374 5313 1608 5382 majore;
1641 5314 1788 5368 solus

206 5386 302 5439 ille
329 5385 783 5455 archiepiscopus,
808 5386 961 5455 quasi
976 5385 1126 5438 nihili
1144 5385 1348 5438 faceret
1371 5387 1569 5454 ubique
1595 5393 1788 5438 tonan-

208 5456 285 5508 tia
344 5457 739 5522 pontiliciorum
793 5456 1198 5511 anathematum
1247 5455 1488 5514 fulmina.
1552 5455 1786 5508 incestas

209 5524 374 5596 gﬂicit
402 5527 612 5596 tmptias
653 5525 894 5596 Philippo
923 5528 1252 5582 Francorum
1277 5527 1406 5596 regi,
1437 5538 1489 5579 et
1521 5525 1788 5596 Bertradae

208 5595 466 5666 Fulconis
495 5595 717 5651 llechiui
740 5594 1032 5666 Αιηᾉοιηιιιι
1059 5598 1271 5652 comitis
1299 5594 1475 5661 niori,
1503 5594 1787 5666 sicut_uni-

212 5665 355 5720 versi
386 5664 716 5723 Francorum
735 5664 957 5724 annales
989 5671 1217 5724 recitant
1271 5667 1416 5723 Ilauc
1446 5677 1625 5721 tamen
1653 5664 1782 5720 Ber-

1889 4396 2606 4472 etperpcrama7Wi|lehno
2655 4401 2982 4470 conjunctis,
3038 4396 3284 4450 Urbanus
3337 4413 3472 4472 papa

1893 4467 2042 4527 tanto
2065 4467 2286 4526 'Domini
2317 4471 2497 4524 furore
2524 4472 2574 4524 in
2609 4487 2732 4525 eum
2758 4467 2845 4523 est
2884 4482 3152 4524 accensus
3201 4477 3255 4519 ut
3289 4467 3472 4520 umltis

1889 4545 2047 4597 annis
2087 4541 2433 4597 interdictum
2492 4541 2579 4594 vix
2631 4540 2918 4594 Auselmns
2968 4537 3206 4604 alioquin
3259 4537 3474 4592 Urbano

1887 4615 2271 4675 amicissimus,
2306 4613 2542 4682 potuerit
2571 4605 2952 4682 reconciliare;
2991 4608 3134 4682 quod
3162 4617 3312 4660 notat
3338 4607 3469 4682 Wd—

1889 4684 2081 4739 lelmus
2128 4680 2620 4746 Malmesberieusis
2655 4681 2746 4734 lih.
2776 4696 2807 4732 v
2844 4682 2916 4734 De
2945 4680 3112 4748 gestis
3141 4693 3324 4744 regum
3357 4680 3465 4729 Au-

1887 4756 2121 4825 glormn.
2167 4753 2280 4825 lino
2321 4768 2424 4805 non
2460 4750 2846 4825 reconciliavit.
2883 4747 3034 4825 Nam
3068 4747 3324 4825 Rascliali
3357 4749 3470 4825 cpi;

1887 4817 2011 4879 stol.
2042 4825 2162 4886 MO,
2218 4823 2310 4876 lib.
2351 4837 2406 4874 Ill
2457 4821 2808 4889 epistolarqu
2868 4819 3035 4874 nostri
3075 4817 3327 4889 Anselttti
3369 4818 3468 4869 sub

1891 4896 2074 4960 linem,
2129 4895 2243 4948 ait:
2279 4911 2298 4944 ι
2362 4892 2814 4961 Rolhomageusis
2848 4888 3086 4960 episcopi
3135 4901 3355 4961 causam
3417 4896 3469 4939 ct

1887 4958 2235 5020 interdictum
2255 4962 2464 5030 jnstitia
2491 4958 2726 5016 dictante
2753 4958 3025 5030 prolatum
3059 4968 3173 5030 tuae
3207 4958 3473 5030 delibera-

1889 5037 2018 5090 tioni
2046 5027 2469 5089 commissimus.
2489 5033 2636 5097 Quod
2661 5027 2806 5086 enim
2831 5029 3139 5086 indulseris.
3164 5027 3469 5096 indulgeo.-

1887 5119 1996 5162 etc.
2027 5106 2196 5162 Porro
2239 5107 2382 5159 hunc
2433 5119 2554 5159 esse
2597 5102 2756 5157 eleCti
2791 5099 3044 5154 Willelmi
3073 5113 3274 5150 annum
3307 5113 3472 5164 supe-

1888 5179 2000 5233 rius
2034 5176 2384 5244 recensitum,
2423 5174 2712 5229 etAntonii
2763 5168 3134 5244 Democharis,
3179 5177 3237 5222 ut
3268 5177 3470 5222 nostrae

1889 5249 2084 5304 tabulae
2100 5264 2203 5302 ms.
2234 5241 2750 5313 llotliomageusium
2783 5241 3310 5313 archiepiscoporum
3339 5253 3471 5313 con-

1891 5321 2128 5383 lirmaut,
2162 5317 2426 5372 exstatad
2457 5309 2707 5371 eumdem
2765 5314 2832 5368 80
2895 5309 3069 5383 lv0ui_s
3117 5309 3472 5383 Qarnoteusis

1888 5379 2135 5459 epistola.
2162 5389 2307 5442 Ubiit
2330 5402 2471 5441 anno
2494 5384 2653 5451 1110,
2682 5397 2994 5459 successore
3016 5379 3274 5436 Gaulrido
3299 5381 3473 5459 (geno-

1892 5451 2133 5513 nianensi
2157 5460 2383 5524 decano,
2411 5473 2475 5513 ex
2501 5455 2814 5512 earumdem
2842 5451 3468 5524 tabularumnotatione,

1889 5538 1952 5656 fit.
1991 5529 2268 5656 lGuillelmi
2311 5521 2784 5592 Geuimcticcnsis,
2837 5540 2958 5596 cap.
3011 5521 3098 5589 14,
3139 5522 3232 5577 lib.
3284 5522 3317 5576 8
3361 5535 3473 5577 suae

1943 5620 1984 5656 :s
2013 5617 2162 5656 ortae.

1943 5601 2162 5658 Estoriae.
