3898 6052
465 295 598 353 1187

991 294 1047 351 S.
1090 288 1387 349 ANSELMI
1425 284 1774 347 CANTUAIL
1816 258 2132 337 ARClllEP.
2167 274 2316 334 OPP.
2348 274 2532 333 PARS
2557 273 2643 331 lll.
2667 303 2737 315 -—
2767 268 3150 329 EPISTOLAS.

3586 265 3729 322 1188

458 405 751 475 sustinere,
790 417 994 464 tantam
1032 404 1294 462 malitiam
1335 403 1654 467 irruentem,
1698 404 1876 452 tantas
1915 391 2046 450 insi-
2073 394 2117 451 A
2150 396 2284 443 trem
2311 394 2367 443 et
2394 385 2656 458 Spiritum
2683 393 2929 441 sanetum
2962 394 3085 438 cum
3130 379 3270 435 Filio
3467 377 3735 475 incarna-

462 501 583 556 dias
633 500 1046 555 circumstantes
1088 509 1301 552 cavere.
1352 492 1508 549 Unde
1548 489 1706 547 valde
1758 488 1922 543 timeo
1973 500 2041 544 ne

462 588 837 647 abundantiori
867 586 1086 642 tristitia
1110 584 1487 649 absorbeatur,
1513 582 1567 637 in
1590 596 1695 651 qua
1726 594 1849 635 cum
1874 577 2040 633 nimio

461 678 646 735 dolore
664 690 760 734 cor
779 677 895 750 eius
922 686 1189 740 versatur,
1222 684 1278 731 et
1303 676 1355 729 in
1379 688 1484 744 qua
1513 671 1660 727 nullo
1692 670 1796 726 alio
1824 667 2041 724 vinculo

461 786 622 842 quam
666 769 776 825 sola
816 778 991 826 vestra
1032 768 1277 838 jussione
1320 767 1537 838 ligatur.
1568 763 1910 835 Quapropter
1942 774 2042 832 ego

461 869 516 917 et
549 859 638 915 alii
676 860 968 916 secundum
1011 860 1177 915 Deum
1219 859 1378 914 amici
1417 856 1533 927 ejus
1576 856 1741 911 corde
1769 869 1891 908 cum
1925 854 2043 923 ipso

458 950 852 1021 prosternimur
883 949 950 1004 ad
979 948 1204 1020 vestigia
1238 958 1433 1003 vestrae
1462 944 1863 1005 misericordia,
1894 951 1953 997 ut
1990 941 2042 997 ei

456 1042 666 1097 viscera
703 1057 798 1097 sua
831 1041 1059 1111 aperiat,
1090 1049 1144 1096 et
1171 1039 1238 1095 de
1270 1047 1418 1095 tanto
1445 1036 1587 1093 malo
1613 1044 1669 1091 et
1695 1033 1958 1106 periculo,
1989 1033 2042 1088 in

457 1132 653 1200 quibus
696 1130 814 1186 sine
844 1130 1078 1185 utilitate
1111 1144 1232 1185 esse
1262 1143 1322 1185 se
1367 1128 1555 1193 sentit,
1602 1126 1898 1182 clementer
1936 1124 2046 1179 eri-

459 1226 588 1291 piat.
615 1221 695 1277 Ne
726 1223 1011 1292 prohibeat
1046 1238 1241 1294 agnum
1276 1222 1460 1276 mitem
1500 1221 1566 1275 de
1601 1221 1780 1275 medio
1814 1220 2047 1274 circum-

458 1312 793 1366 venientium
837 1321 891 1366 et
938 1312 1257 1366 irruentium
1306 1310 1553 1382 luporum
1596 1319 1650 1367 et
1700 1310 1916 1365 leonum
1963 1308 2046 1362 fu-

459 1417 614 1475 gere;
658 1419 759 1460 nec
790 1419 1016 1473 puerum
1049 1405 1390 1459 innocentem
1425 1404 1490 1459 de
1519 1402 1897 1458 Chaldaeorum
1937 1399 2045 1454 for-

460 1516 594 1554 nace
617 1500 787 1555 exire.
824 1499 978 1567 Quod
1014 1499 1248 1571 qualiter
1276 1513 1409 1555 mese
1440 1496 1693 1568 parvitali
1734 1495 1851 1550 fieri
1887 1508 2046 1565 posse

458 1593 845 1663 congruentius
868 1592 1133 1656 videatur,
1166 1607 1265 1662 per
1295 1591 1544 1646 eumdem
1568 1588 1742 1657 ipsum
1772 1586 2046 1643 excellen-

459 1684 532 1737 tia
560 1691 740 1736 vestra
763 1682 961 1751 poterit
982 1682 1196 1745 audire,
1226 1680 1269 1734 si
1296 1680 1571 1750 dignatur.
1595 1678 1670 1732 Eo
1691 1678 1838 1733 enim
1863 1675 2040 1740 modo,

2142 486 2294 546 tum;
2327 478 2448 535 ideo
2476 477 2658 533 tandiu
2688 483 2932 532 moratus
2954 487 3072 530 sum
3096 469 3449 544 respondere,
3472 469 3606 539 quia
3636 481 3737 524 vo-

2142 568 2319 626 lebam
2349 568 2560 641 plenius
2580 569 2647 625 de
2670 570 2773 624 hac
2800 581 2860 623 re
2895 564 3061 637 loqui.
3093 563 3201 619 Sed
3248 562 3399 633 quia,
3426 560 3620 617 multis
3644 573 3736 616 me

2142 662 2584 734 ecettpationibus
2622 657 3061 731 impedientibus,
3092 666 3383 728 postquam
3435 652 3732 724 epistolam

2140 763 2382 810 vestram
2412 753 2618 824 suscepi
2654 752 2749 817 ⁸⁸⁸,
2777 768 2883 808 non
2930 749 3064 805 mihi
3091 749 3279 814 licuit,
3331 747 3550 803 interim
3604 746 3734 803 inde

2147 847 2389 902 breviter
2416 844 2746 916 respondeo;
2780 844 2837 899 in
2891 842 3077 898 futuro
3105 855 3257 907 vero,
3306 839 3353 895 si
3398 839 3543 895 Deus
3596 838 3731 892 dare

2143 934 2603 1006 opportunitatem
2629 932 2961 1004 dignabitur,
2987 930 3319 987 voluntatem
3347 928 3525 984 habeo
3547 926 3733 996 eopio-

2144 1025 2258 1080 sius
2283 1023 2406 1079 inde
2419 1031 2674 1079 tractare.
2703 1020 2855 1089 Quod
2884 1034 3016 1092 ergo
3037 1020 3167 1075 dicit
3187 1026 3301 1074 tres
3324 1032 3593 1089 personas
3618 1026 3729 1071 tres

2144 1131 2234 1172 res
2256 1155 2272 1181 ,
2303 1123 2396 1170 aut
2423 1115 2540 1169 vult
2566 1112 2791 1185 intelligi
2828 1111 3126 1169 secundum
3156 1119 3268 1166 tres
3312 1110 3631 1174 relationes,
3682 1109 3732 1163 id

2146 1219 2229 1265 est
2255 1209 2549 1266 secundum
2570 1207 2714 1278 quod
2744 1207 2883 1261 Deus
2905 1204 3102 1261 dicitur
3123 1203 3306 1268 Pater,
3330 1211 3383 1257 et
3404 1201 3598 1267 Filius,
3621 1209 3679 1254 et
3703 1216 3732 1254 a

2145 1295 2310 1352 Patre
2338 1305 2395 1353 et
2421 1312 2451 1350 a
2477 1296 2614 1351 Filio
2638 1295 2709 1328 ⁸³⁵
2733 1294 3032 1365 procedens
3076 1292 3347 1363 Spiritus;
3385 1301 3480 1345 aut
3538 1306 3735 1346 secun-

2146 1388 2275 1445 dum
2295 1385 2349 1443 id
2389 1388 2530 1458 quod
2558 1387 2628 1420 "'
2655 1387 2795 1443 Deus
2817 1385 3035 1442 dicitur.
3061 1384 3170 1441 Sed
3200 1386 3245 1439 si
3275 1385 3420 1455 ipsas
3456 1393 3567 1439 tres
3590 1384 3737 1438 rela-

2146 1481 2325 1537 tiones
2350 1481 2487 1536 dicit
2515 1491 2627 1535 tres
2649 1492 2738 1535 res
2765 1493 2905 1545 esse,
2930 1476 3203 1548 superﬂue
3222 1475 3326 1531 hoc
3361 1475 3511 1531 dicit.
3537 1473 3734 1531 Nullus

2146 1572 2290 1626 enim
2316 1580 2477 1643 negat
2501 1571 2603 1626 hoc
2652 1570 2811 1624 modo
2853 1577 2965 1624 tres
2989 1582 3251 1638 personas
3286 1581 3406 1623 esse
3457 1574 3575 1622 tres
3622 1582 3732 1622 res.

2148 1661 2242 1717 Sic
2268 1673 2473 1727 tamen,
2502 1670 2560 1716 ut
2586 1660 2872 1731 diligenter
2899 1659 3250 1730 intelligatur,
3279 1657 3556 1728 quomodo
3608 1656 3740 1726 ipsa:

459 1774 563 1828 nisi
606 1773 765 1827 aliter
793 1772 1092 1841 prudentia:
1134 1780 1327 1826 vestrae
1356 1742 1659 1837 vvidebitur,
1704 1770 2042 1839 nequaquam
2077 1742 2118 1802 Β
2149 1753 2438 1809 muliones
2464 1753 2714 1808 dicam"?
2756 1766 2863 1818 res.
2898 1762 2952 1806 Cl
2980 1749 3280 1841 ουὶυεῐηοάί
3328 1763 3451 1814 ι’εεὶ
3480 1758 3540 1802 ει
3569 1748 3616 1802 εί
3644 1748 3744 1801 διί-

461 1866 779 1940 gloriabitur
798 1840 861 1920 se
886 1865 1088 1920 malitia
1114 1880 1210 1935 per
1233 1863 1523 1920 falsitatem
1547 1861 1922 1934 prazvaluisse;
1951 1860 2046 1916 sed

2156 1846 2277 1916 quid
2299 1844 2507 1900 faciunt
2545 1845 2755 1900 etedem
2805 1842 3094 1898 relationes
3147 1840 3292 1896 circa
3345 1841 3743 1904 substantiam,

460 1933 771 2015 innocentia
816 1933 1177 2028 gra’tulahitur
1215 1971 1310 2027 pcr
1341 1933 1646 2012 libertatem
1688 1954 1885 2010 mentis
1923 1967 2048 2009 eva-

2156 1936 2601 2006 quemadmodutn
2627 1935 2794 1989 multa
2824 1933 3148 1998 accidentia,
3202 1947 3271 1987 an
3300 1948 3429 1988 non.
3471 1933 3745 2000 Quamvis

460 2051 618 2106 sisse.
666 2026 847 2104 Mirari
895 2056 1071 2119 potest
1116 2026 1346 2102 forsitan
1387 2055 1568 2102 vestra
1641 2045 1906 2116 sapientia
1950 2058 2049 2100 cur

2156 2029 2399 2084 videatur
2424 2043 2527 2083 non
2551 2026 2855 2099 intelligere
2884 2028 2989 2082 hoc
3016 2026 3178 2103 modo
3203 2036 3311 2098 tres
3341 2041 3453 2092 res,
3483 2042 3633 2097 quas
3661 2029 3746 2083 di-

460 2140 542 2196 sic
568 2138 639 2171 ⁸⁸θ
671 2139 919 2194 mihimet
952 2138 1260 2193 contrarius
1290 2136 1468 2192 videat
1497 2138 1754 2200 existere,
1789 2144 1849 2190 ut
1887 2149 2046 2204 quem

2156 2120 2224 2177 cit
2261 2139 2274 2174 :
2314 2132 2379 2175 ex
2407 2135 2474 2176 eo
2502 2120 2628 2192 quia
2653 2120 2930 2192 subiungit
2960 2119 3122 2174 trium
3161 2134 3518 2188 personarum
3570 2134 3743 2174 unam

463 2232 776 2302 episcopum
822 2230 935 2286 fieri
967 2230 1143 2302 coegi,
1171 2231 1539 2304 episcOpatum
1566 2230 1727 2284 velim
1770 2227 2044 2285 deserere.

461 2320 572 2376 Sed
608 2320 783 2375 fateor
818 2319 913 2385 illi,
957 2320 1045 2375 cui
1090 2320 1477 2374 conscientiam
1511 2331 1685 2372 meam
1724 2317 1903 2373 celare
1940 2332 2046 2373 non

464 2410 656 2475 debeo,
679 2410 803 2479 quia
827 2408 967 2463 mala
990 2423 1108 2479 quae
1131 2408 1354 2479 patitur,
1378 2408 1527 2478 prius
1551 2407 1692 2462 sensi
1719 2415 1775 2462 et
1795 2407 2046 2477 praedixi,

461 2514 585 2555 cum
614 2500 681 2553 ad
724 2498 1090 2569 episcopatum
1123 2505 1428 2567 peteretur;
1462 2497 1558 2552 sed
1596 2496 1668 2551 illi
1701 2497 1755 2551 in
1797 2511 1884 2552 me
1924 2512 2049 2552 sen-

464 2589 685 2644 tentiam
730 2603 906 2643 meam
940 2589 1269 2655 obruerunt,
1315 2586 1407 2656 qui
1456 2585 1602 2641 illum
1653 2586 1883 2655 petendo
1924 2601 2047 2641 cum

463 2695 655 2752 magna
696 2681 1103 2751 importunitate
1144 2679 1487 2735 concorditer
1525 2678 1579 2733 in
1624 2692 1711 2733 me
1752 2679 2047 2733 irruerunt.

463 2772 745 2827 Timeham
781 2773 925 2827 enim
957 2772 1008 2827 in
1046 2774 1208 2828 corde
1244 2784 1364 2826 meo
1392 2785 1640 2827 asserere
1676 2769 1843 2826 Deum
1879 2770 2051 2842 magis

463 2875 585 2916 esse
616 2861 669 2914 in
696 2875 819 2915 meo
841 2860 956 2916 solo
982 2875 1142 2916 sensu
1169 2870 1224 2915 et
1250 2860 1551 2924 voluntate,
1578 2874 1742 2929 quam
1770 2860 1822 2914 in
1856 2859 2052 2915 multo-

465 2966 618 3017 rum,
652 2965 711 3006 se
758 2950 1078 3021 simpliciter
1117 2966 1240 3006 eum
1286 2961 1508 3022 pr0ptcr
1533 2951 1699 3005 Deum
1728 2962 1912 3020 petere
1939 2949 2053 3005 cla-

462 3042 753 3109 mantium,
777 3042 1154 3099 unanimitate.
1176 3041 1462 3114 Ingerebat
1485 3057 1545 3099 se
1566 3043 1728 3098 etiam
1753 3042 1858 3099 hoc
1884 3043 2051 3099 menti

467 3145 637 3198 mete,
688 3132 816 3202 quia
860 3147 1003 3204 saepe
1052 3132 1193 3189 Deus
1237 3133 1410 3204 magis
1444 3141 1701 3205 operatur
1744 3146 1841 3204 per
1884 3136 2054 3189 vitam

466 3222 873 3278 illitteratorum
912 3224 1267 3294 quatrentium
1313 3239 1432 3296 qum
1453 3224 1547 3281 Dei
1591 3236 1737 3291 sunt,
1768 3240 1930 3295 quam
1960 3239 2060 3296 per

467 3313 725 3369 astutiam
751 3313 1115 3372 litteratorum
1139 3317 1495 3387 quaerentium
1531 3332 1651 3388 qua:
1682 3333 1780 3373 sua
1812 3325 1938 3373 sunt
1962 3316 2057 3370 ⁵⁸⁸.

464 3405 607 3461 Ecce
643 3404 698 3461 in
743 3415 1036 3478 conspectu
1079 3417 1263 3463 vestro
1303 3415 1408 3475 est,
1440 3423 1538 3463 cur
1578 3422 1701 3463 eum
1745 3408 2059 3479 episcopum

467 3494 587 3552 fieri
616 3499 880 3566 concessi,
911 3507 967 3554 et
995 3513 1096 3554 cur
1139 3514 1282 3554 nunc
1310 3507 1526 3555 mutare
1561 3498 1864 3557 desiderem
1906 3498 2060 3568 quod

463 3597 690 3668 coactus
730 3589 975 3644 concessi
1006 3606 1021 3643 :
1053 3599 1108 3644 et
1134 3589 1340 3657 judicio
1366 3599 1549 3645 vestro
1583 3590 1847 3660 subjacet,
1880 3590 1926 3646 si
1956 3605 2060 3658 pu-

467 3677 759 3744 niendum,
802 3690 896 3733 aut
937 3678 1351 3748 corrigendum,
1402 3688 1497 3734 aut
1543 3681 1946 3751 suscipiendum
1989 3681 2063 3739 sit

468 3767 612 3837 quod
648 3766 789 3825 facio
816 3779 869 3824 et
893 3770 1037 3840 quod
1065 3768 1187 3825 feci.
1218 3768 1507 3825 l’aternam
1535 3781 1777 3828 vestram
1803 3774 2063 3830 sanctita-

468 3871 580 3916 tem
605 3863 948 3934 omnipotens
985 3864 1126 3919 Dens
1155 3863 1246 3919 ditt
1285 3864 1440 3920 nobis
1466 3865 1520 3920 in
1554 3865 1761 3936 integra
1788 3867 2062 3938 prosperi-

471 3963 586 4008 tate
617 3964 931 4022 conservet,
971 3956 1167 4010 Amen.
1208 3955 1320 4011 Soli
1350 3965 1534 4012 vestro
1575 3962 1886 4028 chSpectni
1916 3958 2061 4016 hanc

468 4044 756 4114 epistolam
793 4055 976 4102 notam
1007 4062 1150 4112 esse,
1185 4047 1231 4102 si
1273 4047 1427 4103 vobis
1463 4046 1667 4119 placet,
1703 4048 1966 4121 quidquid
1995 4051 2063 4107 de

471 4138 561 4194 illa
595 4137 745 4194 vobis
773 4139 1043 4205 videatur,
1071 4139 1322 4196 desidero
1344 4148 1400 4195 et
1422 4138 1625 4211 flagito.

824 4267 985 4339 355
1015 4266 1347 4323 EPISTOLA
1371 4267 1567 4324 xxxv
1612 4268 1705 4324 ιιι.

1097 4397 1167 4436 ΔΙ)
1190 4397 1452 4438 ιοΑΝκεδι.

464 4487 617 4561 (30),
651 4486 726 4542 De
751 4488 889 4559 frtlsa
934 4491 1172 4565 etimgia
1210 4493 1496 4565 assertione
1526 4492 1799 4564 cujusdam
1832 4494 1923 4565 qui
1949 4503 2053 4551 (res

710 4576 959 4629 personas
990 4563 1047 4615 in
1077 4562 1185 4617 Deo
1216 4562 1421 4617 dicebat
1452 4580 1564 4619 esse
1585 4562 1688 4620 tres
1718 4582 1820 4620 res.

541 4670 792 4739 Domino,
813 4682 869 4730 et
895 4671 1050 4730 fratri
1078 4675 1275 4731 dilecto
1325 4674 1540 4753 Joanrtt,
1626 4676 1798 4735 frater
1847 4679 2056 4736 Anser.-

471 4776 576 4821 Ius
619 4777 835 4836 semper
859 4765 927 4820 ad
952 4766 1174 4821 meliora
1203 4767 1489 4838 proﬁcere.

545 4855 627 4912 Ad
651 4856 878 4922 litteras,
901 4872 1036 4927 quas
1062 4859 1195 4914 mihi
1220 4860 1438 4917 dilectio
1464 4872 1642 4918 vestra
1671 4863 1837 4927 misit,
1873 4866 1938 4919 de
1965 4863 2056 4919 illo

471 4942 565 5013 qui
588 4942 719 4999 dicit
741 4943 797 4999 in
819 4944 931 5001 Deo
963 4951 1077 5001 tres
1098 4960 1361 5017 personas
1388 4962 1509 5004 esse
1536 4956 1647 5004 tres
1681 4963 1798 5013 res;
1836 4958 1928 5003 aut
1957 4948 2064 5004 Pa-

2149 2225 2270 2267 esse
2296 2209 2648 2277 voluntatem,
2673 2220 2766 2264 aut
2791 2216 3133 2279 potestatem.
3158 2206 3293 2262 Nam
3328 2215 3440 2263 tres
3468 2207 3601 2279 ipsa:
3629 2224 3747 2279 per-

2152 2318 2300 2358 sona)
2325 2317 2431 2357 non
2461 2302 2664 2357 habent
2689 2301 3047 2367 voluntatem,
3077 2308 3167 2354 aut
3194 2308 3520 2371 potestatem
3541 2315 3747 2357 secun-

2154 2395 2281 2451 dum
2299 2394 2609 2460 relationes,
2633 2392 2728 2449 sed
2760 2393 3055 2448 secundum
3094 2392 3197 2447 hoc
3221 2391 3364 2461 quod
3398 2407 3745 2463 unaquaeque

2159 2499 2386 2556 persona
2413 2483 2554 2539 Deus
2579 2492 2662 2539 est
2688 2482 2780 2535 ⁸⁸⁸.
2805 2480 2957 2549 Quod
2977 2481 3021 2536 si
3050 2480 3183 2536 dicit
3212 2490 3322 2535 tres
3335 2495 3605 2553 personas
3629 2497 3745 2537 esse

2152 2583 2264 2630 tres
2293 2590 2402 2638 res,
2463 2572 2760 2631 secundum
2790 2572 2933 2644 quod
2992 2587 3330 2644 nnaqmrque
3376 2588 3611 2643 persona
3658 2583 3745 2628 est

2150 2664 2326 2731 Deus;
2356 2670 2450 2720 aut
2472 2674 2582 2721 tres
2609 2665 2740 2720 deos
2766 2664 2881 2717 vult
2904 2664 3264 2729 constituere;
3290 2671 3388 2717 aut
3408 2677 3509 2717 non
3536 2661 3747 2716 intelli-

2150 2758 2226 2828 git
2248 2759 2391 2829 quod
2413 2758 2558 2814 dicit.
2582 2757 2665 2812 Ad
2693 2755 3084 2813 ostendendum
3111 2755 3244 2827 quid
3265 2755 3494 2811 sentiam
3518 2754 3591 2810 de
3622 2769 3745 2810 sen-

2155 2850 2323 2905 tentia
2341 2848 2590 2921 praefata,
2604 2849 2707 2904 ista
2724 2847 2940 2903 interim
2956 2847 3230 2902 dilectioni
3248 2844 3745 2903 vestrmSnlﬁciant.
3844 2868 3845 2883 ς

2152 2939 2309 3007 Quod
2356 2949 2538 2995 autem
2583 2939 2767 3011 petitis
2812 2951 3020 2994 mecum
3058 2936 3397 3002 conservari,
3440 2947 3747 3008 antequam

2155 3034 2386 3090 Romam
2410 3031 2858 3103 proficiscamini,
2879 3030 3074 3086 scitote
3101 3029 3228 3101 qtlia
3264 3038 3524 3100 quantum
3554 3030 3639 3083 ad
3666 3029 3747 3083 ἀί-

2158 3122 2443 3179 lectionem
2467 3121 2773 3178 honestatis
2787 3129 2982 3177 vestra:
2999 3120 3247 3191 pertitiet,
3273 3119 3507 3174 libenter
3520 3121 3754 3177 vellem.

2160 3216 2267 3274 Sed
2299 3217 2612 3285 inquantum
2640 3214 2905 3285 intelligo,
2940 3223 2996 3269 et
3022 3213 3169 3269 vobis
3195 3226 3384 3282 parum
3412 3220 3569 3267 esset
3625 3213 3755 3268 utile

2157 3317 2382 3381 propter
2404 3306 2607 3362 multas
2628 3306 3016 3376 occupationes
3069 3318 3240 3368 meas,
3292 3311 3349 3359 et
3383 3303 3753 3374 impedimen-

2161 3408 2274 3454 tum
2301 3405 2449 3454 esset
2501 3398 2677 3453 vobis.
2736 3396 2974 3454 Omnino
3022 3409 3257 3467 nantqne
3307 3396 3552 3466 persensi
3597 3398 3752 3467 quia,

2158 3490 2265 3546 nisi
2295 3503 2417 3545 cum
2452 3490 2705 3561 episcopo
2734 3489 3230 3561 manseritisusque
3267 3491 3395 3547 dum
3424 3487 3756 3560 proﬁcisca-

2160 3579 2317 3646 mini,
2348 3587 2442 3634 aut
2475 3580 2610 3636 nihil
2637 3589 2731 3634 aut
2761 3595 2952 3651 parum
2983 3595 3078 3635 vos
3124 3581 3238 3652 ipse
3253 3580 3467 3652 juvabit
3511 3580 3583 3633 ad
3649 3578 3751 3633 hoc

2156 3671 2302 3743 quod
2326 3669 2507 3727 facere
2530 3671 2767 3736 debetis;
2792 3686 2892 3728 nec
2916 3686 3017 3743 ego
3048 3671 3274 3742 aliquid,
3303 3671 3446 3742 quod
3470 3670 3665 3725 valeat
3687 3670 3752 3724 ad

2164 3762 2272 3819 iter
2291 3761 2582 3835 agendum,
2611 3762 2762 3818 vobis
2799 3760 2979 3819 facere
3004 3777 3245 3833 possunt.

2649 3873 2985 3932 EPISTOLA
3017 3873 3260 3930 XXXVI.

2706 3982 2776 4021 AD
2808 3979 3199 4023 θιειεηειιτυυ.

2163 4059 2373 4114 Laudat
2400 4060 2518 4113 vita:
2549 4056 2614 4111 ab
2655 4057 2842 4110 abbate
2867 4056 3122 4111 instituta:
3150 4055 3431 4109 rationem.
3469 4051 3746 4118 Fratrem.

2342 4146 2496 4200 quem
2520 4130 2573 4182 in
2605 4125 2895 4182 claustrum
2921 4125 3224 4190 reduxerat,
3256 4126 3305 4179 ei
3328 4124 3565 4178 dimittit.

2232 4220 2444 4283 Amico,
2476 4220 2654 4283 fratri,
2687 4218 2932 4286 domino,
2964 4217 3139 4285 Patri,
3169 4216 3369 4273 dilecto
3393 4217 3654 4273 dilectori
3678 4232 3756 4273 re.

2164 4309 2403 4365 verendo
2429 4309 2611 4366 abbati
2635 4309 2979 4366 GISLEBERTO
2999 4308 3166 4364 frater
3211 4308 3521 4373 Anseuus,
3568 4320 3757 4375 perso-

2093 4427 2138 4482 D
2165 4411 2443 4459 verantem
2468 4401 2693 4472 inlonga
2712 4401 2821 4455 vita
2842 4416 2966 4455 cum
2992 4400 3353 4472 prosperitate
3381 4401 3756 4464 sanctitatem,
3843 4412 3845 4482 χ

2162 4506 2219 4553 et
2248 4494 2638 4552 indellcientem
2672 4494 2725 4548 in
2753 4495 3053 4549 aeternitate
3092 4492 3424 4548 felicitatem.

2235 4583 2295 4642 Si
2328 4585 2491 4642 velim
2537 4582 2775 4639 scribere
2801 4592 3003 4638 mutua:
3044 4590 3249 4638 nostra:
3271 4578 3585 4639 dilectionis
3630 4577 3762 4635 afe-

2169 4685 2338 4742 ctum,
2364 4675 2530 4731 timeo
2560 4688 2629 4729 ne
2656 4684 2750 4728 aut
2775 4673 2965 4729 videar
2997 4673 3066 4728 ab
3116 4672 3494 4745 ignorantibus
3549 4672 3759 4726 verita-

2165 4776 2273 4822 tem
2299 4765 2584 4831 excedere,
2615 4772 2709 4818 aut
2736 4778 2957 4820 necesse
2976 4763 3049 4819 sit
3067 4762 3269 4833 aliquid
3289 4762 3510 4818 veritati
3532 4760 3763 4816 subtra—

2164 4857 2314 4912 here.
2348 4855 2452 4924 Qui
2481 4854 2708 4911 affectus
2733 4867 2969 4925 quantus
3000 4863 3057 4912 et
3098 4871 3261 4927 quam
3308 4872 3467 4913 verus
3506 4859 3605 4924 sit,
3638 4870 3765 4912 cum

2165 4947 2395 5003 multum
2419 4962 2825 5021 cognoscerem,
2853 4946 3071 5017 quando
3092 4962 3214 5003 sese
3237 4946 3399 5005 oculo
3419 4948 3489 5004 ad
3505 4946 3764 5011 callum,

1762 5086 1996 5144 VARUE
2031 5086 2438 5145 LECTIONES.

545 5221 615 5257 “°
641 5220 774 5279 Cum
804 5222 884 5280 sic
919 5241 1019 5280 tm.
1042 5239 1140 5280 cur
1165 5225 1245 5282 sic
1316 5225 1384 5257 ⁸⁸⁸
1415 5224 1520 5280 Per
1549 5225 1714 5280 vitam
1755 5225 2117 5294 quaerentium
2147 5240 2268 5295 qua:
2309 5224 2401 5279 Dei
2432 5231 2580 5290 sunt,
2610 5239 2773 5294 quam
2813 5238 2912 5294 per
2956 5222 3223 5295 astutiam,
3245 5220 3606 5292 quaerentium
3639 5237 3767 5293 qua
3844 5208 3845 5215 “

471 5309 572 5351 sua
600 5304 737 5374 sunt
780 5312 880 5350 ms.
925 5310 1024 5365 per
1057 5298 1222 5351 vitam
1262 5295 1647 5374 lilliteratorum
1687 5293 2046 5374 quaerentium
2094 5293 2220 5374 qua;
2251 5296 2523 5374 Deisunt,
2548 5293 2712 5365 quam
2761 5310 2856 5374 per
2892 5294 3156 5374 astutiam
3193 5293 3560 5348 litteratorum
3606 5309 3767 5374 quae:

474 5366 706 5420 rentiutn
744 5381 862 5435 quae
903 5381 1002 5421 sua
1028 5374 1154 5422 sunt
1260 5365 1329 5398 ⁸⁸²
1361 5365 1568 5420 Gallam
1597 5383 1714 5421 cum
1736 5366 1916 5420 eodem
1938 5382 2046 5420 ms.

2151 5365 2221 5398 ’⁸⁸³
2248 5365 2541 5434 Epistolam
2569 5363 2781 5435 Suscepi
2826 5380 2927 5419 ms.
2960 5363 3246 5434 epistolam
3271 5364 3765 5435 vestramﬁusoepi

472 5434 545 5468 ⁸⁸⁸
583 5437 648 5490 Et
677 5433 785 5491 tilio
818 5453 914 5491 ms.
946 5446 1001 5492 et
1027 5453 1056 5492 a
1087 5437 1197 5493 lilio
1269 5437 1339 5469 ⁸⁸⁸
1358 5435 1672 5493 Secundum
1697 5437 1751 5492 id
1771 5436 1917 5508 quod
1939 5453 2040 5492 me.
2070 5433 2364 5493 secundum
2388 5436 2534 5506 quod
2606 5434 2676 5468 ⁸⁸⁵
2698 5433 2936 5493 Persona
2965 5433 3226 5509 Densius.
3249 5447 3483 5506 persona
3508 5433 3769 5491 Βαιεώ

1654 5571 1933 5631 JOANNIS
1968 5569 2243 5631 PICARDI
2274 5569 2503 5627 NOTIE.

551 5683 662 5743 (50)
695 5684 756 5738 ν.
794 5686 969 5753 Epist.
1002 5687 1064 5744 41
1096 5695 1153 5743 et
1178 5684 1446 5761 5ljnl'ra.
