3898 6052
195 296 334 351 1139

1433 281 1560 337 LIB.
1603 281 1664 346 ll,
1699 275 1914 334 EPIST.
1959 273 2183 330 XXXIX

3315 273 3450 331 “90

195 409 380 461 osculo
401 404 466 457 ad
491 403 758 465 osenlum,
802 399 1052 470 amplexu
1083 397 1150 454 ad
1180 398 1485 468 amplexum
1518 399 1770 452 ostende-

1884 403 1954 446 Ler
1979 391 2261 444 Assaeuus
2290 387 2466 442 dictus
2495 385 2664 441 abbas
2689 383 2866 448 Becci,
2893 383 3052 457 hujus
3081 386 3204 464 vitte
3223 401 3455 460 prospe.

195 503 279 550 ret
313 507 494 548 :nnnc
524 491 692 546 multo
715 491 886 562 magis
904 489 1174 560 experior,
1222 505 1344 544 cum
1378 489 1570 544 abesse
1621 487 1774 542 illum

193 585 707 656 irrecuperabiiiter,
746 585 814 638 in'
842 599 948 653 quo
973 591 1120 637 tanta
1161 581 1501 650 jucunditate
1542 581 1778 636 delecta-

193 679 314 743 bar,
349 678 584 732 intueor.
615 677 770 731 Sicut
813 675 958 730 enim
992 673 1282 728 abundans
1331 672 1504 726 nescit
1553 671 1678 740 quid
1706 671 1774 726 sit

189 767 488 838 indigenti,
515 775 571 821 ut
601 766 690 836 qui
714 765 918 820 deliciis
943 763 1136 830 aﬂluit,
1165 763 1376 834 ignorat
1400 763 1527 832 quid
1551 763 1621 816 sit
1645 777 1776 815 esu-

194 857 387 920 rieuti;
413 857 486 908 ita
513 855 600 924 qui
634 853 810 908 amico
843 853 1059 918 fruitur,
1092 867 1198 906 non
1243 851 1407 906 sentit
1463 851 1776 921 languorem

194 951 390 1004 animze
419 947 676 1004 carentis.
709 947 976 1014 Quoniam
1004 959 1134 1016 ergo
1182 959 1280 1000 nec
1313 943 1477 998 scribi
1507 941 1775 997 sullicien-

193 1049 278 1096 ter
293 1049 470 1110 potest
495 1040 624 1110 quid
649 1025 805 1094 nobis
839 1037 1068 1092 invicem
1092 1035 1184 1101 sit,
1241 1049 1344 1088 nec
1381 1034 1650 1104 ignoranti
1699 1033 1776 1088 lo-

189 1147 368 1200 quor:
395 1131 478 1188 his
503 1129 715 1184 interim
739 1127 977 1194 omissis,
1000 1141 1095 1182 oro
1117 1125 1393 1180 vobiscum
1413 1133 1470 1180 ut
1492 1124 1778 1194 aliquando

189 1239 297 1278 nos
319 1223 549 1278 invicem
609 1221 854 1276 videntes
891 1219 1048 1275 oculo
1077 1219 1144 1272 ad
1191 1217 1427 1282 oculum,
1465 1217 1652 1272 osculo
1707 1218 1776 1272 ad

189 1313 458 1378 oscinum,
489 1311 736 1380 amplexu
767 1309 836 1365 ad
873 1309 1180 1378 amplexum
1213 1323 1318 1362 non
1373 1307 1600 1362 oblitum
1627 1323 1778 1364 amo—

189 1419 306 1462 rem
341 1403 660 1459 recolamus.
691 1401 766 1456 De
789 1401 874 1456 his
895 1411 1076 1455 autem
1131 1415 1251 1470 qua:
1273 1399 1338 1454 de
1365 1399 1489 1454 vita:
1509 1415 1620 1454 suae
1649 1415 1780 1453 con-

189 1495 502 1552 versatione
520 1493 758 1548 charitas
785 1501 962 1548 vestra
989 1493 1120 1546 mihi
1145 1491 1360 1564 dignata
1383 1500 1465 1548 est
1486 1505 1776 1561 exponere,

189 1589 400 1661 gratias
428 1603 530 1656 ago
557 1585 667 1641 Deo
696 1587 822 1656 quia
853 1586 986 1641 nihil
1012 1587 1083 1641 ibi
1113 1587 1296 1642 videre
1335 1601 1582 1656 possum,
1633 1587 1774 1656 quod

191 1697 302 1736 non
327 1681 400 1735 sit
427 1679 714 1733 laudabile.
749 1679 824 1734 De
847 1677 1014 1732 fratre
1041 1677 1150 1743 illo,
1177 1695 1338 1749 quem
1387 1679 1440 1732 in
1482 1679 1776 1732 claustrum

1879 483 2096 537 ritatem
2133 490 2185 536 et
2215 479 2412 533 futurae
2437 477 2770 532 felicitatem.

1951 572 2304 642 Respondeas
2330 578 2528 626 vestra:
2551 567 2870 624 reverentiae
2917 569 2984 624 de
3033 581 3116 633 re,
3174 570 3315 626 unde
3364 585 3464 642 per

1881 663 2046 718 tilium
2093 677 2250 716 suum
2281 660 2588 718 Villelmum
2629 674 2802 714 meam
2829 658 3152 729 parvitatem
3209 659 3465 729 dignatur

1877 753 2178 814 consulere,
2195 751 2390 808 vellem
2405 751 2650 820 exempla
2673 759 2726 804 et
2739 750 3095 806 auctoritates
3119 764 3422 822 praponere
3446 773 3461 811 :

1878 845 1972 899 sed
1993 844 2110 914 ejus
2129 843 2498 909 festinatione,
2521 852 2577 896 et
2599 857 2718 898 mea
2741 841 3116 910 occupatione,
3139 841 3278 898 sicut
3297 843 3465 918 356

1879 935 1994 1005 ipse
2025 935 2178 990 testis
2199 946 2306 1001 est,
2337 934 2686 1005 impediente,
2717 932 2805 986 vix
2841 932 2972 986 mihi
2997 931 3124 986 licet
3170 934 3248 988 rei
3293 935 3466 1005 ipsius

1876 1027 2164 1082 veritatem
2219 1025 2538 1096 simpliciter
2585 1035 2878 1094 exponere.
2929 1019 3136 1078 Nullius
3187 1022 3456 1081 Catholici

1879 1112 2092 1185 ignorat
2121 1114 2406 1184 prudentia
2451 1112 2576 1184 quia
2606 1113 2746 1168 sicut
2773 1109 2860 1165 ille
2881 1109 2974 1179 qui
3003 1109 3202 1166 bonum
3225 1126 3360 1182 opus
3381 1112 3470 1170 fa-

1879 1215 2004 1256 cere
2030 1201 2213 1256 volens
2235 1201 2570 1271 prohibetur,
2605 1212 2661 1258 et
2699 1209 2887 1272 postea
2924 1199 3128 1266 gaudet
3170 1215 3229 1256 se
3282 1201 3466 1260 facere

1879 1306 1984 1344 non
2013 1294 2250 1362 potuisse
2281 1293 2422 1362 quod
2447 1294 2586 1348 bene
2635 1295 2838 1362 voluit,
2874 1313 2982 1352 non
3031 1309 3116 1354 est
3165 1297 3466 1354 laudandus

1879 1399 1984 1438 non
2021 1382 2212 1439 fecisse
2243 1385 2444 1438 bonum
2483 1386 2628 1454 quod
2683 1397 3066 1464 proposuerat._
3109 1389 3186 1444 Ita
3231 1389 3322 1444 ille
3372 1389 3466 1458 qui

1879 1493 2104 1548 pravum
2139 1492 2278 1547 opus
2299 1493 2462 1548 agere
2525 1478 2820 1548 disponens
2867 1497 2973 1536 non
3031 1481 3364 1552 permittitur
3411 1489 3470 1536 et

1879 1577 2063 1638 postea
2095 1567 2311 1623 lzetatur
2345 1584 2403 1624 se
2433 1585 2539 1624 non
2569 1585 2689 1626 esse
2724 1571 3176 1642 concupiscentize
3206 1587 3318 1628 sua:
3349 1579 3464 1625 tra-

1881 1661 2074 1728 ditum,
2115 1677 2455 1731 nequaquam
2505 1661 2830 1732 iudicandus
2883 1674 2966 1720 est
3015 1667 3224 1720 crimen
3284 1663 3461 1734 egisse

195 1769 510 1833 reduxistis,
543 1767 685 1837 quod
717 1768 881 1824 vultis
907 1769 1078 1823 donec
1113 1747 1266 1823 vobis
1291 1777 1384 1822 aut
1435 1769 1592 1823 nobis
1623 1767 1776 1823 aliter

1884 1755 2025 1823 quod
2059 1753 2320 1807 voluerat.
2363 1753 2498 1807 Nam
2527 1756 2626 1810 etsi
2671 1757 2908 1822 quandiu
2939 1766 3022 1812 est
3047 1757 3246 1826 aliquis
3269 1756 3322 1809 in
3355 1756 3465 1810 cri-

191 1861 460 1926 videatur,
495 1860 733 1916 concedo
771 1877 785 1913 :
821 1861 914 1914 sed
949 1860 1157 1915 occulta
1191 1861 1308 1930 ejus
1361 1869 1542 1916 vestra
1601 1859 1779 1914 discu-

197 1955 334 2009 tiens
363 1955 672 2024 prudentia,
703 1961 859 2024 prout
895 1953 1236 2022 judicaverit,
1295 1953 1370 2008 illi
1399 1953 1666 2008 consulat.
1707 1953 1780 2008 De

194 2045 394 2099 damno
421 2055 626 2109 vestro,
659 2045 802 2115 quod
838 2045 1159 2110 mandastis,
1215 2045 1385 2098 miror
1413 2053 1468 2099 et
1496 2041 1777 2099 condoleo.

193 2135 349 2204 Quod
391 2135 645 2206 dignatur
705 2144 884 2190 vestra
931 2135 1174 2190 charitas
1215 2149 1476 2190 excusare
1529 2149 1610 2201 se,
1653 2135 1778 2204 quia

199 2243 304 2283 non
343 2235 523 2298 potest
549 2229 710 2283 modo
765 2226 944 2282 facere
993 2227 1134 2297 quod
1171 2225 1335 2281 vellet
1377 2245 1390 2280 :
1433 2227 1636 2295 gratias
1679 2241 1780 2296 ago

191 2329 388 2374 vestra:
420 2318 712 2386 dignationi
743 2326 798 2374 et
825 2319 980 2372 bona:
1005 2316 1291 2372 voluntati.
1320 2317 1394 2371 De
1422 2317 1619 2371 domno
1639 2316 1783 2370 Lan-

195 2411 382 2465 franeo
410 2411 544 2464 nihil
571 2409 762 2464 melius
790 2410 944 2474 scivi,
969 2421 1062 2464 aut
1097 2409 1270 2480 potui,
1319 2423 1482 2479 quam
1534 2411 1678 2479 quod
1725 2409 1780 2464 in

192 2501 386 2572 Anglia
429 2501 526 2556 feci
568 2511 622 2557 et
651 2500 780 2556 dixi.
807 2501 1016 2556 Valete.

615 2593 952 2650 EPISTOLA
993 2593 1230 2650 XXXVII
1257 2593 1348 2648 ⁸³⁷.

876 2681 942 2719 AD
974 2680 1122 2718 IDAN.

199 2735 354 2800 Quod
383 2736 527 2789 debet
565 2737 658 2790 niti
713 2735 780 2789 ad
833 2736 1144 2857 proﬁcuum,
1195 2735 1284 2806 qui
1329 2736 1466 2805 cupit
1522 2734 1780 2804 defectum

905 2823 948 2857 νε
977 2823 1085 2857 are.

905 2823 1085 2860 mare.

269 2895 597 2952 Reverenda:
627 2906 682 2952 et
715 2897 1048 2951 charissima:
1095 2897 1325 2952 domina:
1351 2911 1462 2952 sum
1486 2895 1778 2952 comitissa:

193 2991 298 3046 Im:
327 2989 493 3046 frater
517 2991 816 3052 Aassutus,
843 3005 940 3059 per
962 2991 1100 3045 bona
1140 2991 1453 3062 temporalia
1477 2992 1544 3045 ad
1575 3000 1780 3046 aeterna

193 3085 526 3155 pertingere.

265 3175 419 3230 Sicut
439 3190 599 3230 verus
620 3189 794 3242 amor,
822 3190 983 3246 quem
1013 3175 1308 3232 secundum
1337 3175 1506 3231 Deum
1537 3189 1664 3246 erga
1691 3189 1780 3230 re-

195 3268 489 3321 verentiam
515 3276 750 3322 vestram
779 3267 973 3332 habeo,
1014 3282 1044 3321 a
1085 3283 1180 3322 sua
1215 3267 1526 3338 integritate
1549 3281 1654 3321 non
1679 3279 1778 3334 po-

195 3369 302 3415 test
325 3359 562 3418 delicere
588 3377 601 3414 :
632 3360 704 3414 ita
738 3375 1013 3430 nunquam
1042 3361 1200 3416 debet
1256 3375 1288 3414 a
1342 3359 1546 3415 salubri
1581 3359 1780 3414 exhor-

196 3449 398 3504 tatio‘ne
424 3449 674 3506 deﬁcere.
714 3448 972 3517 Quamvis
993 3449 1158 3519 igitur
1179 3463 1392 3519 semper
1414 3461 1626 3518 sperem
1651 3461 1780 3516 pru-

193 3541 430 3606 dentiam
462 3551 696 3596 vestram
726 3542 964 3610 undique
992 3540 1095 3594 sibi
1128 3540 1460 3609 prospicere,
1507 3555 1577 3594 ne
1621 3537 1780 3594 calli-

193 3632 298 3687 dus
317 3633 490 3687 hostis
512 3631 689 3702 aliqua
731 3631 920 3686 fraude
961 3631 1170 3686 violare
1220 3629 1400 3684 valeat
1443 3629 1600 3684 bona!
1651 3629 1778 3688 vitae

194 3725 566 3794 propositum;
599 3739 939 3794 nequaquam
970 3731 1170 3786 tamen,
1203 3721 1248 3776 si
1285 3719 1368 3776 vel
1397 3729 1606 3775 tantum
1647 3735 1778 3792 sug-

197 3829 332 3884 gero
359 3823 417 3868 ut
445 3814 732 3870 instantius
763 3813 976 3868 faciatis
1007 3812 1150 3884 quod
1197 3811 1338 3866 bene
1371 3809 1576 3875 facitis,
1623 3809 1774 3882 judi-

193 3907 430 3962 candum
461 3916 548 3962 est
571 3921 690 3962 esse
720 3905 1068 3978 superﬂuum.
1101 3903 1290 3958 Nullus
1323 3903 1468 3957 enim
1519 3903 1776 3973 gaudium

191 4001 350 4056 bona:
387 3999 512 4054 vitae
544 4013 704 4068 quem
731 3999 842 4070 jam
882 3995 1216 4062 conscendit,
1253 3995 1525 4050 custodire
1557 3991 1776 4060 suilieit,

190 4091 284 4160 qui
307 4105 522 4161 semper
545 4091 612 4144 ad
643 4089 890 4146 altiorem
915 4091 1179 4159 prolicere
1207 4103 1312 4143 non
1365 4087 1592 4156 appetit.
1621 4083 1776 4141 Sem-

189 4196 292 4254 per
325 4183 492 4256 igitur
521 4197 740 4236 uecesse
765 4191 850 4236 est
871 4191 934 4235 ut
975 4181 1180 4236 nitatur
1211 4180 1278 4235 ad
1322 4177 1650 4248 profectum,
1684 4179 1776 4249 qui

188 4291 409 4347 semper
431 4276 543 4330 vult
571 4277 744 4330 vitare
773 4271 1066 4329 defectum.
1097 4271 1187 4327 Sic
1221 4273 1404 4342 itaque
1434 4287 1494 4330 se
1521 4288 1775 4328 reveren-

191 4367 268 4424 tia
290 4375 494 4434 vestra,
527 4368 634 4423 imo
661 4367 802 4421 Deus
838 4381 932 4419 eor
960 4375 1015 4420 et
1041 4379 1103 4418 os
1128 4371 1184 4418 et
1214 4372 1368 4420 actas
1387 4373 1602 4420 vestros
1625 4380 1770 4420 sem-

1885 1844 2046 1897 minis
2079 1843 2379 1908 voluntate,
2410 1843 2454 1898 si
2479 1843 2532 1897 in
2571 1845 2715 1898 nulla
2755 1845 2917 1899 vitam
2953 1845 3227 1908 terminat,
3261 1845 3327 1899 de
3351 1845 3467 1898 cri-

1883 1935 2028 1989 mine
2051 1931 2378 2002 judicandus
2424 1935 2527 2000 sit,
2557 1949 2751 2004 magna
2785 1945 2960 1990 tamen
2987 1935 3243 1989 distantia
3269 1941 3353 1990 est
3381 1935 3468 1988 in-

1884 2033 1971 2080 ter
1995 2025 2162 2091 illum,
2190 2039 2352 2096 quem
2383 2025 2462 2080 ira
2493 2026 2710 2096 superni
2745 2024 2944 2094 judicis
2976 2042 3147 2096 usque
3188 2027 3240 2080 in
3283 2041 3470 2096 repro-

1883 2119 2006 2173 bam
2038 2117 2304 2172 actionem
2331 2118 2553 2184 deserit,
2585 2128 2640 2173 et
2671 2119 2840 2182 illum,
2881 2133 3040 2188 quem
3067 2119 3242 2188 gratia
3271 2133 3301 2171 a
3332 2133 3470 2188 pra:—

1882 2213 2067 2282 cipitio
2095 2227 2321 2268 servans
2350 2213 2528 2284 operis
2553 2215 2604 2268 in
2631 2213 2824 2268 bonam
2851 2212 3178 2266 voluntatem
3207 2213 3468 2268 restituit.

1884 2301 2106 2356 Multum
2149 2301 2316 2373 igitur
2340 2302 2815 2358 estcriminamlns
2862 2302 2946 2356 ille
2975 2301 3066 2374 qui
3117 2303 3321 2373 pariter
3363 2301 3471 2356 illis

1883 2395 2089 2449 crimen
2118 2403 2344 2449 conatur
2367 2395 2689 2466 impingere,
2733 2409 2962 2464 quorum
2989 2409 3186 2466 pravas
3221 2394 3472 2448 volunta-

1887 2494 1966 2538 tes
1994 2483 2174 2538 divina
2213 2485 2478 2556 sapientia
2521 2493 2629 2539 tam
2679 2485 2894 2540 diverse
2937 2485 3108 2540 voluit
3158 2488 3466 2556 disponere.

1885 2573 1978 2628 ille
2011 2589 2242 2646 namque
2273 2575 2490 2630 nomine
2517 2575 2776 2630 facinoris
2821 2575 3090 2632 notandus
3116 2586 3222 2642 est,
3248 2577 3336 2646 qui
3375 2586 3472 2632 aut

1882 2664 1935 2719 in
1967 2674 2144 2720 actum
2171 2666 2384 2732 labitur,
2425 2676 2518 2722 aut
2551 2667 2604 2722 in
2668 2667 2936 2722 malitiosa
2993 2669 3473 2726 iuteutioue'dese—

1885 2757 2055 2823 ritur,
2083 2774 2187 2812 non
2218 2757 2326 2824 ille,
2351 2759 2441 2828 qui
2465 2774 2562 2814 nec
2593 2759 2645 2812 in
2672 2775 2807 2829 opus
2831 2759 3050 2814 malitiae
3079 2761 3468 2831 praecipitatur,

1884 2857 2012 2900 et.a
2045 2863 2302 2917 perversa
2354 2848 2649 2903 intentione
2687 2849 2914 2904 eruitur.
2945 2849 3045 2906 llic
3101 2849 3246 2904 enim
3283 2851 3334 2906 in
3367 2850 3472 2905 hoc

1883 2951 2130 2994 servatus
2159 2950 2262 3006 est,
2297 2941 2438 2996 unde
2485 2941 2765 3012 gaudendo
2821 2941 3024 3012 gratias
3063 2941 3234 3012 possit
3273 2957 3465 3014 agere;

1885 3034 1973 3089 ille
2002 3035 2054 3088 in
2085 3033 2185 3089 hoc
2215 3033 2460 3090 desertus
2491 3043 2596 3096 est,
2651 3037 2794 3088 unde
2843 3033 3070 3089 dolendo
3114 3034 3328 3088 veniam
3373 3049 3470 3088 ne-

1807 3109 1852 3174 C
1885 3137 2038 3178 cesse
2067 3121 2135 3176 sit
2163 3131 2365 3192 petere.
2391 3121 2468 3175 De
2505 3121 2609 3176 hoc
2635 3131 2846 3176 certum
2878 3131 2963 3176 est
2991 3121 3118 3192 quia
3145 3137 3242 3192 pro
3271 3122 3465 3192 hujus-

1885 3215 2030 3268 modi
2061 3214 2255 3284 gaudio
2287 3213 2568 3284 prtemium
2594 3213 2858 3284 accipiet;
2902 3212 2976 3267 illi
3025 3213 3252 3268 multum
3290 3221 3396 3277 est,
3421 3213 3470 3270 si

1881 3319 1984 3376 pro
2034 3305 2219 3362 dolore
2249 3305 2456 3376 peccati
2508 3321 2724 3376 ptenam
2771 3305 3008 3376 effugiet.
3061 3305 3222 3360 Plura
3275 3305 3468 3362 vellem

1883 3399 2146 3466 scribere,
2168 3399 2262 3454 sed
2294 3399 2444 3470 quia,
2486 3399 2629 3454 sicut
2656 3399 2792 3464 dixi,
2841 3399 2974 3455 mihi
3005 3415 3110 3456 non
3153 3398 3312 3464 licet,
3367 3398 3470 3454 ista

1881 3491 1966 3546 vel
1993 3490 2060 3546 ad
2091 3491 2457 3546 testimonium
2485 3505 2672 3546 eorum
2699 3490 2790 3556 ⁸⁸³,
2819 3505 2940 3562 quae
2989 3491 3280 3560 praedictus
3327 3489 3472 3547 ﬁlius

1879 3589 2062 3636 vester
2090 3580 2156 3636 de
2183 3591 2368 3636 nostra
2398 3583 2520 3635 viva
2557 3595 2690 3636 voce
2717 3581 2870 3638 vobis
2896 3581 3116 3650 referet,
3145 3583 3272 3640 licet
3303 3583 3471 3638 inter-

1881 3671 2012 3734 cisa,
2049 3671 2166 3724 sine
2196 3671 2614 3738 reprehensione
2641 3671 2918 3738 suscipite.
2953 3669 3158 3726 Valete.

2327 3774 2664 3830 EPISTOLA
2685 3773 2910 3830 XXXIX
2930 3776 3020 3833 ⁵⁸⁸.

2453 3901 2522 3940 ΔΙ)
2549 3901 2900 3942 ιΑιιιςειιτυι.

1881 4001 2038 4056 Hunc
2067 3999 2288 4056 nobilem
2321 3999 2489 4056 virum
2519 3999 2591 4054 ad
2629 3999 2788 4055 vitam
2835 4003 3176 4056 monasticam
3208 4009 3470 4064 hortatur.

1951 4111 2160 4167 Dilecto
2184 4120 2240 4167 et
2268 4111 2576 4168 desiderato
2611 4113 2666 4169 in
2714 4113 2933 4170 Christo
2961 4115 3256 4173 Launearo
3301 4117 3472 4176 frater

1879 4206 2163 4261 Aasswus
2185 4204 2351 4261 abbas
2371 4205 2680 4274 Beccensis,
2707 4215 2820 4264 toto
2869 4209 3032 4265 corde
3089 4211 3270 4267 szeculi
3309 4213 3470 4282 hujus

1879 4297 2173 4352 vanitatem
2217 4307 2601 4368 contemnere,
2653 4309 2708 4356 et
2757 4299 2826 4354 ad
2872 4310 3133 4358 aeternam
3179 4303 3470 4362 veritatem

1879 4389 2228 4444 contendere.

187 4473 292 4528 per
315 4468 370 4514 et
391 4459 590 4528 ubique
615 4459 905 4524 custodiat,
937 4465 996 4511 ut
1025 4459 1134 4514 vita
1183 4466 1358 4514 vestra
1393 4471 1697 4526 nunquam,
1722 4467 1776 4514 et

1951 4478 2124 4534 Tanta
2149 4479 2280 4534 mihi
2304 4479 2659 4536 charissimus
2687 4481 2856 4536 frater
2877 4492 2932 4538 et
2966 4483 3106 4539 [ilius
3135 4501 3285 4542 meus
3319 4487 3470 4543 dom-

189 4563 458 4618 nusquam
487 4549 540 4602 in
565 4563 836 4619 magnam,
861 4549 940 4604 vel
971 4565 1193 4620 parvam
1221 4547 1431 4618 culpam
1449 4547 1518 4580 ⁸⁸⁸
1541 4545 1776 4603 decidat.

189 4644 270 4697 De
301 4644 628 4698 monasterio
655 4653 857 4708 vestro,
883 4643 1026 4712 quod
1048 4658 1077 4696 a
1101 4657 1187 4698 me
1205 4640 1487 4714 petebatis,
1521 4641 1636 4712 regi
1665 4639 1776 4696 An-

189 4734 403 4806 glorum
431 4735 616 4800 retuli;
653 4737 746 4790 sed
779 4744 928 4791 certe
957 4749 1061 4790 non
1117 4735 1358 4790 laudavit
1409 4741 1470 4789 ut
1513 4733 1772 4790 facerent.

187 4826 486 4892 Argentum
509 4827 688 4880 domui
719 4825 938 4881 Ricardi
967 4841 1063 4895 per
1091 4825 1522 4896 praesentium”
1543 4825 1772 4882 latorem

189 4917 348 4970 mitte
377 4917 550 4972 nobis.
581 4917 784 4972 Valete.

605 5009 938 5065 EI’ISTOLA
963 5009 1230 5065 XXXVIII
1261 5009 1352 5063 m.

781 5099 850 5136 AD
874 5097 1180 5136 ROBERTUII.

191 5165 421 5238 Pecrare
472 5179 725 5234 statuens,
784 5181 832 5224 et
885 5171 1132 5224 divinitus
1173 5170 1472 5238 impeditus,
1503 5171 1548 5222 si
1591 5179 1772 5238 postea

261 5237 466 5292 (teretur
485 5257 539 5294 se
577 5257 676 5294 non
703 5257 962 5308 peccasse,
990 5257 1106 5294 reus
1131 5237 1336 5294 nonest
1387 5257 1448 5294 ac
1477 5241 1522 5294 si
1571 5241 1772 5294 crimen

263 5308 430 5373 ipsum
460 5311 740 5366 comisisset
764 5330 794 5365 a
821 5309 930 5364 Deo
958 5312 1212 5364 desertus.

263 5397 492 5453 Domino
516 5411 567 5454 et
587 5401 758 5468 Patri,
796 5403 976 5459 abbati
1019 5403 1318 5458 reverendo
1365 5401 1648 5467 liensum,
1685 5413 1772 5470 pa-

1879 4587 1983 4627 nus
2007 4571 2266 4628 liodulfus
2289 4571 2652 4641 lielvacensis,
2676 4575 2804 4628 olim
2827 4575 3008 4633 socius
3032 4587 3174 4644 tuus,
3208 4595 3351 4634 nunc
3379 4595 3471 4638 ve-

1881 4679 1972 4720 rus
2008 4666 2216 4720 amicus
2245 4675 2301 4721 et
2321 4667 2659 4724 desiderator
2695 4677 2837 4736 tuus,
2871 4669 3054 4726 retulit
3076 4672 3144 4727 de
3189 4673 3470 4730 nobilitate

1878 4763 1932 4808 et
1971 4756 2037 4810 de
2068 4770 2278 4810 morum
2323 4754 2395 4787 m
2437 4765 2674 4826 tuorum,
2709 4773 2829 4830 quae
2859 4761 3076 4831 generis
3124 4761 3466 4818 nobilitatem

1880 4855 2126 4908 exornat,
2161 4847 2469 4912 honestate,
2497 4857 2556 4902 ut
2581 4865 2684 4903 non
2709 4867 2876 4920 parvo
2898 4850 3093 4905 alfectu
3120 4863 3348 4924 cogatur
3370 4869 3468 4908 cor

1881 4954 2060 4994 meum
2091 4947 2142 4994 te
2174 4939 2533 4996 desiderando
2561 4941 2807 5013 diligere,
2841 4951 2894 4998 et
2934 4943 3206 5014 diligendo
3251 4944 3468 5000 deside-

1879 5047 2022 5086 rare.
2054 5031 2394 5104 Quapropter
2416 5035 2670 5103 quoniam
2696 5037 2932 5091 animam
2967 5047 3112 5090 tuam
3139 5035 3320 5092 anima
3349 5053 3466 5094 mea

1882 5139 1984 5181 nec
2015 5125 2194 5181 minus
2219 5126 2356 5192 vult,
2393 5143 2492 5182 nec
2516 5127 2634 5196 plus
2663 5137 2837 5198 potest
2886 5129 3110 5199 diligere
3139 5145 3300 5200 quam
3327 5133 3466 5200 seip-

1880 5231 1996 5272 sam
2031 5235 2043 5270 :
2088 5233 2193 5272 non
2245 5217 2388 5273 aliud
2423 5229 2602 5290 potest
2629 5222 2941 5275 desiderare
2971 5221 3038 5276 de
3083 5221 3171 5276 illa
3201 5239 3364 5292 quam
3399 5223 3467 5277 de

1879 5309 2080 5379 seipsa.
2111 5309 2223 5366 lloc
2251 5312 2417 5382 igitur
2469 5321 2554 5368 est
2598 5313 2665 5368 de
2703 5321 2753 5367 te
2793 5313 3120 5368 desiderium
3167 5329 3346 5369 meum
3409 5321 3468 5369 ut

1881 5401 2137 5454 mundum
2163 5401 2517 5472 relinquendo
2538 5403 2814 5460 Christum
2839 5407 3108 5476 sequaris,
3134 5417 3187 5461 et.
3207 5423 3302 5478 per
3325 5415 3464 5463 tem-

1469 5491 1700 5546 VARUE
1735 5487 2144 5547 LECTIONES.

263 5559 330 5592 ⁸⁸⁷
357 5559 563 5616 Collum
586 5579 702 5617 cum
732 5565 910 5618 eadem
943 5582 1040 5620 ms.

1155 5545 1708 5638 “{lmmagnamvel
1741 5545 1968 5638 parvam
1987 5545 2204 5638 culpam
2227 5579 2325 5638 ms.
2355 5563 2406 5616 in
2446 5545 2641 5638 magna
2665 5565 2748 5618 vel
2795 5581 2958 5636 parva
2997 5573 3150 5638 cu‘lpa

3259 5569 3328 5602 ³⁸³
3355 5569 3459 5626 Per

188 5641 510 5704 prmseutem
537 5651 632 5687 ms.
671 5651 766 5704 per
791 5637 1132 5704 praesentium
1205 5636 1274 5668 "°
1303 5633 1508 5689 Collrim
1533 5649 1650 5686 cum
1679 5633 1856 5704 eodem
1889 5649 1990 5684 ms.
2065 5633 2132 5666 ⁸³⁸
2163 5633 2492 5690 Testimonia
2521 5649 2706 5690 eorum
2735 5633 2833 5692 ms.
2873 5633 3241 5695 testimonium
3267 5655 3456 5696 eorum

189 5701 262 5734 ⁴³⁹²
293 5703 496 5758 Collum
539 5720 655 5758 cum
673 5701 863 5759 rode":
895 5723 992 5760 ms.

1070 5705 1139 5738 ‘9’
1171 5705 1236 5762 Et
1259 5722 1464 5762 morum
1491 5721 1587 5758 ms.
1614 5713 1666 5758 et
1689 5703 1756 5757 de
1781 5717 1988 5757 morum
