3898 6052
462 276 593 331 1191

1071 263 1128 322 S.
1163 261 1459 318 ANSELMI
1481 257 1750 318 CAN‘TUA
1769 255 1831 308 ll.
1863 246 2178 307 ARCHIEP.
2210 244 2357 302 OPP.
2383 239 2565 298 PARS
2591 237 2676 294 lll.
2699 267 2769 278 -—
2809 232 3183 290 EPISTOLJE.

3603 225 3738 281 £193

461 385 700 456 poralem
725 377 1082 447 humilitatem
1110 385 1165 430 et
1203 382 1598 444 paupertatem,
1653 366 2037 424 exaltationem
2070 357 2117 399 Α
2149 358 2301 427 cujus
2325 365 2473 412 certo
2495 362 2550 408 et
2574 361 2783 456 aeterno
2791 347 3085 456 ﬁommodo
3097 343 3287 456 lduobia‘,
3303 341 3430 396 vilia
3461 350 3522 396 et
3555 351 3732 445 transp

461 488 516 534 et
535 475 748 533 divitias
775 481 1007 526 aeternas
1030 466 1408 537 consequaris.
1430 463 1547 518 Non
1581 471 1632 516 te
1654 460 1917 525 detineat,
1965 459 2040 514 mi

459 569 674 629 dilecte,
701 580 803 620 nec
827 570 1069 617 moretur
1091 558 1199 613 ulla
1223 557 1439 614 occasio
1466 553 1738 617 carnalis;
1773 552 1899 621 quia
1929 550 2034 605 uti-

459 675 566 728 que
596 672 698 711 non
727 664 811 710 est
831 653 1138 717 consilium,
1163 665 1270 705 non
1299 649 1514 718 expedit
1551 647 1750 702 bonum
1778 654 2038 699 aeternum

461 751 708 820 perdere,
732 755 822 801 aut
849 746 1114 806 minuere,
1141 751 1234 796 aut
1260 740 1345 796 vel
1369 738 1586 794 differre
1616 752 1713 808 pro
1735 735 2038 806 temporali.

460 842 613 909 Quod
643 841 686 895 si
723 853 956 909 superna
984 835 1158 906 gratia
1202 833 1320 899 tibi,
1377 831 1519 900 quod
1573 829 1776 883 utinam
1825 827 2042 882 videant

459 933 599 988 oculi
644 931 770 994 mei,
825 927 1094 998 inspirare
1133 923 1446 993 dignabitur
1493 919 1788 974 secundum
1830 917 2042 971 deside-

462 1027 601 1080 rium
627 1038 827 1087 meum,
843 1033 899 1074 et
921 1020 987 1073 ad
1013 1020 1113 1072 hoc
1135 1016 1334 1085 eligere
1354 1011 1683 1083 dignabertis
1697 1009 2036 1065 consortium

463 1129 516 1172 et
545 1117 830 1173 consilium
861 1127 1066 1176 meum,
1085 1109 1194 1178 jam
1227 1108 1449 1162 dilatata
1503 1106 1556 1159 in
1587 1105 1868 1174 amplexus
1918 1113 2038 1158 tuos

462 1208 676 1264 obviam
707 1209 890 1261 cantat
922 1202 1015 1257 tibi
1038 1201 1218 1255 anima
1254 1213 1370 1253 mea
1399 1214 1412 1249 :
1445 1195 1698 1250 Paratum
1729 1213 1819 1250 cor
1841 1213 2038 1262 meum,

465 1299 658 1353 dilecte
685 1297 779 1362 mi,
807 1305 1049 1362 paratum
1077 1307 1168 1345 cor
1188 1305 1357 1344 meum
1412 1285 1586 1358 (Psal.
1629 1303 1736 1353 LVI,
1768 1286 1845 1357 8).
1880 1287 2033 1354 Vale,

466 1387 797 1451 dulcissime,
824 1384 944 1439 vale
975 1400 991 1438 :
1029 1392 1084 1437 et
1111 1398 1274 1451 quam
1305 1381 1464 1435 dubia
1507 1387 1561 1434 et
1607 1378 1788 1434 brevis
1829 1379 1900 1433 sit
1935 1379 2044 1433 vita

465 1479 721 1542 hominis,
754 1486 808 1532 et
843 1491 1003 1547 quam
1042 1474 1250 1528 infinita
1281 1482 1405 1526 sunt
1426 1485 1544 1538 qua:
1573 1479 1877 1540 sequuntur
1901 1469 2043 1525 bona

465 1569 548 1624 vel
581 1567 740 1632 mala,
766 1567 1100 1620 incessanter
1123 1577 1444 1616 memorare.

979 1670 1310 1729 EPISTOLA
1337 1669 1430 1724 XL
1458 1669 1549 1724 m.

993 1802 1060 1841 AD
1089 1799 1502 1839 EBMENGARDAM.

469 1901 612 1970 Ipsa,
638 1900 983 1970 consentiente
1038 1899 1188 1970 ri:o.__
1220 1907 1426 1970 uouerat
1450 1899 1844 1970 continentiam
1877 1915 1892 1959 ;
1944 1899 2035 1952 sed

535 1989 651 2026 cum
682 1972 760 2024 vir
782 1969 1063 2023 monac/tus
1092 1967 1236 2022 vellet
1268 1969 1404 2036 ﬁeri,
1442 1969 1553 2036 ipsa
1593 1985 1694 2022 non
1725 1969 1830 2025 vult
1861 1983 1878 2020 :
1907 1971 2043 2022 unde

536 2059 650 2096 eam
671 2049 912 2111 precatur
943 2039 1216 2092 Anselmus
1247 2048 1300 2091 ut
1328 2048 1548 2091 annuat.

540 2151 777 2205 Domina:
807 2151 858 2203 in
890 2148 1216 2204 Deodilccta:
1240 2148 1618 2203 Enusxeaana
1649 2147 1818 2203 frater
1842 2151 2044 2205 Anser.-

466 2257 568 2298 lus
600 2243 768 2296 abbas
797 2242 976 2307 Bccci,
1006 2241 1237 2295 salutent
1271 2250 1326 2294 et
1349 2239 1534 2294 fideles
1561 2241 1838 2294 orationes
1868 2241 1959 2292 ‘9'.

539 2331 800 2398 Quamvis
853 2346 947 2385 vos
990 2347 1096 2385 non
1139 2345 1464 2400 cognoscam
1517 2329 1655 2394 visu,
1699 2340 1874 2384 tamen
1919 2332 2042 2400 quia

465 2423 580 2493 ejus
610 2424 816 2478 ordinis
843 2439 960 2478 sum
1015 2422 1108 2492 qui
1139 2423 1392 2477 omnibus
1419 2421 1732 2476 hominibus
1765 2421 1923 2476 debet
1947 2422 2041 2478 be-

468 2531 536 2570 ne
562 2515 700 2570 velle
728 2524 784 2568 et
806 2513 1096 2568 salubriter
1133 2512 1436 2578 consulere,
1471 2511 1599 2566 nulli
1636 2512 1830 2568 tnirum
1873 2512 2043 2567 videri

465 2607 625 2664 debet
651 2609 696 2662 si
729 2616 964 2662 vestram
1001 2605 1385 2670 reverentiam,
1442 2604 1736 2659 secundum
1777 2605 1922 2674 quod
1949 2620 2046 2659 au-

467 2698 556 2753 dio
579 2697 854 2766 expedirc,
871 2709 1208 2751 commoneo.
1234 2695 1449 2760 Audivi,
1468 2694 1789 2750 charissima
1805 2695 2041 2762 domina,

467 2788 700 2858 qualiter
725 2788 794 2842 sit
827 2788 971 2841 inter
1012 2787 1188 2840 virum
1229 2796 1467 2842 vestrum
1505 2795 1560 2841 et
1611 2801 1726 2853 vos,
1790 2787 2043 2857 quoniam

467 2879 720 2934 nobilitas
745 2887 922 2932 vestra
952 2893 1057 2932 non
1081 2877 1184 2931 boc
1210 2879 1412 2946 patitur
1439 2876 1721 2942 occultari,
1753 2878 1849 2932 sed
1883 2877 2040 2950 longe

466 2971 678 3042 lateque
706 2969 1135 3041 facitpublicari.
1163 2970 1217 3023 In
1245 2985 1350 3040 qua
1375 2984 1431 3023 re
1453 2969 1685 3038 primum
1717 2969 1919 3040 gratias
1942 2984 2044 3041 ago

466 3058 598 3121 Deo.
625 3075 654 3114 a
685 3076 792 3130 quo
813 3068 894 3115 est
920 3074 1081 3114 omne
1115 3061 1334 3126 bonum,
1363 3058 1454 3129 qui
1484 3058 1661 3113 eidem
1700 3059 1819 3113 viro
1863 3069 2045 3115 vestro
2073 3052 2118 3115 C

467 3151 614 3205 dedit
645 3159 793 3205 tanta
816 3150 1116 3206 constantia
1152 3148 1500 3219 temporalem
1530 3147 1758 3219 gloriam
1804 3158 2046 3204 contem-

468 3256 618 3308 nere,
643 3250 697 3295 et
722 3240 868 3294 vobis
891 3241 1161 3294 concessit
1211 3247 1291 3293 tot
1323 3237 1698 3292 tribulationes
1729 3254 1826 3308 pro
1851 3239 2047 3294 tuenda

469 3331 718 3386 castitate
747 3341 854 3385 tam
883 3331 1109 3386 viriliter
1133 3328 1398 3385 sufferre:
1435 3330 1506 3383 ita
1541 3340 1720 3384 tamen
1779 3339 1837 3384 ut
1872 3329 1961 3385 ille
1989 3330 2044 3384 in

467 3424 586 3492 ipso
608 3425 791 3478 mundi
818 3433 1130 3492 contemptu
1154 3439 1259 3477 non
1281 3423 1399 3492 plus
1421 3423 1858 3492 diligatseipsum
1879 3439 2044 3494 quam

465 3528 586 3579 vos,
617 3529 716 3567 nec
747 3513 899 3566 vobis
925 3513 1127 3582 aliquid
1155 3512 1207 3565 in
1242 3513 1344 3566 boc
1374 3514 1572 3566 mundo
1601 3513 1673 3567 sit
1704 3513 1904 3566 clarius
1927 3513 2037 3568 illo.

467 3603 625 3660 Certe
651 3605 808 3658 ambo
836 3606 886 3656 in
913 3605 1014 3657 hoc
1039 3605 1148 3657 Deo
1175 3613 1230 3656 et
1251 3604 1405 3657 bonis
1433 3604 2034 3668 bominibusamabiles.

467 3693 624 3750 ambo
650 3695 778 3748 estis
799 3693 1114 3757 laudaoiles,
1145 3693 1333 3761 utique
1359 3691 1410 3745 in
1445 3699 1594 3747 tanta
1647 3702 1703 3748 et
1749 3704 1858 3747 tam
1910 3709 2042 3749 vera

466 3795 650 3840 mutua
679 3794 856 3839 vestra
879 3783 1164 3839 dilectione
1195 3798 1301 3837 non
1336 3790 1448 3836 tam
1501 3798 1728 3854 corpora
1755 3793 1934 3839 vestra
1962 3784 2046 3840 di-

468 3877 634 3949 ligere
660 3877 911 3932 credendi
947 3877 1078 3931 estis
1098 3890 1260 3945 quam
1293 3876 1519 3930 animas.
1543 3875 1784 3944 Corpora
1811 3891 2044 3945 namque

465 3977 647 4023 vestra
690 3967 834 4020 nulla
887 3982 1038 4030 cura,
1096 3965 1243 4020 nullo
1271 3975 1457 4021 mutuo
1506 3979 1690 4019 amore
1747 3965 1972 4035 potestis
2012 3981 2043 4019 a

466 4070 641 4116 morte
666 4059 946 4130 temporali
973 4059 1220 4127 eripere;
1249 4057 1534 4112 animabus
1569 4071 1697 4112 vero
1724 4057 1940 4123 vestris,
1996 4057 2041 4112 si

465 4153 644 4226 ipsum
667 4165 906 4208 vestrum
935 4167 1176 4208 amorem
1223 4168 1410 4224 regere
1451 4152 1624 4219 scitis,
1674 4152 1838 4206 vitam
1887 4163 2045 4208 teter-

465 4262 592 4300 nam
622 4246 849 4317 potestis
879 4246 1182 4314 acquirere.
1238 4243 1377 4310 Quid
1405 4259 1534 4314 ergo
1566 4253 1668 4310 est,
1709 4243 1910 4298 femina
1965 4260 2046 4299 rc-

465 4338 725 4403 verenda,
761 4337 956 4392 femina
987 4336 1226 4406 probatae
1254 4335 1546 4400 castitatis,
1583 4335 1713 4405 quid
1761 4343 1846 4390 est
1897 4335 2040 4404 quod

2072 1685 2121 1746 B

2143 449 2301 505 itoria
2355 457 2442 502 tua
2476 441 2742 515 przrponis
2766 440 2836 471 ⁸³⁵
2865 436 3184 494 commoda?
3237 435 3342 489 Aut
3375 449 3485 504 qua
3515 435 3733 490 ratione

2138 552 2294 615 potes
2315 540 2382 595 ab
2406 554 2472 595 eo
2497 537 2732 608 exigere,
2762 541 2823 588 ut
2852 533 2968 603 ipse
2991 541 3192 586 aaterna
3220 528 3358 583 bona
3385 527 3587 582 anima:
3619 543 3730 582 sua:

2141 639 2428 704 postponat
2457 625 2842 698 temporalibus
2863 623 3020 678 bonis
3048 620 3293 691 corporis
3317 620 3426 684 tui;
3456 619 3504 673 si
3549 629 3603 673 tu
3629 619 3728 672 bo-

2141 740 2212 779 na
2237 721 2482 792 corporis
2520 720 2594 772 tui
2646 714 2916 788 przeponis
2961 714 3119 768 bonis
3148 712 3340 765 anima:
3367 710 3548 765 illius?
3595 708 3729 765 Vide

2143 810 2624 884 ergo,ebarissima
2654 806 2895 871 domina,
2918 804 3064 872 vide,
3088 803 3244 858 fortis
3265 812 3319 857 et
3345 801 3584 873 prudens
3609 820 3726 857 mu-

2144 904 2268 970 lier,
2294 902 2415 956 vide
2440 901 2484 956 si
2513 899 2616 955 hoc
2643 897 2796 960 facis,
2827 910 2990 966 quam
3021 910 3126 947 non
3184 893 3323 948 bene
3369 908 3529 964 regas
3577 909 3722 948 amo-

2146 1011 2258 1052 rem
2291 1003 2461 1060 tuutn,
2491 1005 2653 1061 quam
2681 1004 2786 1043 non
2824 995 2969 1041 recte
2993 984 3184 1055 diligas
3227 983 3544 1052 diligentem
3576 992 3628 1037 te
3651 985 3721 1037 vi-

2147 1103 2266 1143 rum
2295 1095 2463 1142 tuum.
2498 1083 2637 1151 Quid
2662 1082 2707 1136 si
2740 1080 2886 1135 illum
2921 1079 3070 1146 cogis
3119 1085 3178 1131 ut
3211 1076 3482 1130 desiderat
3535 1077 3719 1130 cousi-

2146 1181 2274 1236 lium
2309 1178 2502 1233 anima:
2531 1189 2644 1230 suae
2677 1189 2773 1244 pro
2819 1170 3100 1226 voluntate
3151 1179 3269 1235 tua;
3303 1177 3354 1222 et
3392 1175 3521 1222 tunc
3553 1179 3724 1223 morte

2148 1284 2238 1330 tua
2263 1272 2348 1327 vel
2378 1270 2523 1324 illius
2549 1274 2901 1328 occurrente;
2935 1271 3029 1317 aut
3055 1262 3160 1316 alio
3189 1277 3340 1326 casu,
3387 1261 3530 1314 sicut
3566 1259 3724 1322 solet,

2147 1362 2408 1428 irruente,
2427 1359 2516 1414 ille
2529 1354 3083 1426 nonprosittibi,ettu
3121 1366 3318 1408 noceas
3347 1349 3442 1416 illi;
3468 1351 3660 1420 utique
3684 1352 3725 1405 si

2147 1468 2312 1509 noces
2329 1451 2520 1504 animae
2534 1448 2696 1510 illius,
2711 1444 3081 1500 nocesanimm
3098 1451 3222 1497 ture.
3238 1441 3280 1497 Ο
3294 1451 3494 1512 quanto
3512 1443 3724 1502 nzelius.

2159 1547 2460 1602 reverenda
2490 1541 2731 1606 domina,
2757 1547 2962 1608 quanto
2991 1535 3310 1591 laudabilius
3329 1534 3616 1589 ostenditis
3636 1551 3728 1589 vos

2150 1633 2371 1704 diligere
2401 1632 2573 1686 virum
2606 1632 2927 1695 vestrum,si
2954 1645 3057 1684 non
3081 1627 3253 1684 solum
3269 1624 3721 1696 permittitis,sed

2150 1725 2312 1780 etiam
2338 1722 2619 1780 consulitis
2631 1731 2684 1778 et
2701 1719 2922 1790 juvatis,
2938 1731 2998 1776 ut
3024 1718 3415 1790 quodincmpit,
3433 1717 3548 1773 Deo
3563 1717 3733 1786 inspi-

2148 1826 2322 1879 rante,
2353 1816 2453 1871 hoc
2483 1824 2709 1871 conetur
2739 1813 3023 1884 perdicere,
3049 1814 3166 1884 ipso
3190 1813 3519 1882 adjuvante:
3553 1811 3603 1865 si
3634 1812 3730 1864 [λοι

2147 1923 2275 1964 num
2305 1907 2447 1962 illius
2493 1904 2748 1970 amando,
2797 1912 3034 1958 vestrum
3079 1901 3282 1968 facitis;
3335 1902 3377 1956 si
3421 1901 3735 1956 certissime

2148 2000 2389 2065 creditis;
2431 1998 2557 2068 quia
2586 2005 2789 2066 quanto
2818 1995 3011 2050 fortius
3034 2003 3256 2066 propter
3283 2008 3524 2048 amorem
3561 1993 3660 2048 Dei
3683 2005 3737 2047 et

2147 2091 2398 2164 proximi,
2425 2090 2720 2145 humanum
2744 2087 3001 2142 auxilium
3029 2087 3318 2150 dimittitis,
3365 2095 3516 2140 tanto
3579 2085 3736 2138 fami.

2147 2183 2334 2237 liarius
2363 2190 2416 2236 et
2438 2180 2681 2236 securius
2711 2194 2806 2233 vos
2839 2178 3033 2232 divina:
3067 2175 3387 2246 protectioni
3419 2176 3731 2230 committi—

2149 2273 2235 2327 tis.
2259 2271 2511 2327 Contidat
2539 2283 2668 2340 ergo
2695 2270 2751 2323 in
2781 2270 2891 2323 Deo
2925 2266 3162 2338 prudens
3211 2277 3390 2321 vestra
3443 2265 3730 2332 fortitudo,

2145 2375 2200 2421 et
2223 2365 2377 2420 fortis
2407 2363 2690 2434 prudentia
2724 2380 2737 2416 :
2766 2370 2822 2417 et
2845 2362 3006 2427 sicut,
3068 2361 3111 2415 si
3167 2369 3410 2415 mortuus
3458 2373 3611 2415 esset
3657 2362 3734 2413 vir

2147 2458 2257 2525 ille,
2288 2459 2590 2514 absentiam
2645 2455 2762 2526 ejus
2789 2455 3091 2510 suiferretis
3144 2453 3395 2516 nolendo,
3458 2453 3581 2507 sine
3629 2452 3736 2506 ullo

2145 2551 2261 2622 ejus
2291 2559 2347 2605 et
2378 2557 2558 2604 vestro
2581 2547 2853 2618 proficuo;
2887 2546 2960 2601 ita
2988 2544 3114 2600 dum
3155 2545 3307 2610 vivit,
3341 2552 3535 2613 sponte
3587 2543 3732 2597 illam

2149 2643 2380 2700 tolerate
2417 2656 2516 2713 pro
2554 2655 2751 2711 magno
2776 2637 2893 2708 ejus
2920 2647 2975 2692 et
3005 2645 3184 2690 vestro
3224 2636 3468 2706 praemio.
3523 2636 3736 2689 Conce-

2143 2735 2256 2791 dite
2282 2743 2344 2789 ut
2369 2717 2539 2790 libere
2563 2732 2730 2788 faciat
2773 2731 2917 2802 quod
2949 2729 3238 2790 desiderat,
3271 2736 3540 2797 quatenus
3565 2725 3732 2796 357

2145 2841 2266 2881 cunt
2295 2824 2385 2879 illo
2409 2823 2748 2894 participelis
2773 2818 3098 2875 mercedem.
3129 2816 3343 2872 Sienim
3373 2816 3518 2871 Dens
3540 2831 3733 2871 curaui

2145 2916 2288 2988 gerit
2314 2915 2380 2970 de
2409 2914 2586 2969 viduis
2615 2927 2734 2982 quae
2763 2927 2868 2966 non
2897 2917 3119 2980 pr0pter
3147 2907 3295 2962 illum
3325 2916 3452 2962 sunt
3506 2905 3693 2960 viduae.
3718 2923 3732 2958 :

2149 3005 2317 3069 multo
2345 3005 2563 3060 cbarius
2585 3003 2730 3057 illam
2755 3001 2958 3056 fovebit
2986 3014 3148 3070 quam
3173 3013 3270 3068 pro
3299 3012 3395 3052 suo
3424 3010 3628 3050 amore
3656 2996 3736 3049 vi-

2149 3097 2296 3153 debit
2323 3105 2516 3166 sponte
2538 3094 2776 3148 viduam.
2803 3091 2956 3158 Quod
2983 3091 3026 3144 si
3054 3088 3333 3159 contigerit
3357 3085 3528 3154 (quod
3564 3084 3744 3141 forsi-

2148 3200 2238 3244 tau
2265 3205 2371 3245 non
2396 3187 2520 3258 erit)
2550 3195 2608 3240 ut
2646 3195 2918 3240 terrenum
2951 3181 3179 3253 perdatis
3221 3180 3505 3241 honorem,
3563 3178 3740 3232 nolite

2147 3278 2350 3343 dolere,
2381 3278 2506 3348 quia
2538 3276 2590 3329 in
2625 3275 2764 3330 coelo
2791 3270 3064 3340 recipietis
3110 3267 3406 3322 meliorem.
3464 3265 3538 3319 Et
3587 3278 3741 3321 certe

2147 3370 2290 3441 quod
2316 3385 2344 3422 a
2365 3368 2678 3422 melioribus
2706 3374 2760 3418 et
2783 3361 3198 3432 sapientioribus
3224 3357 3453 3412 multum
3485 3369 3740 3413 contem-

2147 3463 2314 3526 nitur,
2341 3475 2448 3514 non
2483 3467 2567 3514 est
2597 3457 2824 3512 multum
2853 3453 3164 3518 dolendum,
3201 3451 3246 3506 si
3297 3451 3566 3525 perditur.
3609 3451 3740 3510 Plus

2145 3554 2350 3625 aliquid
2384 3552 2574 3609 vellem
2605 3550 2908 3615 consulere,
2940 3550 3032 3605 sed
3057 3565 3163 3603 non
3213 3550 3416 3613 audeo;
3451 3562 3618 3602 orare
3664 3557 3743 3600 ta-

2145 3661 2270 3700 men
2301 3659 2407 3698 non
2441 3644 2624 3698 timeo.
2663 3641 3018 3710 Omnipotens
3038 3648 3093 3694 et
3119 3639 3431 3694 misericors
3489 3637 3644 3692 Deus
3669 3640 3740 3691 iza

2146 3736 2235 3792 det
2263 3735 2356 3790 tibi
2381 3734 2562 3788 mundi
2586 3742 2972 3810 contemptum,
3011 3732 3150 3786 sicut
3181 3730 3332 3785 dedit
3358 3730 3480 3783 viro
3512 3738 3650 3793 tuo;
3684 3738 3739 3782 ut

2145 3827 2198 3881 in
2225 3825 2431 3882 emlesd
2463 3839 2629 3897 regno
2658 3839 2756 3894 par
2785 3824 2860 3879 sis
2882 3825 2999 3879 viro
3023 3832 3112 3878 tuo
3144 3837 3301 3878 soror
3329 3831 3386 3876 et
3415 3821 3656 3876 Domina
3687 3822 3736 3875 in

2144 3920 2255 3976 Deo
2285 3917 2501 3974 dilecta.
2559 3989 2565 3995 l

2621 4007 2954 4062 EPISTOLA
2992 4005 3107 4061 XLI
3135 4006 3222 4058 "7.

2728 4115 2795 4154 AD
2843 4113 3138 4154 FALCONEM.

2147 4194 2220 4249 De
2250 4193 2542 4257 Roscelina,
2587 4193 2676 4263 qui
2725 4191 3085 4263 Lanfrancum
3122 4199 3168 4242 et
3208 4188 3510 4242 Ansclmum
3551 4204 3732 4263 rerum

2212 4268 2402 4320 sentire
2452 4260 2652 4316 dicebat
2687 4265 2741 4316 in
2774 4262 2880 4315 Deo
2930 4277 3040 4314 esse
3083 4269 3185 4312 tres
3236 4275 3338 4323 res,
3379 4269 3424 4312 et
3473 4275 3595 4312 vere
3627 4260 3735 4311 diei

2215 4351 2363 4406 posse
2385 4345 2486 4388 tres
2518 4335 2658 4388 deos.

467 4437 520 4482 te
548 4428 682 4498 cogit
718 4427 980 4498 impedire
1013 4426 1192 4480 virum
1221 4435 1398 4491 tuum,
1433 4439 1502 4480 ne
1553 4424 1791 4495 perfecte
1833 4433 2044 4495 qumrat
2073 4397 2120 4456 θ
2221 4425 2450 4481 Domino
2470 4433 2525 4480 et
2556 4425 2730 4480 amico
2757 4422 3098 4487 charissima,
3142 4421 3436 4476 reverenda
3471 4421 3740 4492 episcopo

464 4520 691 4574 salutem
725 4519 917 4573 animae
940 4533 1070 4583 sure,
1100 4533 1266 4588 quam
1284 4533 1390 4573 non
1432 4518 1611 4573 minus
1641 4517 1831 4587 deligis
1876 4531 2040 4585 quant

467 4611 646 4664 tuam?
668 4609 984 4666 Nullatenus
1031 4611 1176 4665 enim
1206 4609 1291 4664 vel
1338 4609 1682 4680 cogitandum
1731 4619 1814 4664 est
1850 4617 1910 4662 ut
1939 4608 2041 4664 hoc

464 4702 632 4756 facias
674 4711 895 4772 propter
941 4703 1101 4756 vilem
1164 4701 1346 4756 carnis
1383 4701 1820 4765 delectationem,
1873 4714 2036 4768 quam

465 4805 693 4862 tantum,
717 4804 1000 4865 postquam
1026 4795 1140 4865 ipse
1170 4810 1200 4849 a
1234 4803 1284 4848 te
1315 4794 1583 4859 discessit,
1620 4793 1994 4862 contempsisti
2023 4809 2035 4846 :

463 4896 608 4942 utne
633 4889 804 4941 virum
837 4886 1064 4941 alterum
1093 4886 1419 4956 susciperes,
1477 4901 1599 4938 cum
1647 4887 1791 4938 hunc
1839 4884 2040 4938 habere

463 4996 567 5034 non
597 4995 802 5049 posses,
832 4979 1028 5032 multas
1054 4994 1212 5048 passa
1267 4979 1342 5034 sis
1399 4977 1794 5047 tribulatioues,
1842 4978 2041 5034 inultas

463 5074 735 5142 respueris
788 5072 1184 5143 persuasiones.
1236 5071 1388 5139 Quod
1430 5072 1476 5126 si
1536 5071 1748 5126 detines
1798 5071 2036 5124 animam

461 5164 577 5232 ejus
598 5180 626 5218 a
655 5163 845 5219 salutis
868 5179 977 5219 suae
1006 5164 1271 5235 profectu,
1298 5173 1520 5234 propter
1547 5163 1779 5235 gloriam
1802 5173 1857 5218 et
1886 5179 2035 5218 com-

463 5260 619 5315 moda
649 5259 958 5326 temporalia
998 5276 1115 5328 quae
1137 5275 1308 5324 amas,
1336 5268 1388 5313 et
1409 5275 1529 5328 qua:
1555 5269 1604 5314 te
1629 5274 1724 5329 per
1747 5259 1892 5313 illum
1917 5275 2038 5330 spe-

461 5368 550 5408 ras
576 5368 734 5423 posse
762 5352 1042 5408 retinere':
1080 5352 1348 5422 quomodo
1382 5352 1559 5422 diligis
1587 5353 1823 5406 animam
1867 5352 2033 5420 illam,

2151 4519 2460 4576 Belvacensi
2502 4516 2737 4572 FULCONI
2784 4514 2958 4570 frater
3001 4515 3285 4568 ANSBLMIJS
3326 4512 3504 4568 dictus
3558 4513 3738 4568 abbas

2148 4609 2327 4675 Becci,
2353 4609 2602 4666 salutem.

2219 4704 2393 4759 Audio
2426 4700 2592 4772 (quod
2622 4709 2800 4756 tamen
2833 4701 3037 4771 absque
3066 4699 3343 4754 dubietate
3363 4697 3592 4752 credere
3629 4713 3735 4751 non

2144 4796 2389 4869 possum)
2417 4796 2542 4864 quia
2579 4793 2899 4848 Roscelinus
2942 4793 3174 4848 clericus
3202 4791 3333 4844 dicit
3374 4789 3427 4843 in
3471 4787 3586 4843 Deo
3623 4799 3736 4842 tres

2141 4904 2407 4962 personas
2434 4901 2554 4942 esse
2608 4896 2720 4941 tres
2761 4899 2850 4940 res
2881 4886 2948 4938 ab
2978 4883 3205 4939 invicem
3247 4888 3551 4951 separatas,
3585 4880 3736 4933 sicut

2141 4992 2267 5039 sunt
2318 4990 2428 5034 tres
2471 4977 2681 5048 angeli,
2716 4977 2785 5031 ita
2820 4989 2998 5030 tamen
3037 4984 3098 5028 ut
3143 4988 3244 5026 una
3295 4973 3366 5026 sit
3397 4971 3661 5026 voluntas
3685 4980 3737 5023 et

2141 5083 2382 5148 potestas
2414 5089 2427 5126 :
2462 5079 2557 5125 aut
2593 5069 2807 5124 Patrem
2847 5077 2903 5122 et
2929 5067 3190 5135 Spiritum
3216 5072 3459 5118 sanctum
3491 5075 3621 5116 esse
3649 5061 3735 5115 in-

2144 5174 2448 5230 earnatum,
2475 5170 2530 5218 et
2564 5171 2673 5216 tres
2713 5160 2842 5214 deos
2880 5171 3007 5212 vere
3044 5172 3204 5226 posse
3231 5155 3336 5208 dici
3372 5153 3416 5207 si
3448 5167 3580 5205 usus
3632 5152 3734 5204 ad-

2146 5257 2406 5312 mitteret.
2447 5254 2504 5308 lu
2560 5267 2665 5322 qua
2711 5251 2978 5306 sententia
3008 5247 3202 5303 asserit
3231 5242 3558 5300 venerabilis
3611 5258 3734 5297 me-

2144 5349 2331 5403 moria:
2361 5344 2827 5414 archiepiscopum
2868 5340 3231 5396 Laufraucum
3278 5335 3469 5402 fuisse,
3526 5343 3582 5390 et
3642 5350 3736 5388 me

1748 5488 1829 5542 VA
1841 5487 1976 5542 RIE
2017 5481 2416 5542 LECTIONES.

532 5601 600 5635 ⁸³⁵
621 5601 823 5657 Collata
845 5619 958 5656 cum
983 5602 1161 5655 eodem
1195 5616 1292 5654 ms.
1369 5600 1436 5635 ⁸³⁵
1477 5601 1540 5656 Ει
1569 5599 1776 5656 ﬁdelem
1801 5599 2096 5655 orationem
2122 5613 2218 5652 ms.
2243 5603 2298 5651 et
2335 5591 2520 5650 fideles
2545 5591 2816 5649 orationes
2869 5589 2958 5664 ﬁ“
2989 5585 3252 5660 Propoais
3299 5601 3394 5639 ms.
3443 5581 3741 5654 praeponis

460 5667 530 5702 ⁸⁵⁷
564 5671 766 5726 Collata
813 5690 926 5726 cum
978 5674 1153 5726 eodem
1203 5688 1300 5726 ms.
