3898 6052
248 165 395 221 1193

1534 143 1663 198 UB.
1701 140 1769 203 ll,
1812 134 2030 193 EPIST.
2072 129 2217 191 XL“

3360 118 3496 175 HM

252 253 395 333 esse.
425 273 761 343 Quapropter
777 269 977 323 dictant
999 271 1083 320 est
1109 260 1398 319 concilium
1419 257 1531 329 (51)
1551 272 1579 310 a
1604 268 1823 310 venera-
1853 256 1899 313 Α
1933 247 2071 303 mitti
2101 247 2354 315 deposco.
2384 242 2531 311 Quae,
2578 238 2625 295 si
2671 239 2809 294 ratio
2837 235 3071 292 nominis
3098 234 3202 290 mei
3238 232 3500 305 exegerit.

252 367 345 423 bili
360 365 473 437 (3t)
502 360 754 418 Remensi
776 355 1180 426 archiepiscopo
1198 350 1458 405 Bainaldo
1472 345 1827 416 colligendum

252 472 376 513 esse
433 434 484 508 in
520 451 791 521 proximo.
824 447 1088 514 Quoniam
1131 458 1259 513 ergo
1288 450 1418 510 puto
1450 434 1828 492 Reverentiam

255 553 490 601 vestram
508 540 581 595 ibi
606 546 924 610 prmsentem
952 534 1219 597 futuram;
1253 529 1374 585 volo
1398 536 1458 582 ut
1476 525 1736 581 instructa
1761 522 1832 577 sit

249 636 385 705 quid
427 648 527 703 pro
579 644 667 686 me
714 627 1043 697 respondere
1077 623 1300 688 debeat,
1336 618 1380 675 si
1424 618 1563 672 ratio
1596 613 1833 686 exegerit

250 704 723 795 archiepiscopum
760 718 975 789 quidem
1000 713 1363 769 Lanfrancum
1393 710 1501 764 vita
1528 708 1664 779 ejus,
1696 704 1833 760 mul-

258 818 326 873 tis
353 814 618 900 religiosis
633 820 691 867 ct
715 807 1048 879 sapientibus
1074 803 1206 858 viris
1229 798 1503 870 nota(52),
1528 796 1653 866 quia
1678 794 1743 849 de
1768 808 1833 847 eo

256 890 532 982 nunquam
562 904 765 976 aliquid
799 902 907 957 tale
935 898 1137 962 sonuit,
1179 896 1248 950 ab
1291 894 1396 949 hoc
1421 890 1651 946 crimine
1698 886 1835 941 satis
1892 964 1895 977 Ι

256 980 479 1059 excusat
496 1008 556 1055 et
579 994 822 1052 absentia
848 1000 905 1048 et
926 1004 1072 1045 mors
1096 985 1211 1055 ejus
1231 998 1445 1039 omnem
1469 980 1536 1035 de
1558 994 1622 1033 eo
1640 990 1832 1031 novam

262 1094 658 1153 accusationem
714 1091 951 1142 recusat.
986 1082 1061 1135 De
1098 1094 1184 1133 me
1230 1084 1409 1130 autem
1459 1074 1604 1127 hanc
1645 1083 1832 1122 veram

257 1200 447 1242 omnes
475 1179 720 1236 homines
766 1174 967 1229 habere
1002 1168 1123 1222 volo
1160 1163 1506 1221 sententiam.
1540 1159 1634 1214 Sic
1678 1167 1834 1212 teneo

253 1293 322 1333 ca
346 1290 465 1345 quae
492 1270 810 1327 confitemur
834 1264 887 1319 in
910 1258 1186 1332 Symbolo,
1217 1270 1338 1311 cum
1368 1252 1596 1308 dicimus
1620 1265 1636 1303 :
1668 1246 1835 1302 Credo

256 1370 311 1422 in
363 1337 527 1419 beam
573 1361 788 1415 Patrem
835 1353 1258 1422 omnipotentem,
1293 1353 1579 1399 creatorem
1632 1337 1745 1393 cmli
1787 1347 1837 1391 et

252 1467 431 1510 terrae.
460 1452 528 1506 Et
545 1469 558 1504 ε
574 1448 742 1505 Credo
760 1447 812 1500 in
836 1458 996 1497 unum
1014 1439 1181 1525 Deum
1202 1434 1417 1489 Patrem
1440 1429 1839 1499 omnipotentem

262 1546 523 1616 [actorem
576 1537 687 1594 caeli
732 1545 780 1591 et
818 1544 991 1589 terraz.
1021 1530 1090 1585 Et
1119 1517 1478 1595 {Quicunque
1524 1521 1630 1576 vult
1659 1517 1838 1575 salvus

1932 340 1987 393 in
2015 338 2178 393 totius
2205 341 2504 390 conventus
2555 330 2826 385 audientia
2871 328 3149 398 legantur;
3190 326 3273 382 sin
3301 334 3506 388 autem,

1930 445 2037 486 non
2068 428 2172 482 erit
2201 440 2337 498 opus
2361 433 2421 480 ut
2444 424 2693 492 legantur
2719 421 2812 473 δοε.
2853 418 3042 473 Valete

2399 514 2734 572 EPISTOLA
2772 509 2911 566 XLII
2946 510 3035 561 3°“.

2484 604 2553 641 AD
2589 596 2959 640 LANFRANCUM.

1935 685 2088 750 Quod
2112 692 2293 736 contra
2323 679 2639 734 voluntatem
2684 671 3062 750 consiliumque
3086 668 3183 750 ,διιί
3211 664 3415 747 prwluti
3458 663 3513 717 in

2005 755 2241 807 abbatem
2261 750 2456 805 assumi
2480 746 2769 801 consentire
2783 737 3040 810 nusquam
3063 737 3295 810 debuerit
3326 750 3344 789 :
3370 750 3517 810 cum;

2001 803 2235 893 quenon
2256 803 2523 893 intraverit
2545 832 2637 880 per
2656 803 3001 869 obedientiam
3031 809 3329 863 nullatenus
3357 806 3423 859 sit
3449 803 3515 858 ab

2004 889 2114 962 ipso
2146 889 2457 945 benedicend
2464 905 2542 942 us.

2004 982 2201 1036 Frater
2224 982 2532 1041 Asssuws,
2567 975 2812 1046 quamvis
2845 973 3124 1043 indignus,
3149 976 3327 1023 tamen
3350 965 3518 1022 abbas

1938 1071 2255 1129 monasterii
2316 1067 2623 1131 Beccensis,
2673 1066 2827 1119 fratri
2872 1064 3219 1126 LANFRANCO,
3249 1057 3516 1113 monacho

1930 1164 2177 1235 'ejusdem
2205 1160 2463 1226 coenobii,
2489 1156 2760 1213 declinare
2782 1170 2812 1210 a
2840 1153 2983 1209 malo
3007 1160 3063 1207 et
3090 1152 3267 1205 facere
3292 1148 3516 1204 bonum.

2012 1256 2122 1327 Ego
2152 1254 2325 1309 frater
2359 1250 2651 1307 Anselmus
2674 1248 2726 1302 in
2756 1249 2921 1302 Deum
2955 1244 3182 1299 dilector
3208 1251 3353 1307 tuus,
3388 1239 3523 1295 fide-

1935 1347 2007 1401 lis
2055 1344 2401 1401 consiliarius
2452 1351 2598 1405 tuus,
2658 1338 2843 1394 divina
2909 1334 3265 1404 dispositione
3318 1340 3375 1387 et
3429 1343 3521 1384 tua

1937 1438 2205 1494 electione
2222 1435 2395 1490 abbas
2430 1443 2573 1499 tuus,
2622 1431 2752 1495 tibi,
2787 1430 2955 1483 frater
2986 1426 3309 1491 Lanfrance,
3340 1425 3395 1476 in
3427 1436 3524 1475 no-

1940 1531 2089 1584 mine
2120 1527 2331 1583 Domini
2370 1526 2541 1580 nostri
2570 1522 2696 1579 Jesu
2723 1520 2926 1577 Christi
2962 1533 3179 1584 moneo,
3205 1514 3430 1572 consulo
3469 1521 3527 1566 et

258 1654 390 1702 esse,
420 1644 538 1689 ante
566 1630 742 1687 omnia
768 1643 897 1699 opus
924 1633 996 1679 est
1034 1630 1089 1677 ut
1118 1627 1287 1675 teneat
1310 1612 1837 1681 cathoiicamﬁdem,
1872 1605 1916 1665 Β
1945 1620 2202 1694 ῃτωεῑρῑο
2234 1628 2294 1674 ιιι
2358 1617 2645 1688 plusquam
2695 1614 2778 1669 bis
2816 1620 2911 1666 aut
2969 1618 3055 1664 ter
3100 1610 3310 1664 intente
3350 1605 3525 1678 perle—

262 1744 317 1787 et
362 1745 424 1785 ea
459 1742 580 1797 quae
626 1728 947 1793 sequuntur.
998 1715 1126 1771 Haec
1170 1712 1278 1767 tria
1336 1706 1661 1765 Christianae
1714 1718 1840 1758 con-

263 1819 515 1875 fessionis
545 1814 615 1847 "9
647 1792 929 1883 principia,
962 1820 1080 1876 quae
1114 1802 1203 1859 hic
1246 1797 1508 1871 praeposui
1536 1795 1626 1859 ⁸³³,
1655 1792 1737 1847 sic
1761 1793 1842 1847 in-

265 1925 451 1981 quam,
476 1908 589 1962 ὶιαιυ
616 1915 670 1960 et
698 1902 863 1958 corde
897 1898 1059 1954 credo
1086 1904 1142 1951 et
1161 1908 1256 1949 ore
1284 1888 1545 1947 confiteor
1571 1894 1634 1940 ut
1661 1892 1842 1940 certus

264 1972 367 2056 sint
396 1998 519 2068 quia
550 1994 859 2064 quicunque
888 1988 1083 2043 horum
1127 1979 1331 2051 aliquid
1362 1991 1564 2047 negare
1585 1972 1840 2038 voluerit,

263 2098 321 2145 et
347 2085 669 2143 nominatim
709 2080 1018 2151 quicunque
1048 2071 1465 2142 blasphemiam,
1493 2079 1655 2136 quam
1681 2076 1842 2133 supra

262 2179 421 2250 posui
446 2191 531 2232 me
548 2174 768 2230 audisse
790 2188 820 2224 ιι
846 2166 1135 2224 Roscelino
1161 2163 1289 2230 diei,
1324 2175 1421 2231 pro
1444 2159 1675 2214 veritate
1697 2168 1845 2211 asse-

268 2272 459 2336 ruerit,
495 2269 612 2324 sive
639 2266 825 2328 homo,
871 2261 985 2318 sive
1033 2256 1279 2328 angelus,
1313 2252 1601 2307 anathema
1640 2256 1757 2311 est;
1790 2255 1846 2301 et

274 2360 645 2420 confirmando
673 2356 874 2419 dicam,
899 2350 1133 2422 quandiu
1179 2347 1233 2403 in
1261 2345 1366 2399 hac
1402 2340 1699 2413 perstiterit
1724 2352 1846 2409 per-

268 2454 490 2517 tinacia,
519 2449 805 2505 anathema
824 2445 916 2501 sit.
940 2441 1175 2500 Omnino
1204 2437 1349 2493 enim
1375 2433 1715 2490 Christianus
1736 2444 1844 2484 non

267 2553 374 2599 est.
403 2541 554 2608 Quod
601 2538 646 2593 si
682 2536 989 2606 baptizatus
1015 2540 1071 2585 et
1101 2530 1247 2584 inter
1270 2525 1612 2582 Christianos
1642 2530 1725 2577 est
1748 2536 1847 2576 nu-

269 2637 454 2701 tritus,
486 2632 631 2689 nullo
658 2631 817 2687 modo
839 2624 1141 2681 audiendus
1170 2628 1287 2687 est;
1320 2633 1423 2674 nec
1450 2616 1556 2672 ulla
1589 2614 1727 2670 ratio
1754 2620 1849 2667 aut

264 2729 353 2784 sui
378 2726 583 2782 erroris
605 2730 689 2779 est
718 2720 785 2776 ab
810 2718 903 2774 illo
931 2715 1216 2787 exigenda,
1247 2719 1341 2767 aut
1379 2718 1580 2767 nostra:
1603 2703 1848 2763 veritatis

272 2820 346 2875 illi
375 2827 459 2873 est
498 2812 833 2878 exhibenda;
874 2810 920 2868 si
952 2823 1102 2877 mox,
1137 2815 1200 2862 ut
1233 2804 1349 2875 ejus
1383 2802 1611 2876 perfidia
1644 2798 1848 2869 absque

270 2908 550 2964 dubietate
608 2901 927 2966 innotuerit,
979 2907 1074 2954 aut
1100 2893 1528 2952 anathematizct
1580 2902 1846 2946 venenum

266 2999 413 3070 quod
444 2995 768 3067 proferendo
810 2989 1081 3053 evomuit,
1114 2994 1209 3042 aut
1248 2980 1735 3040 anathematizetur
1780 2977 1849 3033 ab
1876 2957 1921 3020 C

269 3068 523 3147 omnibus
551 3080 865 3146 Catholicis,
881 3079 981 3133 nisi
1012 3075 1320 3147 resipuerit.
1344 3068 1849 3141 lnsipientissimum

271 3180 419 3235 enim
453 3184 508 3230 et
542 3171 861 3229 infrunitum
908 3168 981 3200 '°°
1010 3175 1116 3231 est,
1159 3172 1380 3236 propter
1413 3170 1852 3227 unumquemque

273 3286 381 3326 non
415 3267 800 3336 intelligentem
833 3259 978 3331 quod
1023 3273 1189 3329 supra
1231 3255 1444 3309 firmam
1479 3260 1689 3321 petram
1718 3246 1850 3303 soli-

274 3361 497 3417 dlssime
522 3357 800 3411 fundatum
823 3360 937 3419 est,
974 3350 1028 3404 in
1075 3346 1383 3404 nutantium
1407 3343 1752 3413 questionum
1779 3337 1849 3370 ⁸⁰ί

277 3465 533 3509 revocare
559 3449 910 3504 dubietatem.
940 3443 1099 3498 Fides
1119 3441 1262 3497 enim
1292 3449 1483 3494 nostra
1510 3443 1703 3492 contra
1750 3432 1852 3486 im-

276 3545 394 3615 pios
422 3542 634 3597 ratione
663 3533 999 3593 defendenda
1025 3540 1137 3596 est;
1188 3543 1294 3583 non
1317 3535 1508 3583 contra
1531 3539 1626 3580 eos
1654 3523 1744 3591 qni
1792 3535 1852 3577 se

276 3612 573 3690 Christiani
601 3626 838 3683 nominis
879 3625 1081 3679 honore
1106 3619 1343 3691 gaudere
1374 3616 1632 3671 fatentur.
1659 3614 1741 3668 Ab
1767 3612 1855 3667 his

276 3724 419 3781 enim
436 3721 582 3791 juste
604 3717 924 3789 exigendum
944 3722 1029 3770 est
1048 3720 1106 3767 ut
1125 3710 1431 3767 cautionem
1457 3708 1510 3762 in
1533 3706 1858 3775 baptismate

280 3816 480 3871 factam
512 3814 836 3869 inconcusse
868 3813 1116 3871 teneant;
1159 3803 1266 3858 illis
1293 3815 1422 3856 vero
1460 3794 1858 3854 rationabiliter

278 3904 674 3962 ostendendum
700 3909 787 3956 est
807 3913 970 3969 quam
1001 3891 1444 3951 irrationabiliter
1488 3903 1587 3943 nos
1614 3898 1857 3942 contem-

279 4003 434 4053 nant.
483 3994 618 4049 Nam
680 3988 1019 4046 Christianus
1087 4000 1186 4055 per
1232 3983 1395 4037 fidem
1452 3977 1613 4036 debet
1660 3976 1727 4032 ad
1779 3975 1861 4029 in-

214 4154 225 4163 ,
287 4088 561 4144 tellectum
603 4083 888 4154 prolicere,
923 4092 1028 4133 non
1055 4090 1152 4147 per
1197 4072 1533 4129 intellectum
1582 4068 1651 4123 ad
1698 4066 1858 4121 fidem

1944 1728 2040 1784 gas
2093 1712 2231 1765 hanc
2291 1707 2503 1762 fidelem
2547 1703 2833 1776 epistolam
2887 1714 3088 1765 meam,
3141 1708 3196 1752 et
3243 1698 3384 1752 inter
3429 1712 3527 1751 cor

1945 1812 2095 1856 tuum
2144 1800 2407 1856 assistens
2459 1811 2642 1852 coram
2694 1793 2945 1850 districto
2992 1789 3211 1859 judice,
3266 1788 3318 1842 in
3372 1786 3528 1855 cujus

1943 1899 2236 1962 conspectu
2263 1903 2480 1960 semper
2503 1903 2584 1952 es,
2619 1894 2922 1957 pertractes
2972 1882 3137 1937 verba
3162 1890 3218 1935 et
3240 1878 3527 1935 consilium

1945 1996 2145 2037 meum.
2176 1979 2331 2046 Quod
2368 1979 2414 2035 si
2443 1978 2628 2048 aliquo
2669 1975 2828 2030 modo
2870 1974 3072 2030 factum
3103 1970 3266 2026 fuerit
3299 1977 3357 2023 ut
3390 1968 3531 2023 alius

1945 2071 2115 2133 illam,
2148 2075 2201 2121 te
2255 2081 2363 2123 non
2402 2066 2657 2121 habente.
2714 2072 2808 2119 aut
2851 2062 3032 2132 legere
3083 2058 3323 2116 nolente.
3362 2057 3526 2128 legat,

1944 2161 2135 2232 adjnro
2157 2176 2283 2217 enm
2313 2173 2413 2229 per
2433 2157 2863 2227 omnipotentem
2893 2152 3061 2208 Deum
3094 2159 3154 2205 ut
3180 2163 3285 2203 non
3314 2150 3532 2206 subtrao

1944 2256 2041 2312 bat
2073 2254 2270 2310 animae
2308 2260 2414 2306 tua:
2453 2248 2671 2305 salubre
2706 2245 3025 2310 consilium;
3079 2243 3175 2299 sed
3226 2243 3369 2297 hanc
3394 2255 3533 2309 pra:—

1946 2349 2171 2403 missam
2210 2358 2389 2401 meam
2420 2340 2717 2410 iussionem
2777 2338 2897 2403 tibi,
2944 2345 3039 2392 aut
3064 2334 3304 2390 audienti
3335 2341 3423 2387 aut
3456 2332 3531 2387 le-

1944 2436 2092 2510 genti
2115 2434 2419 2504 aperiat,'et
2440 2434 2609 2502 ipsam
2631 2427 2913 2501 epistolam
2939 2435 3105 2482 totam
3130 2425 3224 2479 tibi
3246 2423 3528 2494 legendam

1946 2530 2199 2588 exhibeat
2227 2545 2240 2583 :
2272 2526 2413 2598 quod
2462 2526 2507 2582 si
2534 2524 2717 2581 facere
2743 2520 3002 2586 noluerit,
3054 2526 3338 2589 peccatum
3378 2525 3528 2569 tuum

1947 2624 2015 2678 ab
2039 2622 2130 2677 illo
2156 2620 2400 2691 requirat
2421 2616 2581 2682 Deus,
2611 2616 2767 2671 itaut
2795 2612 2939 2668 nulla
2964 2611 3035 2667 sit
3057 2609 3339 2666 excusatio
3369 2607 3421 2661 in
3446 2605 3532 2660 die

1945 2709 2295 2769 revelationis
2361 2707 2495 2779 justi
2538 2704 2728 2775 judicii
2781 2703 2901 2760 Dei.
2953 2703 3259 2770 Antequam
3330 2697 3530 2752 donum

1948 2803 2181 2860 abbatite
2208 2801 2284 2836 ⁵⁸⁸
2314 2800 2618 2870 acciperes,
2670 2795 2915 2851 dicebam
2949 2792 3045 2847 tibi
3089 2800 3145 2846 et
3174 2788 3294 2845 aliis
3322 2795 3532 2844 secrete

1948 2904 2005 2951 et
2027 2893 2260 2966 publice,
2288 2891 2451 2949 corde
2479 2897 2534 2945 et
2558 2903 2675 2953 ore,
2712 2901 2799 2941 me
2832 2882 2976 2941 nolle
3006 2890 3067 2937 ut
3094 2880 3399 2952 acciperes;
3423 2891 3532 2932 non
3588 2898 3595 2905 -

1952 2986 2275 3057 approbare,
2321 2995 2429 3038 non
2477 2977 2761 3035 consulere
2803 2988 3076 3044 nunquam
3104 2972 3213 3039 {me
3251 2984 3371 3025 esse
3395 2981 3534 3037 prae-

1950 3086 2234 3148 cepturum
2270 3094 2284 3130 :
2316 3082 2372 3129 et
2397 3072 2441 3128 si
2485 3072 2605 3127 sine
2643 3068 2888 3138 jussione
2915 3080 3033 3121 mea
3068 3064 3365 3146 acciperes,
3396 3075 3534 3113 nun-

1951 3133 2114 3239 quam
2162 3178 2216 3221 te
2265 3133 2700 3220 benedictionem
2743 3156 2957 3213 abbatis
2997 3153 3067 3208 ab
3112 3133 3222 3207 ullo
3277 3150 3533 3221 episcopo

1952 3274 2074 3316 meo
2103 3272 2327 3314 assensu
2360 3270 2485 3310 esse
2508 3260 2878 3323 accepturum.
2912 3248 2979 3302 Et
3008 3256 3186 3301 tamen
3218 3243 3399 3299 nescio
3423 3258 3533 3313 quo

1954 3365 2187 3421 superno
2210 3347 2418 3420 judicio
2442 3344 2723 3401 celabatur
2751 3339 2884 3396 mihi
2910 3337 3041 3408 quid
3071 3349 3331 3391 sensurus
3357 3349 3535 3398 erant,

1955 3460 2079 3500 cum
2110 3443 2251 3499 idem
2283 3440 2483 3496 donum
2529 3436 2829 3506 acciperes.
2879 3431 2986 3488 Sed
3009 3439 3299 3502 postquam
3335 3427 3537 3482 factum

1952 3544 2038 3591 est
2066 3534 2246 3590 subito
2276 3545 2336 3587 se
2368 3528 2596 3600 ingessit
2637 3526 2786 3583 cordi
2825 3538 2947 3580 meo
2990 3536 3155 3595 grave
3177 3520 3388 3590 pondus
3437 3517 3539 3582 rei,

1954 3636 2009 3684 et
2032 3627 2247 3696 aperuit
2272 3639 2331 3680 se
2357 3620 2601 3679 terribile
2643 3619 2905 3689 judicium
2942 3617 3035 3696 Dei
3072 3633 3088 3671 :
3122 3616 3313 3671 Audivi
3336 3624 3385 3669 et
3409 3627 3537 3668 con—

1954 3716 2194 3769 turbatus
2265 3721 2340 3765 est
2390 3719 2564 3764 venter
2634 3724 2808 3771 meus,
2863 3690 3190 3771 consideravi
3243 3714 3291 3758 et
3350 3701 3538 3772 εωραυί

1956 3805 2187 3877 (Habac.
2219 3817 2300 3869 Ill,
2334 3801 2445 3872 16).
2493 3799 2788 3855 Contritum
2816 3803 2891 3852 est
2933 3812 3025 3851 cor
3060 3812 3236 3850 meum
3283 3797 3339 3849 in
3368 3795 3538 3848 medio

1957 3897 2079 3961 mei,
2111 3900 2533 3951 contremuerunt
2579 3890 2756 3944 omnia
2793 3905 2914 3943 ossa
2953 3904 3069 3942 mea
3098 3887 3234 3958 (Jer.
3267 3901 3428 3951 χχιιι,
3458 3885 3537 3956 9).

1960 3988 2116 4045 Sensi
2148 3980 2669 4056 remgdetestabilem
2713 3993 2834 4036 esse
2886 3993 3069 4035 coram
3119 3978 3251 4043 Deo,
3276 3984 3330 4030 et
3359 3990 3543 4031 coram

1960 4080 2212 4136 omnibus
2251 4076 2570 4133 illuminatis
2614 4075 2682 4129 ab
2713 4088 2800 4128 eo.
2834 4070 2989 4127 Unde
3013 4070 3160 4141 quod
3189 4069 3361 4125 tristis
3386 4069 3541 4131 dico,

282 4182 573 4245 accedere;
604 4184 699 4229 aut
729 4174 774 4227 si
823 4172 1122 4239 intelligere
1170 4182 1280 4223 non
1316 4165 1480 4231 valet,
1505 4178 1533 4217 a
1562 4162 1667 4216 fide
1712 4174 1844 4215 recc

1962 4181 2018 4227 tu
2042 4171 2298 4241 primum,
2325 4177 2381 4225 et
2412 4182 2511 4238 per
2540 4175 2592 4221 te
2632 4172 2779 4220 totus
2819 4171 3003 4215 noster
3031 4161 3189 4224 ordo,
3222 4170 3279 4215 et
3312 4159 3545 4214 maxime

282 4276 430 4331 dere.
460 4271 567 4327 Sed
595 4284 715 4324 cum
747 4267 813 4321 ad
854 4262 1186 4318 intellectum
1231 4258 1373 4313 valet
1411 4255 1739 4328 pertingere,
1768 4252 1844 4307 de

1965 4262 2152 4317 dolens
2184 4269 2240 4316 et
2286 4259 2581 4315 rubcscens
2636 4270 2737 4323 ego
2773 4254 2941 4309 Pater
2971 4260 3118 4316 tuus,
3146 4261 3201 4307 et
3228 4260 3403 4305 mater
3455 4258 3543 4301 tua

285 4364 541 4425 lectatur;
576 4373 697 4414 cum
725 4369 853 4409 vero
882 4351 1088 4422 nequit,
1120 4352 1265 4419 quod
1291 4361 1488 4417 capere
1519 4360 1626 4400 non
1656 4350 1844 4415 potest1

1967 4352 2204 4408 Ecclesia
2250 4358 2462 4415 nostra,
2547 4345 2677 4416 facti
2738 4360 2922 4399 sumus
3004 4341 3308 4412 opprobiunt
3363 4337 3545 4392 vicinis

284 4460 591 4508 veneratur.
625 4446 734 4501 Has
758 4456 936 4499 autem
962 4450 1179 4496 nostras
1206 4439 1414 4493 litteras
1440 4438 1507 4492 ad
1538 4435 1859 4505 pratdictum

286 4544 574 4600 concilium
599 4556 629 4594 a
657 4547 836 4595 vestra
886 4536 1173 4591 sanctitate
1215 4530 1451 4601 portari;
1492 4537 1587 4584 aut
1629 4528 1675 4583 si
1723 4527 1861 4583 forte

288 4653 393 4693 non
441 4633 672 4698 iveritis,
705 4646 799 4701 per
832 4628 1066 4699 aliquem
1098 4625 1165 4683 de
1196 4621 1396 4678 vestris
1445 4620 1755 4676 litterarum
1788 4620 1860 4653 ⁵⁰³

1965 4445 2183 4507 nostris,
2241 4439 2581 4495 subsannatio
2631 4446 2678 4491 et
2725 4436 2903 4489 irrisio
2948 4435 3029 4488 his
3076 4434 3166 4503 qui
3221 4432 3276 4485 in
3323 4430 3546 4484 circuitu

1966 4544 2144 4589 nostro
2175 4543 2294 4587 sunt
2328 4528 2502 4600 (Psal.
2532 4542 2761 4591 Lxxvm,
2783 4526 2841 4596 4)
2873 4543 2887 4579 :
2914 4534 2970 4579 et
2998 4524 3252 4579 omnibus
3280 4520 3548 4576 audienti—

1968 4626 2071 4680 bus
2096 4626 2272 4679 factus
2320 4632 2405 4679 εει
2432 4619 2739 4705 exemplum
2764 4614 3121 4672 dedecorandi
3155 4623 3209 4669 et
3236 4609 3549 4668 destruendi

1583 4709 1813 4767 VARUE
1850 4712 2253 4771 LECTIONES.

358 4820 428 4853 ‘9'
480 4817 799 4874 Christianae
845 4807 1119 4881 religionis
1159 4822 1257 4860 ms.
1290 4803 1614 4881 Christiana:
1657 4804 2012 4881 confessionis
2128 4803 2637 4881 ‘°°_Proposui_ms.
2689 4798 2954 4868 praeposui
3029 4797 3100 4829 ⁵⁰⁰
3131 4796 3398 4850 inﬁnitum
3445 4809 3546 4847 ms.

289 4892 608 4965 infrunitum
678 4886 749 4917 ⁸⁰¹
776 4866 1213 4965 lfund‘autum‘est,
1239 4875 1593 4955 quaestionum
1625 4889 1722 4927 ms.
1757 4873 2033 4965 fundatum
2080 4885 2181 4937 est,
2218 4876 2269 4929 in
2316 4866 2620 4928 nutantium
2649 4866 3004 4939 quazstionum
3106 4868 3175 4897 ⁵⁸⁸
3220 4866 3546 4918 Litterarum

1225 4962 1323 4965 ,,-_
1371 4953 1464 4965 -..Α
1515 4958 1641 4965 -..μη
1675 4951 1731 4965 --ι
1815 4955 2033 4965 -μ-η.μμ
2072 4963 2141 4965 μη
2200 4947 2272 4965 -:_
2333 4952 2542 4965 ---.-_M-
2597 4955 2699 4965 ..ι-ι..
2761 4940 2857 4965 ,ιηῖι
2884 4953 3014 4965 An.”-
3075 4945 3133 4965 ιιι
3196 4935 3546 4965 ΛιιθηιιιιηηΙΙΙΙ

287 4980 388 5015 ms.
424 4964 717 5016 litteratum
793 4954 863 4985 ⁶⁰³
896 4952 989 5004 Sin
1020 4935 1327 5002 autem'nbn
1366 4945 1734 5016 erit_opusgut
1790 4944 2035 5015 legantur
2066 4935 2175 4999 ms.
2196 4947 2277 4999 sin
2331 4952 2544 5007 autem;
2597 4935 2702 4995 non
2758 4940 3017 5007 eritopus
3075 4945 3137 4991 ut
3195 4935 3551 4990 ostendantur

290 5013 600 5087 “ilio—(lata
620 5042 739 5081 cum
764 5022 942 5079 cadent
964 5035 1064 5073 ms.
1138 5017 1208 5048 ⁸⁰⁵
1232 5016 1444 5072 Donum
1477 5013 1703 5067 Abbatis
1726 5030 1826 5069 ms.
1849 5013 2052 5070 donum
2080 5016 2327 5071 Abbatiaa

1512 5104 1793 5163 JOANNIS
1818 5108 2091 5165 PICARDI
2120 5105 2349 5164 NOTAE.

367 5218 477 5299 (δι)
501 5213 852 5299 .Cancili‘uma
876 5204 1181 5299 venerabili;
1211 5200 1383 5299 [11:qu
1435 5198 1648 5299 concilii
1681 5215 1867 5299 russus
1973 5202 2118 5284 bulis
2149 5198 2468 5299 Rbemensis
2492 5195 2950 5299 a‘rchiepiscopor.
2980 5190 3119 5261 apud
3155 5189 3471 5247 Democltar.
3497 5203 3552 5247 et

840 5298 845 5299 ,
883 5296 966 5299 ,μμ
1133 5292 1143 5299 .
1282 5291 1306 5299 η
1335 5285 1552 5299 num-..“
1584 5284 1705 5299 nnnn
1780 5286 1840 5299 nn
1976 5289 2029 5299 ...
2063 5272 2197 5299 ...ἀ-,ζ
2224 5272 2342 5299 ..ι-ιη
2390 5284 2495 5299 nun
2559 5269 2671 5299 :ncn
2697 5281 2838 5299 nnnn
2866 5263 2944 5299 cui
2994 5262 3526 5299 mnlilinnlnc-tomin

294 5262 850 5372 metnibitﬁnselmus
875 5296 994 5359 cap.
1028 5277 1081 5341 l,
1101 5276 1203 5372 ιιι).
1234 5262 1310 5327 De
1334 5271 1706 5326 incarnatione
1736 5271 1868 5324 Ver-
1976 5273 2029 5326 in
2063 5272 2361 5372 privile'gio,
2390 5271 2529 5337 quod
2559 5269 2671 5335 ipse
2684 5262 2838 5318 anno
2865 5263 2944 5317 sui
2994 5262 3548 5330 pontiticatustertio.

417 5359 434 5372 .
516 5359 527 5372 ι
606 5370 627 5372 ,_
666 5369 808 5372 ﬂ-“
854 5360 1012 5372 -.__..,.
1065 5362 1089 5372 ,ι
1158 5359 1315 5372 mm...
1365 5349 1539 5372 ηνυιηι
1578 5340 1640 5372 Ιίἰ
1693 5340 1865 5372 Ιυηηίο
1976 5343 2198 5372 Μιηιηιςι
2284 5341 2572 5372 ιιηιιιιηιιίηη
2600 5335 2840 5372 αηριιιιιὶη
2885 5333 3063 5372 altlmli
3096 5330 3277 5372 Rnnnli
3328 5330 3548 5372 "nbat-Ii

295 5330 375 5416 bi.
406 5352 813 5428 Archiepiscopi
849 5330 1036 5428 etaim,
1155 5359 1317 5428 quem
1364 5340 1651 5428 exstat
1693 5340 1868 5428 ltlo‘nis
1974 5330 2204 5428 qon‘tnlit
2235 5330 2840 5422 Theoderico-secundo
2883 5333 3064 5387 abbati
3096 5330 3278 5384 Sancti
3326 5330 3551 5387 Hnberti

295 5410 645 5485 Carnutensi's
674 5410 922 5493 epistola,
951 5418 1039 5471 ubi
1069 5410 1231 5539 Ks’icut
1276 5415 1331 5469 in
1380 5410 1682 5482 praefatiou.
1734 5412 1863 5466 libr.
1976 5411 2365 5467 Ardennensis.

303 5497 540 5539 Ancplm-
574 5496 649 5539 De
677 5490 1048 5539 incarnatione
1125 5485 1261 5539 erbil
1284 5491 1507 5538 vocatur
1552 5480 1866 5539 Rainaldus.
2051 5484 2164 5539 (52)
2191 5482 2365 5535 Archit

295 5497 541 5576 An_selm_.
574 5470 1048 5576 Deniricarnatioqe
1073 5470 1261 5568 Verbi)
1283 5470 1507 5567 vocatur
1530 5480 1866 5576 ‘Rainaldqus,
2051 5484 2164 5576 (ξιξ)
2191 5482 2647 5576 Archiepiscopum
2676 5474 2883 5576 quidherm
2912 5470 3268 5539 Lanfrancum
3299 5474 3402 5525 vita
3436 5473 3554 5540 ejus

935 5575 944 5576 ,
1043 5572 1179 5576 H-___
1256 5569 1328 5576 --Α
1361 5568 1496 5576 μη...
1553 5565 1631 5576 Α...
1681 5570 1730 5576 -..
1813 5569 1836 5576 -
1979 5569 2063 5576 μ.-.
2093 5554 2154 5576 ιε-
2190 5569 2242 5576 ..-
2267 5552 2442 5576 :-:--:-
2473 5559 2594 5576 μη.-
2651 5557 2734 5576 ..ιιι
2836 5543 2980 5576 again
3005 5557 3108 5576 mm
3141 5543 3312 5576 rpnnlu
3343 5543 3429 5576 Ιιίιι
3454 5556 3551 5576 nA-

299 5543 606 5641 's'éit'iiiii'uE
623 5543 952 5623 Ῑῖἷῖιῖδῖἀιιῐῐι
982 5557 1217 5624 dixeris;
1244 5549 1331 5612 ’δίο
1356 5554 1499 5611 enim
1530 5550 1633 5623 legi
1681 5554 1734 5611 in
1764 5543 1868 5609 Ta;
1977 5543 2157 5608 multis
2189 5543 2443 5622 religiosis
2473 5543 2619 5617 nota,
2650 5543 2757 5605 etc.
2789 5543 2980 5601 Nescio
3005 5557 3111 5611 qua
3141 5543 3315 5599 fronte
3341 5543 3431 5599 hic
3453 5556 3553 5598 ne-

539 5657 812 5718 PATBOL.
848 5649 1116 5712 CLVIII.
3030 5633 3109 5694 38
