3898 6052
417 137 554 196 1195

980 135 1042 192 S.
1080 123 1380 190 ANSELMI
1407 129 1758 189 CANTUAR.
1792 130 2109 189 ARCIIIEP.
2139 131 2289 189 OPI’.
2322 132 2503 190 PARS
2536 133 2621 190 Ill.
2659 163 2724 175 --
2761 131 3149 191 EPISTOLJE.‘

3550 114 3699 191 usit

426 254 722 312 Ecclesiam
749 248 864 316 Del,
884 249 1035 319 cujus
1062 250 1136 305 rei
1163 258 1215 305 te
1236 248 1412 304 fecisti
1440 247 1763 320 principium
1791 254 1845 302 ct
1867 246 2013 316 prin-
2040 257 2086 314 Α
2116 247 2389 302 abhatiam
2420 263 2518 319 per
2537 248 2936 314 rectitudinem,
2999 248 3091 318 qui
3121 261 3242 305 .nou
3273 249 3441 303 Intrat
3470 265 3575 319 per
3605 265 3695 306 re-

414 349 587 417 cipem
626 343 826 399 nostris
854 341 1187 413 temporibus
1215 340 1268 394 in
1295 341 1400 395 hac
1429 339 1627 410 patria.
1661 337 1883 394 Sustine
1912 352 1999 392 me

415 437 496 492 sic
521 435 758 508 graviter
810 432 1144 502 loquentem,
1182 429 1277 498 lili,
1330 432 1459 500 quia
1516 445 1622 484 non
1654 445 1742 485 me
1775 427 2001 499 impellit

417 528 571 583 furor
610 541 675 582 ex
703 524 848 590 odio,
880 522 976 577 sed
1003 521 1147 592 cogit
1180 536 1264 576 me
1292 521 1446 576 dolor
1486 535 1549 576 ex
1599 534 1808 576 amore.
1850 519 2000 575 Desi-

416 619 569 673 derat
605 616 747 671 enim
782 614 953 671 tristis
993 612 1162 668 frater
1208 612 1498 668 subvenire
1546 611 1794 683 pereunti
1842 609 1999 665 fratri

416 725 545 775 suo;
591 709 809 764 festinat
860 715 1098 763 tremens
1146 714 1334 775 pastor
1380 716 1577 759 eruere
1630 702 1695 757 de
1754 695 2000 756 faucibus

417 800 591 855 leonis
613 815 770 855 ovem
802 797 1066 853 tremendi
1108 796 1314 851 domini
1355 795 1459 851 sui.
1510 794 1864 864 Prosequitur
1905 796 2000 849 do-

416 892 533 945 lens
562 898 714 960 pater
740 897 798 941 ut
830 896 1044 943 revocet
1082 886 1134 940 in
1175 885 1446 941 infernum
1483 892 1865 955 properantem
1904 884 2000 939 do-

413 980 633 1035 iendum
692 978 858 1033 lilium
886 993 1063 1033 suum.
1098 975 1230 1032 Redi
1258 989 1409 1044 ergo,
1445 975 1558 1030 redi
1589 979 1656 1029 ad
1679 990 1813 1039 cor;
1847 984 1996 1029 tuum

416 1072 488 1104 ⁸⁸⁸
514 1073 723 1127 discute
767 1070 992 1135 factum,
1018 1078 1073 1124 et
1123 1077 1353 1124 concute
1400 1075 1637 1122 mentem
1702 1075 1877 1131 tuam;
1913 1081 2000 1121 re-

421 1168 659 1240 probasti
716 1166 1001 1222 consilium
1050 1177 1334 1228 mttruum,
1363 1171 1417 1218 et
1458 1161 1680 1217 tenuisti
1701 1156 1998 1217 ’consilium

418 1258 728 1327 reprobum.
776 1255 908 1336 Nam
964 1255 1219 1308 Dominus
1274 1254 1511 1325 reprobat
1541 1253 1707 1324 358
1779 1252 1999 1306 consilia

415 1348 728 1417 principum,
752 1346 1025 1400 consilium
1040 1356 1211 1399 autem
1232 1345 1440 1399 Domini
1462 1355 1633 1399 manet
1662 1347 1715 1398 in
1743 1356 1998 1398 a’ternum

416 1437 589 1510 (Paul.
622 1455 794 1504 χχιιι,
843 1438 950 1508 10).
1001 1436 1117 1493 Non
1171 1439 1316 1493 enim
1350 1450 1417 1492 'te
1474 1438 1604 1493 fecit
1632 1437 1702 1468 ⁸⁸⁷
1749 1436 1997 1491 abbatem

416 1534 665 1589 Christus
694 1533 898 1588 veritas
965 1533 1057 1599 ⁸³⁸,
1113 1534 1207 1587 sed
1251 1542 1338 1586 tua
1372 1532 1661 1601 cupiditas,
1695 1539 1751 1585 et
1811 1545 1997 1585 eorum

2100 336 2342 407 gularem
2387 337 2713 393 electionem
2767 346 2822 394 et
2863 352 2960 407 per
2998 337 3384 392 obedientiam.
3440 337 3563 394 Non
3643 350 3698 396 te

2100 441 2348 483 excuses.
2400 426 2555 482 Dices
2589 428 2721 493 mihi
2756 445 2771 481 :
2802 427 2927 482 Non
2959 427 3152 482 intraui
3185 443 3279 496 per
3310 428 3694 495 obedientiam,

2100 519 2223 590 quia
2247 534 2353 573 non
2370 519 2702 589 prohibuisti.
2750 518 2968 576 Sufficit
3002 519 3071 575 ad
3102 519 3484 575 removendam
3523 524 3696 577 recti-

2103 609 2366 676 tudinem,
2390 610 2516 680 quia
2547 625 2655 665 non
2686 624 2783 681 per
2804 609 3168 667 obedientiam
3198 611 3456 666 introisti.
3486 613 3692 669 Verum

2100 709 2183 757 est
2212 702 2339 772 quia
2367 717 2474 759 non
2502 702 2637 769 dixi,
2664 703 2954 774 prohibeo,
2986 711 3076 758 aut
3103 704 3363 776 praecipio
3390 720 3460 760 ne
3491 705 3686 762 facias.

2100 791 2362 847 Videbam
2392 793 2536 848 enim
2566 792 2887 865 intelligenti
2916 793 3171 851 suilicere
3192 796 3317 865 quia
3345 797 3685 854 incessanter

2100 880 2345 936 dicebam
2380 899 2394 936 :
2428 883 2542 937 Non
2574 883 2704 943 vult.
2742 898 2848 938 non
2890 885 3155 955 approbat
3197 899 3294 941 cor
3337 901 3548 953 memn,
3579 904 3683 944 non

2099 971 2351 1036 consulit,
2378 988 2482 1027 non
2523 974 2787 1043 praecipit,
2835 988 2936 1030 nec
2989 975 3267 1046 prmeipiet
3301 992 3364 1033 os
3390 992 3597 1033 meum.
3628 983 3684 1034 Si

2102 1064 2380 1134 acceperis
2428 1065 2547 1120 sine
2598 1080 2720 1119 mea
2759 1065 3003 1136 jussione
3054 1067 3346 1133 abbatium,
3406 1087 3684 1140 numquam

2102 1152 2328 1208 habebis
2358 1153 2426 1208 ab
2448 1154 2858 1227 archiepiscopo
2910 1156 3363 1213 benedictionem.
3390 1158 3511 1214 Non
3539 1163 3682 1216 enim

2102 1240 2261 1295 debet
2288 1242 2586 1297 monachus
2616 1255 2936 1314 exspectare
2959 1245 3072 1300 oris
3103 1247 3414 1317 imperium,
3456 1250 3504 1303 si
3533 1252 3686 1304 novit

2103 1330 2436 1386 voluntatem
2464 1332 2676 1388 abbatis
2696 1334 2801 1399 sui,
2831 1343 2924 1388 aut
2968 1335 3275 1390 consilium.
3307 1335 3367 1391 Si
3414 1354 3547 1409 ergo
3575 1356 3683 1393 non

2103 1422 2343 1479 inStrasti
2373 1437 2472 1493 per
2504 1426 2727 1493 ostium,
2765 1442 2932 1496 gravo
2981 1428 3114 1482 mihi
3150 1435 3236 1483 est
3260 1427 3471 1495 dicere;
3495 1425 3591 1483 sed
3624 1442 3683 1483 tu

2102 1518 2387 1572 considera
2418 1528 2473 1572 et
2510 1518 2769 1589 intellige,
2792 1535 2954 1589 quem
3008 1529 3059 1575 te
3093 1521 3334 1577 nominet
3358 1523 3589 1588 veritas,
3616 1525 3685 1578 ad

417 1624 508 1695 qui
558 1640 662 1679 non
707 1624 1014 1695 percipiunt
1042 1638 1163 1693 qua:
1208 1622 1303 1677 Dei
1352 1630 1479 1676 sunt
1549 1620 1997 1679 temeritashble-

2105 1608 2231 1678 quid
2261 1618 2312 1665 te
2335 1609 2548 1665 venisse
2572 1618 2821 1665 testetnr.

417 1721 600 1769 mento
620 1715 747 1786 quia
776 1715 866 1785 qui
896 1731 998 1769 non
1026 1715 1186 1767 intrat
1215 1730 1307 1783 per
1330 1716 1519 1768 ostium
1546 1713 1600 1767 in
1621 1712 1754 1768 ovile
1783 1714 1958 1767 ovium
1981 1753 1996 1779 ,

414 1807 506 1861 sed
532 1799 763 1860 ascendit
791 1805 1025 1868 aliunde,
1054 1803 1141 1860 ille
1168 1806 1257 1876 fur
1283 1816 1358 1861 est
1383 1816 1431 1860 et
1458 1805 1595 1860 latro
1618 1821 1638 1860 :
1667 1806 1757 1876 fur
1782 1822 1883 1860 non
1906 1822 1989 1860 re-

420 1899 496 1954 nit
519 1900 698 1953 nisiut
731 1899 959 1969 furatur,
984 1909 1031 1954 et
1071 1908 1280 1965 mactet,
1310 1908 1359 1953 et
1382 1899 1567 1969 perdat
1584 1897 1777 1970 (Joan.
1812 1912 1869 1965 ι,
1904 1897 1993 1969 1);

418 1989 491 2045 ftli
522 1990 618 2054 mi,
649 2006 754 2045 non
784 1990 994 2045 intrasti
1026 2005 1125 2061 per
1171 1990 1390 2054 ostium,
1425 1990 1551 2060 quia
1604 2004 1713 2045 non
1752 1989 1996 2045 instrasti

419 2096 516 2153 per
568 2081 865 2137 Christum.
917 2081 1034 2137 Non
1087 2082 1304 2137 intrasti
1354 2096 1453 2151 per
1505 2081 1807 2148 Chriswm,
1869 2081 1994 2151 quia

421 2188 528 2228 non
582 2188 677 2244 per
738 2174 1045 2230 veritatem.
1101 2171 1216 2227 Non
1246 2187 1345 2242 per
1367 2173 1686 2237 veritatem,
1743 2171 1995 2242 quianon

417 2274 515 2332 per
579 2262 977 2318 rectitudinem.
1011 2259 1148 2316 '1\’on
1196 2260 1341 2316 enim
1393 2258 1562 2315 intrat
1601 2260 1902 2315 monachus
1940 2258 1994 2313 in

2561 1709 2890 1767 EPISTULA
2927 1710 3086 1766 XLIII
3122 1712 3215 1767 ⁸⁰⁹.

2595 1819 2665 1858 Δί)
2700 1818 3187 1860 ιγλιιυιιεοιειωωι.

2101 1916 2329 1989 Aﬁiictos
2357 1916 2414 1971 in
2442 1915 2788 1989 tribulatione
2810 1914 3134 1971 consolatur.
3160 1915 3228 1970 Et
3253 1917 3393 1988 quod
3420 1934 3690 1989 nusquam

2207 1986 2522 2041 consenserit
2550 1996 2605 2040 ut
2649 1986 2976 2056 Lanfrancus
2996 2003 3180 2042 eorum
3212 1986 3371 2041 abbas
3397 1986 3576 2057 ﬁeret.

2173 2078 2399 2134 Domnis
2419 2086 2474 2134 et
2489 2073 2749 2133 fratribus
2772 2078 3129 2140 charissimis,
3147 2079 3343 2133 domno
3358 2079 3688 2143 (Ieiuno,

2102 2169 2267 2242 priori
2299 2169 2611 2224 monasterii
2638 2168 2698 2222 S.
2730 2166 3135 2239 Wandregisilii
3182 2168 3297 2240 (⁸55)
3325 2179 3382 2224 et
3415 2168 3539 2225 aliis
3563 2186 3687 2224 mo-

2104 2257 2292 2313 nachis
2312 2257 2554 2329 ejusdem
2582 2256 2919 2324 monasterii,
2952 2257 3044 2328 qui
3073 2271 3198 2314 eum
3241 2273 3308 2313 eo
3333 2270 3478 2327 sunt,
3509 2260 3690 2315 frater

1696 2349 1931 2405 VARIAE
1968 2348 2372 2406 LECTIONES.

491 2448 564 2481 '“
587 2445 672 2503 Ad
714 2462 838 2514 cor;
899 2454 1049 2516 tuum
1078 2462 1178 2501 ms.
1234 2445 1300 2502 ad
1342 2459 1439 2503 cor
1470 2452 1618 2501 tuum
1672 2443 1740 2476 ⁸⁸⁷
1771 2443 1847 2499 Te
1868 2440 2000 2498 facit
2026 2458 2128 2497 ms.
2158 2451 2212 2500 te
2236 2440 2367 2498 fecit
2437 2439 2507 2474 ⁸⁸⁸
2536 2439 2786 2499 Christus
2809 2441 3052 2499 veritatis
3074 2460 3172 2499 ms.
3196 2441 3453 2501 Christus
3478 2445 3690 2503 veritas

1585 2582 1868 2642 JOANNIS
1900 2582 2176 2640 PICARDI
2208 2581 2437 2640 ΝΟΤᾸΞ.

415 2519 491 2561 ⁸⁸⁸
524 2517 734 2575 Collata
763 2534 883 2573 cum
907 2520 1087 2573 eodem
1108 2533 1207 2571 ma.

418 2682 549 2753 bqu
570 2679 961 2753 (Rosceliaum)
988 2680 1108 2737 dico
1127 2692 1291 2735 ausus
1309 2678 1380 2753 sit
1398 2674 1784 2753 Lanfratieutn,
1812 2677 1991 2732 virum

418 2747 659 2822 alioquin
710 2747 1261 2823 integerrimum,_ne
1312 2747 1603 2823 leviuscule
1642 2747 1855 2823 quidem
1878 2763 1997 2823 bsu-

424 2814 671 2893 spec'tum
704 2814 997 2893 haereseos,
1023 2814 1131 2893 imo
1161 2820 1437 2893 hrcreseon
1458 2814 1689 2893 hostem
1719 2814 2001 2893 infestissi:

420 2888 594 2957 nium,
626 2900 733 2946 tam
757 2891 936 2962 gravis
960 2890 1277 2962 insimulare
1296 2889 1541 2962 erroris._
1557 2888 1777 2962 Verum,
1802 2888 1996 2962 ecquid

422 2977 529 3016 non
560 2956 834 3016 audeat'in
866 2962 1011 3015 viros
1060 2960 1450 3024 sanctissimos,
1500 2960 1545 3013 si
1575 2974 1701 3019 eum
1740 2959 1856 3029 ipso
1886 2956 1997 3029 Deo

420 3032 699 3103 gigantum
729 3047 881 3087 more
909 3030 1113 3103 bellare
1133 3045 1239 3085 non
1283 3029 1520 3103 dubitet?
1549 3029 1699 3086 Licet
1722 3028 1911 3103 autem
1935 3028 1999 3082 fi-

2106 2677 2382 2748 hominem
2410 2674 2641 2748 similem
2667 2673 2832 2748 nobis
2845 2675 3150 2748 hominem,
3179 2677 3232 2732 in
3264 2678 3515 2748 prmdicta
3556 2695 3685 2737 sen-

2106 2747 2273 2803 tentia
2302 2746 2524 2801 minime
2554 2746 2846 2802 retulisset.
2883 2764 2901 2797 ι
2948 2744 3289 2803 Lnufrancus
3324 2758 3522 2811 autem,
3556 2758 3684 2806 cuin

2106 2818 2249 2873 dicat
2278 2817 2362 2871 his
2385 2819 2436 2870 in
2474 2815 2605 2871 locis
2642 2813 2915 2870 Christum
2945 2817 2998 2871 in
3026 2818 3215 2873 eadem
3247 2834 3473 2887 persona
3506 2821 3688 2875 humi.

2104 2904 2228 2959 nem
2247 2900 2433 2941 verum
2464 2887 2742 2954 Deumque
2776 2892 2964 2959 verum
3004 2888 3069 2941 ei
3084 2902 3302 2959 quoque
3329 2890 3428 2943 soli
3471 2892 3688 2946 tribuat

2104 2957 2366 3039 humana:
2382 2964 2589 3039 natura:
2615 2957 3377 3039 assumptionem,_mauifeste
3397 2964 3692 3039 proﬁtetur

2104 3028 2278 3084 solum
2308 3027 2584 3084 Christum
2613 3025 2780 3082 fuisse
2804 3025 3178 3092 incarnattim;
3223 3030 3315 3085 sed
3342 3025 3411 3085 et'
3430 3044 3555 3085 cum
3589 3033 3691 3086 di-

545 3111 599 3155 οι
628 3103 925 3158 auctoritas
953 3101 1356 3179 Anselmisatis
1384 3100 1522 3171 apud
1559 3115 1751 3179 euntes
1795 3098 1997 3179 Catho-
2025 3088 2067 3146 C
2100 3108 2188 3156 cat
2213 3099 2264 3179 i_n
2292 3099 2478 3179 eadem
2512 3111 2762 3179 persona_
2784 3112 2971 3179 verum
3016 3088 3193 3179 fuisse
3220 3099 3379 3153 Deum
3400 3138 3428 3179 ,_
3469 3116 3538 3155 ac
3577 3115 3689 3179 se—

420 3171 555 3227 licos
576 3179 807 3243 purgent
833 3173 1148 3243 magistrum
1184 3172 1252 3243 de
1271 3169 1483 3240 objeeto
1512 3169 1762 3243 crimine,
1790 3170 1997 3243 gratior

423 3238 607 3297 tamen
635 3238 1059 3312 “potentioi'tme
1116 3240 1285 3297 fuerit
1337 3238 1581 3312 purgatis
1615 3256 1701 3312 ex
1754 3238 1993 3312 ejusdem

423 3313 604 3369 verbis
633 3310 925 3369 Lanfranci
965 3310 1162 3375 elicita,
1205 3310 1366 3381 quam
1413 3310 1811 3381 praestabimus,
1847 3310 1996 3381 prius

420 3384 594 3452 posita
630 3381 901 3439 Roscelini
955 3379 1327 3448 conclusione,
1366 3379 1525 3451 quam
1572 3379 1654 3452 sic
1707 3379 1996 3435 Anselmus

420 3450 606 3508 refert.
644 3472 662 3504 ι
710 3452 1027 3509 Roscelinus
1053 3453 1284 3508 clericus
1308 3450 1439 3506 dicit.
1480 3452 1534 3505 in
1570 3450 1679 3504 Deo
1722 3458 1833 3504 tres
1866 3463 1992 3517 per-

417 3534 580 3577 sonas
605 3537 728 3577 esse
752 3533 863 3579 tres
893 3537 981 3578 res
1008 3523 1081 3577 ab
1112 3522 1342 3576 invicem
1366 3532 1667 3589 separatas,
1698 3521 1841 3574 sicut
1868 3526 1995 3573 sunt

420 3602 536 3648 tres
554 3592 755 3662 angeli.
789 3593 863 3649 ita
903 3602 1088 3662 tamen
1125 3601 1193 3662 ut
1215 3607 1320 3644 una
1346 3588 1696 3646 sit’voluntas
1734 3596 1791 3644 et
1815 3596 1992 3662 pote-

423 3672 560 3726 stas,
590 3658 687 3717 aut
720 3661 934 3717 Patrem
976 3670 1031 3716 et.
1056 3659 1317 3729 Spiritum
1354 3669 1602 3715 sanctum
1646 3672 1767 3714 esse
1814 3658 1992 3729 incar-

418 3745 625 3793 natum,
650 3740 704 3787 et
732 3741 841 3787 tres
867 3732 996 3786 deos
1031 3744 1155 3786 vere
1184 3729 1288 3784 dici
1317 3743 1491 3799 posse.
1517 3730 1563 3783 si
1591 3743 1721 3799 usus
1743 3728 1993 3784 admitte-

417 3811 519 3867 ret,
542 3821 562 3855 ι
585 3802 871 3858 Lanfrauci
893 3802 1071 3857 verbis
1087 3800 1235 3856 hisce
1250 3798 1662 3854 ad’Bainaldum
1685 3798 1995 3853 Pietavien-

418 3887 531 3943 seru
545 3873 832 3943 scribentis
844 3872 1043 3943 Poterit
1057 3872 1220 3943 impia
1237 3869 1508 3943 Roscelini
1524 3867 1799 3925 conclusio
1809 3867 1990 3943 dejici.

420 3962 440 3995 ι
470 3941 732 3999 Dominus
747 3940 1166 3998 JesiisChristus
1195 3940 1248 3995 iu
1272 3942 1460 3996 eadem
1479 3954 1707 4008 persona
1733 3954 1890 3994 verus
1905 3940 1995 3993 ho-

417 4028 533 4075 mo,
564 4023 619 4069 et
644 4028 804 4068 verus
829 4014 996 4074 Deus,
1030 4010 1326 4066 secundum
1355 4008 1741 4064 humanitatem
1762 4010 1993 4077 'quidem

414 4083 667 4150 esurivit,
694 4083 884 4148 sitivit,
907 4092 1240 4151 exterasque
1266 4081 1514 4135 humana:
1544 4087 1747 4134 naturae
1768 4080 1994 4134 inlirmi-

414 4164 557 4209 tates
575 4155 899 4209 assumendo
925 4152 1197 4208 hominem
1234 4159 1430 4221 praeter
1454 4159 1732 4221 peccatum
1785 4164 1993 4205 assum-

414 4225 556 4292 psit;
578 4224 872 4279 secundum
902 4219 1250 4279 divinitatem
1279 4236 1427 4292 vero,
1456 4219 1562 4291 qua
1594 4219 1744 4292 Patri
1783 4230 1839 4292 et
1869 4220 1994 4290 Spi—

416 4289 540 4350 ritui
589 4302 777 4350 sancto
826 4309 923 4362 per
968 4294 1149 4348 omnia
1198 4289 1577 4363 aequalisest,
1613 4289 1747 4363 nihil
1794 4289 1988 4363 horum

414 4363 690 4419 sustinuit.
726 4383 746 4417 ι
785 4359 853 4418 Et
883 4370 1199 4433 post‘pauca
1239 4359 1309 4416 ξι
1350 4359 1673 4433 Unigenitus
1712 4360 1891 4415 Patris
1912 4360 1987 4415 ita

411 4435 467 4488 in
491 4435 749 4489 mundum
776 4432 922 4489 venit
950 4443 1010 4489 ut
1035 4432 1217 4489 tamen
1242 4448 1272 4487 a
1296 4441 1530 4502 paterno
1546 4432 1669 4487 sinu
1708 4444 1983 4502 nunquam

410 4505 790 4577 discederet.)
825 4504 894 4560 Et.
916 4513 1038 4577 post
1062 4519 1281 4577 pauequ
1306 4501 1338 4554 ⁷(
1369 4501 1482 4577 11ρο
1505 4501 1790 4557 locutionis
1825 4502 1988 4577 modo

411 4576 656 4645 superius
710 4569 934 4630 dictum'
954 4569 1215 4643 estfquia
1246 4571 1759 4645 hominiassumpto
1790 4587 1819 4626 a
1844 4569 1986 4625 Filio

411 4641 506 4715 Dei
542 4645 681 4715 ictus
709 4653 765 4699 et
790 4645 1012 4715 vulnera
1038 4641 1295 4715 impetum
1326 4642 1602 4715 passionis
1640 4641 1921 4715 aberrent.
1960 4660 1980 4693 ι

411 4713 704 4785 Tertioque
734 4730 749 4769 :
785 4732 806 4785 ι
842 4714 1090 4785 Alioqui,
1112 4711 1460 4785 'siprteiatus
1494 4714 1684 4767 doctor
1720 4711 1805 4784 (D.
1840 4711 1988 4766 Hilu-

407 4785 549 4839 rium
604 4784 994 4840 Pictaviensem
1062 4784 1316 4853 intelligit
1370 4797 1644 4853 quemque
1716 4791 1910 4853 purgat
1953 4795 1985 4836 a

405 4852 722 4926 Gaianismo
768 4855 1152 4926 Berengarium
1196 4852 1682 4926 sacramentarium
1728 4852 1987 4923 congesto

408 4925 464 4997 in
507 4927 755 4997 eumdem
809 4924 1098 4997 Hilarium)
1134 4932 1331 4997 contra
1369 4924 1613 4997 ouinium
1668 4934 1986 4997 sanctorum

408 4995 627 5051 Patrum
656 4996 1021 5052 deﬁnitionem
1039 5037 1054 5061 ,
1076 4993 1295 5050 carnem
1320 4993 1687 5049 insensibilem
1711 5002 1767 5049 et
1789 4994 1993 5049 doloris

405 5077 682 5139 expertem
712 5066 933 5137 intelligi
968 5067 1256 5132 voluisset,
1295 5072 1634 5135 assumptum
1660 5079 1691 5119 a
1720 5063 1857 5120 Filio
1894 5064 1989 5121 Dei

477 5249 592 5323 ('53)
631 5247 812 5323 Sancti
842 5248 1242 5321 Wandregisili.
1270 5250 1326 5306 Id
1360 5250 1731 5323 emnobjisic‘
1753 5247 1824 5323 ab
1866 5248 1984 5323 ejus

2100 3170 2337 3239 omnium
2362 3165 2700 3223 divinitatem
2738 3165 2905 3223 fuisse
2928 3184 3023 3239 per
3052 3169 3225 3224 omnia
3257 3170 3525 3239 aequalem
3577 3170 3692 3225 Pa.

2100 3238 2169 3293 tri
2214 3246 2269 3294 et
2306 3236 2536 3306 Spiritui
2571 3247 2763 3292 saneto
2788 3278 2805 3303 ,
2834 3236 2943 3297 non
2991 3239 3219 3294 obscure
3246 3236 3405 3295 docet
3454 3240 3689 3298 minimc

2096 3308 2202 3381 diei
2227 3324 2387 3379 posse
2415 3318 2523 3364 tres
2562 3309 2711 3381 deos.
2735 3308 2967 3381 _E_t_euim
2997 3325 3119 3364 cum
3162 3311 3369 3381 immeri
3395 3310 3464 3365 ad
3505 3312 3685 3381 signi-

2098 3377 2362 3434 ﬁcandam
2394 3392 2572 3432 rerum
2596 3377 3042 3447 tnultiplicitatem
3076 3380 3274 3433 fuerint
3297 3377 3683 3447 institutian

2097 3447 2353 3531 quidjani
2382 3448 2599 3531 unicnn'qt
2632 3449 2923 3531 repereris,
2951 3450 3123 3531 otiosa
3149 3451 3505 3531 prorsus_erit
3536 3453 3680 3531 tnui-

2096 3517 2380 3587 tiplicatio.
2422 3518 2493 3571 At
2519 3518 2768 3574 Christus
2795 3532 2826 3572 a
2862 3517 3166 3574 Lanfranco
3191 3522 3487 3575 secundum
3532 3524 3684 3577 divi-

2094 3592 2317 3660 nitatem
2349 3602 2448 3658 per
2484 3590 2663 3644 omnia
2692 3588 2916 3657 azqualis
2942 3589 3088 3645 Patri
3118 3601 3175 3647 et
3209 3590 3435 3660 Spiritui
3460 3603 3686 3658 sancto,

2097 3658 2202 3732 hoc
2229 3669 2309 3732 est
2321 3701 2336 3723 ,
2365 3659 2750 3732 prorsusidcm
2788 3660 3052 3732 greditur,
3077 3658 3419 3732 egest—jnxta
3460 3665 3688 3732 symlm.

2096 3727 2204 3782 lum
2225 3727 2502 3783 Athanasii
2530 3744 2546 3782 ε
2576 3727 2761 3795 Qualis
2787 3728 2947 3785 Pater
2974 3731 3095 3786 talis
3116 3730 3302 3795 Filius,
3335 3732 3457 3787 talis
3487 3727 3689 3798 'Spiti-

2097 3798 2761 3871 tus_sanctus.r_Natnram
2807 3801 2970 3871 igitur
3010 3817 3237 3857 numero
3279 3804 3534 3864 eamdem,
3572 3802 3685 3856 Ro-

2094 3868 2328 3927 seeIinus
2352 3869 2530 3938 impiis
2568 3868 2857 3939 aciniquis
2902 3871 3147 3927 distinxit
3191 3872 3434 3929 calculis.
3482 3872 3684 3929 Extm-

2094 3955 2241 3995 mum
2263 3955 2478 4009 quoque
2509 3939 2729 3996 etlatum
2763 3940 3081 4008 Laufranei,
3111 3942 3364 4009 dicentis,
3406 3944 3487 3999 sic
3539 3942 3680 3998 Uni-

2094 4011 2333 4080 genitum
2384 4010 2561 4064 Patris
2610 4011 2663 4065 in
2712 4012 2967 4065 mundum
3021 4012 3257 4075 venisse,
3300 4025 3358 4067 ut
3409 4023 3596 4068 tamen
3650 4032 3679 4066 λ

2094 4089 2320 4162 paterno
2343 4080 2463 4162 sinu
2485 4080 3130 4162 ἰιιιιιιιιιιιιιι.ςὶἰδιεοεςιιιιυξιἱ
3159 4083 3320 4151 plane
3341 4085 3684 4139 demonstrat

2095 4150 2454 4220 iuseperatam
2484 4150 3005 4221 inseparabilemque
3023 4150 3327 4208 divinarum
3353 4164 3682 4208 naturarum

2094 4222 2506 4291 connexioneut.
2536 4220 2690 4286 Quod
2732 4222 2875 4274 enim
2918 4220 2984 4275 ab
3014 4222 3123 4277 alio
3152 4240 3423 4291 nunquam
3451 4238 3686 4291 separa-

2096 4240 2506 4276 COHIIBXIOIIBIII.
2536 4240 2690 4286 υυοα
2732 4240 2875 4274 CIIII"
2918 4240 2984 4275 1111
3014 4240 3123 4277 alio
3152 4240 3259 4277 111111
3301 4240 3423 4277 1111111
3451 4240 3683 4291 separa-

2096 4298 2204 4363 tur,
2233 4291 2354 4358 quis
2390 4290 2674 4345 inlirmans
2704 4291 2846 4363 dicat
2873 4294 3219 4363 separatum?
3261 4240 3477 4347 atillam
3504 4310 3683 4363 supe-

2054 4359 2295 4433 ,Ῑῖοιηιιω
2345 4369 2655 4433 nostrorum
2695 4359 2969 4433 diligentia
3015 4363 3374 4418 consuluisset
3425 4359 3684 4433 ejusdem

2091 4428 2389 4501 Lanfranci
2409 4428 2838 4496 commentariis,
2870 4432 2923 4485 in
2948 4433 3107 4501 epist.
3150 4435 3215 4489 D.
3246 4433 3399 4490 Pauli
3430 4428 3687 4489 recensi-

2093 4501 2162 4556 tis
2197 4516 2226 4557 a
2259 4500 2419 4557 Petro
2437 4501 2874 4557 Christiavillanc
2902 4500 3157 4561 Beceensi
3181 4506 3467 4570 monacho,
3500 4504 3555 4558 in
3592 4506 3684 4559 in-

2086 4570 2269 4644 dieulo
2291 4570 2645 4644 Bibliothecge
2675 4571 2979 4644 Beceensis,
3006 4590 3148 4630 anno
3172 4575 3311 4631 1485
3354 4585 3413 4630 ιιι
3458 4575 3566 4644 legi
3627 4577 3684 4630 in

2088 4639 2535 4715 Biblioth._Becc.
2566 4640 2870 4715 Hineenim
2905 4639 3072 4700 multo
3112 4646 3267 4715 plura
3308 4639 3685 4715 prompsisse-

2090 4728 2211 4768 mus
2241 4712 2545 4787 testimonia
2567 4753 2582 4777 ,
2605 4712 2801 4782 quibus
2833 4712 3178 4772 Roscelinum
3208 4712 3331 4787 jure
3374 4712 3688 4787 postulare-

2088 4797 2210 4839 mus
2236 4781 2592 4838 stellionatus.

2165 4871 2185 4906 ι
2225 4853 2308 4909 Ab
2336 4854 2437 4909 hoc
2481 4853 2711 4910 crimine
2753 4853 2890 4910 satis
2916 4864 3209 4920 excusant,
3236 4864 3294 4911 et
3319 4856 3593 4920 absentia,
3624 4865 3685 4911 et

2102 4937 2250 4979 mors
2285 4921 2421 4992 ejus.
2455 4942 2476 4976 ι
2524 4923 2642 4978 Νοιι
2688 4925 2939 4993 quaalibet
2986 4942 3131 4983 mors
3178 4928 3561 4991 excusat,sed
3610 4943 3683 4981 ea

2098 4993 2462 5064 potissimum,
2489 4995 2854 5065 quamgnullus
2890 5001 3130 5065 praeterit
3161 4998 3427 5053 haereseos
3449 4997 3686 5052 sinister

2098 5063 2304 5133 rumor,
2343 5076 2405 5120 ut
2434 5063 2833 5122 de’Laufranco
2861 5063 3022 5137 paulo
3047 5077 3173 5126 ante
3198 5068 3692 5193 Anselmusiiteslti-

3514 5151 3582 5192 ea
3614 5154 3685 5193 us

3514 5148 3685 5193 catus

2096 5250 2166 5320 ob
2218 5249 2421 5305 fontem
2467 5258 2625 5320 juxta
2687 5250 3098 5308 scaturientem.
3155 5253 3414 5309 Eversum
3462 5252 3601 5308 illud
3649 5268 3684 5307 a

405 5319 1005 5393 conditoreetianuunn
1032 5319 1252 5390 dicitur,
1285 5321 1444 5393 vulgo
1465 5320 1524 5376 S.
1562 5319 1986 5393 Wandrileade-
2089 5319 2478 5393 Iﬁortbmannis
2511 5322 2770 5393 excitavit
2800 5321 3067 5380 Ricardus
3100 5324 3143 5378 11
3188 5325 3298 5380 dux
3339 5323 3679 5379 Nortlnnan.

404 5406 522 5463 cem
569 5391 792 5463 circiter
826 5390 1242 5463 a_Rotbomago
1275 5390 1541 5463 millibus.
1579 5390 1979 5463 Aliasudicitur

402 5460 719 5531 Fontanella
752 5462 805 5515 in
839 5460 956 5517 Vita
1006 5462 1062 5517 S.
1099 5459 1327 5519 Andmni
1348 5504 1362 5529 ,
1395 5462 1481 5517 vel
1503 5459 1810 5518 Fontonilla
1836 5460 1979 5531 apud

2082 5391 2358 5464 Gemmet.
2407 5406 2680 5464 sup.__eap.
2710 5390 2800 5447 ἥ.
2824 5393 3185 5464 ,Exstructum
3211 5405 3298 5452 est
3335 5392 3387 5448 id
3431 5394 3684 5448 coenobii

2083 5461 2184 5537 ab.
2209 5462 2443 5537 ipsemet
2474 5461 2926 5537 'Watidregisilo,
2995 5465 3208 5523 decimo
3250 5480 3285 5522 a
3329 5463 3687 5536 Rothomago

401 5530 671 5588 Ganmet.
699 5532 795 5589 lib.
824 5547 900 5587 vn
945 5533 1143 5590 ducum
1179 5533 1497 5591 Northmau.
1528 5547 1650 5602 cap.
1694 5532 1790 5601 25,
1817 5530 1979 5602 idque
2081 5530 2278 5604 lapide.
