3898 6052
211 285 346 341 1201

1493 290 1618 346 LIB.
1659 291 1722 360 li,
1763 289 1978 348 EPIST.
2015 291 2193 348 XLVI;

3330 289 3472 348 {202

283 398 496 471 Moyses
524 399 879 454 charissimus
915 399 1081 456 frater
1112 408 1315 461 noster.
1350 402 1440 472 qui
1491 403 1784 460 claustrum
1814 406 1860 462 Α
1887 405 2144 460 verticem
2172 403 2224 458 in
2251 401 2480 456 circuitu
2511 400 2646 470 pelle
2676 403 2816 458 servi
2843 405 3002 458 vestri
3033 405 3212 460 fratris
3229 404 3468 463 Anseltni

208 503 414 545 mncue
436 493 868 547 conversationis
895 503 1088 548 vestra:
1125 510 1218 549 sua
1239 495 1468 564 juvenili
1497 497 1711 552 levitate
1737 507 1791 552 et

209 583 387 638 aliena
439 581 700 654 deceptus
745 585 934 641 fraude
967 587 1230 654 deseruit,
1283 597 1471 659 utpote
1495 589 1636 645 ﬁlius
1665 591 1789 646 Eva:

209 680 404 734 matris
446 691 667 746 nostras,
719 698 840 751 qum
889 683 939 737 in
995 685 1248 754 paradiso
1274 681 1498 758 decepta
1550 689 1798 780 paradisi

209 773 526 826 ammnitate
547 774 742 839 caruit,
767 787 1004 844 superno
1031 785 1346 850 protegente
1375 789 1650 850 respectu;
1687 773 1790 838 nec

208 864 491 932 dissipavit
515 865 878 922 substantiam
900 881 1053 922 suam
1088 883 1210 923 cum
1242 872 1646 938 meretricibus,
1687 889 1788 930 nec

211 954 390 1011 inedia
418 965 640 1014 coactus
687 959 836 1028 pavit
865 973 1061 1027 porcos
1095 968 1408 1029 extraneos,
1441 978 1544 1018 nec
1579 963 1788 1019 deside-

211 1049 354 1104 ravit
401 1050 636 1106 saturari
679 1050 910 1120 siliquiis
940 1051 1010 1084 ⁵¹⁷
1040 1067 1177 1121 quas
1211 1054 1362 1123 porci
1411 1057 1740 1112 manducent
1771 1073 1786 1112 :

210 1139 308 1194 sed
349 1141 586 1196 nondum
630 1141 895 1196 exhausta
934 1143 1133 1198 mentis
1181 1143 1457 1208 satietate,
1505 1159 1668 1216 quam
1722 1147 1790 1202 de

211 1229 480 1298 spirituali
513 1245 696 1284 mensa
715 1239 895 1290 vestra
911 1239 1216 1298 acceperat,
1241 1231 1308 1284 ad
1333 1239 1574 1286 nostrum
1599 1247 1788 1288 mona-

209 1318 460 1382 sterium,
503 1319 660 1388 quasi
686 1318 754 1372 ad
785 1327 972 1374 notum
1005 1329 1222 1390 portum
1255 1328 1376 1388 post
1404 1320 1602 1374 multos
1631 1337 1789 1376 mnu-

212 1407 336 1462 dani
355 1408 524 1462 maris
553 1409 834 1462 discursus
862 1409 1079 1462 tandem
1112 1407 1384 1478 applicuit.
1403 1409 1526 1476 Qui,
1543 1413 1790 1479 quamvis

207 1501 282 1554 ob
311 1507 496 1554 reatus
519 1499 602 1552 sui
631 1499 1022 1553 conscientiam
1048 1501 1395 1555 severitatem
1425 1500 1650 1569 justitiae
1684 1501 1788 1558 sibi

215 1591 406 1644 timeat
425 1588 683 1652 Apostolo
699 1588 911 1643 dicente
931 1605 946 1642 τ
970 1587 1138 1643 Nemo
1161 1605 1389 1660 unquam
1414 1607 1624 1644 carnem
1638 1609 1789 1646 suam

209 1681 331 1734 odio
369 1679 548 1733 habuit
577 1677 876 1756 (Ephes._v,
910 1679 1003 1748 29)
1035 1697 1047 1733 :
1079 1689 1256 1734 tamen
1286 1681 1425 1734 intra
1467 1697 1706 1752 gregem,
1735 1683 1788 1736 in

1896 499 2171 565 indutum,
2207 505 2262 552 et
2295 509 2357 550 os
2401 495 2520 563 ejus
2549 513 2612 553 os
2653 511 2830 552 meum
2869 513 2990 553 esse
3017 507 3194 553 vestra
3223 499 3362 556 sciat
3391 501 3472 556 di-

1855 587 1862 594 ’
1895 591 2074 646 lectio.
2117 591 2173 646 Si
2204 591 2325 662 quis
2349 603 2478 660 ergo
2502 597 2746 646 vestrum
2791 597 2875 644 est
2907 590 2959 644 in
2995 605 3154 660 quem
3185 589 3474 660 aliquando

1893 691 2086 752 Sponte
2121 685 2370 752 peccavi,
2417 686 2627 757 primus
2653 684 2706 738 in
2756 681 2845 736 illo
2875 697 2972 752 pro
3021 683 3274 754 praedicta
3319 683 3473 754 culpa

1893 775 2086 846 pellem
2121 791 2294 832 meam
2333 779 2642 849 percutiat,
2673 786 2728 832 et
2753 792 2814 832 os
2845 793 3022 832 meum
3057 792 3087 831 a
3120 779 3242 833 cibo
3285 780 3476 849 prohi-

1890 865 2036 920 beat.
2077 863 2206 921 Post
2247 867 2389 923 hanc
2433 883 2568 924 vero
2613 869 2826 938 culpam
2857 867 3049 939 pellem
3097 883 3272 922 meam
3323 867 3480 924 fratri

1893 956 2062 1028 Moysi
2099 957 2497 1015 studiosissime
2532 962 2877 1028 commendo,
2909 961 3052 1016 sicut
3088 975 3242 1016 suam
3271 961 3478 1032 diligit,

1893 1049 1960 1104 ad
1987 1042 2432 1118 custodiendum;
2459 1051 2613 1108 vobis
2643 1062 2846 1116 autem,
2883 1067 2990 1107 non
3019 1053 3156 1108 adeo
3179 1053 3250 1084 ⁵η
3270 1053 3336 1107 ad
3363 1070 3481 1124 paro

1890 1139 2146 1196 cendum.
2179 1139 2314 1196 Nam
2351 1143 2396 1197 si
2423 1143 2540 1214 ejus
2562 1143 2718 1212 culpa
2752 1143 2906 1213 pellis
2935 1157 3054 1198 mea
3091 1142 3217 1198 laesa
3245 1151 3338 1196 aut
3359 1159 3482 1214 gra-
3556 1183 3562 1191 .

1889 1228 2009 1282 vius
2039 1240 2269 1281 excussa
2307 1227 2500 1296 fuerit,
2533 1229 2601 1284 ab
2623 1229 2714 1284 illo
2737 1230 2980 1299 exigam;
3007 1229 3051 1284 si
3082 1229 3204 1299 quis
3224 1237 3403 1284 autem
3429 1229 3480 1284 ei

1891 1319 2226 1388 pepercerit,
2277 1317 2354 1372 illi
2395 1319 2598 1387 gratias
2626 1333 2802 1390 agam.
2847 1320 2924 1374 De
2955 1316 3158 1374 famulo
3197 1334 3328 1374 vero
3361 1319 3482 1390 ejus

1891 1409 2084 1464 scitote
2113 1409 2240 1478 quia
2267 1407 2428 1462 aliam
2451 1407 2646 1478 pellem
2679 1423 2784 1462 non
2816 1408 3015 1475 habeo,
3045 1407 3301 1478 quoniam
3331 1407 3488 1463 salus

1889 1499 2008 1570 ejus
2049 1500 2193 1556 salus
2226 1514 2375 1564 mea;
2417 1499 2596 1554 anima
2625 1499 2778 1571 ejus,
2809 1503 2994 1556 anima
3025 1515 3146 1556 mea
3185 1509 3290 1556 est.
3335 1501 3480 1569 Quo-

1890 1595 2036 1649 niam
2066 1603 2246 1648 autem
2278 1593 2406 1664 quid
2437 1594 2504 1650 de
2525 1605 2754 1665 argento
2777 1597 3035 1668 postulat,
3069 1607 3154 1654 est
3177 1599 3244 1653 ad
3271 1597 3480 1654 faciena

1891 1685 2017 1738 dum
2047 1683 2244 1746 facile;
2293 1697 2400 1736 non
2429 1685 2562 1749 erit,
2607 1693 2666 1739 ut
2700 1693 2850 1755 puto,
2881 1689 3022 1758 apud
3051 1685 3490 1744 misericordiam

207 1785 320 1838 quo
343 1768 574 1824 Iactatus
595 1777 650 1824 et
667 1769 1330 1825 nutritusestomnimodo
1361 1771 1598 1842 recolligi
1620 1772 1788 1842 cupit.
1822 1793 1865 1848 Β
1891 1783 2128 1829 vestram
2159 1774 2226 1828 ad
2269 1774 2666 1844 impetrandum
2710 1775 2942 1833 difficile.
2991 1777 3066 1831 De
3115 1777 3200 1831 bis
3235 1777 3488 1832 omnibus

211 1859 278 1914 Et
301 1859 558 1928 quoniam
583 1873 691 1913 non
723 1874 784 1913 se
796 1859 1014 1929 dignum
1031 1861 1212 1916 vocari
1227 1860 1422 1926 ﬁlium,
1449 1871 1542 1916 aut
1571 1861 1798 1919 fratrem

204 1949 316 2020 jam
341 1949 580 2019 judicat,
611 1949 804 2005 saltem
835 1952 952 2006 ﬁeri
980 1967 1038 2007 se
1064 1953 1205 2008 sicut
1235 1969 1401 2008 unum
1427 1955 1498 2009 de
1519 1969 1800 2010 mercena-

211 2043 308 2098 riis
333 2041 498 2114 359
531 2043 726 2098 vestris
773 2051 984 2098 tantum
1017 2045 1160 2100 inter
1199 2061 1302 2101 vos
1343 2061 1464 2102 esse
1503 2059 1798 2114 mereatur,

211 2136 486 2190 desiderat
515 2153 528 2188 :
563 2134 764 2190 famulo
797 2151 1010 2206 quoque
1039 2153 1138 2194 suo
1159 2178 1174 2204 ,
1221 2153 1382 2210 quem
1418 2140 1534 2210 ipse
1565 2141 1632 2196 ad
1672 2155 1800 2196 eon-

209 2243 428 2284 sensum
449 2237 503 2284 ct
523 2229 838 2298 obsequium
868 2232 949 2286 sui
977 2231 1160 2288 dilecti
1182 2234 1426 2296 attraxit,
1453 2244 1601 2290 tanto
1629 2237 1800 2306 magis

211 2315 374 2389 quam
405 2320 551 2375 carni
578 2335 690 2374 sua:
725 2321 908 2388 timet,
935 2331 1144 2393 quanto-
1165 2325 1208 2379 si
1235 2309 1324 2380 ille
1354 2326 1536 2398 aliqua
1563 2329 1798 2384 vindicta

211 2411 468 2482 puniatur
502 2411 652 2480 justo
695 2411 934 2483 judicio,
983 2417 1050 2470 ab
1085 2417 1268 2472 anima
1332 2433 1428 2473 sua
1475 2420 1800 2490 exigendum

209 2503 376 2558 videt.
405 2501 478 2558 De
507 2505 731 2572 pecunia
761 2507 923 2560 etiam
977 2507 1148 2562 aliena
1169 2509 1270 2564 sub
1287 2521 1445 2580 pacto
1479 2513 1800 2570 rcdditiouis

211 2603 454 2662 acet-pta,
485 2611 648 2666 quam
687 2597 902 2652 incaute
933 2615 1028 2666 per
1053 2599 1283 2656 alienam
1309 2601 1578 2658 fallaciam
1600 2621 1800 2676 expen-

212 2693 322 2755 dit,
355 2691 430 2746 ita
483 2687 749 2745 sollicitus
798 2699 881 2746 est
921 2701 982 2746 ut
1011 2693 1118 2748 nisi
1159 2709 1254 2764 per
1299 2695 1567 2768 largitatis
1603 2707 1800 2752 vestra:

211 2781 503 2849 auxilium,
550 2793 606 2840 et
653 2798 749 2852 per
787 2782 1059 2838 licentiam
1092 2793 1150 2840 ut
1191 2787 1552 2857 undecunque
1597 2789 1799 2858 poterit

211 2891 272 2931 se
319 2873 562 2944 adjuvari
612 2875 880 2945 postulet,
917 2875 985 2930 ab
1012 2891 1077 2930 eo
1115 2877 1298 2933 debito
1342 2881 1630 2951 contigerit
1672 2896 1795 2936 eum

211 2966 494 3022 exonerari
514 3005 530 3032 ,
565 2981 838 3036 nunquam
883 2975 1063 3036 speret
1093 2983 1188 3024 cor
1213 2983 1372 3024 suum
1402 2985 1468 3026 ex
1503 2973 1606 3027 hac
1637 2989 1795 3030 vere-

211 3058 406 3112 cundia
436 3073 596 3127 posse
626 3058 914 3116 consolari.
949 3057 1054 3112 Sed
1087 3045 1342 3130 quoniam
1371 3060 1437 3116 ad
1481 3071 1560 3118 tot
1585 3073 1640 3120 ct
1669 3073 1794 3120 tan-

215 3155 298 3200 las
323 3161 411 3202 res
445 3161 633 3217 preces
661 3168 786 3209 suas
815 3147 1122 3204 considerat
1149 3166 1248 3207 nee
1275 3167 1434 3222 posse
1459 3167 1559 3208 nec
1593 3153 1794 3210 debere

211 3237 492 3306 sufﬁcere,
521 3255 608 3295 me
631 3255 846 3296 servum
871 3251 1110 3298 vestrum
1133 3282 1148 3308 ,
1179 3241 1434 3311 quoniam
1461 3257 1560 3297 nec
1583 3241 1792 3298 ﬁdelio-

214 3343 330 3383 rem
366 3332 516 3388 vobis
535 3372 551 3398 ,
582 3349 680 3388 nec
703 3347 862 3404 quem
893 3335 1068 3405 magis
1097 3331 1332 3389 conﬁdat
1361 3350 1390 3388 a
1415 3336 1565 3390 vobis
1591 3335 1794 3406 aliquid

213 3433 374 3486 posse
405 3420 696 3490 impetrare
728 3422 796 3477 ad
825 3437 1062 3490 prtesens
1087 3423 1278 3487 habet,
1309 3437 1408 3490 pro
1432 3437 1491 3479 se
1523 3434 1677 3494 rogat
1715 3425 1796 3480 in-

216 3511 512 3567 tercedere.
557 3513 761 3568 Verum
790 3529 913 3567 cum
949 3513 1096 3567 nulla
1139 3511 1314 3580 major
1341 3513 1411 3566 sit
1443 3513 1792 3582 intercessio,

213 3617 374 3670 quant
427 3589 726 3672 p'ellis‘pro
763 3603 934 3672 pelle,
966 3603 1160 3657 animae
1203 3617 1302 3672 pro
1351 3603 1529 3656 anima
1561 3603 1790 3673 positio,

211 3693 425 3748 dicente
457 3691 681 3747 Domino
709 3711 724 3747 :
767 3693 1026 3762 Majorem
1065 3693 1392 3747 dilectionem
1431 3709 1580 3746 nemo
1609 3694 1794 3759 habet,

208 3801 368 3853 quant
401 3793 456 3839 ut
483 3785 714 3838 animam
748 3797 906 3855 portat
937 3787 1053 3856 quis
1087 3801 1182 3854 pro
1223 3785 1408 3838 amicis
1451 3785 1559 3838 suis
1599 3783 1791 3854 (Joan.

209 3891 302 3942 sv,
347 3875 456 3948 15).
505 3877 768 3934 Domuum
809 3875 1025 3948 Moysen
1057 3893 1088 3932 a
1121 3877 1304 3948 planta
1347 3875 1500 3948 pedis
1529 3891 1700 3946 usque
1723 3875 1792 3930 ad

1898 1875 2187 1939 antequam
2219 1867 2446 1938 incipiat
2487 1867 2694 1932 redire,
2739 1867 3070 1922 voluntatem
3117 1877 3354 1922 vestram
3389 1879 3486 1938 per

1899 1961 2110 2016 litteras
2150 1969 2360 2016 vestras
2393 1959 2765 2014 desideramus
2795 1959 3002 2013 audire.
3053 1957 3168 2012 Non
3203 1959 3328 2028 quia
3371 1957 3488 2026 ipse

1899 2059 2146 2116 recuset,
2197 2051 2240 2106 si
2289 2050 2522 2122 jubetis,
2554 2050 2718 2104 etiam
2763 2049 2828 2103 ad
2865 2057 3130 2103 tormenta
3157 2063 3486 2119 properare;

1899 2141 1994 2196 sed
2019 2143 2276 2212 quoniam
2301 2155 2422 2196 cum
2454 2143 2594 2197 bona
2619 2155 2745 2210 spe,
2783 2140 2938 2196 laztus
2963 2141 3030 2194 ad
3061 2155 3155 2195 eos
3177 2155 3312 2210 quos
3335 2140 3486 2195 desi-

1900 2235 2076 2297 derat,
2108 2241 2264 2304 optat
2289 2246 2553 2290 remeare.
2583 2231 2788 2286 Valete.

2359 2319 2892 2394 Epls'roLAaLvt
2930 2321 3020 2376 ω.

2481 2429 2550 2467 ΑΒ
2587 2427 2922 2468 CONDULFUM.

2306 2503 2512 2558 Exorat
2543 2519 2648 2572 pro
2667 2502 2843 2556 eodem
2873 2501 3076 2570 refuga.

1969 2598 2198 2653 Domino
2249 2606 2304 2652 et
2347 2597 2530 2662 Patri,
2589 2595 2774 2651 amico
2807 2595 3130 2659 verissimo,
3187 2597 3490 2650 reverenda

1899 2689 2150 2758 episcopo
2187 2688 2506 2754 Gonouuro,
2538 2687 2710 2742 frater
2744 2687 3055 2753 Aaseuus,
3089 2687 3152 2756 iu.
3176 2687 3334 2756 hujus
3363 2687 3490 2742 vita:

1897 2793 2248 2848 perseverare
2277 2779 2566 2834 sanctitate
2585 2819 2602 2846 ,
2645 2777 2698 2832 in
2731 2777 2926 2832 futura:
2955 2791 3278 2848 permanere
3309 2776 3484 2834 felici-

1901 2878 2011 2924 tate
2032 2869 2125 2923 δίο.
2419 2935 2428 2944 ⁸

1971 2959 2028 3016 Si
2059 2970 2254 3016 vestrae
2283 2959 2673 3017 benevolentia:
2691 2968 2748 3015 et
2773 2967 3078 3016 vestrorum
3101 2958 3490 3015 beneﬁciormn

1897 3053 2313 3108 retributionem
2359 3053 2414 3107 in
2445 3054 2739 3123 gratiarum
2787 3053 2999 3107 actione
3029 3067 3150 3107 esse
3187 3053 3488 3108 sciremus.

1820 3139 1862 3197 C
1897 3144 2084 3214 utique
2137 3143 2337 3199 multas
2379 3143 2549 3214 pelles
2597 3143 2779 3198 ovium
2829 3143 3130 3212 gratiarum
3186 3141 3498 3197 actionibus

1898 3235 2272 3306 impleremus.
2296 3233 2402 3291 Sed
2436 3235 2692 3305 quoniam
2719 3249 2830 3289 non
2871 3235 2924 3289 in
2951 3251 3084 3290 voce
3111 3235 3488 3300 irrevocabili,

1899 3343 2000 3383 nec
2027 3329 2082 3382 in
2109 3329 2382 3398 scriptura
2411 3327 2680 3398 putribili,
2711 3327 2805 3383 sed
2831 3329 2884 3382 in
2913 3335 3132 3384 aaterna:
3157 3327 3490 3398 plenitudine

1897 3421 2174 3480 felicitatis
2205 3421 2510 3477 mercedem
2543 3429 2802 3486 ,vestram
2851 3421 3102 3475 novimus
3146 3419 3484 3474 consistere:

1897 3513 2128 3583 ideoque
2158 3513 2580 3584 supersedemus
2616 3527 2718 3582 per
2757 3511 2968 3584 singula
3011 3520 3190 3568 vestra
3227 3512 3490 3566 beneﬁcia

1851 3605 2102 3673 -gratias
2153 3605 2455 3658 remittere.
2497 3604 2734 3658 Mutuam
2781 3617 2910 3659 vero
2961 3613 3196 3658 vestram
3247 3603 3492 3658 dilectio-

1898 3707 2045 3758 nem,
2079 3692 2222 3746 sicut
2263 3692 2319 3746 in
2349 3693 2502 3746 vobis
2535 3707 2758 3746 manere
2783 3693 3172 3748 immutabilem
3199 3709 3304 3748 non
3337 3695 3492 3764 igno-

1899 3795 2118 3846 ramus;
2151 3781 2226 3834 ita
2251 3781 2304 3834 in
2341 3779 2499 3836 nobis
2519 3795 2638 3834 eam
2667 3796 2884 3836 servare
2931 3782 3300 3837 inviolabilem
3331 3799 3492 3838 cura-

1904 3887 2044 3928 mus.
2069 3872 2144 3928 De
2173 3871 2342 3930 fratre
2371 3871 2554 3944 Moyse
2575 3872 2953 3930 Cantuariensi
2977 3873 3194 3944 juvene,
3225 3875 3318 3944 qui
3346 3891 3496 3932 uttuc

1509 4003 1744 4066 VARUE
1785 4004 2187 4064 LECTIONES.

287 4125 358 4158 m
408 4125 692 4180 Saturaris
715 4125 1032 4196 siliquiims.
1059 4126 1290 4180 saturari
1319 4125 1532 4196 siliquis

213 4197 498 4253 fielicitate
523 4211 622 4250 ms.
647 4211 972 4268 permanere
1001 4195 1282 4252 fwlicitate

1631 4127 1704 4160 ⁸⁸⁸
1727 4127 1776 4182 Α
1805 4127 1907 4183 deo
1936 4141 2036 4181 ms.
2074 4123 2212 4178 adeo

2312 4123 2382 4154 ἰθ
2406 4121 2610 4176 Collata
2633 4135 2752 4176 cum
2771 4122 2952 4176 eodem
2981 4138 3080 4178 ms.
3179 4123 3250 4154 ⁵²⁰
3271 4121 3496 4180 Manere.

1422 4310 1702 4368 JOANNIS
1729 4309 1880 4367 PlCA
1899 4311 2009 4364 BDI
2037 4309 2270 4367 NOTAE.

212 4445 388 4518 ligens
433 4443 766 4518 voluntatem
817 4455 972 4518 suam
1033 4439 1322 4518 detectam,
1356 4452 1412 4496 et
1431 4513 1442 4518 _
1463 4447 1800 4518 propositum
1829 4433 1884 4492 Β
1915 4446 2254 4518 francusnee
2285 4439 2918 4518 voleu_s_pr0palare._ncc
2945 4441 3481 4518 omnino‘occttftarc,

215 4511 398 4586 uirilis
424 4515 546 4580 sui,
572 4513 722 4586 quod
757 4511 1329 4586 occulttun___putabat,
1349 4511 1642 4586 evidenter
1689 4535 1810 4586 pro-

219 4585 502 4658 palatum,
535 4580 746 4658 abbatis
776 4581 1010 4658 pedibus
1033 4580 1184 4658 illico
1207 4581 1536 4658 advolvitur,
1559 4594 1612 4638 et
1632 4580 1808 4658 quali—

217 4651 301 4712 ter
325 4655 426 4708 sibi
459 4653 820 4708 innotuissent
850 4651 972 4704 talia
999 4651 1274 4705 humiliter
1295 4653 1630 4708 sciscitatur.
1652 4651 1808 4712 ’l‘nnc

215 4729 264 4782 ei
300 4727 468 4780 abbas
505 4723 696 4777 blanda
729 4737 862 4776 voce
885 4721 1146 4793 visionem
1178 4723 1424 4793 aperuit,
1454 4731 1508 4777 et
1531 4725 1656 4793 quid
1703 4727 1806 4781 sibi

217 4796 486 4850 divinitus
529 4809 626 4863 per
653 4807 882 4863 puerum
913 4791 1208 4863 revelatum
1253 4792 1323 4863 sit
1363 4794 1503 4847 sicut
1529 4791 1690 4862 supra
1723 4812 1806 4850 rc-

215 4860 809 4932 texuimus,_explicat.
863 4860 1202 4932 Lanfrancus
1251 4860 1694 4932 obstupefactus,
1742 4875 1800 4920 et

217 4935 312 4990 Dei
343 4935 570 5004 gratiam
595 4931 648 4987 in
677 4932 872 4986 abbate
899 4931 1245 5004 vehementer
1274 4931 1590 5004 admiratus,
1622 4935 1797 4990 hinni-

215 5021 328 5075 que
347 5000 696 5075 'prostratus,
749 5017 848 5070 per
899 5000 1298 5075 confessionem
1355 5003 1501 5075 _Patri
1551 5007 1796 5072 protinus

217 5071 480 5144 quidquid
517 5075 576 5128 in
603 5075 878 5144 voluntate
909 5071 1210 5134 habuerat,
1241 5073 1402 5144 corde
1443 5071 1798 5144 compunctus

221 5141 494 5214 exposuit,
525 5141 951 5214 pmnitentiaque
979 5150 1292 5214 acceptaet
1316 5141 1652 5214 absolutione
1695 5146 1802 5200 im-

216 5211 452 5288 petrata,
487 5211 774 5288 spopondit
794 5227 854 5266 se
889 5225 1160 5288 nunquam
1180 5211 1248 5263 ab
1272 5213 1388 5280 ipso
1412 5213 1802 5288 discessurum),

216 5281 441 5354 ejusque
463 5281 745 5353 praeceptis
765 5297 860 5354 per
875 5282 1060 5354 omina
1083 5281 1602 5354 obtemperaturum.
1621 5281 1804 5340 Abbas

219 5351 473 5425 ingentes
489 5351 838 5425 oninipotcnti
875 5351 980 5404 Deo
1001 5351 1204 5425 gratias
1240 5351 1498 5425 referens,
1527 5368 1687 5422 quam
1728 5355 1806 5425 ci-

215 5421 328 5480 tith
357 5423 550 5492 potuit,
581 5421 941 5492 Lanfrancum
965 5421 1200 5492 priorem
1231 5421 1618 5492 constituit,ct
1657 5423 1806 5492 quid-

215 5487 561 5565 quid-ditium
591 5487 1238 5565 titonasteriisubjacebat
1263 5489 1406 5565 intus
1444 5501 1498 5546 et
1539 5487 1803 5565 exterius,

217 5559 388 5634 ipsius
433 5579 580 5619 cura:
609 5561 901 5634 commisit.
941 5559 1088 5626 Quos
1127 5559 1200 5634 ita
1243 5561 1532 5634 unanimes
1559 5577 1678 5617 esse
1709 5563 1806 5616 tri-

213 5629 332 5688 buit
385 5634 564 5688 divina
623 5631 923 5701 protectio,
958 5637 1016 5683 ut
1055 5629 1206 5701 nulla
1243 5632 1384 5684 inter
1427 5645 1520 5684 eos
1564 5648 1802 5701 unquam

215 5704 375 5761 fuerit
400 5713 516 5760 orta
548 5699 902 5760 dissensionis
929 5699 1168 5756 occasio.
1192 5699 1344 5756 llauc
1378 5699 1802 5758 visioncm'Lau-

1919 4515 2174 4570 indicavit
2201 4513 2344 4567 illam
2369 4512 2580 4568 cuidam
2613 4513 2876 4565 monacho
2903 4513 3118 4566 nomine
3147 4513 3482 4579 Guilhelmo,

1916 4601 2076 4656 quem
2120 4601 2148 4638 a
2181 4583 2644 4656 puero_n_utrierat
2687 4591 2742 4656 et
2773 4583 3026 4656 docuerat
3047 4622 3061 4647 ,
3089 4581 3490 4656 plurimumque

1917 4651 2520 4722 amabatfpraee'rpiens
2552 4667 2618 4705 ne
2659 4651 2818 4706 alicui
2865 4651 3105 4716 diceret,
3149 4651 3482 4722 quandiu’in

1913 4737 2142 4793 corpore
2170 4721 2397 4793 viveret.
2421 4721 2572 4788 Quod
2591 4722 2677 4776 ille
2697 4725 2932 4776 servavit
2957 4737 3127 4786 usque
3151 4721 3216 4777 ad
3240 4723 3484 4778 ultimam

1914 4791 2270 4850 senectutem.
2307 4791 2436 4848 I’ost
2461 4803 2686 4846 mortem
2711 4808 2840 4846 vero
2871 4793 3186 4858 Lanl‘ranci,
3213 4809 3334 4846 cum
3371 4795 3482 4860 jant

1913 4863 2060 4918 nulla
2087 4861 2452 4932 prohibitione
2481 4870 2788 4932 urgeretur,
2809 4864 3025 4932 scripsit
3064 4877 3175 4916 rem
3200 4863 3340 4916 sicut
3383 4879 3484 4916 au-

1899 4931 2160 5005 dierat,et_
2176 4933 2356 5005 abbati
2375 4947 2434 5005 ac
2451 4931 2740 5005 monachis
2747 4931 2919 5005 ltecci,
2935 4941 3091 5005 prout
3107 4947 3272 5005 supra
3309 4935 3484 5005 diges-

1902 5003 2265 5070 snnus,dixit.
2311 5023 2330 5055 ι
2377 5001 2988 5070 Ηηευεψιονϐιιίηιριιίιί
3035 5001 3283 5070 epistula,
3329 5001 3484 5070 cujus

1919 5069 2274 5126 smntnarium
2307 5073 2633 5196 ἰήσει-Ἕως
2663 5069 2952 5126 Beceensis
2983 5071 3034 5124 in
3063 5069 3300 5138 ejusdem
3343 5069 3484 5125 Lau-

1921 5141 2100 5196 franci
2127 5141 2302 5196 Vitam
2331 5151 2490 5196 contu
2549 5151 2662 5196 rat.
2689 5155 2752 5194 ex
2780 5157 2884 5196 nua
2918 5143 3138 5196 unicum
3165 5141 3296 5195 illud
3323 5143 3484 5196 idqu

1921 5141 2100 5196 franci
2127 5141 2302 5196 Vitam
2331 5141 2662 5205 contulerat,
2689 5155 2752 5194 ex
2780 5157 2884 5210 qua
2918 5143 3138 5196 unicum
3165 5141 3296 5195 illud
3323 5143 3486 5211 idque

1919 5227 2229 5281 supremum
2270 5211 2524 5276 referam,
2551 5225 2740 5278 nempe
2763 5253 2776 5276 ,
2800 5211 2942 5278 quod
2972 5227 3092 5264 cttm
3125 5212 3482 5266 Cantttarien-

1915 5283 1991 5337 sis
2041 5281 2265 5336 basilica
2314 5281 2380 5336 ab
2432 5281 2549 5351 ipso
2593 5281 2896 5334 Lanfranro
2932 5281 3161 5350 primum
3191 5282 3478 5351 inchoata,

1911 5351 2247 5422 tandemque
2279 5351 2346 5405 ad
2406 5349 2722 5422 umbilicum
2789 5349 3043 5422 perducta
3100 5367 3128 5422 a
3175 5349 3479 5422 Guillteltno

1912 5420 2251 5476 Gnrholiensi
2297 5421 2456 5475 tertio
2512 5430 2632 5490 post
2675 5420 2846 5490 ipsum
2889 5421 3313 5490 archiepiscopo,
3341 5420 3480 5473 foret

1911 5491 2178 5546 sacranda
2199 5529 2214 5556 ,
2247 5505 2346 5560 pro
2377 5489 2526 5544 more
2555 5491 2792 5544 universi
2833 5489 3230 5560 inhumatorum
3269 5489 3477 5560 cineres

1909 5561 2038 5616 elati
2070 5559 2262 5630 fuere,
2293 5570 2512 5629 tumque
2540 5561 2836 5630 monachus
2871 5559 3063 5630 aliquis
3101 5559 3336 5630 prmeidil
3387 5575 3478 5614 ca-

1907 5631 2036 5684 sula.-
2059 5629 2344 5685 Lanfranci
2373 5629 2689 5700 particulam
2715 5671 2730 5696 ,
2761 5645 2880 5700 qum
2909 5629 3130 5686 cunctos
3161 5629 3484 5687 olfacientes

1909 5701 2344 5772 fragrantissimo
2373 5700 2574 5755 amavit
2597 5701 2780 5756 odore.
