3898 6052
465 258 488 314 l
501 259 606 317 303

1005 263 1063 320 S.
1107 265 1408 322 ANSELIII
1439 268 1787 330 CANTUAIl.
1821 275 2140 338 AIlCIIIEP.
2170 273 2322 332 OPP.
2354 275 2534 333 PARS
2568 275 2655 330 Ill.
2691 307 2754 315 —
2797 273 3172 332 EPISTOLE.

3624 280 3758 334 12η

459 359 542 406 est
567 351 618 404 in
648 353 977 407 monasterio
1007 364 1194 411 nostro
1216 365 1271 414 et
1296 358 1410 414 vult
1440 359 1492 414 in
1519 360 1766 434 Angliam
1791 365 1859 419 ad
1879 381 2038 420 suum
2069 371 2113 432 Α
2144 365 2518 436 perversitatis
2550 365 2781 436 impetus
2804 365 2950 420 circa
2995 365 3144 420 illum
3185 365 3440 436 repellat,
3491 383 3673 438 quam
3705 381 3758 424 ut

2152 459 2327 515 aliena
2358 473 2462 513 non
2494 457 2779 514 laudabilis
2802 458 3100 528 pertinacia
3129 457 3456 514 laudabilem
3480 461 3757 519 intentio-
3839 459 3844 510 i

458 444 847 498 monasterium
876 447 1084 514 redire,
1116 460 1354 507 vestram
1391 467 1680 522 precamur
1705 460 2049 516 sanctitatem

455 543 516 586 nt
539 545 592 587 et
621 549 716 588 vos
737 535 786 589 ei
812 537 1022 591 veniam
1053 538 1241 596 delicti
1267 543 1349 597 sui
1378 552 1601 614 propter
1629 555 1872 603 nostrum
1899 564 2050 606 amo-

456 638 594 688 rem,
633 625 777 680 sicut
806 626 872 682 de
909 628 1065 685 vobis
1111 631 1466 700 confidimus,
1508 635 1761 694 tribuatis
1793 657 1807 693 :
1842 649 1898 696 et
1927 651 1985 697 ut
2015 659 2047 699 a

455 714 653 768 domno
684 713 920 774 Henrico
954 720 1159 788 priore,
1192 730 1245 778 et
1276 739 1307 778 a
1351 735 1461 779 tota
1508 729 1926 800 congregatione
1953 733 2038 788 be-

454 805 614 873 nigne
644 808 994 877 suscipiatur,
1031 812 1300 870 efﬁciatis.
1335 815 1633 891 Epistolam
1661 819 1761 888 '5“,
1792 836 1954 892 quam
1979 824 2044 881 de

451 897 553 952 hac
594 914 652 955 re
691 903 947 971 praedicto
993 907 1158 976 priori
1207 917 1262 964 et
1299 913 1708 983 congregationi
1761 914 2042 983 misimus,

449 989 662 1057 placeat
689 1008 883 1050 vesrrte
912 999 1188 1055 sanctitati
1231 1001 1446 1074 legere;
1487 1015 1542 1062 et
1570 1008 1870 1064 secundum
1900 1012 2044 1080 quod

450 1082 504 1136 in
532 1082 621 1138 illa
649 1086 1004 1157 postulamus,
1029 1101 1322 1164 antequam
1352 1112 1383 1152 a
1409 1097 1565 1154 nobis
1591 1099 1653 1154 F.
1689 1100 1898 1173 Moyses
1919 1118 2039 1173 pro-

447 1173 746 1259 ficiscatur,
773 1195 1115 1239 communem
1145 1187 1480 1243 voluntatem
1513 1200 1708 1248 vestra:
1738 1193 2046 1266 benignita-

449 1266 518 1320 tis
542 1283 637 1336 pcr
666 1257 877 1328 litteras
896 1285 1082 1334 vestro
1101 1277 1276 1350 sigillo
1301 1280 1542 1352 signatas
1565 1257 2042 1343 mereamur'acei-

444 1373 597 1429 pere.
626 1362 836 1420 Valete.

912 1481 1247 1541 EPISTOLA
1283 1487 1468 1544 XLVII
1495 1491 1586 1544 δ”.

993 1591 1062 1630 ΔΙ)
1107 1590 1488 1634 διειιβεειτωι.

443 1652 526 1710 De
547 1655 690 1725 febre
704 1677 807 1724 qua
827 1676 1105 1734 corruptus
1127 1667 1372 1794 fuitgttde
1383 1687 1488 1742 qua
1511 1688 1672 1744 supra
1695 1676 1750 1731 in
1769 1677 1923 1744 epist.
1937 1680 2031 1750 44,

1131 1754 1232 1792 scr:
1271 1757 1286 1794 τ
1315 1780 1331 1794 .

1131 1754 1331 1794 scrwu.

517 1815 752 1873 Domino
782 1837 1006 1892 servus,
1053 1828 1231 1884 amico
1259 1830 1497 1898 amicus,
1531 1834 1729 1893 dilecto
1759 1837 2027 1909 dilectus,

441 1905 640 1964 domno
667 1911 851 1968 abbati
879 1914 1252 1988 GISLEBERTO,
1288 1922 1458 1980 frater
1483 1926 1795 1998 Ausntuus,
1824 1905 2026 2004 sempi;

446 2008 663 2057 ternum
695 2007 947 2077 gaudere.

510 2093 568 2148 Si
614 2111 774 2165 sane,
809 2100 854 2156 si
898 2102 1068 2172 bene,
1121 2109 1165 2162 si
1212 2123 1472 2182 prospere
1513 2124 1706 2171 cuneta
1743 2130 1869 2174 sunt
1897 2134 2026 2192 erga

437 2186 696 2246 damnant
743 2193 991 2250 abbatem
1030 2197 1394 2260 Gislebertum
1424 2206 1676 2264 dilectum
1708 2186 2026 2270 dilectorem

435 2292 649 2345 meum,
697 2296 826 2340 vere
854 2286 978 2344 inde
1006 2292 1204 2360 gaudet
1231 2309 1328 2350 cor
1364 2311 1578 2367 meum,
1614 2301 1741 2370 quia
1777 2313 1924 2360 certe
1947 2305 2027 2360 sic

435 2376 521 2422 est
565 2368 895 2432 desiderium
943 2394 1142 2436 meum.
1194 2382 1253 2439 Si
1306 2368 1655 2445 dilectionem
1709 2399 1764 2446 et
1817 2393 2024 2450 beneﬁ-

415 2455 550 2550 cia,
578 2475 700 2530 quae
740 2466 898 2524 nobis
933 2478 988 2525 et
1017 2473 1216 2530 nostris
1249 2476 1411 2534 rebus
1443 2479 1784 2550 impenditis,
1811 2484 2023 2544 alienus

436 2547 634 2608 alienis
678 2554 1054 2630 impenderet,
1093 2566 1281 2637 utique
1307 2569 1378 2604 ⁸³³
1421 2547 1722 2643 gratiarum
1771 2547 2022 2649 magnam

435 2645 705 2704 actionem
733 2650 788 2705 in
821 2655 1039 2726 scriptis
1065 2669 1122 2716 et
1154 2676 1288 2719 voce
1312 2665 1696 2726 exhiberemus
1724 2686 1792 2728 ne
1826 2645 2025 2730 defice-

434 2743 543 2790 ret.
573 2735 681 2794 Sed
706 2745 960 2811 quoniam
995 2751 1096 2806 hoc
1135 2752 1228 2809 ille
1260 2754 1426 2825 facit,
1480 2760 1549 2816 de
1587 2771 1696 2830 quo
1744 2778 2020 2836 nunquam

433 2840 724 2906 possumus
779 2836 1101 2911 desperare,
1173 2847 1418 2906 sufﬁcere
1466 2853 1738 2911 credimus
1788 2855 2025 2926 majores

433 2921 640 3018 gratias
669 2939 792 3018 cum
835 2944 1050 3002 semper
1083 2949 1326 3009 prompta
1373 2942 1678 3013 voluntate,
1719 2921 2020 3018 praesertim

2151 565 2275 604 nem
2324 547 2714 605 benevolentite
2749 558 2946 604 vestrae
2991 547 3255 605 reflectat.
3299 549 3494 610 Valeat
3531 567 3758 626 semper

2151 641 2324 698 dulcis
2353 643 2485 700 mihi
2507 654 2686 701 vestra
2718 645 2957 700 dilectio.

2591 735 2925 794 EPISTOLA
2973 736 3179 794 XLVIII
3208 737 3302 794 ⁸³⁸.

2715 845 2781 884 ΔΙ)
2824 843 3169 887 ϐυλιτειιωί.

2147 915 2366 973 Laicum
2414 930 2649 976 recent"
2689 937 2995 994 conversum
3039 923 3092 976 in
3135 923 3326 994 spiritu
3378 924 3628 984 lenitatis
3672 930 3750 983 ia-

2709 993 3016 1047 strueudum
3038 1011 3168 1048 esse.

2216 1105 2422 1160 Domno
2444 1112 2499 1158 et
2529 1103 2684 1160 fratri
2711 1104 3026 1162 dulcissimo
3052 1105 3386 1175 Gaurano,
3421 1107 3610 1166 frater
3649 1111 3749 1167 As-

2143 1211 2342 1254 sstuus
2367 1196 2536 1253 abbas
2571 1197 2750 1264 Becci,
2775 1198 3025 1254 salutem.

2215 1287 2454 1343 Domnus
2484 1287 2756 1345 Robertus
2785 1290 2851 1345 de
2871 1290 3106 1347 Briodua
3143 1285 3350 1364 'gratias
3371 1309 3613 1367 magnas
3639 1300 3746 1368 agit

2140 1377 2296 1432 vobis
2340 1391 2440 1448 pro
2484 1377 2819 1450 benignitate
2870 1395 3034 1450 quam
3115 1381 3222 1448 illi,
3267 1398 3429 1454 supra
3476 1401 3652 1456 quam
3678 1387 3743 1419 ’τί

2141 1482 2364 1538 sperare
2387 1484 2627 1540 unquam
2657 1472 2855 1541 potuit,
2888 1473 3159 1530 exhibetis
3185 1485 3242 1530 et
3280 1491 3405 1532 cum
3434 1479 3737 1548 gratiarum

2139 1559 2353 1615 actione
2383 1561 2536 1618 testis
2561 1561 2716 1617 vobis
2757 1573 2844 1619 est
2877 1565 3004 1634 quia
3039 1573 3096 1622 et
3136 1565 3206 1622 ab
3249 1566 3368 1638 ipso
3412 1579 3471 1624 et
3511 1571 3583 1624 ah
3620 1571 3737 1628 aliis

2140 1661 2360 1722 propter
2406 1667 2528 1708 eum
2573 1653 2740 1710 multa
2784 1655 3009 1713 molesta
3058 1659 3204 1729 passi
3245 1661 3401 1715 estis.
3446 1660 3614 1718 Unde
3643 1680 3738 1736 ego

2137 1759 2260 1797 cum
2309 1759 2496 1800 amore
2521 1747 2727 1816 gratias
2755 1762 2887 1818 ago,
2927 1759 2984 1806 et
3021 1765 3144 1806 cum
3175 1753 3474 1822 gratiarum
3521 1756 3736 1812 actione

2131 1832 2315 1903 laudo,
2341 1846 2398 1892 et
2427 1835 2697 1895 laudando
2726 1855 2923 1910 precor
2946 1842 3328 1900 discretionem
3357 1857 3604 1903 vestram
3624 1890 3642 1913 ,
3675 1861 3729 1905 ut

2130 1944 2344 1986 memor
2387 1931 2514 2002 quia
2548 1931 2790 1990 calamus
2818 1945 3106 2004 quassatus
3151 1953 3259 1994 non
3289 1942 3382 1994 fest
3425 1951 3729 1997 conteren-

2131 2019 2229 2078 dus
2257 2020 2474 2092 (Matth.
2529 2039 2640 2091 xu,
2671 2023 2782 2092 20;
2833 2024 2967 2080 Isai.
3031 2042 3162 2091 χιιι.
3196 2031 3275 2099 3),
3312 2030 3480 2102 360
3505 2041 3562 2087 et
3606 2037 3732 2105 quia

2128 2111 2251 2165 sani
2283 2128 2387 2167 non
2411 2123 2558 2182 egent
2585 2115 2820 2182 medico,
2852 2115 2942 2168 sed
2967 2116 3056 2187 qui
3080 2117 3219 2172 male
3262 2119 3450 2173 habent
3483 2119 3648 2191 (Luc,
3679 2139 3732 2190 v,

2127 2200 2245 2274 5t),
2291 2202 2344 2257 in
2388 2202 2494 2258 hoc
2537 2204 2681 2274 quod
2727 2204 2948 2276 inempit
2997 2217 3332 2276 perseveret.
3382 2208 3733 2281 Sperandum

2127 2295 2273 2349 enim
2305 2302 2390 2350 est
2418 2295 2672 2366 quoniam
2702 2296 2792 2366 qui
2833 2311 2933 2367 per
2967 2305 3206 2352 vestram
3236 2297 3584 2355 tolerantiam
3617 2301 3731 2374 jam

2130 2387 2496 2459 aliquatenus,
2530 2389 2904 2447 misericordia
2933 2390 3028 2446 Dei
3055 2388 3338 2457 efﬁciente,
3369 2394 3648 2463 profecit:
3681 2397 3726 2451 si

2127 2480 2182 2535 in
2210 2495 2276 2536 eo
2300 2480 2443 2550 quod
2475 2481 2793 2551 incoepistis,
2821 2483 3334 2552 perseveraveritis;
3361 2498 3458 2554 per
3479 2485 3731 2542 eamdem

2127 2568 2222 2624 Dei
2274 2569 2704 2625 misericordiam
2754 2569 2821 2624 ad
2857 2569 3062 2640 majora
3114 2569 3382 2640 proficiet.
3434 2570 3576 2627 Nam
3627 2573 3731 2629 hoc

2126 2660 2302 2731 ipsum
2334 2675 2588 2733 magnum
2623 2661 2838 2730 signum
2875 2671 2958 2716 est
2981 2659 3260 2732 profectus
3288 2660 3438 2731 ejus,
3483 2662 3617 2734 quia
3649 2661 3728 2718 illi

2125 2765 2225 2820 per
2255 2766 2416 2820 quem
2443 2765 2502 2806 se
2532 2750 2833 2822 profecisse
2860 2751 3158 2822 cognoscit,
3190 2752 3420 2808 multum
3447 2769 3730 2812 commcn-

2124 2842 2242 2899 dari
2271 2857 2366 2913 per
2394 2857 2480 2898 me
2507 2843 2741 2898 amicum
2784 2851 3024 2898 vestrum
3057 2843 3368 2910 desiderat;
3414 2859 3525 2900 non
3557 2855 3621 2900 ut
3651 2847 3730 2900 vl-

2127 2933 2218 2988 tiis
2247 2932 2360 2987 suis
2384 2932 2778 3000 consentiatis,
2822 2931 2918 2990 sed
2943 2940 3002 2988 ut
3033 2932 3337 2988 infirmitati
3361 2934 3514 3005 ejus,
3563 2943 3624 2990 ut
3662 2936 3728 2992 ab

432 3022 552 3064 cum
583 3012 687 3070 hoc
711 3015 885 3082 ipsum
913 3037 1019 3078 non
1048 3024 1328 3097 ignoretis,
1366 3012 1737 3093 indesinenter
1765 3041 1817 3094 in
1843 3041 2019 3097 cordis

2131 3021 2232 3077 illis
2275 3021 2535 3092 paulatim
2579 3022 2722 3078 sicut
2768 3038 2912 3094 aeger
2961 3022 3199 3091 levetur,
3239 3024 3723 3082 condescendatis.

430 3113 560 3155 arca
605 3117 848 3166 servare.
883 3113 1009 3170 Scio
1049 3090 1175 3188 quia
1201 3090 1382 3178 vestra
1412 3090 2022 3201 dilectio,
2048 3090 2092 3152 C
2123 3113 2371 3170 Nondum
2401 3115 2547 3171 enim
2580 3116 2746 3171 audet
2790 3115 3111 3185 promittere
3138 3129 3194 3171 se
3221 3130 3398 3171 mores
3446 3131 3622 3182 suos,
3673 3119 3729 3174 in

430 3191 629 3296 habeat
679 3210 855 3260 status
899 3218 1104 3276 noster,
1155 3214 1426 3274 desiderat
1458 3191 1837 3292 cognoscere:
1882 3227 2018 3296 qui,

429 3284 540 3342 Deo
566 3301 908 3366 protegente,
943 3296 1240 3360 secundum
1272 3309 1490 3365 modum
1519 3284 1796 3380 nostrum,
1841 3284 2018 3372 etise:

427 3381 663 3439 cundum
709 3391 972 3458 temporis
1001 3393 1160 3465 hujus
1203 3400 1524 3457 varietatem
1555 3403 1609 3458 in
1640 3407 1852 3462 cunctis
1878 3407 2018 3464 bene

426 3483 572 3527 esset
595 3485 649 3530 et
685 3493 977 3552 prospere,
1024 3487 1126 3541 nisi
1175 3490 1302 3558 quia
1333 3507 1458 3547 cum
1488 3510 1661 3564 nuper
1695 3497 1750 3551 in
1781 3497 2030 3555 Francia-

425 3575 601 3616 cssem
649 3566 769 3622 aliis
797 3569 869 3602 ⁵⁸⁵
905 3573 1226 3641 quibusdam
1270 3578 1522 3637 affectum
1564 3583 1841 3643 laboribus
1879 3588 2015 3647 levis

425 3655 672 3720 quaedam
704 3657 875 3716 febris
902 3663 1082 3722 subito
1113 3667 1326 3726 irruens
1356 3671 1475 3742 plus
1509 3689 1596 3730 me
1629 3678 1824 3733 terruit
1847 3694 2014 3749 quam

425 3744 584 3802 laesit.
618 3749 724 3808 Sed
763 3768 884 3810 cum
913 3757 1122 3816 videret
1165 3773 1398 3820 mentem
1436 3779 1610 3822 meam
1653 3744 2014 3830 intentissime

423 3854 742 3901 conversam
770 3857 827 3904 ut
843 3850 909 3905 ad
934 3853 1138 3909 amicos
1161 3865 1375 3912 nostros
1391 3874 1490 3929 pro
1513 3861 1718 3917 auxilio
1741 3863 2010 3921 mitterem

423 3931 761 4004 orationum,
811 3941 1071 3997 exterrita
1113 3943 1197 4000 bis
1239 3955 1440 4004 tactum
1487 3949 1624 4023 fugit
1667 3955 2008 4012 exterritum.

427 4018 579 4077 L'nde
607 4024 920 4095 aliquandiu
948 4043 1064 4101 post
1090 4049 1282 4102 passus
1305 4053 1422 4093 sum
1443 4080 1458 4107 ,
1486 4018 1609 4096 cuin
1639 4044 1834 4100 edendi
1855 4045 2010 4102 fasti-

423 4113 534 4180 dio,
557 4117 859 4174 dormiendi
881 4121 1272 4195 difﬁcultatem,
1287 4138 1342 4184 et
1365 4134 1729 4190 membrorum
1747 4137 2005 4209 majorem

421 4204 864 4266 imbecillitatem.
909 4214 1164 4274 Dominos
1191 4229 1245 4274 et
1286 4221 1484 4279 fratres
1521 4235 1740 4282 nostros
1770 4204 2008 4287 dilectis-

422 4295 588 4352 simos
615 4298 752 4356 ﬁlios
775 4313 982 4360 vestros
1011 4318 1211 4377 quanta
1241 4326 1456 4379 possum
1482 4315 1771 4376 devotione
1792 4321 2000 4388 saluto;

421 4389 488 4442 de
515 4404 744 4458 quorum
770 4409 899 4465 erga
930 4412 1015 4451 mc
1037 4399 1177 4455 dulci
1200 4402 1488 4462 dilectione
1517 4423 1575 4463 re
1600 4410 1730 4466 mihi
1761 4415 1976 4484 cognita

419 4479 641 4546 quoties.
665 4485 926 4554 recogito,
956 4490 1187 4546 exsulto.
1224 4494 1300 4548 De
1329 4494 1563 4554 Ricardo
1604 4479 1878 4560 serviente
1909 4479 2003 4562 ve;

419 4577 554 4634 stro,
573 4573 664 4640 qui
681 4589 779 4630 vos
799 4577 848 4631 in
864 4580 1110 4651 Angliam
1130 4587 1426 4642 secundum
1443 4589 1742 4660 jussioncm
1764 4608 2002 4656 vestram

418 4670 638 4716 secutus
677 4674 788 4731 est,
821 4669 1012 4725 vellem
1039 4682 1308 4741 vestram,
1352 4679 1398 4733 si
1433 4682 1584 4738 vobis
1617 4700 1723 4741 non
1759 4688 2004 4760 displice-

417 4761 518 4815 ret,
548 4753 930 4825 benignitatem
970 4779 1192 4834 rogare,
1236 4771 1491 4839 quoniam
1534 4789 1697 4846 quem
1731 4753 1873 4836 Deus
1901 4798 2003 4839 suo

408 4840 614 4912 judicio
640 4849 710 4904 ab
751 4851 983 4922 impacto
1004 4857 1231 4914 crimine
1265 4866 1572 4932 excusavit,
1607 4869 1651 4923 si
1683 4869 1798 4940 ipse
1826 4873 1894 4928 ab
1919 4874 2001 4928 in-

413 4944 572 5032 cepto
601 4939 744 4995 fideli
771 4944 993 5000 servitio
1024 4963 1128 5002 non
1178 4949 1359 5008 deficit
1396 4954 1512 5025 jam
1555 4939 1815 5016 nihiliest
1852 4963 1996 5032 quod

411 5023 568 5082 bona:
595 5041 789 5087 vestra:
814 5034 1080 5093 voluntati
1105 5054 1264 5110 quam
1290 5044 1358 5099 de
1380 5061 1447 5100 eo
1469 5047 1770 5119 incepistis,
1803 5051 1996 5108 debeat

411 5118 656 5177 obviare.
703 5123 889 5184 Justus
917 5130 1063 5186 enim
1109 5142 1227 5200 est,
1273 5145 1331 5190 et
1367 5137 1487 5206 plus
1509 5140 1666 5197 decet
1695 5141 1996 5201 honestatis

412 5221 606 5269 vestrae
636 5219 1043 5290 auctoritatem,
1075 5233 1136 5280 ut
1165 5235 1344 5282 vestra
1380 5234 1682 5288 constantia
1707 5233 1996 5305 cujuslibet

1983 4459 1999 4485 ’
2034 4450 2080 4507 D

2121 3206 2321 3277 quibus
2351 3206 2512 3263 aliter
2535 3222 2695 3279 quam
2717 3208 2970 3280 expediat
2989 3209 3223 3265 nutritus
3244 3219 3351 3278 est,
3384 3209 3440 3264 in
3466 3212 3729 3282 proximo

2119 3298 2338 3368 penitus
2368 3298 2750 3366 deserturum;
2779 3298 2873 3354 Sed
2900 3313 3026 3354 cum
3060 3299 3333 3356 voluntate
3360 3310 3417 3356 et
3445 3301 3727 3358 desiderio

2117 3388 2388 3458 promittit
2415 3389 2629 3458 quoties
2670 3389 2958 3455 ceciderit,
3007 3405 3067 3447 se
3094 3389 3205 3446 Deo
3252 3391 3578 3462 adjuvante,
3619 3408 3726 3464 per

2116 3486 2358 3534 vestrum
2401 3479 2665 3535 auxilium
2700 3489 2757 3537 et
2789 3480 3105 3550 consilium,
3135 3491 3192 3537 et
3213 3498 3310 3553 per
3337 3491 3551 3540 vestras
3589 3498 3720 3540 ora-

2117 3567 2294 3624 tiones
2319 3580 2694 3625 surrecturum
2719 3570 2813 3638 ⁸⁸⁷,
2841 3579 2898 3628 et
2922 3573 3247 3644 quandoque
3273 3573 3329 3628 in
3352 3573 3508 3629 bonis
3538 3574 3717 3632 mori-

2113 3658 2216 3716 bus
2239 3668 2552 3716 constanter
2571 3669 2860 3718 staturum.
2885 3663 3130 3720 Salutate
3149 3663 3397 3720 dominos
3417 3675 3473 3721 et
3497 3664 3705 3724 fratres

2113 3758 2330 3807 nostros
2360 3761 2555 3806 vestra:
2590 3754 3028 3824 congregationis
3073 3755 3370 3810 monachos
3415 3771 3485 3811 ex
3523 3768 3719 3813 nostra

2111 3851 2314 3909 parte:
2365 3855 2502 3909 quos
2533 3856 2694 3912 rogo,
2738 3852 2796 3897 ut
2833 3842 3007 3899 fidelis
3044 3852 3100 3900 et
3147 3845 3388 3912 amicus,
3435 3857 3715 3916 quatenus

2111 3927 2324 3983 solliciti
2349 3930 2458 3985 sint
2483 3947 2690 3987 servare
2716 3933 2971 3988 unitatem
2998 3935 3214 4004 spiritus
3237 3936 3290 3991 in
3320 3938 3531 3991 uinculo
3566 3942 3721 4008 pacis

2111 4019 2327 4093 (Ephes.
2383 4039 2457 4091 tv,
2493 4024 2572 4092 5),
2594 4025 2640 4079 si
2662 4026 2909 4096 templum
2937 4027 3115 4082 volunt
3140 4043 3264 4084 esse
3289 4029 3518 4097 Spiritus
3544 4037 3720 4087 murti

2109 4115 2165 4185 (I
2188 4115 2311 4170 Cor.
2361 4133 2438 4181 vt,
2473 4117 2583 4184 l9),
2611 4119 2704 4189 qui
2746 4120 2886 4175 sicut
2915 4119 3088 4176 scindi
3123 4137 3230 4176 non
3269 4131 3483 4192 potest,
3538 4123 3623 4179 ita
3654 4125 3710 4180 in

2107 4205 2378 4262 discordia
2410 4208 2663 4266 habitare
2691 4225 2799 4265 non
2834 4219 3033 4280 potest.
3069 4210 3277 4269 Valete.

2569 4317 2911 4376 EPISTOLA
2951 4320 3120 4376 XLIX
3146 4322 3237 4376 ⁵³⁸.

2701 4435 2771 4474 ΑΙ)
2810 4435 3105 4478 (ΞΙΒΔΒΒυΙο

2111 4526 2180 4582 Ut
2221 4528 2496 4585 Beccensis
2537 4531 2754 4602 quidam
2800 4537 3088 4590 monachus
3121 4535 3185 4589 ab
3219 4537 3454 4591 ecclesia!
3501 4537 3572 4594 S.
3624 4539 3723 4596 Ul-

2182 4601 2320 4677 ηιανὶ
2351 4601 2600 4671 regimine
2620 4613 2917 4672 excusetur,
2941 4622 3004 4660 ne
3026 4606 3136 4677 lupi
3163 4622 3354 4677 agnum
3381 4607 3645 4666 decorent
3673 4623 3721 4668 et

2179 4670 2353 4724 leones
2383 4670 2550 4727 avem.

2115 4855 2118 4859 ἢ
2183 4778 2416 4836 Domino
2462 4791 2518 4837 et
2550 4781 2699 4839 Patri
2728 4786 3027 4842 reverenda
3077 4785 3407 4843 Morinorum
3443 4789 3722 4862 episcoPo

2109 4868 2382 4938 thanno,
2423 4872 2596 4943 frater
2615 4876 2896 4934 Amemus
2921 4879 3099 4936 dictus
3128 4879 3296 4936 abbas
3315 4879 3473 4936 Becci
3495 4921 3512 4949 ,
3559 4885 3718 4953 quod

2102 4975 2165 5016 ευ
2173 4977 2254 5018 llS.

2173 5051 2338 5107 Multa
2381 5065 2601 5126 propter
2637 5059 3016 5115 necessitatem
3050 5061 3126 5117 rei
3169 5062 3351 5118 dicere
3371 5062 3714 5133 expediret:

2103 5149 2162 5194 at
2201 5153 2422 5213 propter
2455 5147 2621 5204 multa
2653 5149 2782 5204 mihi
2825 5165 2932 5205 non
2973 5152 3121 5208 licet.
3156 5153 3314 5208 Brevi
3358 5154 3531 5225 igitur
3566 5155 3716 5211 allo.

2104 5233 2232 5303 quio
2279 5243 2336 5290 et
2365 5251 2563 5308 magno
2602 5239 2796 5297 afl‘cctu
2829 5252 3067 5298 vestram
3111 5245 3370 5315 deprecor
3407 5253 3711 5314 paternam

1677 5364 1912 5422 VARIIE
1955 5366 2360 5427 LECTIONES.

485 5463 552 5494 '“
591 5464 1240 5554 _I§_xci_piatur,hefﬁciatis
1312 5477 1596 5554 epistolam
1642 5497 1750 5554 nis.
1786 5483 2134 5553 suscipiatur,
2191 5483 2462 5540 efﬁciatis.
2525 5484 2818 5554 Epistolam

1847 5555 2060 5627 alienus
2082 5554 2304 5627 _alienis
2337 5556 2693 5625 impenderet,
2741 5559 2929 5627 utique
3001 5558 3074 5591 ⁸⁸⁵
3116 5558 3373 5626 Francia,
3426 5560 3548 5615 aliis
3591 5578 3698 5614 ms.

413 5547 548 5619 ius:
571 5533 663 5619 ⁸ξ¹³
725 5533 1059 5619 Iinpcnditis,
1088 5544 1274 5619 utique
1300 5533 1400 5619 nis.
1454 5533 1714 5619 impendi-
1739 5533 1806 5617 is,

2954 5489 3025 5520 m
3055 5487 3262 5543 Collata
3331 5450 3449 5544 cunt
3507 5492 3706 5545 eodem

416 5599 645 5698 ξτθηοῖθ
670 5599 882 5698 ρεεθὶικ
915 5599 1058 5698 aliis:
1094 5599 1420 5698 'f'5'Collatn
1445 5599 2059 5698 iiiiit'éb'aieéi'lniimiii
2076 5599 2250 5696 supra
2277 5599 2384 5696 qua
2415 5599 2528 5680 'ins.
2575 5599 2738 5696 sup'ra
2766 5599 2927 5698 quam
3003 5630 3073 5660 '"
3099 5599 3551 5687 ltesurrec’turum
3587 5645 3699 5685 us.

417 5681 848 5730 resurrecturum
921 5680 990 5711 ⁸³⁸
1011 5681 1218 5739 Collata
1243 5703 1360 5740 cum
1392 5690 1568 5743 eodem
1600 5707 1696 5744 ms.

1475 5905 1502 5916 .—

3837 361 3850 458 ξ
