3898 6052
247 313 268 370 1
277 312 384 370 9.05

1593 305 1723 362 LIB.
1763 311 1828 374 ιι,
1870 275 2084 362 Epist“.
2110 307 2218 363 LII.

3387 313 3524 367 Ε(ιὸ

243 428 528 497 pietatem.
560 429 616 476 ut
653 431 708 480 et
736 433 830 476 vos
859 417 1104 484 faciatis,
1149 425 1206 472 ct
1233 417 1452 474 domino
1497 427 1684 474 nostro
1711 417 1821 472 lle-
1855 427 1902 483 Λ
1935 419 2014 473 ris
2037 417 2294 489 cognovi,
2327 425 2648 488 tantumque
2675 417 2956 484 doluistis,
2979 427 3130 475 recte
3153 429 3207 475 et
3233 435 3334 493 ego
3357 423 3524 480 dolui.

243 515 414 572 mensi
443 513 852 590 archiepiscopo
876 528 944 568 ex
973 519 1152 566 vestra
1193 518 1252 566 et
1292 519 1478 566 nostra
1513 517 1672 579 parte
1711 525 1832 580 per-

241 607 538 672 suadentis,
569 605 712 676 quod
741 605 808 658 ad
833 603 1133 674 prudentia:
1155 611 1346 660 vestra:
1371 603 1606 673 pertinet
1628 603 1832 659 discre-

243 699 482 762 tionem;
520 703 792 764 quatenus
823 695 914 750 hic
945 692 1116 750 frater
1157 703 1345 748 noster
1391 691 1594 749 diutius
1631 692 1830 748 frustra

243 804 350 844 non
377 797 626 854 vexetur,
655 801 756 841 nec
786 785 855 840 ad
883 784 1168 840 ecclesiam
1202 783 1262 839 S.
1295 783 1566 850 Vultuari,
1593 784 1710 855 ejus
1739 799 1832 839 oc-

242 879 492 944 easionc,
525 876 864 932 convenienti
894 875 1124 932 consilio
1167 883 1224 930 et
1255 875 1600 932 ordinatiOne
1641 876 1826 944 prive-

247 983 354 1026 tur.
395 969 738 1040 lmpossibilo
807 969 952 1026 enim
998 979 1082 1025 est
1125 983 1248 1024 eum
1279 969 1511 1039 amplius
1558 969 1612 1024 in
1641 971 1830 1026 eadem

245 1064 470 1120 ecclesia
499 1064 568 1118 ob
597 1063 785 1128 multa,
815 1077 934 1132 qua:
965 1059 1182 1131 longum
1212 1069 1298 1116 est
1327 1075 1574 1129 narrare,
1615 1063 1670 1116 in
1695 1077 1832 1132 pace

243 1157 572 1222 consistere;
606 1165 700 1210 aut
725 1156 792 1209 ad
823 1153 1058 1224 aliquam
1081 1151 1152 1186 ⁵³³
1177 1152 1464 1208 utilitatem
1495 1152 1580 1208 vel
1601 1168 1724 1208 eum
1751 1154 1831 1209 ui-

241 1249 352 1303 mio
381 1247 570 1303 labore
597 1245 884 1317 proﬁcere.
923 1244 1266 1314 Quapropter
1290 1243 1488 1298 iterum
1527 1243 1832 1314 iterumque

238 1355 434 1410 precor
465 1355 532 1394 ne
575 1347 784 1394 tantum
825 1336 1165 1392 auctoritatis
1201 1345 1396 1391 vestra:
1427 1349 1713 1390 censuram
1751 1347 1832 1390 at-

242 1432 498 1496 tendatis,
539 1439 598 1484 ut
620 1430 858 1484 animam
883 1428 1116 1500 proximi
1147 1427 1522 1484 insanabiliter
1541 1435 1726 1483 vestro
1756 1428 1830 1482 ri-

239 1539 372 1596 gore
425 1523 622 1578 frustra
674 1521 958 1592 frangatis.
1012 1519 1220 1586 Nolite,
1287 1520 1546 1583 obsecro,
1598 1519 1830 1588 amplius

239 1631 438 1686 agnum
478 1615 770 1684 fugientem
801 1613 868 1666 ad
915 1611 1066 1682 lupos
1095 1611 1394 1676 reducere;
1427 1610 1596 1666 nolite
1629 1611 1717 1665 ovi
1741 1627 1830 1666 ea-

243 1707 384 1762 tulos
411 1707 622 1762 leonum
647 1703 948 1760 domandos
975 1704 1345 1767 committere;
1377 1703 1544 1760 nolite
1566 1703 1827 1758 innocen-

1937 511 2142 564 Sanate
2171 525 2302 581 ergo
2331 511 2527 566 vulnus
2557 519 2794 566 vestrum
2827 527 2896 566 ne
2925 511 3136 578 doleat;
3183 514 3326 570 sicut
3363 517 3530 574 vultis

1953 617 2148 658 sanare
2175 617 2375 670 meum,
2409 617 2477 658 ne
2497 603 2800 658 condoleat.
2829 601 3052 658 Salvum
3083 607 3227 660 enim
3255 616 3361 672 est,
3385 611 3526 678 quod

1937 694 2214 762 perditum
2239 709 2360 750 esse
2387 694 2676 760 timuistis,
2723 703 2780 749 et
2807 695 3100 763 habemus,
3129 697 3273 766 quod
3315 698 3370 751 in
3405 709 3519 754 tuto

1949 784 2270 853 reliquistis.
2322 783 2568 840 Salutate
2609 787 2966 840 reverendum
3017 795 3073 840 et
3109 787 3524 843 dilectissimum

1935 877 2096 932 nobis
2126 878 2386 934 domuum
2417 879 2670 935 abbatem
2713 877 3044 945 llodulfum,
3077 886 3134 932 ct
3159 879 3386 936 dilectos
3421 880 3530 935 fra-

1935 980 2046 1024 tres
2073 977 2288 1027 nostros
2320 971 2422 1026 sibi
2455 971 2800 1027 commissos.
2835 971 3128 1039 Musicani,
3149 987 3313 1042 quam
3343 969 3528 1042 petitis

1931 1075 1964 1116 a
1987 1059 2310 1118 Cadotneusi
2353 1063 2556 1133 priore,
2605 1061 2690 1116 cui
2720 1077 2840 1116 eam
2872 1061 3229 1132 praestitimus
3253 1105 3267 1128 ,
3311 1071 3524 1134 repete-

1931 1169 2082 1220 mus,
2115 1163 2172 1209 et
2201 1170 2344 1222 eam,
2377 1169 2539 1226 quam
2571 1155 2733 1210 citius
2759 1153 2834 1186 ⁵³³
2857 1154 3178 1224 poterimus,
3211 1155 3366 1211 vobis
3403 1157 3530 1212 mit-

1935 1253 2140 1301 tentus.

2457 1315 2794 1374 EPISTULA
2833 1315 2896 1372 LI
2921 1317 2994 1348 ⁸³³

2197 1443 2264 1481 AD
2305 1443 2608 1486 BALDRICUII
2653 1445 2724 1484 ΕΤ
2763 1441 2918 1486 Αιιοε
2958 1443 3258 1484 IIONACIIOS.

1929 1538 2008 1592 De
2029 1537 2354 1592 diuturniora
2373 1539 2455 1592 sui
2486 1557 2632 1593 mora
2659 1541 2714 1594 in
2743 1539 2953 1609 Anglia.
2996 1539 3071 1595 De
3101 1557 3198 1594 sua
3224 1541 3292 1594 ad
3325 1539 3388 1594 S.
3426 1540 3528 1594 Ni-

1999 1609 2208 1729 tiotaum
2231 1612 2496 1675 oratione,
2530 1619 2578 1664 et
2612 1611 2678 1664 de
2710 1625 2808 1664 sua
2833 1611 3057 1681 epistola
3091 1621 3277 1664 contra
3325 1610 3528 1666 [tesce-

2027 1695 2196 1732 munt.

241 1811 349 1854 tem
393 1809 445 1854 et
493 1798 880 1852 reclamantem
917 1796 970 1850 in
1023 1795 1298 1850 fornacem
1337 1793 1714 1849 Chaldmorum
1757 1793 1822 1848 ad

2003 1770 2338 1826 Desideratis
2384 1771 2847 1830 desideratoribus
2901 1775 3048 1838 suis,
3116 1775 3316 1830 domno
3361 1774 3528 1844 priori

241 1891 441 1946 nullius
463 1890 590 1944 boni
614 1889 863 1944 effectum
893 1887 1188 1959 impellere.
1211 1886 1514 1941 Permittite
1537 1895 1594 1940 ut
1619 1885 1756 1941 alius
1774 1887 1824 1940 in

243 1985 360 2036 loco
395 1979 511 2049 ejus
559 1980 945 2044 constituatur,
983 1979 1139 2049 cujus
1171 1993 1324 2032 tuens
1359 1978 1602 2047 paratior
1639 1977 1714 2032 sit
1747 1977 1828 2032 in-

243 2074 442 2129 teriora
471 2079 524 2126 et
553 2070 827 2126 exteriora
859 2069 996 2126 bella
1045 2071 1190 2126 circa
1235 2084 1432 2140 pravos
1474 2083 1654 2124 mores
1689 2067 1824 2124 tule-

245 2179 366 2218 rare
393 2182 406 2218 :
438 2173 494 2216 et
520 2162 609 2232 qui
640 2170 832 2228 tentet,
864 2161 1004 2231 quod
1031 2162 1143 2232 ipse
1171 2177 1292 2216 sese
1314 2175 1418 2215 non
1447 2175 1605 2230 posse
1626 2161 1820 2230 proba-

239 2259 338 2320 vit,
368 2257 540 2326 siquo
567 2258 748 2322 modo,
771 2257 880 2310 Deo
901 2257 1218 2321 auxiliante,
1250 2255 1422 2325 possit
1445 2255 1651 2308 utiliter
1669 2253 1829 2309 coha-

243 2349 540 2402 liit-mtibns
563 2349 916 2403 concordare.
939 2347 1093 2414 Quod
1132 2349 1176 2402 si
1213 2357 1391 2401 vestra
1421 2347 1691 2401 sententia
1726 2345 1826 2400 ali-

238 2439 370 2508 quid
419 2439 823 2494 immutabilitcr
871 2439 1138 2505 senserit,
1188 2441 1330 2508 quod
1384 2453 1490 2496 non
1541 2448 1824 2508 optamus,

239 2530 392 2599 prius
419 2531 472 2584 iu
501 2529 757 2600 praedicta
786 2531 1016 2586 ecclesia
1051 2545 1238 2600 pacem
1262 2539 1318 2586 et
1347 2531 1546 2586 bonam
1573 2531 1852 2586 volunta-'

241 2637 348 2678 tem
377 2625 674 2692 aedificare,
713 2635 767 2682 et
793 2627 872 2682 sic
909 2635 1160 2696 pacatum
1191 2635 1247 2680 et
1287 2625 1608 2681 benevolum
1649 2626 1702 2682 in
1725 2628 1821 2683 do-

237 2732 388 2772 mum
412 2717 562 2787 paeis
591 2718 732 2773 inter
763 2717 1060 2774 benevolos
1085 2733 1368 2774 revocare.
1403 2717 1606 2774 Valete.

769 2832 1100 2889 EPISTOLA
1139 2833 1182 2888 L
1212 2833 1304 2889 ⁵³³.

670 2939 734 2977 ιιι)
766 2939 1002 2980 ιοΑΝΝΕιι
1037 2941 1106 2979 ΕΤ
1135 2938 1394 2980 BOSONEII.

236 3013 316 3068 De
339 3015 769 3084 quaternionibus
792 3015 904 3069 suis
941 3015 1006 3068 ab
1029 3031 1088 3069 eo
1115 3015 1398 3084 deperdilt's
1424 3015 1680 3070 dolentem
1703 3033 1822 3071 eum

288 3085 610 3138 consolatur.
639 3085 706 3138 Et
727 3087 778 3138 ei
802 3103 857 3138 se
889 3087 1143 3140 musicam
1169 3087 1452 3140 missurum
1477 3087 1774 3152 pollicetur.

309 3177 512 3232 Amicis
537 3177 772 3244 amicus,
795 3177 1010 3234 dilectis
1029 3179 1278 3246 dilectus,

235 3265 437 3319 domno
465 3265 656 3322 Bosom
679 3267 848 3324 frater
873 3268 1186 3337 Aassuus,
1212 3270 1370 3340 hujus
1394 3273 1518 3327 vita:
1547 3281 1604 3327 et
1633 3273 1827 3330 futura:

238 3355 604 3411 inviolabilem
639 3358 901 3414 Iretitiam.

309 3445 567 3514 Quamvis
610 3449 963 3504 dclectabilcs
987 3459 1044 3506 et
1069 3451 1256 3505 dulces
1298 3451 1408 3505 sint
1447 3453 1716 3522 sapientia
1767 3463 1824 3509 et

238 3539 488 3604 dilectio,
521 3551 702 3594 tamen
735 3541 788 3594 in
821 3541 980 3610 hujus
1006 3541 1129 3596 vitae
1159 3541 1370 3597 lubrico
1389 3553 1652 3612 generant
1677 3545 1823 3600 dolo-

239 3645 355 3684 rem
384 3639 439 3684 et
463 3631 877 3686 amaritudinem
905 3632 1198 3701 aliquando
1223 3650 1237 3687 :
1271 3648 1392 3704 quin
1419 3643 1625 3704 quanto
1651 3637 1825 3692 verio-

239 3741 329 3780 res
349 3735 405 3780 et
430 3725 664 3798 majores
686 3735 834 3794 sunt,
865 3735 1016 3782 tanto
1045 3728 1150 3783 hoc
1175 3727 1380 3783 faciunt
1403 3729 1582 3784 rarius
1601 3739 1656 3784 et
1679 3739 1826 3785 tanto

235 3818 485 3888 gravius.
539 3817 741 3873 Rarius
782 3819 928 3874 enim
983 3818 1341 3890 sapientiores
1389 3819 1680 3885 falluntur;
1729 3821 1826 3876 sed

237 3924 364 3962 cum
403 3909 508 3964 hoc
539 3909 826 3977 contingit,
863 3907 1037 3977 magis
1081 3907 1370 3964 laeduntur.
1411 3908 1482 3964 Et
1513 3909 1604 3979 qui
1645 3909 1826 3966 verius

236 4001 510 4070 diligunt,
557 4001 734 4055 rarius
776 4015 914 4070 quos
961 4001 1222 4072 diligunt,
1265 4001 1565 4056 offendunt.
1625 3999 1822 4057 Verum

237 4093 457 4162 quando
485 4091 588 4146 hoc
617 4091 834 4157 accidit,
869 4093 1088 4162 gravius
1113 4109 1170 4148 se
1196 4093 1456 4164 affligunt.
1483 4094 1826 4166 Quapropter

237 4201 364 4242 cum
409 4199 508 4242 vos
553 4185 823 4241 modicum
859 4185 988 4256 quid
1030 4187 1246 4243 incaute
1291 4189 1484 4245 fecisse
1527 4190 1596 4260 (si
1641 4201 1822 4248 tamen

241 4279 518 4334 incautum
559 4277 908 4350 iudicandum
931 4287 1049 4345 est,
1079 4282 1222 4348 quod
1253 4279 1319 4334 de
1339 4281 1408 4312 ³³³
1449 4283 1822 4351 quaternioni-

239 4371 340 4424 bus
369 4371 571 4425 nostris
617 4367 842 4442 fecistis)
877 4383 974 4426 vos
1019 4377 1128 4424 tam
1159 4371 1398 4441 graviter
1422 4371 1565 4428 ferre
1594 4375 1819 4430 manda-

239 4463 369 4530 stis;
397 4465 584 4532 utique
606 4478 712 4518 non
737 4463 842 4518 hoc
869 4477 934 4518 es
964 4463 1384 4528 consuetudine,
1417 4477 1518 4520 nec
1541 4479 1608 4520 ex
1643 4466 1820 4536 negli-

1933 1862 2206 1917 BALDRICO
2237 1871 2291 1918 et
2314 1863 2462 1930 aliis,
2496 1865 2589 1933 qui
2621 1879 2742 1918 cum
2773 1879 2839 1920 eo
2861 1873 3010 1930 sunt,
3039 1863 3301 1920 fratribus
3331 1863 3531 1918 fratres

1929 1953 2242 2018 Assnuus,
2275 1969 2406 2009 suus
2438 1953 2652 2024 illorum
2689 1971 2701 2008 :
2735 1969 2953 2025 seraper
2990 1955 3128 2012 bene
3155 1969 3274 2012 esse
3307 1956 3454 2011 intus
3477 1964 3536 2012 et

1935 2055 2114 2100 extra.
2339 2115 2344 2122 ι

2005 2137 2250 2192 Nondum
2300 2137 2452 2194 vobis
2497 2153 2716 2207 possum
2747 2137 2950 2208 aliquid
2981 2141 3242 2196 mandare
3272 2142 3340 2198 de
3375 2140 3525 2194 utili—

1933 2239 2042 2286 tate
2067 2231 2238 2284 nostri
2267 2231 2476 2285 itineris
2509 2231 2562 2284 in
2591 2231 2866 2302 Angliam,
2892 2239 3154 2300 quantum
3182 2233 3420 2301 pertinet.
3454 2233 3522 2285 ad

1931 2329 2172 2376 nostram
2199 2319 2518 2374 Ecclesiam.
2551 2318 2738 2374 Diﬂ'ert
2767 2321 2914 2374 enim
2945 2321 3122 2376 adhuc
3152 2335 3248 2375 rex
3293 2335 3522 2390 respon—

1931 2413 2060 2468 dere
2087 2421 2286 2466 nostra:
2313 2413 2591 2484 petitioni;
2621 2413 2873 2482 quamvis
2905 2413 3018 2483 ipse
3044 2421 3100 2467 et
3132 2413 3222 2466 alii
3250 2412 3526 2482 principes

1929 2503 2138 2574 Anglia:
2173 2501 2304 2558 mihi
2337 2501 2498 2558 nimis
2530 2501 2668 2556 ultra
2707 2517 3022 2558 mensuram
3059 2518 3256 2569 meam,
3281 2517 3528 2558 amorem

1929 2607 1986 2652 et
2026 2597 2290 2652 honorem
2337 2597 2654 2652 exhibeant.
2699 2595 2776 2652 De
2811 2597 3180 2652 incolumitate
3217 2612 3335 2650 mea
3385 2597 3528 2652 lator

1929 2688 2282 2759 presentiqu
2331 2689 2638 2752 monachus
2685 2688 2888 2744 domini
2938 2689 3152 2744 abbatis
3207 2688 3526 2758 Gisleberti,

1929 2779 2124 2834 melius
2173 2793 2336 2848 quam
2380 2779 2610 2848 epistola
2661 2789 2846 2835 nostra
2888 2780 3086 2836 docere
3141 2795 3238 2834 vos
3287 2780 3523 2850 poterit,

1929 2889 2089 2943 quem
2125 2871 2246 2927 volo
2277 2881 2336 2928 ut
2376 2871 2531 2928 valde
2561 2873 2794 2944 benigne
2826 2872 3114 2942 excipiatis
3137 2871 3235 2926 ⁸³⁸.
3271 2873 3526 2926 lteditutn

1930 2973 2178 3020 nostrum
2211 2973 2338 3018 ante
2375 2962 2861 3036 Quadragesimam
2893 2977 3000 3018 non
3048 2977 3208 3032 spero
3259 2962 3520 3016 futurum.

1930 3056 2180 3110 Maudate
2209 3055 2340 3110 mihi
2373 3055 2570 3111 litteris
2606 3057 2672 3111 de
2702 3055 2788 3110 his
2813 3069 2934 3125 qua:
2961 3055 3105 3108 circa
3139 3069 3234 3109 vos
3269 3063 3430 3119 sunt,
3460 3067 3523 3108 ea

1313 3143 1512 3235 domn-0
1533 3179 1722 3236 11mm
1747 3190 1828 3238 ει,
1851 3177 1898 3240 c
1929 3163 2056 3240 quae
2089 3148 2346 3240 seireme
2372 3146 2571 3202 debere
2599 3146 2772 3240 scitis.
2809 3145 3026 3240 Mittite
3047 3143 3180 3199 mihi
3217 3146 3528 3200 orationem

1929 3239 1996 3294 ad
2025 3237 2082 3293 S.
2107 3236 2383 3292 Nicolaum
2407 3251 2570 3307 quam
2601 3237 2728 3300 feci,
2755 3243 2810 3290 et
2829 3235 3120 3306 epistolam
3145 3252 3308 3306 quam
3331 3242 3528 3293 contra

1929 3329 2070 3384 dicta
2102 3327 2374 3384 Roscelini
2424 3327 2606 3383 facere
2653 3327 2902 3382 inchoavi
2931 3344 2948 3382 :
2980 3335 3037 3384 et
3069 3327 3116 3384 si
3143 3342 3277 3394 quas
3305 3327 3372 3382 de
3400 3325 3522 3384 aliis

1927 3421 2131 3475 nostris
2162 3419 2232 3452 ⁸⁸⁵
2268 3419 2515 3490 epistolis
2542 3419 2699 3490 361
2737 3419 2904 3474 habet
2927 3419 3156 3475 domnus
3185 3417 3472 3476 Mauritius
3495 3459 3520 3486 ,

1925 3525 2060 3578 quas
2099 3523 2204 3566 non
2235 3511 2400 3566 misit.
2441 3512 2686 3566 Salutate
2721 3517 2927 3566 matres
2957 3520 3203 3577 nostras,
3237 3511 3514 3567 dominam

1924 3601 2093 3655 Evam
2119 3609 2174 3657 et
2201 3601 2474 3656 dominam
2505 3600 2784 3656 Basiliam.
2819 3601 3020 3658 Valete.

2430 3711 2760 3768 EPISTOLA
2799 3711 2888 3768 ιιι
2908 3713 3000 3768 ⁵³⁸.

2517 3841 2584 3880 Δι’)
2619 3841 2922 3883 EBNULFUI.

1927 3919 2312 3988 Professionent
2333 3935 2364 3972 a
2391 3919 2645 3972 monacho
2669 3919 2866 3987 factum
2891 3929 2938 3972 et
2959 3928 3246 3982 servatam,
3273 3937 3380 3974 non
3403 3937 3515 3976 esse

2007 3987 2196 4043 iterum
2225 3987 2289 4041 ab
2317 4003 2378 4042 eo
2402 3989 2732 4058 exigendam,
2757 4003 2875 4041 cum
2903 3989 3064 4043 abbas
3092 3989 3432 4044 benedicitnr.

1997 4082 2222 4138 Domino
2249 4089 2302 4136 et
2325 4081 2534 4147 amico,
2559 4081 2743 4138 abbati
2773 4082 2843 4114 ⁵³⁷
2873 4082 3162 4153 Eanum-‘0,
3207 4085 3380 4140 frater
3407 4085 3516 4140 As-

1925 4191 2157 4242 SELIIUS,
2189 4175 2414 4231 salutem
2441 4175 2727 4245 praesentis
2749 4175 2872 4231 vitae
2897 4187 2953 4232 et
2983 4177 3198 4234 futurae.

1995 4268 2240 4324 Domnus
2279 4265 2538 4326 Nicolaus
2569 4269 2740 4324 frater
2765 4276 2947 4324 vester
2986 4267 3121 4322 dixit
3157 4269 3286 4324 mihi
3315 4285 3382 4324 ex
3417 4285 3508 4324 ve-

1925 4369 2038 4414 stra
2065 4369 2256 4430 parte,
2291 4369 2350 4414 ut
2385 4359 2536 4415 vobis
2567 4360 2850 4414 consilium
2899 4369 3146 4414 nostrum
3193 4361 3512 4416 mandarem

1924 4453 1990 4508 de
2018 4467 2111 4518 eo;
2147 4453 2269 4522 quia
2298 4453 2582 4523 episcopus
2613 4451 2924 4521 llajoeensis
2959 4453 3156 4507 invitat
3185 4469 3281 4506 vos
3309 4453 3374 4506 ad
3417 4453 3510 4508 bc-

237 4554 416 4624 gcmia
447 4531 812 4619 descendisse,
844 4553 938 4610 sed
965 4567 1028 4608 ex
1053 4567 1116 4609 ea
1145 4555 1474 4610 necessitate
1493 4594 1508 4620 ,
1552 4555 1680 4625 quia
1711 4531 1816 4612 ἦοῃ
1851 4531 1896 4586 D
1923 4545 2308 4610 uedictionem,
2334 4559 2456 4614 qua;
2479 4553 2678 4600 vestra:
2701 4546 2928 4600 debetur
2950 4543 3222 4600 electioni.
3251 4537 3364 4600 Sed
3383 4561 3504 4616 ego,

236 4653 322 4700 est
343 4645 502 4702 homo
529 4645 618 4715 qui
645 4661 749 4702 non
771 4657 982 4717 peccet,
1007 4648 1370 4702 monstrastis.
1403 4645 1556 4704 Unde
1577 4663 1674 4704 vos
1693 4665 1820 4718 pro-

235 4735 379 4790 batis
423 4737 523 4804 pro
559 4745 709 4790 certo
739 4735 790 4788 in
820 4734 1030 4790 cautela
1059 4735 1469 4805 prudentiores,
1510 4743 1566 4792 et
1605 4735 1660 4791 in
1691 4736 1818 4792 dile-

237 4824 418 4880 ctione
429 4825 800 4880 ferventiores.
817 4824 970 4892 Quod
986 4835 1190 4896 quanto
1209 4828 1388 4882 verius
1409 4827 1641 4892 intueor,
1666 4837 1814 4883 tanto

237 4917 441 4972 rectius
463 4915 734 4972 lazsionem
768 4917 948 4972 cordis
974 4919 1136 4972 vestri
1169 4933 1264 4976 cor
1292 4933 1470 4973 meum
1501 4919 1693 4976 laedere
1717 4920 1812 4974 de-

235 5007 366 5066 bere
396 5009 670 5063 couliteor.
717 5007 852 5062 Cum
880 5025 1010 5079 ergo
1039 5010 1172 5066 mihi
1211 5012 1408 5066 vulnus
1447 5013 1596 5068 cordi
1635 5019 1816 5068 vestro

239 5097 464 5154 infixum
506 5099 576 5154 ob
601 5099 944 5154 dilectionem
975 5101 1099 5167 mei,
1130 5117 1291 5172 quem
1325 5104 1578 5159 timuistis
1613 5119 1708 5159 vos
1733 5103 1815 5158 of-

239 5189 503 5258 fendisse,
530 5191 856 5262 scripsistis;
881 5207 986 5247 non
1015 5193 1278 5249 dissimile
1304 5195 1498 5250 vulnus
1519 5195 1668 5250 cordi
1691 5211 1812 5252 meo

237 5279 530 5338 indixistis.
553 5283 826 5349 Quantum
853 5284 996 5338 enim
1021 5299 1116 5339 vos
1137 5284 1326 5341 dolore
1343 5287 1522 5341 studio
1546 5285 1654 5339 mei
1683 5299 1806 5339 amo

1923 4637 2182 4708 quidquid
2211 4637 2336 4692 inde
2359 4637 2558 4702 sentio,
2587 4637 2700 4708 jam
2733 4645 2928 4692 vestra:
2957 4635 3066 4690 dixi
3099 4651 3339 4706 praesens
3367 4635 3506 4692 dile-

1921 4732 2112 4788 ctioni.
2159 4730 2376 4786 Scimus
2413 4731 2558 4785 enim
2605 4729 2728 4800 quia
2779 4743 2994 4799 semper
3024 4729 3264 4800 protiteri
3307 4743 3404 4782 ore
3451 4737 3506 4782 et

1919 4839 2084 4894 opere
2107 4821 2366 4878 exhibere
2401 4823 2660 4878 debemus
2709 4821 3004 4892 majoribus
3049 4821 3249 4876 nostris
3291 4819 3504 4889 regula-

1921 4927 2034 4967 rem
2064 4913 2450 4968 obedientiam.
2495 4913 2666 4979 Quam
2706 4914 2908 4984 scripto
2947 4923 3218 4981 repetem,
3265 4911 3500 4980 quaudiu

1920 5017 2039 5058 eam
2086 5017 2192 5058 non
2236 5001 2530 5074 abnegasse
2559 5003 2959 5074 c0gnoscimur,
2999 5000 3328 5071 superfluum
3356 5007 3506 5056 certe

1916 5105 2032 5164 est;
2067 5096 2133 5151 ad
2163 5097 2306 5166 quod
2329 5096 2406 5128 m
2428 5096 2474 5150 si
2497 5097 2618 5166 quis
2643 5111 2743 5150 nos
2765 5095 2880 5150 vult
2907 5107 3132 5164 cogere,
3161 5108 3282 5148 cmn
3313 5092 3380 5146 ad
3401 5090 3499 5146 ab-

1915 5191 2074 5246 batiae
2113 5191 2481 5261 prmlationem
2517 5203 2928 5260 promovemur,
2978 5187 3096 5241 sine
3141 5185 3247 5239 ulla
3291 5185 3502 5240 ratione

1920 5283 2038 5338 fieri
2083 5283 2317 5338 videtur.
2349 5283 2484 5337 Cum
2523 5283 2668 5338 enim
2695 5279 2924 5352 professi
2957 5293 3142 5334 sumus
3184 5275 3496 5332 conversio-

1473 5375 1706 5432 VARUE
1743 5373 2150 5432 LECTIONES.
3061 5417 3066 5420 -

303 5467 376 5501 ⁸⁸⁸
403 5467 506 5520 Aut
533 5465 764 5536 aliquam
800 5481 899 5520 ms.
942 5478 1034 5523 aut
1075 5471 1141 5524 ad
1185 5472 1418 5539 aliquam
1493 5471 1564 5504 ⁸³⁰
1610 5469 1816 5524 Collata
1869 5487 1988 5523 cum
2014 5469 2192 5539 eodem
2232 5484 2332 5522 ms.
2408 5469 2477 5501 ⁵³¹
2514 5467 2652 5535 Quid
2685 5468 2750 5521 de
2775 5484 2872 5539 ms.
2907 5464 3286 5539 qt104_l_de___"3'
3317 5461 3496 5539 Quan-

236 5540 412 5596 tocius
469 5551 566 5590 ms.
619 5551 778 5606 quam
831 5539 990 5592 citius

234 5627 334 5664 ms.
365 5607 483 5664 ailis
505 5607 705 5662 nostris

237 5683 412 5736 amico
447 5677 642 5736 Abbati
743 5677 812 5716 ⁵⁸³
834 5677 948 5748 Est,
1005 5683 1147 5750 quod
1203 5700 1327 5740 mss.
1353 5693 1460 5748 est,
1491 5683 1556 5736 ad
1579 5681 1720 5753 quod

1088 5541 1158 5572 ⁵³³
1207 5543 1410 5596 Collata
1470 5557 1586 5594 cum
1635 5541 1812 5594 eodem
1861 5557 1959 5594 ms.

811 5605 881 5638 ⁸³⁸
933 5607 1138 5666 Collala
1177 5613 1295 5667 cum
1341 5613 1545 5667 duobus
1581 5627 1704 5664 mss.
1764 5609 2050 5666 Victorinis
2120 5609 2190 5644 ⁸⁸⁷
2221 5603 2447 5666 Domino
2485 5617 2542 5665 et
2573 5607 2720 5664 Patri
2763 5603 2948 5663 abbati
2993 5621 3115 5664 mss.
3157 5603 3392 5662 Domino
3436 5617 3498 5658 es

2060 5538 2131 5570 ⁸³⁵
2186 5539 2481 5608 Excipialis
2515 5533 2614 5608 ms.
2645 5533 2953 5608 suscipiatis
3027 5536 3100 5567 ³³⁸
3123 5533 3258 5608 A_|iis
3295 5533 3494 5608 vestris
