4174 6230
1309 606 1593 785 AD
1769 596 2503 785 OPERA
2920 731 2924 745 ς

728 864 1814 1213 ΞΑΝΟΤΙ
1920 992 2376 1279 ANE

1920 898 3470 1287 ANSELMI)’

538 1410 541 1413 ‘
1156 1418 2618 1611 PROLE‘GOMENA.
2788 1378 2791 1383 ’
2874 1380 2937 1509 η’
3050 1370 3079 1407 ³

1809 1751 2035 1766 _

3251 1602 3465 1649 Αἰ,

906 1964 1820 2109 ILLUSTRISSIMO
1874 1975 2897 2135 NOBILISSIMOQUE

1776 2261 2020 2304 DOMINO

558 2464 730 2572 Ι).
809 2461 1508 2576 σΔαοΒθ
1581 2460 2206 2573 Πιαοιε

1622 2460 2374 2573 maenae
2450 2461 3270 2581 COLBERT

1545 2740 1831 2818 ABBATI
1861 2711 2258 2828 necceusr,
2350 2748 2351 2751 ‘
3064 2718 3065 2721 γ

795 2997 1006 3041 puteal
1037 2997 1109 3040 ac
1142 2996 1387 3055 nomne
1423 2996 1793 3041 CHARITATIS
1823 2976 2020 3041 suem
2055 2997 2342 3053 uenam,
2375 2999 2443 3040 me

1339 2996 1387 3040 'o
1423 2996 1793 3041 CHARITATIS
1823 2976 2020 3041 suem
2055 2997 2342 3053 uenam,
2375 2988 2627 3041 necnon
2658 3002 2987 3045 ΑΜΒΕΜῈ·

353 3232 482 3310 Qui
515 3229 763 3295 cunctis
799 3230 1232 3310 supereminet
1279 3244 1470 3290 sacrm
1507 3226 1811 3290 doctrinm
1838 3225 2180 3309 magistris,
2214 3226 2652 3293 illustrissime
2682 3228 2969 3302 domine,
2999 3229 3055 3291 is
3094 3231 3209 3292 tibi
3245 3249 3314 3294 se
3343 3234 3507 3295 sistit

282 3370 348 3425 ut
396 3363 469 3422 in
521 3360 675 3437 ejus
706 3356 1027 3434 amplexus
1075 3370 1249 3425 ruas,
1289 3370 1479 3432 quem
1526 3358 1591 3413 ut
1639 3358 1877 3428 patrem
1916 3351 2118 3421 colis;
2170 3357 2230 3412 et
2280 3368 2425 3412 eum
2475 3358 2757 3417 attentus
2808 3354 3156 3430 auscultes,
3198 3372 3389 3434 quem
3436 3365 3505 3419 ut

278 3485 661 3562 magistrum
696 3453 1025 3551 retereris,
1062 3476 1176 3555 qui
1207 3472 1485 3554 purioris
1515 3471 1850 3549 theologia)
1878 3456 2394 3533 stadiosissimus
2425 3489 2516 3535 es.
3312 3460 3321 3467 ’

354 3625 418 3683 Is
449 3624 587 3700 ipse
626 3636 799 3690 suas,
838 3623 897 3681 et
926 3617 1189 3696 quidem
1219 3621 1621 3695 expurgatas,
1655 3614 1773 3677 tibi
1808 3614 1993 3675 ofl‘ert
2022 3612 2356 3687 lectiones,
2384 3613 2456 3674 in
2486 3615 2725 3693 quibus
2756 3615 2905 3677 unis
2940 3633 3013 3679 ea
3048 3618 3263 3679 omnia
3292 3624 3506 3682 teneas

274 3736 424 3808 Quae
462 3743 531 3803 in
568 3738 809 3803 caeteris
836 3738 1047 3818 legisti
1080 3757 1097 3811 ;
1135 3743 1202 3800 ut
1249 3753 1392 3816 quae
1439 3751 1517 3797 eo
1562 3735 2257 3813 exponentenoveris,
2311 3751 2383 3796 ea
2421 3741 2480 3795 te
2536 3735 2802 3801 docente
2846 3754 3069 3802 omnes
3122 3738 3506 3820 quandoque

271 3865 560 3926 discant;

355 4004 701 4066 Anselmus
735 4006 852 4077 est,
885 4019 959 4064 ex
995 4002 1217 4063 abbate
1244 3998 1545 4060 Beccensi
1577 3996 2050 4060 Cantuariensis
2084 3995 2628 4075 archiepisc0pus,
2660 3996 2795 4067 aui,
2835 4013 2954 4059 suo
2988 3997 3241 4073 tandem
3282 3994 3503 4075 splen-

275 4124 415 4186 dori
448 4124 824 4206 restitutust
851 4123 1136 4185 abbatem
1180 4123 1561 4181 Beccensem
1608 4135 1728 4180 suo
1762 4119 1856 4202 sic
1896 4119 2211 4196 adgaudet
2252 4098 2581 4179 illustrare
2628 4117 2893 4189 lumine,
2926 4124 2997 4180 ut
3029 4119 3094 4180 in
3142 4119 3355 4197 gratiae
3402 4119 3502 4178 vi-

278 4262 415 4307 cem
456 4246 594 4324 ipse
626 4251 735 4307 tuo
768 4244 1031 4305 nomine
1058 4242 1369 4305 illustrior
1397 4242 1540 4313 fiat;
1576 4247 1636 4303 et
1672 4242 1755 4303 ita
1788 4240 2151 4320 splendenti
2198 4239 2503 4300 Anselmo
2533 4240 2610 4300 ab
2650 4256 2725 4303 eo
2758 4238 3109 4302 illustratus
3139 4242 3274 4319 ipse
3309 4239 3502 4303 ati'ul-

284 4356 448 4415 gens.

366 4478 677 4542 Hactenus
719 4480 818 4540 vel
852 4478 1151 4551 mutilus,
1184 4476 1283 4539 vel
1328 4476 1579 4538 mendis
1609 4475 1813 4538 foedus
1848 4476 2007 4536 adeo
2034 4474 2304 4537 viluerat
2334 4480 2402 4535 ut
2444 4474 2793 4553 nequidem
2827 4475 3179 4553 legeretur,
3211 4492 3287 4537 eo
3324 4480 3499 4555 quod

271 4602 380 4663 vix
415 4619 488 4662 ac
531 4619 606 4665 ne
639 4603 744 4663 vix
780 4601 1039 4679 quidem
1080 4600 1549 4675 intelligeretur
1586 4621 1602 4659 :
1640 4600 1856 4677 ipsum
1894 4598 2082 4673 modo
2129 4598 2353 4660 nativae
2390 4614 2522 4660 sum
2551 4598 2899 4676 integritati
2934 4616 3006 4660 ac
3047 4599 3305 4677 puritati
3362 4602 3503 4660 red-

271 4724 581 4797 didimus,
615 4723 923 4786 consultis
966 4722 1484 4801 quampluribus,
1518 4738 1680 4799 quos
1738 4719 2169 4800 undequaque
2219 4722 2716 4798 corrogavimus,
2759 4722 3087 4784 codicibus
3152 4702 3502 4782 manuScri~

273 4844 430 4920 ptis;
472 4844 630 4906 adeo
667 4849 737 4904 ut
773 4844 882 4920 qui
914 4842 1275 4905 offendebat
1309 4842 1375 4903 in
1408 4842 1852 4921 siugulis,jam
1891 4844 2207 4919 integrum
2240 4843 2559 4905 inoffenso
2587 4842 2879 4906 decurrat
2903 4842 3105 4922 pede;
3140 4850 3200 4905 et
3231 4841 3342 4921 qui
3375 4841 3503 4901 ha:—

268 4965 445 5027 rebat
483 4966 552 5025 in
583 4964 817 5035 verbis,
854 4981 1115 5026 sensum
1145 4963 1351 5025 facilis
1388 4958 1677 5038 attingat;

344 5103 482 5162 lam
516 5118 667 5179 ergo
708 5108 780 5164 ut
825 5102 887 5164 S.
939 5101 1222 5163 Anselmi
1257 5100 1462 5178 Opera
1494 5100 1743 5161 cunctis
1780 5099 1921 5160 ﬁant
1958 5098 2155 5161 amori
2186 5116 2256 5160 ac
2298 5100 2536 5172 studio,
2572 5100 2725 5178 quid
2758 5106 3049 5179 superest
3096 5101 3223 5161 nisi
3274 5072 3499 5165 utitue

263 5217 552 5296 fulgeant
607 5220 914 5281 nomine?
962 5218 1102 5290 Quo
1153 5218 1326 5281 enim
1374 5217 1624 5278 feiicius
1672 5234 1865 5296 quam
1916 5224 2049 5287 tuo,
2098 5217 2299 5276 sancti
2342 5217 2518 5277 illius
2557 5218 2832 5279 doctoris
2882 5219 3085 5296 Opera
3131 5217 3499 5296 prodirent?

262 5334 597 5415 Quidquid
628 5334 697 5395 in
731 5336 1011 5396 scientiis
1042 5335 1265 5406 altum,
1297 5334 1615 5425 quidquid
1649 5335 1878 5394 mirum
1912 5334 1976 5393 in
2011 5333 2277 5403 artibus,
2304 5332 2423 5395 hoc
2454 5333 2731 5395 Colberti
2759 5351 2991 5396 nomen
3023 5335 3167 5412 jure
3198 5336 3493 5410 celebrat,

266 5458 422 5523 dum
460 5459 658 5520 ambit
706 5460 988 5521 tutelam.
1020 5460 1253 5541 Ecquis
1296 5461 1432 5538 ejus
1472 5478 1593 5522 non
1629 5461 1892 5523 ambiret
1946 5461 2407 5537 patrocinium,
2448 5462 2584 5539 qui,
2624 5462 2773 5522 dum
2832 5463 2994 5555 regis
3034 5462 3338 5539 regnique
3390 5442 3494 5524 ad-
3578 5532 3583 5535 _

366 5614 369 5619 i
422 5648 429 5653 _
513 5564 780 5619 I‘A'ruOL.
816 5559 1083 5621 CLVIII.
1958 5626 1963 5630 ,
3000 5566 3024 5619 1

4048 39 4082 69 Ξ
