4174 6190
572 367 868 428 minister
912 366 1367 429 secretioribus
1404 365 1640 428 assidet
1690 367 2016 438 consiliis,
2055 367 2147 428 sic
2175 366 2461 452 omnium
2499 374 2827 444 promovet
2877 369 2972 430 vel
3009 372 3280 450 protegit
3327 375 3577 451 studia,
3621 385 3690 441 ut
3745 382 3811 443 in

573 493 717 571 ipso
746 489 1015 553 habeant
1045 491 1454 552 scientiarum
1493 492 1740 554 alumni
1775 494 2204 564 Meezenatem,
2234 509 2460 555 omnes
2495 494 2749 556 litterati
2783 502 3142 574 patronum.

650 637 721 696 in
772 646 830 698 te
861 652 1043 712 ergo,
1077 635 1519 697 illustrissime
1543 629 1956 708 domine,iut
1992 637 2180 698 nobis
2216 637 2324 710 sit,
2361 657 2550 717 quem
2585 641 2651 698 in
2685 642 2949 700 Parente
2979 658 3046 702 se
3083 639 3313 702 habere
3341 640 3652 718 gloriatur
3682 663 3811 708 non

571 754 772 818 Gallia
805 756 993 817 modo
1015 797 1031 827 ,
1062 756 1176 817 sed
1214 757 1462 833 Europa
1484 801 1499 830 ,
1538 755 1648 816 sed
1680 761 1850 817 totus
1882 753 2089 827 urbis,
2124 743 2470 820 Anselmus
2502 758 2802 836 primawo
2838 776 2957 821 suo
2992 760 3316 840 splendori
3347 763 3666 838 redditus,
3698 771 3811 828 tuo

572 875 832 938 nemine
867 876 1056 954 gestit
1095 875 1419 954 insigniri,
1452 875 1758 956 quiolim
1791 877 2333 975 Galliae,.Anglize,
2369 879 2463 941 vel
2501 879 2700 956 magis
2739 879 2915 941 orbis
2942 878 3285 942 Christiani
3335 881 3532 944 decus
3582 883 3704 947 fuit
3752 893 3811 950 et

581 1000 1056 1056 ornamentum.

653 1138 714 1196 Is
756 1153 835 1198 ex
865 1135 1088 1198 abbate
1121 1134 1450 1210 Beccensi,
1475 1103 1664 1213 cujus.
1690 1134 1917 1197 locum.
1944 1141 2146 1207 tenes,
2171 1133 2249 1195 ad
2287 1132 2522 1196 infulas
2551 1139 2792 1212 raptus,
2821 1151 2980 1212 quas
3015 1139 3081 1193 ut
3111 1101 3394 1208 scientias
3421 1134 3809 1220 pietatisque

574 1260 796 1322 merito
831 1262 1308 1340 quamprimum
1341 1262 1656 1336 Obtineas,
1685 1263 1818 1342 jam
1869 1233 1936 1324 in
1979 1263 2265 1323 omnium
2305 1264 2475 1324 votis
2511 1268 2640 1334 est;
2681 1261 2772 1334 is,
2829 1261 3119 1341 inquam,
3165 1266 3280 1323 sua
3309 1260 3514 1338 Opera
3540 1276 3664 1320 non
3702 1266 3815 1322 tuo

579 1380 892 1452 examini,
935 1387 1006 1442 ut
1044 1380 1199 1442 olim
1232 1379 1568 1444 Lanfranci
1602 1397 1916 1454 censuras,
1947 1381 2317 1461 corrigenda
2347 1379 2627 1461 subjicit,
2657 1378 2771 1443 sed
2818 1381 3168 1454 emendata,
3211 1381 3337 1442 tuis
3373 1380 3616 1441 studiis
3656 1384 3814 1440 tua:-

572 1513 699 1576 que
732 1497 942 1588 tutelze
971 1497 1330 1560 committit.

629 1636 825 1696 Unus
877 1634 1038 1698 forte
1089 1635 1421 1698 miraberis
1463 1637 1634 1716 quod
1677 1616 2150 1716 Theologorum
2189 1638 2373 1701 facile
2408 1655 2703 1718 princeps
2746 1643 2805 1700 te
2855 1655 3046 1700 sacrm
3093 1638 3397 1701 doctrinae
3443 1638 3798 1714 alumnum,

497 1830 505 1838 ι
574 1771 711 1815 suae
744 1762 981 1832 quierat
1008 1755 1244 1817 habere
1278 1763 1574 1818 tutorem.
1615 1758 1749 1818 Hoc
1787 1774 1985 1837 unum
2018 1758 2085 1818 in
2136 1765 2197 1819 te
2231 1757 2543 1819 mirantur
2587 1773 2812 1832 omnes
2843 1757 3016 1836 quod
3051 1764 3171 1819 tute
3200 1756 3477 1836 parentis
3511 1773 3638 1818 non
3688 1765 3813 1818 tam

576 1871 876 1933 alumnus
914 1890 1102 1951 quam
1135 1880 1328 1946 actor,
1367 1880 1427 1936 et
1467 1873 1696 1936 vindex
1729 1876 1821 1937 sis
1868 1876 2068 1953 magis
2109 1893 2301 1954 quam
2336 1874 2711 1954 discipulus.
2757 1875 3210 1940 Sublimiorem
3251 1892 3402 1937 sane
3446 1876 3808 1954 intelligen-

576 1992 727 2052 tiam
782 1993 1025 2071 Spirant
1073 1991 1265 2074 hujus
1301 1997 1503 2056 sancti
1543 1996 1821 2060 doctoris
1858 1998 2098 2077 Opera;
2143 2015 2388 2072 verum,
2420 2014 2549 2077 quo
2590 1996 2831 2071 ferres,
2865 1999 3116 2060 animus
3161 2014 3280 2060 nec
3328 1997 3815 2059 sublimioribus

574 2113 800 2191 impar.

655 2255 714 2313 S.
753 2254 1094 2316 Anselmus
1141 2273 1306 2317 unus
1355 2258 1492 2335 ipse
1525 2264 1621 2318 est
1654 2257 1772 2334 qui
1808 2255 2072 2325 summm
2105 2258 2400 2320 essentia;
2439 2255 2788 2336 majestatis
2823 2272 2895 2318 ea
2941 2252 3303 2316 humilitate
3339 2259 3655 2315 scrutatus
3692 2258 3811 2337 est,
3857 2244 3870 2252 κ

576 2390 718 2450 quae
750 2392 874 2436 non
919 2377 1461 2457 Opprimereturga
1509 2377 1741 2454 gloria;
1775 2384 1835 2439 et
1869 2394 1938 2437 ea
1989 2376 2300 2455 sapientia
2329 2374 2570 2458 attigit,
2613 2391 2758 2453 quae
2793 2374 3178 2451 intelligeret
3221 2372 3394 2451 quod
3439 2372 3560 2432 fide
3604 2363 3848 2432 credi-‘

575 2493 687 2554 dit.
723 2495 896 2555 Unus
931 2485 1064 2576 ipse
1103 2504 1197 2559 est
1232 2497 1343 2576 qui
1377 2497 1583 2557 divini
1622 2496 1816 2558 Verbi
1850 2495 2272 2558 mconomiam
2302 2496 2395 2556 sic
2423 2493 2745 2574 exposuit,
2779 2500 2852 2555 ut
2880 2492 3050 2570 quod
3085 2477 3333 2569 caperet
3369 2507 3592 2563 nemo,
3625 2508 3817 2550 nemo

579 2631 704 2675 non
753 2617 1206 2693 apprehendat,
1253 2619 1366 2697 qui
1411 2635 1553 2680 cum
1597 2618 1734 2696 ipso
1788 2636 1900 2697 per
1941 2618 2126 2679 ﬁdem
2163 2618 2242 2680 ad
2295 2614 2696 2679 intellectum
2748 2613 3108 2695 profecerit.
3154 2614 3337 2676 Unus
3385 2612 3525 2692 ipse
3568 2618 3663 2673 est
3705 2611 3817 2691 qui

578 2735 785 2810 angeli
833 2742 894 2797 et
937 2736 1216 2800 hominis
1253 2756 1492 2810 casum,
1539 2738 2003 2817 originalisque
2043 2737 2205 2801 labis
2259 2736 2581 2800 traducem
2615 2736 2722 2798 .sic
2778 2734 3151 2806 edisseruit,
3214 2741 3284 2795 ut
3328 2731 3502 2812 quod
3547 2737 3816 2810 caeteros

589 2852 910 2914 occultum
946 2853 1150 2927 latuit,
1173 2856 1303 2934 jam
1332 2856 1634 2917 omnibus
1671 2856 1771 2942 ﬁat
1803 2854 2244 2927 manifestum,
2289 2854 2404 2933 qui
2435 2854 2580 2915 ideo
2614 2852 2882 2915 credunt
2909 2859 2978 2913 ut
3009 2850 3389 2928 intelligant.
3421 2839 3818 2929 Unusporro

556 2962 715 3056 ipso
767 2984 860 3038 est
916 2979 1025 3057 qui
1063 2995 1221 3050 eam,
1272 2994 1460 3057 quam
1501 2975 1680 3054 pauci
1733 2981 2063 3054 penetrare
2099 2974 2339 3046 valent,
2382 2972 2616 3035 divina:
2652 2971 3094 3052 praescientiaa,
3136 2969 3716 3048 prsedestinationis
3756 2977 3817 3033 et

579 3097 793 3176 gratiae
825 3115 968 3158 cum
1009 3097 1281 3158 humana
1313 3097 1606 3157 libertate
1639 3093 2041 3155 concordiam
2086 3111 2159 3154 ea
2197 3093 2338 3170 lege
2369 3089 2752 3173 composuit,
2783 3093 2853 3151 ut
2889 3094 3101 3168 pereat
3130 3104 3394 3151 necesse
3436 3089 3520 3150 sit
3563 3090 3674 3168 qui
3708 3089 3816 3162 ~sit:

583 3228 778 3281 unum
815 3218 1097 3280 defendit
1125 3218 1192 3279 nt
1225 3216 1494 3279 alterum
1527 3220 1735 3295 neget.

657 3359 800 3417 Haec
835 3362 1006 3428 sunt,
1058 3341 1489 3416 illustrissime
1534 3356 1816 3426 domine,
1849 3372 1992 3434 qua)
2024 3354 2087 3414 S.
2136 3353 2483 3416 Anselmus
2519 3355 2731 3434 sapuit
2766 3375 2780 3414 :
2822 3353 2955 3416 haec
2986 3355 3138 3415 sunt
3180 3369 3323 3431 qua:
3371 3352 3816 3414 SeAnselmus

585 3478 835 3548 docuit;
876 3484 934 3539 et
966 3477 1226 3555 quidem
1262 3476 1392 3536 11330
1423 3477 1567 3546 alta,
1612 3476 1741 3536 hmc
1773 3493 2020 3536 summa
2050 3481 2245 3547 sunt,
2280 3477 2389 3536 sed
2428 3483 2490 3535 et
2523 3475 2666 3536 ideo
2701 3476 2827 3535 tuis
2862 3475 3048 3550 digna
3085 3475 3336 3545 studiis,
3371 3475 3608 3550 quibus
3643 3476 3711 3535 in
3752 3475 3818 3537 id

585 3616 786 3660 unum
827 3597 1031 3658 tendis
1069 3606 1138 3659 ut
1176 3599 1303 3657 Deo
1345 3596 1534 3671 digna
1568 3597 1798 3671 sapias.
1838 3596 1951 3654 His
1984 3596 2199 3672 itaque
2231 3595 2341 3672 qui
2379 3596 2448 3654 in
2479 3594 2679 3655 sancti
2727 3593 2995 3670 hujusce
3031 3592 3310 3654 doctoris
3347 3588 3679 3670 'Operibus
3719 3594 3818 3656 la-

587 3724 740 3787 tent,
773 3717 1003 3778 divinae
1042 3715 1368 3794 sapientia:
1407 3714 1721 3774 thesauris
1762 3719 1817 3773 te
1849 3714 1994 3791 quis
2029 3711 2306 3788 dignior,
2343 3713 2438 3773 vel
2477 3719 2535 3793 te
2570 3712 2726 3773 ouid
2757 3711 3061 3787 dignius?
3089 3711 3221 3774 Hos
3250 3711 3447 3790 igitur
3482 3729 3559 3775 eo
3604 3715 3817 3777 animo

587 3837 886 3914 excipias,
926 3854 1054 3915 quo
1089 3838 1265 3914 ipsos
1296 3837 1360 3897 in
1398 3814 1530 3897 sua)
1568 3852 1709 3912 erga
1761 3843 1817 3898 to
1870 3835 2244 3897 reverentiae
2281 3833 2668 3914 obsequium
2705 3842 2816 3896 tuo
2860 3833 3104 3896 nomini
3161 3834 3357 3906 dicat,
3398 3834 3508 3911 qui
3548 3842 3616 3917 ut
3655 3834 3816 3898 nihil

590 3971 868 4032 unquam
906 3955 1033 4016 nisi
1067 3963 1334 4028 rectum,
1373 3953 1496 4015 nisi
1537 3961 1826 4016 sanctum
1853 3999 1867 4028 ,
1909 3970 2051 4016 cum
2087 3952 2390 4015 Anselmo
2423 3952 2660 4031 sapias,
2698 3958 2758 4015 et
2791 3953 2858 4014 in
2891 3953 3023 4016 Deo
3063 3969 3316 4031 semper
3361 3951 3590 4028 valeas,
3638 3960 3816 4016 teter-

592 4092 740 4136 tium
779 4085 1084 4154 precatur.

910 4581 1048 4642 Τι’ὑὶ

2041 5010 2517 5070 Addirtissimus
2551 5011 2617 5068 F.
2660 5011 2941 5070 GABBIEL
2970 5009 3311 5071 Genaunos
3333 5054 3348 5084 ,

1668 5109 1990 5189 Presbyter
2032 5129 2100 5170 ac
2135 5111 2463 5170 monachus
2512 5111 2574 5168 in
2613 5110 3083 5186 congregatione
3106 5109 3324 5172 Sancti
3355 5105 3587 5170 Maura.
