4174 6260
594 237 659 289 15
1600 234 1658 288 S.
1700 198 2064 289 ANSELMU'S
2100 232 2446 289 CANTUAR.
2482 231 2789 287 ARCHIEP.
3738 232 3799 286 Ili

588 345 778 412 partim
811 346 988 407 tertio,
1028 346 1220 413 partim
1251 352 1443 413 quarto
1474 344 1609 397 libro
1638 346 1989 415 anticximus;
2023 360 2148 413 par-
2174 357 2219 411 Α
2247 345 2517 415 diligentia
2562 360 2627 399 ex
2671 360 2771 398 ms.
2825 343 3009 399 codice
3058 343 3459 412 transcriptum,
3502 352 3557 399 et
3596 345 3675 399 adi
3701 361 3798 399 nos

590 437 682 487 tim
714 450 926 503 quoque
974 435 1025 486 in
1059 436 1462 501 Supplemento,
1496 443 1616 502 post
1649 435 1899 500 iudicem,
1926 438 2147 504 evulga-

584 524 780 586 \‘itltllS,
832 537 897 575 eo
947 524 1085 590 quod
1138 524 1290 576 nobis
1344 539 1449 575 non
1505 524 1839 576 occurrerint
1887 525 1991 577 nisi
2031 524 2144 591 jam

582 612 793 664 excusis
827 611 1074 665 omnibus
1122 612 1240 665 aliis
1273 612 1445 666 sancti
1488 612 1709 681 hujusce
1753 612 1990 667 doctoris
2016 628 2143 681 ope-

586 698 755 752 t‘ihtts.

653 788 1014 856 Appendicem
1060 787 1457 856 snbjunximus,
1487 790 1538 843 in
1566 804 1669 859 qua
1694 805 1756 845 ea
1782 806 1945 860 opera
1988 805 2144 859 sepo—

580 878 680 931 sita
710 886 834 933 sunt
861 894 1002 946 quae,
1028 879 1127 933 etsi
1157 880 1396 945 Anselmi
1428 896 1620 934 nomen
1644 880 1777 934 falso
1805 880 2142 951 praeferrent,

581 985 683 1021 non
714 978 888 1023 tamen
918 984 1141 1037 prorsus
1175 970 1504 1025 excludenda
1546 972 1874 1037 censuimus,
1912 986 1976 1026 eo
2001 972 2141 1049 quod

579 1059 705 1113 alib‘i
734 1060 877 1113 edita
910 1076 1015 1115 non
1054 1070 1295 1125 exstent;
1340 1076 1458 1130 quae
1491 1046 1651 1135 enim
1680 1061 1733 1114 in
1762 1060 1883 1116 aliis
1912 1046 2141 1115 volumi-

579 1149 736 1203 nibus
776 1164 974 1205 excusa
1014 1159 1162 1214 sunt,
1213 1151 1294 1205 bis
1335 1152 1473 1220 typis
1501 1136 1604 1204 non
1636 1151 2018 1219 expressimus.
2051 1149 2142 1206 Sic

578 1236 771 1291 librum
813 1238 887 1291 De
922 1241 1161 1301 membris
1218 1251 1271 1295 et
1312 1242 1515 1293 actibus
1567 1240 1673 1294 Deo
1719 1240 2002 1308 nttribulis,
2048 1242 2139 1312 qui

578 1328 718 1381 inter
745 1328 801 1383 S.
833 1328 1143 1401 Hieronymi
1171 1340 1225 1386 et
1253 1330 1310 1397 Si.
1337 1332 1618 1402 Augustini
1645 1347 1809 1402 Opera
1835 1334 2136 1402 reperitur;

540 1408 547 1413 ’
576 1418 654 1493 sic
685 1417 876 1472 librum
907 1418 983 1473 De
1012 1416 1222 1495 corpore
1250 1432 1296 1475 et
1324 1422 1574 1490 sanguine
1600 1422 1829 1487 Domini,
1871 1424 1960 1491 qui
2006 1423 2138 1480 inci-

576 1509 684 1575 pit:
710 1507 843 1579 Lego
863 1520 909 1563 et
933 1498 1121 1580 relego,
1145 1520 1275 1577 etc.,
1298 1520 1353 1575 et
1376 1512 1513 1566 inter
1526 1509 1795 1564 Guillelmi
1820 1512 1878 1565 S.
1904 1494 2141 1569 Theodo-

577 1597 672 1650 rici
703 1597 911 1650 abbatis
940 1596 1113 1666 Opera
1148 1599 1201 1651 in
1229 1597 1558 1653 Bibliotheca
1591 1597 1933 1654 Cistereiensi
1961 1602 2137 1656 editus

2250 435 2421 488 amice
2472 435 2875 499 transmissum,
2932 436 3131 504 publici
3178 434 3321 500 juris
3377 436 3624 503 fecimus,
3675 451 3796 490 eum

2252 523 2528 591 aptissime
2592 524 2749 577 alteri
2806 524 3029 579 alterius
3083 525 3294 579 abbatis
3349 535 3538 581 contra
3587 525 3800 579 Iudaeos

2245 612 2463 679 Dialogo
2488 613 2854 669 adnectentes;
3116 608 3119 617 ’

2286 700 2287 703 “
2306 702 2804 784 ροηισιθηωιῖοηοε
2832 704 2883 757 in
2909 703 3237 769 Matthzeum,
3266 704 3318 759 in
3349 703 3793 767 Cantica-cantic,

2243 791 2297 844 in
2340 792 2741 861 Apocalypsin),
2784 801 2839 847 et
2887 793 2940 847 in
2970 792 3235 863 Epistolas
3277 788 3465 858 Pauli,’
3503 793 3590 848 hic
3633 809 3797 848 exeu-

2242 880 2446 957 dendas
2470 896 2572 935 non
2618 883 2894 943 duximus,
2943 897 3062 936 cum
3110 883 3267 938 nobis
3311 892 3518 936 constet
3557 896 3651 935 eas
3692 896 3793 933 non

2240 984 2361 1045 esse
2387 971 2645 1039 Anselmi,
2678 973 2772 1027 sed
2799 973 3029 1027 maxime
3063 972 3289 1039 Hermi,
3314 972 3561 1027 monachi
3602 971 3793 1039 Burgi-

2242 1062 2506 1126 dolensis;
2543 1071 2598 1117 et
2636 1063 2845 1117 animus
2874 1064 2943 1118 sit
2968 1072 3156 1118 Omnes
3190 1064 3306 1133 ejus
3334 1063 3387 1118 in
3413 1076 3623 1117 sacram
3650 1059 3795 1114 Scri-

2240 1158 2451 1216 pturam
2483 1150 2921 1216 commentarios,
2962 1166 3098 1219 quos
3140 1151 3193 1205 in
3234 1165 3366 1205 mss.
3395 1150 3672 1206 codicibus
3698 1134 3794 1203 ha-

2240 1240 2446 1302 bernus,
2471 1241 2589 1294 aliis
2618 1242 2757 1311 typis
2784 1241 2964 1311 edere,
3005 1244 3128 1296 cum
3157 1250 3393 1310 tempora
3424 1239 3648 1293 dabunt.

2309 1328 2549 1385 Tandem
2594 1329 2683 1385 hic
2727 1316 3190 1399 monuissejavat,
3235 1332 3290 1385 1ο»
3329 1330 3610 1385 nonnullas
3654 1328 3791 1382 forte

2240 1419 2645 1475 exhortationes
2694 1427 2749 1473 et
2787 1420 3077 1485 orationes,
3128 1419 3300 1473 aliave
3349 1417 3603 1489 opuscula
3650 1417 3791 1470 inter

2238 1510 2300 1563 S.
2337 1510 2573 1565 Anselmi
2617 1508 2783 1565 libros
2822 1510 2911 1566 hic
2934 1509 3085 1579 quasi
3127 1509 3419 1574 recenseri,
3462 1521 3581 1576 quae
3612 1514 3787 1559 tamen

2236 1590 2358 1667 eius
2381 1614 2499 1654 esse
2525 1600 2744 1654 minime
2766 1610 3005 1664 constat;
3031 1609 3086 1653 at
3112 1600 3239 1668 quid
3266 1599 3313 1653 ei
3335 1599 3457 1667 jure
3484 1596 3790 1667 adjudican-

574 1692 687 1747 est;
728 1678 805 1739 sic
849 1686 1079 1755 denique
1106 1686 1271 1741 libros
1316 1685 1392 1739 De
1431 1688 1657 1755 imagine
1700 1688 1901 1753 orandi,
1950 1688 2042 1758 qui
2086 1689 2137 1743 in
2172 1679 2214 1733 Β
2240 1688 2365 1743 dum
2393 1690 2482 1753 sit,
2509 1689 2744 1744 severior
2778 1704 3004 1743 censura
3030 1688 3167 1742 inira
3210 1687 3538 1757 subjicienda
3577 1686 3791 1739 demon-

583 1776 908 1833 Bibliothcca
957 1778 1060 1833 PP.
1092 1779 1345 1834 'Honorio
1390 1780 1786 1848 Augustodcnsi
1840 1780 2134 1848 tribuitur,

573 1866 796 1917 omnino
851 1866 1196 1921 exclusimus.
1252 1867 1549 1936 Disputatio
1607 1852 1734 1922 sero
1791 1868 1961 1923 Judari
2013 1885 2135 1924 cum

544 1942 912 2019 Christiano,
966 1970 1127 2023 quam
1178 1954 1512 2010 Gislebertus
1563 1956 1729 2011 abbas
1796 1956 2136 2012 Westmona-

578 2043 730 2097 sterii
758 2044 994 2112 scripsit,
1026 2044 1113 2099 hic
1140 2044 1313 2098 locum
1336 2044 1646 2100 obtinuiteo
1675 2044 1815 2115 quod
1846 2046 1911 2099 ad
1945 2044 2001 2100 S.
2029 2047 2138 2101 An-

575 2122 802 2186 sclmum
829 2132 897 2186 ab
924 2143 1143 2188 auctore
1169 2134 1372 2189 directa
1403 2133 1587 2201 fuerit,
1612 2123 1710 2191 nec
1742 2136 1817 2189 in~
1836 2135 2008 2191 lucem
2035 2136 2134 2190 ha-

573 2229 760 2273 ctenus
787 2220 926 2274 edita
959 2220 1047 2274 sit.

643 2306 746 2375 Ipsi
779 2321 841 2360 ex
872 2300 1109 2375 subjecti
1132 2308 1358 2377 paritate
1392 2306 1730 2376 adjunximus
1756 2308 1981 2363 alterum
2011 2311 2134 2363 Dia-

571 2395 751 2463 logum
777 2393 945 2448 Judaei
978 2410 1030 2450 et
1067 2395 1378 2459 Christiani,
1423 2411 1527 2450 non
1558 2396 1645 2449 diu
1674 2405 1795 2464 post
1834 2412 1863 2449 a
1896 2396 2136 2464 Ruperto

586 2486 838 2541 fuitiensi
867 2488 1238 2556 compositum.
1286 2486 1337 2541 Is
1370 2487 1436 2541 ab
1474 2489 1589 2556 ipso
1629 2497 1855 2541 vocatur
1900 2488 2134 2543 Annulus

574 2576 729 2641 ﬁdei;
755 2577 818 2629 de
846 2591 951 2642 quo
982 2576 1222 2642 pluribus
1253 2577 1305 2629 in
1348 2575 1480 2629 locis
1509 2575 1617 2629 dixi
1655 2576 1705 2628 in
1750 2576 2005 2645 Apologia
2038 2592 2134 2645 pro

581 2666 836 2734 ltuperto.
869 2666 1017 2721 lluuc
1051 2682 1171 2721 cum
1215 2672 1302 2720 diu
1336 2658 1798 2734 cunquisivissem,
1832 2676 2015 2734 utpote
2043 2667 2132 2735 qui

577 2756 771 2811 scirem
804 2756 903 2813 hoc
944 2774 1077 2828 Opus
1126 2759 1176 2812 in
1222 2758 1377 2813 editis
1416 2758 1705 2815 Tuitiensis
1746 2758 1956 2813 abbatis
1990 2760 2131 2813 desi-

573 2849 772 2913 derari,
808 2849 978 2903 fanste
1029 2852 1241 2903 tandem
1294 2860 1485 2904 nactus
1532 2842 1687 2911 sum,
1726 2859 1780 2904 et
1828 2848 1893 2902 ῐι.
1949 2848 2009 2901 Ρ.
2066 2847 2130 2901 D.

575 2939 786 2996 Μαι-ηιιὶ
843 2942 908 2997 de
964 2940 1161 3005 Buseh,
1214 2942 1410 3011 prioris
1464 2940 1771 2994 monasterii
1830 2939 2129 3005 Laetiensis,

2236 1777 2460 1842 strabit;
2491 1776 2551 1829 2ο
2578 1778 2963 1847 castigationes
3005 1774 3243 1846 singulas
3278 1784 3570 1843 omnesque
3613 1773 3791 1826 varias

2236 1864 2492 1921 lectiones
2519 1864 2584 1919 ad
2612 1866 2771 1920 finem
2792 1865 3025 1935 Operum
3057 1864 3358 1920 accuratius
3385 1862 3781 1933 scrupulosius-

2235 1968 2340 2021 quc
2369 1953 2617 2008 collectas
2646 1955 2825 2009 recudi
2851 1952 2986 2025 (Nos
3032 1953 3100 2006 ad
3144 1952 3337 2006 calcem
3372 1952 3700 2020 paginarum,
3732 1958 3787 2001 ut

2227 2044 2392 2096 mon's
2438 2053 2510 2097 est
2539 2044 2730 2109 nostri,
2778 2045 3067 2112 posuimus.
3123 2042 3280 2109 Eutr.
3327 2035 3700 2109 Pnaos.oc.),'
3728 2048 3786 2093 ut
3842 2038 3859 2057 ’

2235 2151 2392 2205 quam
2449 2135 2596 2189 varie
2643 2150 2773 2190 mss.
2826 2135 3004 2203 legant
3056 2134 3123 2188 ab
3172 2133 3404 2187 editione
3444 2130 3783 2201 Lugdunensi

2232 2226 2361 2279 anni
2392 2223 2551 2290 1650,
2587 2240 2707 2279 cum
2751 2239 2854 2294 qua
2882 2224 2995 2292 ipsa
3023 2221 3366 2287 contulimus,
3406 2221 3613 2277 noverit
3636 2221 3783 2290 quis-

2232 2318 2352 2385 quis
2386 2316 2500 2370 istis
2528 2315 2757 2370 voluerit
2784 2314 3081 2370 intendere.

2300 2406 2585 2469 Cancrum,
2631 2420 2699 2459 ne
2748 2405 2875 2474 quid
2921 2404 3105 2474 opella:
3147 2414 3344 2459 nostrae
3389 2404 3516 2458 huic
3560 2402 3783 2457 editioni

2232 2494 2393 2557 desit,
2425 2493 2752 2561 singulorum
2784 2510 2903 2564 qua:
2933 2495 2985 2548 in
3023 2495 3123 2547 hoc
3152 2493 3418 2547 volumine
3444 2493 3787 2546 continentur

2231 2599 2452 2652 operum
2484 2598 2763 2637 censuram
2788 2581 3153 2649 subjiciemus,
3186 2596 3251 2635 ex
3279 2595 3384 2649 qua
3421 2578 3581 2633 facile
3608 2580 3786 2647 quivis

2231 2673 2410 2741 spuria
2441 2688 2469 2725 a
2493 2672 2769 2743 -legitimis
2810 2672 2868 2725 S.
2913 2670 3151 2726 Anselmi
3193 2670 3443 2740 operibus
3472 2670 3782 2731 discernet;

2230 2773 2284 2819 et
2306 2779 2409 2833 qua
2438 2772 2597 2817 mtate
2624 2777 2795 2831 quove
2818 2771 3037 2815 auctore
3060 2762 3473 2830 unumquodque
3501 2759 3781 2828 prodierit,

2230 2860 2486 2920 quantmn
2518 2852 2569 2903 in
2598 2851 2681 2904 his
2710 2848 2977 2916 conjicere
3009 2849 3185 2913 datur,
3217 2848 3363 2903 nullo
3391 2848 3575 2902 labore
3604 2848 3785 2917 digno-

2231 2949 2377 2995 scet:
2410 2948 2593 2992 nostro
2622 2938 2836 2993 interim
2862 2937 3083 2991 fruatur.

1005 3276 1573 3390 OPERUM
1688 3274 1813 3385 S.’
1915 3270 2521 3385 ANSELMI
2577 3370 2580 3373 .
2637 3266 3325 3385 CENSUBA.

1059 3589 1301 3642 Crassum
1336 3584 1637 3653 Monoloqii.

652 3680 801 3732 lluuc
850 3678 1041 3731 librum
1094 3677 1291 3730 habent
1337 3690 1523 3729 onmes
1567 3671 1850 3735 editiones,
1890 3680 1944 3722 et
1983 3669 2128 3723 illum

578 3771 832 3826 Ansclmo
861 3768 1164 3834 adjndicaut
1192 3767 1370 3820 omnia
1400 3780 1519 3817 cunt
1549 3776 1743 3815 excusa
1790 3771 1899 3813 tum
1938 3773 2130 3811 manu-

577 3861 792 3928 scripta.
841 3857 987 3911 lllius
1025 3856 1138 3924 ipso
1185 3854 1426 3909 meminit
1468 3852 1709 3921 pluribus
1740 3850 1791 3902 in
1817 3848 1949 3903 locis
1992 3848 2129 3902 infra

577 3932 825 4001 cilandis.

648 4037 759 4090 llue
797 4050 927 4104 Opus
967 4049 1073 4102 quo
1114 4033 1299 4087 ordine
1335 4041 1391 4085 et
1424 4044 1527 4097 qua
1558 4036 1712 4081 artato
1747 4026 2005 4094 scriptum
2035 4024 2127 4087 sit,

579 4142 685 4180 non
719 4126 789 4178 ita
814 4132 1047 4177 constat.
1078 4120 1206 4174 llltul
1232 4129 1351 4189 post
1377 4128 1605 4187 quatuor
1634 4115 1900 4184 Dialogus,
1929 4116 1994 4167 de
2014 4114 2131 4182 qui-

577 4221 674 4271 bus
705 4216 857 4281 iufra,
891 4214 1147 4280 scriptum
1180 4212 1401 4263 innuere
1441 4207 1648 4259 videtur
1676 4206 1968 4258 Eathnerus
1994 4204 2052 4273 (ι.
2088 4220 2124 4257 t.

581 4308 655 4360 De
716 4306 826 4357 l’itn
874 4302 930 4357 S.
976 4302 1225 4365 Ansclmi,
1268 4301 1369 4355 col.
1408 4298 1518 4366 63),
1558 4312 1621 4350 ex
1667 4295 1817 4363 cujus
1860 4295 1962 4349 [ide
1990 4295 2127 4347 idem

579 4394 756 4447 tartari
786 4400 1025 4452 censent,
1049 4391 1293 4457 quintum
1324 4388 1493 4441 locum
1518 4387 1639 4439 huic
1663 4386 1807 4452 operi
1837 4385 2130 4437 conceden-

584 4498 681 4536 tes.
718 4480 909 4534 Verum
946 4480 1163 4545 hujusce
1199 4477 1317 4529 libri
1360 4476 1557 4528 mentio
1587 4474 1748 4526 multa
1788 4475 1845 4526 fit
1879 4474 1927 4524 in
1960 4472 2130 4541 primo

580 4574 755 4641 rapite
781 4571 938 4641 primi
968 4571 1220 4623 hormucc
1263 4566 1620 4635 Dialogorum,
1658 4564 1850 4633 dialogi
1886 4563 2129 4617 videlicet

585 4666 654 4717 Ιιλε
692 4665 914 4715 τρι-ἑιηιρ.
966 4658 1115 4713 Unde
1153 4658 1341 4712 confici
1386 4658 1594 4710 videtur
1627 4658 1765 4708 hunc
1812 4656 2000 4709 librum
2032 4655 2127 4706 htt-

578 4750 809 4819 jusmodi
840 4748 1061 4816 dialogis
1092 4764 1191 4799 nou
1232 4762 1351 4799 esse
1379 4745 1747 4814 posteriorem.
1776 4742 1934 4796 Pater
1958 4742 2129 4795 'l‘heo-

581 4842 771 4909 phylus
821 4836 1143 4905 Raynaudus
1197 4844 1344 4902 putat
1396 4835 1468 4901 (in
1520 4833 1675 4899 hujus
1729 4832 1846 4883 (il/ri
1898 4831 2123 4898 syntnxi,

2158 3584 2202 3644 ο
2234 3578 2366 3630 atria
2411 3575 2781 3645 exponendum
2833 3576 3092 3639 resumit,
3140 3584 3195 3630 et
3243 3576 3377 3648 bene
3420 3574 3651 3642 positum
3700 3574 3778 3628 sic

2233 3667 2564 3721 demonstrat
2605 3675 2664 3719 ut
2707 3664 2998 3734 discipulus
3043 3665 3173 3720 nihil
3220 3664 3336 3734 cjus
3379 3664 3573 3719 rationi
3623 3679 3780 3733 posse

2232 3756 2392 3825 objici
2426 3746 2764 3824 resp'ondeat.
2799 3755 2990 3809 Totam
3024 3755 3188 3825 igitur
3233 3754 3452 3823 hujusce
3478 3756 3669 3824 dialogi
3697 3769 3781 3809 se-

2230 3848 2363 3901 riem
2395 3846 2713 3909 attendenti,
2744 3846 2846 3900 ista
2882 3862 2945 3900 ex
2976 3846 3277 3916 Mouologio
3300 3861 3405 3900 non
3445 3845 3616 3900 fuisse
3656 3846 3780 3899 huic

2231 3933 2441 4004 dialogo
2493 3934 2697 4002 adjecta
2756 3934 2941 4003 liquet.
3002 3936 3151 3989 Adde
3206 3936 3348 4004 quod
3409 3936 3587 3989 omnia
3649 3950 3779 3989 mss.

2230 4026 2306 4080 sic
2355 4025 2555 4095 legunt.
2585 4025 2693 4080 Nec
2722 4025 3017 4080 Eadmerus
3059 4026 3159 4079 hoc
3201 4040 3335 4094 opus
3381 4033 3501 4093 post
3544 4024 3783 4093 dialogos

2230 4114 2429 4167 editum
2465 4113 2679 4177 asserit,
2702 4112 2811 4166 'sed
2854 4123 3136 4182 postquam
3174 4113 3241 4166 ab
3269 4112 3523 4167 Ansehno
3552 4112 3782 4179 scriptos

2232 4202 2399 4257 fuisse
2426 4202 2587 4257 hosce
2618 4201 2868 4269 Dialogos
2892 4202 3046 4265 dixit,
3070 4199 3340 4270 subjungit
3367 4217 3380 4252 :
3415 4197 3560 4253 Fecit
3581 4214 3781 4268 quoque

2229 4290 2456 4344 libellum
2479 4306 2634 4343 unum
2655 4305 2805 4358 quem
2825 4289 3157 4357 Monologion
3177 4288 3600 4357 appellavit,qu:n
3621 4288 3780 4339 verba

2231 4396 2335 4435 non
2376 4391 2607 4450 arguunt
2649 4383 2790 4436 hunc
2826 4380 3017 4432 librum
3065 4393 3169 4432 non
3210 4378 3312 4432 nisi
3360 4387 3479 4446 post
3532 4377 3781 4444 Dialogus

2228 4473 2511 4543 prodiisse.
2543 4472 2695 4537 Quod
2729 4480 2905 4523 autem
2936 4469 3231 4539 Monologii
3257 4467 3469 4521 nomine
3507 4466 3644 4520 liber
3678 4467 3780 4520 iste

2229 4560 2532 4629 proferatur
2563 4560 2613 4612 in
2652 4561 2677 4613 1
2710 4567 2762 4613 et
2792 4557 2856 4611 10
2917 4557 3011 4627 [ιιι.
3056 4556 3144 4627 Η]
3172 4557 3345 4625 capite
3376 4556 3530 4610 istius
3563 4556 3776 4625 dialogi,

2232 4652 2386 4705 facile
2415 4650 2715 4703 ceuSuerim
2748 4649 2846 4701 hoc
2879 4642 3176 4716 appositum
3193 4656 3475 4715 postquam
3498 4645 3779 4700 Auselnms

2233 4741 2387 4807 hujus
2415 4740 2591 4807 operis
2628 4738 2835 4791 titulum
2864 4737 3183 4800 immolarit,
3221 4746 3274 4789 et
3301 4734 3652 4805 Mouologiutu
3680 4750 3776 4787 ro—

2234 4831 2382 4883 citari
2411 4828 2592 4880 voluit.
2622 4827 2840 4880 Constat
2866 4841 2992 4894 ergo
3018 4827 3118 4879 hoc
3139 4840 3275 4894 opus
3295 4826 3362 4879 ab
3386 4826 3639 4879 Ansclmo
3660 4840 3781 4878 esse

579 4946 628 4994 p.
658 4924 780 4990 455)
808 4924 905 4974 ista
929 4938 988 4973 ex
1019 4918 1310 4985 Mouologio
1341 4927 1522 4984 postea
1554 4917 1753 4967 itts‘erla
1786 4915 1896 4966 sive
1927 4923 2125 4965 allcxla
2163 4918 2202 4969 D
2230 4915 2581 4982 compositum
2630 4923 2911 4982 antequam
2954 4913 3221 4982 dialogum
3263 4912 3338 4967 De
3383 4914 3591 4965 raritate
3641 4915 3778 4966 scri-

583 5016 745 5067 t'uisse
776 5013 895 5065 huic
930 5010 1157 5076 dialogo.
1191 5007 1284 5058 Cui
1331 5003 1651 5070 conjecturae
1695 5001 1874 5054 favere
1920 5001 2128 5052 videtur

586 5105 724 5171 quod
757 5117 944 5155 nomen
980 5099 1280 5165 Munulugii,
1318 5114 1421 5164 quo
1459 5112 1521 5147 co
1560 5095 1607 5146 in
1648 5095 1818 5160 capite
1866 5092 2000 5143 lihcr
2029 5093 2129 5143 istc

582 5203 823 5251 Vocatur,
855 5208 953 5242 ron
997 5191 1149 5242 fuerit
1180 5190 1226 5241 ei
1258 5189 1527 5256 lll’;(“i\llm
1562 5186 1658 5237 ηἰκί
1692 5186 1775 5234 diu
1816 5194 1929 5251 post
1958 5183 2128 5235 editos

584 5282 879 5347 lmjusnnnli
917 5282 1178 5345 Dialogus,
1225 5288 1279 5329 ut
1322 5277 1457 5329 infra
1506 5278 1729 5328 dici-tur.
1776 5273 2131 5323 Nihilominus

584 5387 757 5423 tamen
791 5374 919 5424 fallit
948 5375 1055 5423 lucc
1085 5370 1419 5437 ttulit-rtntio.
1460 5368 1584 5416 Nam
1613 5368 1707 5416 Itut‘
1730 5364 1867 5429 quod
1894 5364 2123 5428 disripu~

584 5468 663 5511 ius
698 5465 743 5513 in
782 5480 843 5509 m-
878 5466 1044 5529 primu
1075 5464 1247 5527 rapite
1294 5461 1581 5510 adduxerat
1631 5474 1689 5505 ex
1726 5455 2036 5520 ἶντυιιυῗιιέξιι,
2077 5454 2125 5502 i.l

586 5572 631 5600 ill
671 5556 873 5603 ἀνωρίη»
901 5556 1127 5623 Ἷιιςεζριῃ
1165 5550 1355 5612 .iialogi
1396 5558 1561 5611 caput;
1598 5556 1848 5610 magister
1882 5562 1939 5593 rx
1974 5544 2119 5590 indu-

2233 5015 2414 5072 pset'tt.

2311 5094 2496 5146 Verum
2540 5108 2641 5145 non
2683 5092 2989 5160 scriptionis
3038 5092 3226 5144 ordine
3271 5090 3551 5149 duntaxat,
3593 5088 3685 5141 sed
3728 5099 3779 5141 et

2233 5182 2526 5247 argumenti
2551 5182 2806 5248 dignitate
2831 5182 3060 5247 primum
3088 5192 3184 5234 est.
3213 5180 3265 5231 ln
3293 5193 3356 5231 co
3378 5179 3517 5231 enim
3542 5178 3781 5246 pluribus

2234 5283 2283 5321 t‘l
2313 5272 2524 5338 quidem
2563 5271 2880 5323 necessariis
2913 5270 3203 5323 rationibus
3245 5268 3358 5321 sine
3380 5267 3779 5333 Scripturarum

2238 5361 2551 5409 :mutoritatc
2595 5360 2649 5410 ὃ.
2690 5357 2973 5410 Ausclmns
3012 5360 3061 5408 in
3091 5371 3311 5423 persona
3346 5354 3566 5419 alimjus
3598 5370 3775 5405 secum

2238 5448 2601 5498 ratiocinantis
2644 5448 2831 5513 probat
2870 5447 3123 5514 quidquid
3160 5446 3259 5496 lide
3289 5445 3350 5497 de
3379 5444 3466 5493 Uth
3494 5444 3779 5494 existentia

2233 5550 2282 5585 er
2312 5536 2537 5589 csscutia
2578 5537 2859 5587 credimus.
2904 5536 3031 5584 ltine'
3066 5535 3187 5584 illud
3224 5550 3354 5600 opus
3388 5534 3733 5596 izzs;'t'ip~i-t‘.tt
