4174 6200
586 182 653 238 19
1589 181 1650 242 8.
1679 181 1952 240 ANSELM
1964 186 2050 242 US
2079 187 2139 243 C.‘

2221 186 2430 245 TUAR.
2469 190 2784 249 ARCHIEP.
3729 209 3801 265 20

577 299 669 368 qui
709 297 767 354 in
810 295 946 350 libro
994 296 1072 352 De
1118 296 1249 350 ccci.
1280 296 1467 367 script.
1495 296 1707 350 censuit
1737 296 1798 350 S.
1825 296 2134 352 Anselmnm
2166 306 2213 362 Α
2240 301 2454 355 diensis.
2487 302 2593 357 iste
2629 305 2920 359 Bucelinus
2949 305 3048 361 l‘uit
3079 309 3350 367 Abailardi
3389 304 3706 386 prmceptor,
3737 330 3795 375 ut

579 387 774 443 librum
803 385 878 440 De
906 387 1178 450 Trinitate,
1202 396 1258 440 et
1283 388 1500 455 quidem
1543 393 1612 443 ab
1655 402 1720 442 eo
1748 401 1909 457 opere
1940 388 2136 443 distin-
2235 391 2485 446 observat
2522 394 2772 450 llorslins
2795 399 2859 450 ad
2886 397 2944 452 S.
2976 398 3234 457 Bernardi
3258 403 3532 472 epistolas.
3562 385 3691 463 tom.
3725 412 3792 478 γ,

576 488 749 543 etum,
782 487 967 531 contra
996 477 1208 532 Judzeos
1230 479 1547 547 scripsisse;
1583 479 1672 548 qui
1701 495 1853 534 error
1876 494 1940 533 ex
1971 479 2135 535 variis

576 569 740 640 hujus
772 569 1009 636 opusculi
1046 569 1490 636 inscriptionibus
1534 582 1690 624 ortus
1738 581 1841 625 est.
1894 571 2028 624 Nam
2079 571 2133 626 in

575 674 676 712 ms.
713 658 816 711 336
863 657 1205 711 Bibliotheca:
1236 657 1416 727 Regia:
1445 659 1533 712 hic
1577 659 1713 713 liber
1738 660 1816 713 sic
1847 659 2133 729 inscriptus

572 747 768 815 legitur
793 765 805 798 :
833 746 1105 798 Ansetmns
1131 745 1193 798 de
1224 745 1494 800 Trinitate.
1521 746 1628 801 Nec
1655 747 1942 812 immerito,
1965 765 2133 818 quan-

569 835 858 905 doquidem
890 834 1173 888 Trinitatis
1205 833 1335 889 ﬁdes
1369 836 1419 888 iu
1451 851 1517 891 eo
1546 837 1778 890 maxime
1806 837 2126 906 explicatur.

570 925 725 982 Unde
754 939 808 982 et
845 943 943 981 nos
973 927 1240 998 integrum
1289 928 1501 983 titulum
1535 929 1893 994 restituimus,
1925 931 2003 985 De
2025 931 2130 998 ﬁde

571 1011 866 1084 Trinitatis,
889 1030 993 1073 etc.
1013 1036 1027 1080 ;
1055 1033 1150 1074 nec
1174 1021 1316 1074 enim
1336 1035 1458 1073 eum
1484 1021 1732 1075 duximus
1750 1021 2128 1090 omittendum,

565 1110 656 1182 qui
685 1113 856 1181 magis
882 1113 1060 1181 Operis
1091 1122 1464 1184 argumentum
1495 1114 1717 1169 indicat.

638 1201 870 1258 Sanctus
897 1204 1181 1260 Anselmus
1205 1207 1255 1258 in
1284 1220 1334 1260 c.
1359 1206 1392 1260 4
1417 1205 1572 1275 hujus
1591 1208 1770 1278 operis
1790 1191 2129 1264 commendat

564 1291 900 1366 lionologion
929 1303 983 1349 et
1008 1293 1340 1366 Proslogiun,
1370 1298 1565 1366 quibus
1595 1298 1819 1367 proinde
1857 1301 2128 1368 posterius

563 1395 683 1446 est:
710 1375 763 1441 at
795 1389 847 1441 in
875 1403 994 1458 cap.
1028 1391 1093 1444 17
1123 1391 1241 1444 libri
1276 1390 1351 1443 De
1369 1392 1694 1459 processione
1721 1389 1944 1458 Spiritus
1958 1396 2126 1448 sancti

563 1477 810 1532 meminit
842 1473 1269 1550 istius‘epistolaa,
1295 1495 1411 1550 qua:
1435 1490 1714 1551 propterea
1748 1481 1896 1537 illum
1926 1482 2124 1539 librum

561 1569 856 1637 prmcessit.

2213 499 2287 553 -p.
2341 485 2432 550 37,
2479 486 2583 540 col.
2639 487 2688 541 l.
2721 487 2866 544 Illius
2912 489 3143 560 denique
3188 505 3405 550 errores
3464 508 3721 555 notantur
3761 519 3793 558 a

2235 572 2293 628 S.
2323 575 2575 630 Anselmo
2605 575 2638 628 Ι.
2678 592 2738 639 ιι.
2782 593 2868 647 ep.
2910 579 2999 645 35,
3042 581 3102 634 41
3157 590 3212 636 et
3255 583 3355 647 5i;
3395 584 3465 640 ab
3502 585 3792 647 Abailardo

2232 679 2318 733 ep.
2349 666 2411 720 21
2444 681 2460 730 ;
2492 666 2561 719 ab
2589 665 2746 720 luoue
2769 667 2931 722 Carn.
2959 684 3047 738 ep.
3077 671 3142 736 7;
3175 681 3232 726 et
3262 673 3330 726 ab
3354 674 3636 732 Annalium
3663 679 3794 735 scri-

2231 753 2474 822 ptoribus
2511 754 2577 807 ad
2609 770 2696 807 an.
2737 754 2882 828 1092,
2903 765 2956 810 et
2990 758 3144 813 1091.
3179 759 3252 814 Ea
3281 771 3460 816 autem
3494 775 3650 821 atate
3674 767 3792 834 plu-

2231 843 2353 896 rimi
2387 844 2487 897 ista
2517 840 2827 902 di'ﬂicnltate
2869 847 3209 916 tenebantur,
3254 862 3312 906 ut
3351 853 3465 922 ipse
3506 855 3791 912 Anselmus

2232 932 2396 986 tradit
2435 933 2563 1001 (col.
2589 932 2738 1002 263).
3450 945 3454 948 ’

2329 1020 2573 1078 Censuna
2607 1039 2746 1079 ιιιιιι
2773 1023 2849 1080 De
2885 1028 3208 1095 processione
3235 1029 3460 1100 Spiritus
3495 1036 3682 1090 sancti.

2297 1109 2514 1182 Legitur
2540 1113 2626 1167 hic
2656 1106 2794 1170 liber
2821 1116 2875 1169 in
2897 1117 3148 1176 omnibus
3188 1128 3300 1175 tum
3330 1137 3456 1177 mss.
3485 1132 3594 1179 tum
3627 1106 3790 1182 eacu-
3834 1129 3839 1135 ’

2227 1199 2303 1254 sis
2350 1200 2583 1272 Operum
2638 1205 2814 1260 sancti
2875 1205 3120 1262 Anselmi‘
3161 1208 3541 1266 voluminibus.-
3589 1211 3789 1270 Canta-

2226 1293 2390 1362 briga:
2429 1293 2480 1348 in
2520 1308 2623 1348 ms.
2653 1294 2758 1350 235
2796 1295 3006 1366 collegii
3046 1295 3234 1354 Sancti
3281 1298 3552 1356 Benedicti
3597 1303 3789 1359 tribui-

2227 1391 2313 1437 tur
2333 1384 2662 1450 Augustino;
2711 1400 2808 1454 per
2834 1400 3074 1440 errorem
3119 1388 3447 1443 baud-dubie
3476 1391 3669 1460 prioris
3695 1392 3786 1448 lit-

2227 1482 2355 1529 terae
2387 1475 2448 1536 Α,
2468 1490 2588 1544 qua:
2623 1475 2978 1545 Augustinum
3007 1493 3107 1547 pro
3147 1477 3409 1536 Anselmo'
3443 1467 3784 1551 signiﬁcavit.

2301 1563 2611 1619 Anselmum
2664 1575 2842 1620 autem
2889 1566 2992 1622 hoc
3036 1582 3172 1638 opus
3219 1570 3451 1626 edidisse
3503 1572 3628 1628 licet
3677 1589 3787 1630 non

632 1654 925 1710 Eadtnei'us
947 1655 984 1710 1.
1007 1674 1044 1713 ιι
1071 1657 1146 1712 De
1171 1659 1277 1712 vita
1304 1659 1361 1714 S.
1385 1658 1622 1715 Anselmi
1649 1659 1774 1731 (col.
1804 1659 1916 1730 81),
1940 1659 2045 1716 etl.
2079 1677 2118 1717 ιι
2156 1624 2196 1690 θ
2223 1671 2482 1726 expresse
2529 1659 2705 1712 tradat
2741 1657 3041 1715 Eadments
3073 1624 3145 1715 'ln
3195 1624 3350 1717 libris

561 1743 766 1800 Histor.
790 1761 1002 1809 novatn,
1046 1745 1236 1802 scribit
1281 1748 1383 1802 hoc
1412 1765 1546 1819 opus
1574 1750 1644 1805 ab
1670 1750 1924 1806 Anselmo
1965 1752 2126 1810 initio

559 1835 643 1890 sui
671 1837 1161 1905 archiepiscopatus
1191 1836 1356 1892 fuisse
1384 1840 1737 1909 compositum
1763 1841 1902 1913 stylo
1923 1845 2122 1912 episto-

558 1923 659 1980 lari
690 1937 742 1980 et
770 1925 990 1981 Urbano
1010 1927 1050 1980 ll
1079 1943 1227 1996 papae
1252 1927 1613 1997 destinatum;
1643 1941 1697 1984 et
1720 1947 1783 1986 es
1815 1948 1880 1986 eo
1906 1932 1964 1988 S.
1987 1950 2124 2004 pon-

558 2012 759 2069 tiﬁcem
794 2016 846 2068 in
887 2015 1108 2070 Barensi
1149 2019 1380 2072 concilio
1415 2034 1656 2074 errorem
1684 2021 1994 2077 Grmcornm
2029 2024 2122 2079 lir-

556 2102 704 2157 mlus
752 2103 1081 2160 confutasse.
1133 2104 1491 2163 Nihilominus
1535 2120 1716 2165 tamen
1765 2124 1970 2167 certum
2014 2124 2120 2182 est,

557 2191 618 2245 1·
651 2192 967 2270 Anselninm
1019 2195 1194 2248 adhuc
1233 2197 1480 2251 abbatem
1528 2199 1758 2268 primam
1805 2201 1929 2257 huic
1969 2205 2120 2274 operi

555 2296 778 2336 manum
807 2285 1130 2360 admovisse.
1163 2284 1411 2340 videlicet
1441 2303 1583 2342 anno
1623 2289 1761 2343 1092
1789 2308 1802 2344 :
1838 2291 1949 2362 ipse
1975 2294 2118 2349 enim

555 2369 610 2425 in
636 2362 859 2442 epistola
874 2373 1408 2446 adBaldricum,qum
1435 2386 1516 2432 est
1534 2378 1594 2432 51
1615 2378 1736 2434 libri
1765 2397 1826 2449 ιι,
1853 2381 2121 2452 signiilcat

555 2477 616 2518 se
669 2463 812 2519 hunc
861 2465 1054 2520 librum
1107 2469 1390 2538 inclinasse
1441 2481 1729 2540 antequam
1773 2473 1825 2526 in
1872 2473 2117 2543 Angliam

554 2553 952 2609 transfretaret.
985 2556 1332 2611 Cantuariam
1363 2567 1544 2614 autem
1580 2560 1730 2614 venit
1757 2561 1937 2630 pridie
1968 2561 2118 2617 Nati-

555 2647 738 2700 sitatis
765 2647 823 2700 Β.
851 2645 1016 2713 V.,.et
1033 2663 1178 2702 anno
1197 2650 1464 2717 sequenti,
1493 2651 1586 2720 qui
1609 2650 1677 2705 ab
1698 2651 1962 2705 Eadmern
1982 2653 2118 2726 1095

553 2743 806 2798 notatur,
852 2735 904 2790 in
946 2736 1410 2806 archiepiscopum
1449 2734 1654 2794 electus
1711 2749 1793 2794 est
1828 2755 1844 2793 :
1867 2740 2022 2809 juxta
2068 2741 2116 2796 i-

553 2826 815 2896 psiusmct
842 2825 1088 2880 Eadmeri
1133 2827 1444 2892 historiam,
1493 2827 1531 2882 l.
1576 2844 1614 2883 ιι
1664 2828 1740 2883 De
1794 2830 1912 2885 Vita
1941 2831 2116 2886 sancti

553 2915 794 2971 Anselmi
826 2914 950 2985 (loc.
976 2915 1119 2987 cit.).
1152 2914 1353 2984 Pridie,
1377 2917 1585 3008 inquit,
1610 2905 1913 2973 Natiritatis
1930 2917 1995 2972 Β.
2020 2918 2116 2974 Dei
2142 2951 2185 3008 ο

555 3006 837 3080 Cenitricis
879 3016 925 3060 et
963 3017 1221 3076 perpetua:
1267 3008 1480 3078 rirginis
1529 3006 1738 3076 Moriar,
1771 3007 2116 3065 Cantuarians

554 3097 760 3152 venit...
790 3093 1018 3164 Rapitur
1034 3107 1082 3150 et
1102 3097 1348 3152 violenter
1373 3098 1426 3151 in
1447 3097 1667 3152 vicinam
1697 3098 1966 3153 ecclesiam
1998 3103 2116 3155 cunt

555 3185 763 3256 hymnis
804 3193 1064 3252 portatur.
1127 3186 1257 3240 Acta
1318 3196 1437 3241 sunt
1488 3187 1599 3241 iure
1654 3204 1742 3242 an.
1805 3187 1873 3242 D.
1930 3181 2118 3243 Incarz-

555 3283 667 3328 stat.
693 3273 849 3335 1093,
871 3275 1038 3342 pridie
1062 3272 1206 3329 Non.
1247 3275 1449 3333 Martii.

629 3364 684 3418 Id
711 3365 928 3433 insuper
950 3379 1016 3416 ex
1047 3380 1114 3418 eo
1139 3365 1398 3434 probatur
1425 3368 1591 3438 quod,
1628 3377 1688 3424 ut
1725 3368 2011 3424 Anselmus
2035 3367 2118 3424 ih-

556 3455 699 3512 dicat
727 3456 780 3510 in
801 3472 849 3510 c.
880 3456 902 3509 l
933 3454 1152 3525 hujusce
1179 3458 1380 3526 operis,
1411 3459 1708 3530 inemptum
1739 3459 1810 3513 sit
1834 3469 1958 3514 ante
1989 3475 2118 3516 con-

555 3546 742 3602 cilium
787 3545 1197 3613 Suessioncnse,
1234 3547 1378 3617 quod
1418 3548 1695 3618 Raynaldo
1739 3548 1988 3603 llemensi
2027 3565 2117 3602 ar-

554 3636 898 3706 chiepiscopo
960 3635 1187 3704 prmsile
1245 3636 1573 3691 celebratum
1637 3645 1720 3693 est
1780 3651 1922 3692 anno
1981 3637 2117 3692 1092

559 3729 814 3788 abeunte,
841 3725 919 3779 vel
951 3727 1168 3779 ineunte
1195 3742 1336 3779 anno
1365 3727 1520 3782 1093.

626 3815 845 3870 Certum
871 3817 1063 3880 est,?.-,
1094 3833 1307 3870 manuni
1333 3817 1573 3871 ultimam
1605 3818 1729 3872 huic
1753 3817 1899 3886 operi
1923 3816 1979 3874 S.
2005 3819 2117 3873 An-

556 3907 784 3964 sebnum
805 3907 1017 3962 dedisse
1041 3923 1181 3961 anno
1206 3907 1359 3970 1091,
1380 3907 1628 3962 videlicet
1654 3917 1774 3978 post
1797 3908 1852 3962 ε.
1877 3907 2116 3964 Anselmi

556 3999 1022 4070 inaugurationein
1063 4013 1204 4052 anno
1246 3998 1404 4060 1093.
1454 3992 1624 4068 pridie
1669 3999 1804 4052 Non.
1839 3998 2112 4065 Decemb.,

553 4100 850 4158 peractam,
911 4105 1034 4143 cum
1098 4104 1222 4156 rege
1271 4089 1324 4142 in
1379 4086 1755 4142 Normanniam
1809 4095 2114 4144 transvecta

556 4179 841 4235 Anselmus
869 4180 1062 4234 studiis
1087 4179 1396 4233 cmlcstibus
1423 4188 1659 4240 vacaret.
1690 4185 1748 4232 ut
1777 4177 1943 4231 tradit
1974 4177 2114 4233 Ead~

2221 1746 2338 1816 (lib.
2378 1763 2448 1812 ιι,
2485 1747 2590 1802 col.
2625 1748 2778 1816 illi).
2809 1757 2864 1804 et
2905 1749 2979 1803 ibi
3015 1749 3350 1807 solummodo
3374 1751 3520 1808 diost
3544 1752 3786 1812 16m

2220 1837 2288 1891 ab
2307 1837 2562 1892 Anselmo
2587 1830 2851 1894 catholica
2877 1839 3244 1909 disputatione
3260 1840 3426 1897 luisse
3459 1829 3791 1909 confutatos,-

2220 1928 2560 1984 manifestum
2590 1936 2766 1983 tamen
2793 1929 2849 1982 iit
2875 1945 2941 1985 ex
2963 1929 3154 1986 eodem
3173 1931 3225 1984 in
3257 1929 3350 1985 lib.
3385 1946 3424 1986 ιι
3453 1931 3655 1989 Hister.
3684 1937 3785 1986 no.-

2219 2032 2360 2082 vor.,
2389 2017 2478 2072 ubi
2522 2016 2599 2071 ait
2637 2017 2786 2088 quod
2807 2018 2920 2087 ipse
2949 2018 3232 2076 Anselmus
3259 2028 3380 2089 post
3399 2020 3635 2079 Darem
3653 2034 3787 2075 cono

2219 2106 2424 2171 cilium,
2450 2105 2596 2177 quod
2618 2119 2761 2160 anno
2795 2106 2931 2162 1098
2965 2115 3210 2164 coactum
3238 2115 3342 2176 est,-
3394 2098 3516 2163 inde
3558 2109 3786 2178 diligen-

2220 2194 2327 2249 tius
2351 2204 2513 2263 atque
2535 2193 2784 2250 subtilius
2815 2203 3073 2260 tractans,
3094 2197 3368 2267 egregium
3385 2211 3522 2268 opus
3540 2196 3786 2271 scripsit,

2220 2291 2275 2336 et
2298 2298 2393 2352 per
2419 2282 2584 2338 multa
2617 2283 2731 2339 locs
2759 2282 2831 2339 ab
2857 2284 3048 2342 amicis
3073 2285 3187 2344 suis
3215 2291 3434 2354 rogatus
3476 2285 3786 2346 direxit."

2218 2376 2381 2429 etiam
2405 2384 2548 2445 patet
2572 2391 2637 2430 es
2659 2375 2895 2431 Anselmi
2924 2376 3063 2431 libro
3095 2392 3191 2433 seu
3218 2376 3447 2448 epistola
3473 2377 3548 2436 De
3573 2379 3798 2450 am...

2220 2466 2272 2520 in
2312 2466 2465 2535 cujus
2493 2481 2614 2538 cap.
2661 2467 2684 2520 l
2737 2465 2892 2523 docet
2937 2483 2996 2522 se
3039 2469 3110 2524 ad
3137 2467 3523 2526 Walerannum
3567 2471 3796 2535 misisse.

2217 2556 2532 2628 opusculum
2569 2556 2712 2626 quod
2747 2557 2813 2611 de
2837 2558 3184 2625 processione
3203 2555 3438 2629 Spiritus
3466 2557 3640 2616 sanet!
3663 2558 3784 2622 oili-

2218 2646 2372 2702 derat
2421 2648 2497 2702 De
2543 2649 2731 2702 eadem
2763 2647 2864 2703 ista
2892 2648 3260 2718 disputatione
3304 2650 3567 2720 scribitur
3588 2649 3648 2726 in
3691 2665 3778 2722 ep.

2217 2734 2288 2792 53
2315 2745 2369 2791 et
2401 2737 2500 2793 160
2530 2737 2658 2792 libri
2683 2752 2744 2792 ιιι
2773 2746 2827 2792 et
2858 2739 2909 2792 in
2932 2734 3094 2808 epist,
3121 2737 3322 2796 “libri
3344 2750 3415 2794 tv.
3449 2737 3547 2795 Hic
3566 2737 3708 2812 liber.
3726 2742 3782 2795 in

2216 2825 2536 2884 editionibus
2561 2825 2806 2883 Gothicis
2831 2836 2885 2883 et
2933 2828 2984 2883 in
3011 2825 3435 2884 Coloniensibus-
3465 2829 3782 2904 inscribitur

2217 2914 2477 2986 Epistota,
2526 2926 2656 2980 εις..
2702 2917 2846 2985 quod
2881 2931 2948 2970 es
2995 2933 3060 2972 eo
3119 2917 3320 2973 factum
3361 2918 3591 2984 coniicio
3635 2919 3780 2989 quod

2217 3007 2510 3063 Hildeberti
2551 3008 2804 3062 instantia
2834 3008 3196 3077 conscriptum
3227 3007 3515 3063 Anselmus
3540 3007 3609 3062 ad
3654 3021 3781 3066 eum
3811 3039 3815 3045 -

2217 3095 2596 3160 transmiserit,
2617 3102 2675 3148 ut
2703 3111 2768 3149 ex
2790 3095 2973 3150 citatis
2993 3093 3236 3165 epistolis
3262 3090 3453 3166 liquot.

2285 3181 2398 3236 Hoc
2417 3195 2552 3251 Opus
2577 3182 2797 3235 editum
2821 3194 2942 3237 esse
2969 3191 3097 3237 ante
3137 3181 3463 3251 completum
3488 3196 3578 3236 an.
3616 3180 3791 3247 “0|,

2215 3287 2322 3342 quo
2351 3273 2586 3328 schisma
2628 3273 2956 3328 exstinctum
2992 3282 3106 3338 est,
3139 3273 3408 3341 colligitur
3444 3288 3511 3327 ex
3557 3271 3777 3342 praelata

2214 3360 2439 3432 epistola
2464 3376 2567 3431 qua
2597 3360 2925 3417 Walerauno
2946 3363 2999 3416 in
3049 3363 3351 3417 schismate
3373 3363 3537 3418 stanti
3567 3363 3777 3418 misisse

2215 3467 2276 3508 se
2309 3453 2454 3508 istud
2503 3453 2819 3524 opusculum
2853 3453 3135 3508 Ansehuus
3185 3453 3390 3507 scribit.
3435 3450 3775 3508 Pmaddncta

2216 3558 2427 3613 quoque
2454 3543 2701 3599 Eadmeri
2730 3544 2890 3598 verba
2905 3544 2968 3614 (l.
2992 3559 3030 3598 ιι
3057 3532 3195 3598 Hist.
3225 3543 3362 3614 ιιου.)
3391 3551 3592 3597 certam
3616 3541 3774 3598 iidem

2216 3631 2420 3687 faciunt
2447 3632 2575 3687 illud
2601 3647 2707 3687 non
2749 3648 2869 3688 esse
2895 3634 3248 3703 compositum
3285 3631 3385 3686 nisi
3431 3642 3550 3702 post
3585 3633 3773 3688 conci-

2215 3725 2345 3780 lium
2373 3724 2627 3787 Barense,
2655 3725 2798 3793 quod
2829 3739 2932 3778 non
2962 3737 3104 3779 anno
3144 3722 3304 3790 1097,
3333 3731 3393 3777 ut
3425 3722 3776 3778 conciliorum

2215 3815 2538 3872 collectores
2577 3813 2711 3870 l‘also
2762 3825 3114 3887 computant.
3165 3818 3258 3871 sed
3314 3828 3456 3870 anno
3495 3814 3628 3871 1098
3682 3828 3778 3872 ce-

2215 3903 2477 3959 lebratum
2525 3912 2625 3959 est.
2675 3905 2959 3960 Anselmus
3018 3906 3162 3959 enim
3217 3920 3359 3960 anno
3409 3904 3585 3970 1097,
3642 3903 3776 3960 feria

2213 3995 2280 4066 vf,
2313 4013 2433 4066 qua:
2488 3994 2588 4049 fuit
2634 3995 2756 4050 ldus
2793 3995 3082 4060 Octobris,
3125 4011 3154 4049 a
3199 3997 3346 4050 curia
3395 3995 3673 4060 discessit,
3721 4002 3778 4048 et

2212 4093 2425 4154 postera
2463 4084 2548 4138 die
2574 4098 2639 4139 ex
2666 4084 2854 4153 Anglia
2887 4085 3117 4138 Romam
3160 4083 3503 4153 profecturus
3550 4085 3617 4137 ad
3651 4097 3778 4153 por-

2215 4181 2328 4227 tum
2359 4172 2536 4228 Doi'ris
2564 4173 2726 4227 venit.
2754 4171 2996 4239 Lugduni
3027 4181 3267 4228 moratus
3290 4181 3374 4227 est
3415 4187 3582 4240 usque
3604 4172 3672 4224 ad
3699 4169 3771 4225 l'e-

556 4282 740 4322 merus
798 4267 833 4319 l.
886 4282 924 4320 ιι
964 4265 1038 4320 De
1077 4264 1195 4319 Vita
1232 4265 1401 4319 sancti
1439 4265 1708 4332 Ausehui;
1751 4266 1864 4321 bare
1905 4274 2107 4333 autem,
2141 4269 2186 4328 υ
2216 4263 2346 4316 riam
2379 4262 2586 4316 tertiam
2617 4273 2741 4317 ante
2769 4263 3098 4316 Dominicam
3126 4260 3432 4316 Palmarum
3459 4261 3616 4330 (anni
3645 4275 3772 4330 pro-

542 4359 746 4414 readem
778 4367 914 4412 teste
942 4357 1064 4426 (loc.
1093 4355 1235 4424 cit.),
1261 4370 1400 4409 anno
1429 4355 1563 4410 1091
1592 4355 1950 4426 contigerunt.

629 4446 782 4502 llunc
824 4456 1002 4500 autem
1051 4446 1243 4499 librum
1289 4454 1508 4499 sanctus
1555 4443 1840 4499 Ansclmus
1896 4445 2114 4516 scripsit

553 4548 743 4592 centra
767 4538 1049 4606 quemdam
1075 4535 1350 4611 clericum,
1379 4536 1470 4606 qui
1497 4535 1768 4590 asserebat
1791 4537 1842 4590 in
1869 4535 1978 4592 Deo
2005 4545 2112 4593 tres

552 4644 814 4701 personas
861 4644 980 4682 esse
1022 4637 1134 4682 tres
1183 4611 1289 4691 res,
1331 4628 1472 4681 sicut
1518 4637 1627 4683 tres
1671 4628 1846 4697 angeli
1876 4637 1970 4681 aut
2002 4639 2112 4684 tres

552 4719 775 4781 animm;
800 4732 956 4785 quem
982 4731 1102 4769 cum
1126 4715 1416 4784 resipuisse
1440 4714 1719 4778 audiisset,
1747 4727 1800 4769 et
1823 4716 1934 4786 ipse
1956 4731 2111 4788 suum

555 4824 688 4879 opus
719 4808 1021 4872 dimiserat,
1065 4808 1209 4877 quod
1256 4823 1360 4860 non
1411 4806 1634 4877 perfecit
1673 4807 1775 4861 nisi
1827 4817 2110 4877 postquam

552 4915 676 4953 eum
710 4899 832 4952 (itte
871 4913 1025 4952 suum
1071 4912 1306 4954 errorem
1345 4894 1620 4962 abiurasse
1667 4894 1946 4952 didicerit.
1987 4894 2112 4952 llaec

557 4992 667 5056 ipse
699 4987 824 5041 inc.
860 4986 882 5040 1
929 4985 1084 5053 hujus
1112 4984 1231 5039 libri
1262 4985 1615 5054 proluquitnr.

626 5079 794 5132 Porro
833 5079 1061 5132 clericus
1091 5077 1200 5141 hic,
1227 5085 1414 5130 contra
1443 5076 1596 5146 cujus
1622 5074 1985 5146 blasphemias
2015 5090 2110 5130 ca-

560 5171 757 5224 lamum
806 5170 863 5223 S.
911 5168 1195 5222 Auselmus
1225 5169 1481 5233 exacuit,
1511 5167 1826 5222 ﬂoscclinus
1860 5168 1974 5222 sive
2002 5164 2112 5221 nu-

557 5257 762 5312 selinus
795 5266 1015 5312 vocatur
1058 5258 1109 5311 in
1161 5273 1260 5310 ms.
1311 5257 1346 5310 3
1393 5256 1729 5311 bibliotheca:
1769 5257 2025 5322 'l'huanaa,
2052 5269 2112 5312 ut

554 5357 746 5403 notant
776 5350 937 5404 variae
964 5349 1250 5413 lectiones;
1276 5338 1336 5402 et
1375 5349 1426 5402 in
1452 5363 1552 5401 ms.
1582 5348 1890 5402 monasterii
1918 5349 2112 5419 Longi-

556 5437 764 5506 Pontis,
794 5442 847 5495 in
885 5456 992 5510 quo
1015 5431 1200 5495 exstat.
1228 5439 1316 5494 hic
1353 5439 1492 5494 liber
1519 5455 1584 5494 co
1607 5436 1761 5494 titulo
1788 5437 1803 5493 ἐ
1834 5438 1906 5493 De
1935 5441 2108 5494 incar-

557 5529 766 5587 natione
807 5530 954 5586 l’erbi
991 5543 1169 5586 contra
1206 5530 1548 5603 blasphemia:
1583 5530 1816 5583 Ruralini
1854 5527 2105 5602 Compen-

2214 4353 2338 4408 inde
2362 4352 2518 4423 l098)
2541 4393 2556 4415 ,
2597 4368 2704 4424 quo
2729 4352 2817 4407 die
2850 4347 3106 4422 Lugdune
3146 4351 3406 4416 recessit,
3446 4359 3502 4405 et
3525 4359 3644 4420 post
3673 4349 3774 4404 ali-

2212 4453 2344 4514 quot
2367 4444 2480 4499 tlies
2512 4443 2737 4497 Romam
2769 4444 3033 4513 pervenit,
3072 4452 3126 4497 et
3153 4458 3263 4512 prae
3297 4439 3460 4495 nimia
3503 4445 3691 4496 testate
3718 4440 3775 4496 in

2211 4534 2389 4589 viflam
2440 4535 2744 4588 Seblaviam
2792 4535 3040 4600 divertit;
3075 4535 3215 4588 unde
3262 4532 3457 4587 [larum
3501 4547 3623 4588 cum
3672 4531 3777 4588 Ur.

2213 4629 2351 4682 bano
2380 4626 2418 4680 ll
2456 4627 2630 4696 petiit,
2657 4635 2712 4679 et
2739 4626 2969 4680 concilio
3017 4626 3206 4679 adluit.
3249 4625 3375 4680 llaec
3419 4625 3537 4704 (use
3587 4635 3778 4681 narrat

2212 4719 2506 4772 Eadinerus
2536 4718 2569 4769 l.
2602 4733 2638 4771 ιι
2680 4716 2819 4771 llist.
2861 4733 3070 4782 πονοι-η
3109 4733 3178 4773 ex
3220 4716 3415 4786 quibus
3447 4716 3510 4772 ﬁt
3552 4716 3775 4771 evidens

2211 4810 2444 4863 Barense
2474 4807 2759 4861 concilium
2794 4823 2937 4861 anno
2964 4807 3098 4862 1098
3135 4818 3384 4864 coactum
3436 4821 3578 4870 esse,
3607 4814 3663 4860 et
3709 4805 3778 4860 li-

2209 4899 2365 4953 brum
2397 4898 2472 4952 De
2490 4899 2815 4968 processione
2838 4899 3066 4967 Spiritus
3093 4900 3261 4955 sancti
3285 4915 3389 4955 non
3415 4899 3618 4953 editum
3654 4911 3776 4953 esse

2210 4987 2310 5042 nisi
2337 4996 2456 5058 post
2480 4985 2636 5054 biijus
2655 5001 2798 5040 anno
2814 4987 2944 5042 l098
2966 4988 3272 5043 decursum.
3289 4986 3416 5041 Mibi
3433 5001 3563 5056 ergo
3580 4983 3778 5054 proba;

2212 5089 2319 5142 tur,
2341 5080 2397 5133 1·
2423 5080 2492 5134 ad
2525 5079 2576 5135 id
2603 5079 2786 5148 epotis
2811 5079 3104 5140 excitatum
3134 5080 3442 5138 Anselmum
3473 5079 3542 5131 ab
3590 5076 3776 5132 ililde-

2207 5170 2366 5226 berto
2383 5169 2770 5224 Cenomanensi
2792 5169 3044 5240 episcopo
3059 5186 3201 5224 anno
3231 5168 3385 5233 1100,
3398 5177 3520 5237 post
3533 5181 3771 5222 mensem
3791 5215 3794 5218 .

2208 5267 2530 5333 Augustum.
2559 5275 2668 5331 quo
2699 5276 2792 5315 rex
2826 5261 3126 5317 Willelmus
3151 5277 3374 5331 regnum
3396 5276 3518 5321 cum
3543 5260 3649 5315 vita
3674 5258 3770 5313 de-

2207 5353 2406 5423 posuit,
2436 5353 2535 5406 huc
2559 5359 2642 5406 est
2663 5350 2846 5406 statim
2890 5361 3049 5420 atque
3078 5367 3106 5402 a
3149 5364 3368 5404 carcere
3394 5365 3500 5418 quo
3529 5345 3770 5401 inclusus

2211 5441 2384 5494 fuerat
2409 5440 2751 5496 Hildebertus
2778 5439 3039 5494 liberatus
3065 5447 3170 5497 est.
3195 5447 3248 5493 et
3274 5453 3381 5508 quo
3405 5435 3691 5490 Anselmus
3712 5434 3770 5488 in‘

2211 5532 2452 5600 Angliam
2501 5546 2748 5588 reversus
2795 5540 2904 5592 est;
2942 5529 3009 5583 ibi
3040 5529 3181 5583 enim
3213 5537 3339 5584 tunc
3379 5526 3542 5586 fuisse
3581 5521 3775 5578 Ausci-
