4174 6204
615 248 692 303 23
1433 303 1442 312 ._
1611 250 1668 303 ὃ.
1709 248 2076 306 ANSELMUS
2108 249 2456 307 CANTUAR.
2497 252 2810 309 ARCIIIEP.
2847 307 2854 328 η
3051 313 3053 316 ,
3741 260 3813 314 24

615 355 696 410 De
727 356 1002 410 concordia
1052 357 1339 425 prmcicnt.
1369 397 1386 422 ,
1431 357 1483 410 in
1511 355 1663 427 cujus
1690 375 1739 414 c.
1772 360 1803 412 7
1843 361 2163 416 mentionem
2193 367 2238 420 A
2265 366 2379 434 ipse
2418 367 2552 421 liber
2593 370 2643 422 in
2674 385 2722 423 c.
2756 371 2781 426 1
2818 363 3054 424 declarat
3104 386 3162 425 se
3192 370 3275 426 'ab
3320 387 3382 428 eo
3429 373 3683 444 scriptum
3727 381 3814 449 qui

614 447 778 501 habet
801 448 1039 516 opusculi
1070 448 1241 506 istius.

686 536 925 607 Denique
952 537 1004 590 in
1032 537 1254 606 epistola
1291 541 1356 591 ad
1389 537 1798 607 Theodericum,
1838 557 1956 611 quae
1986 551 2070 598 est
2097 545 2168 597 42

612 626 708 678 lib.
739 641 816 687 tv,
839 625 906 678 de
932 641 999 680 eo
1033 641 1194 695 opere
1231 629 1449 691 scribit,
1480 638 1534 683 et
1564 630 1692 683 illud
1721 645 1840 684 cum
1883 631 2032 687 libris
2061 632 2167 685 Cur

611 712 752 765 Dens
765 713 916 769 homo
941 715 1222 782 transcribi
1242 717 1477 779 mandat,
1493 726 1549 768 ut
1573 732 1663 771 eos
1685 732 1870 773 omnes
1893 720 1957 773 ad
1974 719 2162 773 Pasch.

611 799 652 852 ll
682 802 951 872 dirigeret.
988 801 1117 858 Vide
1143 806 1278 873 epist
1302 805 1370 859 55
1399 806 1519 861 libri
1552 823 1624 860 IV.
1661 853 1666 860 .

607 909 855 967 CENSURA
906 912 1333 988 Dcccana'rtoxts
1380 917 1654 985 cujusdam
1698 920 1751 973 in
1798 923 2164 988 pra'cedentem

1275 986 1484 1039 librant.
1701 1041 1704 1046 _

679 1069 793 1126 Etsi
821 1071 1110 1128 declaratio
1145 1073 1260 1130 haec
1297 1073 1348 1128 in
1380 1090 1508 1131 mss.
1552 1079 1724 1131 sancti
1753 1079 1989 1132 Anselmi
2019 1079 2164 1132 volu-

605 1159 839 1215 minibus
868 1176 972 1215 non
997 1171 1269 1226 occurrat,
1296 1163 1348 1216 in
1378 1164 1626 1219 omnibus
1653 1173 1830 1219 tamen
1864 1166 2005 1220 illius
2033 1182 2160 1235 ope-

605 1262 726 1304 rum
754 1246 1078 1305 editionibus
1115 1253 1400 1321 reperitur.
1445 1252 1592 1308 Illius
1619 1255 1956 1309 occasionem
1986 1265 2041 1309 et
2071 1272 2160 1310 ar-

603 1345 915 1403 gumentum
941 1354 1007 1392 ex
1038 1339 1264 1410 ipsamet
1282 1340 1488 1396 discere
1521 1342 1663 1404 licet.
1690 1343 1885 1398 Verum
1915 1344 1982 1398 de
2020 1345 2162 1400 illius

602 1433 825 1480 auctore
845 1436 900 1483 et
923 1437 1081 1484 aetate
1101 1445 1208 1484 non
1240 1431 1386 1486 aliud
1417 1433 1620 1488 scimus
1651 1434 1752 1489 nisi
1784 1435 1924 1503 quod
1963 1445 2161 1490 comta-

2269 467 2554 512 tractatum
2592 459 2668 513 De
2711 463 3032 528 proccssione
3067 461 3294 529 Spiritus
3338 466 3504 517 sancti
3551 466 3813 534 ediderat,

2267 548 2331 600 de
2360 562 2466 615 quo
2496 562 2654 616 supra
2683 548 2933 603 diximus.
2973 548 3027 602 In
3073 565 3174 602 ms.
3205 550 3274 602 22
3312 552 3644 608 bibliotheca:
3687 555 3814 610 Lin-

2267 635 2552 690 colniensis
2581 675 2595 698 ,
2630 643 2683 689 et
2716 635 2768 689 in
2805 651 2933 694 mss.
2965 637 3068 698 217
3111 638 3446 692 bibliotheca:
3493 638 3626 702 Caii,
3667 653 3720 696 et
3764 644 3815 696 in

2267 738 2365 776 ms.
2416 724 2517 776 M5
2566 723 2693 778 bibl.
2742 724 2965 792 publicae
3011 724 3484 796 Cantabrigensis,
3521 737 3574 781 et
3622 729 3674 781 in
3714 746 3815 783 ms.

2265 812 2607 866 Cistercicnsi
2661 812 2948 881 inscriptus
2991 822 3073 868 est
3117 813 3196 867 De
3237 815 3495 881 sacri/icio
3549 820 3720 886 αημηί
3769 828 3818 872 ct

2266 901 2574 968 fermentati.
2621 901 2678 957 In
2707 917 2805 957 ms.
2843 904 3026 957 Sancti
3063 904 3278 958 Martini
3305 903 3468 958 Torn.
3518 905 3817 961 intitulatus

2264 999 2345 1044 est
2372 991 2447 1042 De
2473 1006 2603 1060 pane
2630 991 2876 1057 sacriﬁcii
2905 1000 3085 1044 contra
3126 990 3356 1045 Grtrcos.
3384 992 3528 1054 Inter
3565 993 3816 1062 epistolas

2262 1091 2456 1131 excusa
2486 1076 2585 1132 fuit
2615 1077 3064 1133 editioneColon.
3091 1095 3181 1133 an.
3214 1081 3380 1145 1612;
3411 1082 3466 1134 in
3503 1081 3622 1136 aliis
3645 1085 3816 1138 omni-

2262 1166 2363 1220 bus
2389 1165 2527 1220 inter
2556 1166 2720 1221 libros
2743 1167 2886 1222 edita
2909 1176 2990 1222 est
3014 1170 3114 1223 sub
3147 1183 3212 1224 co
3244 1169 3400 1224 titulo
3421 1185 3580 1239 quem
3604 1172 3652 1226 ei
3681 1186 3817 1241 prae-

2262 1254 2496 1309 tiximus.
2526 1253 2656 1309 Vide
2689 1256 2868 1311 varias
2898 1255 3176 1314 lectiones.

2321 1334 2460 1400 'Cum
2488 1346 2739 1415 prmfatus
2767 1347 2899 1402 liber
2921 1347 2996 1401 De
3017 1349 3334 1416 proccssione
3355 1390 3371 1415 ,
3407 1357 3534 1412 etc.,
3579 1348 3732 1417 cujus
3753 1350 3807 1404 in

2258 1451 2307 1490 c.
2345 1437 2370 1489 1
2402 1436 2618 1504 hujusce
2643 1436 2880 1506 epistolae
2915 1437 2975 1491 iit
3009 1438 3238 1504 mentio,
3276 1438 3534 1508 prodierit
3579 1440 3647 1494 ah
3674 1453 3816 1493 anno

601 1529 738 1572 neus
763 1517 926 1574 luerit
952 1517 1011 1574 S.
1043 1519 1320 1576 Bernardo
1365 1521 1788 1591 Clartnvallensi,
1818 1539 1974 1593 quem
2003 1533 2162 1579 vocat
2261 1527 2389 1581 1101
2426 1527 2492 1580 ad
2515 1542 2711 1581 annum
2742 1526 2907 1593 1105,
2959 1535 3019 1580 ut
3061 1541 3220 1596 supra
3255 1527 3672 1582 demonstratum
3694 1567 3711 1592 ,
3761 1536 3817 1582 et

599 1606 687 1660 sui
726 1609 983 1678 temporis
1032 1610 1264 1680 Spiritus
1298 1612 1470 1666 sancti
1516 1627 1796 1683 organum.
1841 1613 1992 1669 Unde
2013 1613 2158 1683 {con-
2188 1677 2230 1685 _
2261 1616 2373 1671 haec
2412 1616 2634 1685 epistola
2667 1616 2870 1671 directa
2918 1615 3077 1670 fuerit
3113 1614 3439 1670 Waleranno
3485 1615 3816 1670 Novembur-

601 1677 907 1762 lectaneum
925 1677 1220 1756 esthanccc
1235 1677 1645 1758 declarationem
1669 1677 2158 1784 esse'posteriorem
2188 1677 2235 1737 Β
2261 1705 2409 1775 gensi
2431 1677 2460 1768 ,'
2499 1704 2672 1759 adhuc
2715 1705 2876 1758 stanti
2921 1705 2974 1758 in
3003 1703 3290 1759 schismate
3315 1743 3331 1768 ,
3382 1705 3523 1773 quod
3569 1699 3814 1759 Guih‘erti

598 1783 875 1850 Anselmo,
905 1787 1325 1857 quitdecesserat
1345 1804 1490 1844 anno
1516 1791 1669 1845 1109.
1692 1791 1998 1854 Bernartius
2030 1807 2159 1847 vero
2259 1804 2430 1849 morte
2454 1833 2469 1859 ,
2519 1809 2637 1863 qua:
2659 1793 2811 1862 juxta
2841 1795 3077 1849 Dodech.
3107 1793 3409 1849 anno‘HOO
3437 1794 3657 1864 obtigit,
3695 1809 3818 1849 exs-

598 1873 781 1943 junior
813 1879 1135 1934 monachum
1164 1879 1336 1935 induit
1374 1896 1514 1937 anno
1545 1883 1701 1938 ltt5.

933 1967 1175 2024 CENSUIA
1211 1983 1422 2041 numer
1461 1971 1538 2026 De
1587 1975 1820 2027 ueritate.
2155 2035 2157 2038 g

666 2056 898 2112 Sanctus
937 2059 1222 2116 Anselmus
1271 2062 1446 2118 adhuc
1497 2063 1644 2131 prior
1692 2065 1835 2119 hunc
1880 2065 2149 2136 dialogum

597 2146 834 2215 scripsit,
868 2145 1129 2202 Eadmero
1169 2157 1303 2203 teste
1333 2151 1370 2205 l.
1401 2169 1419 2206 ι
1449 2151 1524 2207 De
1573 2153 1690 2220 ejus
1725 2153 1843 2208 Vita
1884 2155 2008 2224 (col.
2043 2155 2156 2224 62),

595 2237 785 2292 eodem
814 2237 1068 2293 videlicet
1095 2248 1337 2310 tempore
1363 2257 1470 2312 quo
1495 2243 1732 2314 dialogos
1763 2245 1841 2298 De
1877 2262 2002 2298 casu
2039 2246 2156 2298 dia—

595 2326 734 2392 boli,
781 2325 859 2383 De
893 2329 1127 2384 libertate
1172 2339 1227 2387 et
1274 2333 1348 2387 De
1393 2339 1755 2403 grammatico.
1802 2334 1934 2391 Vide
1985 2337 2156 2391 sancti

595 2419 830 2476 Anselmi
874 2421 1150 2493 prologum
1183 2425 1250 2479 ad
1299 2425 1440 2478 hunc
1471 2426 1759 2494 dialogum,
1791 2425 1943 2493 cujus
1974 2426 2152 2482 adhuc

594 2511 711 2583 ipse
758 2511 1004 2566 meminit
1054 2514 1108 2568 in
1159 2529 1208 2569 c.
1248 2514 1281 2568 5
1310 2515 1433 2569 libri
1488 2514 1558 2570 De
1594 2527 1842 2586 conceptu
1891 2517 2152 2586 virginali.

594 2598 790 2657 Eadem
820 2605 1044 2674 proinde
1079 2605 1149 2658 sit
1184 2603 1512 2672 dialogorum
1544 2603 1618 2656 De
1639 2604 1799 2657 libero
1840 2604 2057 2658 arbitrio
2101 2612 2157 2658 et

593 2694 672 2749 De
693 2697 1032 2768 grammatico
1065 2711 1327 2758 censura;
1372 2695 1416 2748 si
1459 2693 1727 2748 addideris
1757 2695 1898 2762 quod
1928 2695 1980 2748 in
2012 2709 2060 2749 c.
2093 2694 2148 2758 4,

591 2800 778 2860 quast.
794 2790 829 2844 3
856 2789 930 2844 De
951 2789 1225 2843 concordia
1253 2788 1456 2858 gratim,
1480 2796 1606 2853 etc.,
1624 2787 1822 2842 mentio
1843 2787 1937 2840 ﬂat
1962 2784 2156 2855 dialogi

591 2877 671 2933 De
704 2879 866 2933 libero
909 2878 1146 2949 arbitrio.

856 2969 1101 3024 CENSURA
1149 2979 1464 3021 'rnsc'rnus
1500 2965 1574 3018 De
1617 2965 1898 3028 voluntate.

662 3059 893 3114 Sanctus
911 3058 1196 3114 Anselmus
1222 3057 1258 3110 Ι.
1285 3057 1364 3109 De
1385 3056 1660 3109 concordia
1693 3056 1875 3125 gratia:
1901 3070 2018 3108 cum
2056 3055 2148 3106 lib.

591 3147 730 3212 πώ..
771 3162 823 3202 c.
847 3147 937 3211 11,
965 3154 1238 3214 utcunque
1273 3143 1545 3213 promisit,
1576 3144 1676 3198 etsi
1711 3141 1938 3196 inﬁrma:
1965 3141 2146 3200 actm

591 3234 1089 3298 dum.raletudinis,
1122 3247 1181 3288 se
1228 3233 1515 3302 aliquando
1561 3231 1830 3286 dicturum
1861 3232 1926 3285 de
1965 3230 2149 3284 multi-

589 3322 714 3391 plici
769 3321 1031 3380 divisione
1080 3320 1370 3376 voluntatis
1414 3335 1534 3389 qua:
1558 3329 1643 3374 est
1674 3335 1820 3374 usus.
1868 3317 1923 3372 Id
1971 3327 2148 3384 autem

590 3425 713 3463 cum
751 3409 898 3464 nullo
931 3410 983 3463 in
1014 3409 1152 3475 loco
1176 3408 1439 3479 attigerit,
1469 3423 1575 3463 non
1602 3407 1697 3462 abs
1737 3421 1796 3462 re
1823 3405 2053 3474 conjicio
2082 3405 2150 3459 ab

590 3514 657 3554 eo
687 3500 844 3569 paulo
886 3509 1171 3569 antequam
1225 3499 1510 3554 decederet
1557 3483 1793 3551 libellum
1838 3497 1980 3550 hunc
2029 3511 2150 3551 esse

589 3590 941 3659 compositum
963 3629 978 3651 ,
1009 3601 1166 3658 quem
1205 3603 1270 3643 ex
1312 3603 1414 3642 ms.
1444 3587 1644 3642 Victor.
1676 3586 1772 3640 Cd.
1800 3585 1866 3637 12
1892 3585 2063 3648 edidi;
2094 3594 2150 3638 et

590 3681 804 3750 quidem
839 3695 904 3736 eo
933 3681 1222 3746 lubentius,
1250 3679 1389 3750 quod
1432 3693 1537 3733 non
1575 3677 1737 3732 modo
1761 3675 1996 3731 Anselmi
2047 3690 2149 3730 no-

589 3786 738 3833 men.
768 3770 860 3824 sed
885 3779 941 3826 et
973 3769 1272 3825 sententias
1303 3769 1488 3824 habet.

587 3860 829 3914 Crassus
867 3875 1004 3915 unm
1045 3859 1122 3912 De
1154 3858 1430 3913 concordia
1471 3856 1842 3926 praescicntitc,
1874 3853 2146 3926 praelecti-

796 3930 1021 3983 nationis
1057 3939 1104 3982 ct
1141 3927 1325 3997 gratia
1360 3924 1479 3980 cunt
1505 3925 1664 3979 libero
1699 3924 1937 3978 arbitrio.

656 4017 962 4089 Anglicanas
1009 4016 1264 4072 Ecclesia:
1311 4029 1445 4084 pace
1486 4015 1725 4077 reddita,
1757 4011 1816 4065 S.
1863 4009 2148 4065 Ansclmus

587 4109 734 4164 circa
771 4108 890 4160 rice
941 4105 1127 4169 linem,
1178 4104 1280 4158 hoc
1330 4112 1412 4158 est
1463 4117 1604 4157 anno
1658 4101 1823 4164 1109,
1863 4100 1964 4154 hoc
2013 4113 2148 4166 opus

586 4192 999 4264 scripsit,juxta
1023 4193 1271 4246 Eadmcr.
1307 4190 1341 4242 l.
1375 4206 1409 4243 ιι
1442 4190 1518 4243 De
1542 4189 1659 4256 ejus
1685 4187 1802 4242 Vita
1834 4188 1960 4256 (col.
1999 4184 2146 4254 114).

2259 1883 2422 1952 tingui
2451 1884 2644 1952 coepit,
2675 1890 2822 1937 certo
2845 1883 3045 1938 certius
3067 1893 3148 1939 est
3171 1898 3289 1939 eam
3313 1883 3381 1938 ab
3411 1884 3659 1940 Anselmo
3682 1885 3816 1939 scri—

2256 1981 2401 2042 ptam
2440 1987 2545 2026 non
2565 1972 2729 2026 fuisse
2755 1981 2880 2025 ante
2907 1986 3106 2026 annum
3132 1972 3260 2028 1101
3282 2012 3300 2038 ,
3346 1973 3438 2029 sed
3486 1973 3643 2042 paulo
3671 1983 3816 2041 opost

2257 2063 2452 2117 librum
2481 2061 2557 2115 De
2580 2063 2902 2130 processione
2929 2061 3159 2131 Spiritus
3188 2064 3387 2129 sancti,
3423 2064 3568 2118 circa
3613 2077 3812 2116 annum

2258 2151 2395 2205 1102
2419 2163 2434 2202 :
2460 2149 2599 2202 hanc
2622 2150 2763 2204 enim
2785 2151 3098 2218 protrahere
3119 2166 3290 2220 usque
3320 2149 3386 2205 ad
3417 2165 3614 2205 annum
3641 2151 3778 2205 H06
3798 2191 3815 2216 ,

2254 2238 2354 2292 sub
2378 2235 2530 2304 cujus
2551 2237 2671 2296 tino.
2692 2230 2975 2293 Anselmus
3008 2238 3061 2296 in
3095 2239 3336 2308 Angliam
3367 2239 3557 2306 rediit,
3604 2249 3659 2294 et
3711 2256 3819 2310 quo

2256 2324 2520 2381 Henricus
2571 2323 2637 2402 IV
2688 2325 2817 2394 imp.
2870 2324 3052 2381 Leodii
3105 2327 3216 2380 vita
3246 2326 3458 2381 functus
3487 2336 3605 2394 est,
3639 2326 3734 2383 abs
3761 2343 3817 2384 re

2255 2413 2550 2477 diceretur,
2571 2428 2693 2469 cum
2722 2428 2786 2469 eo
2816 2422 3052 2484 tempore
3065 2415 3299 2469 schisma
3317 2417 3528 2485 penitus
3543 2417 3812 2483 desiisset,

2256 2503 2487 2559 Ilenrico
2523 2503 2568 2557 V
2619 2501 2728 2570 jam
2755 2501 3072 2572 imperante.
3108 2501 3232 2558 Ilaec
3269 2505 3540 2572 przeccssit
3588 2505 3813 2559 alteram

2254 2590 2333 2644 De
2353 2599 2793 2644 sacramentorum
2829 2590 3155 2658 diversitate,
3190 2591 3244 2645 in
3282 2590 3432 2660 cujus
3479 2591 3586 2647 ﬁne
3629 2602 3816 2646 auctor

2255 2680 2498 2734 meminit
2526 2679 2700 2734 istius.

2255 2788 2501 2845 Cassam
2547 2804 2690 2843 unm
2724 2803 2839 2843 sm;
2881 2804 3096 2846 DUARUI
3135 2805 3496 2846 EPISTOLABUI
3531 2792 3606 2846 Dc
3638 2809 3817 2847 sacrae

2718 2869 3005 2911 mentorum
3032 2859 3343 2913 diversitate.

2175 2982 2220 3043 ο
2323 2952 2557 3005 Primam
2585 2950 2950 3019 hujuscemodi
2977 2952 3319 3020 epistolarum
3339 2951 3812 3017 esse-Waleranni,

2250 3043 2472 3096 alteram
2502 3039 2737 3094 Anselmi
2763 3039 3042 3104 Cantuar.,
3067 3041 3440 3111 inscriptiones
3459 3041 3815 3110 praeseferunt

2252 3130 2303 3184 in
2335 3126 2583 3182 omnibus
2605 3135 2712 3180 tam
2738 3127 2896 3180 editis
2918 3139 3077 3195 quam
3105 3141 3234 3181 mss.
3280 3127 3405 3181 Ideo
3448 3135 3623 3181 autem
3666 3127 3808 3180 Ead-

2250 3232 2431 3273 merus
2451 3216 2604 3272 istius
2631 3216 2772 3270 sicut
2796 3223 2852 3270 et
2886 3216 3234 3284 praecedentis
3271 3216 3510 3286 opusculi
3547 3230 3651 3270 non
3690 3231 3808 3270 me-

2249 3311 2438 3373 minit,
2468 3311 2608 3379 quod
2641 3308 2783 3362 inter
2814 3305 3066 3375 epistolas
3091 3319 3156 3360 ea
3171 3305 3511 3361 recenseuda
3555 3304 3808 3359 duxerit:

2250 3413 2348 3454 nos
2373 3413 2435 3453 ea
2466 3399 2617 3454 libris
2641 3396 3046 3462 accensuimus,
3063 3395 3217 3462 juxta
3251 3409 3437 3450 omnes
3460 3409 3594 3463 pene
3620 3394 3812 3448 editio-

2249 3467 2390 3552 nes;
2425 3496 2481 3540 et
2516 3487 2766 3555 pleraque
2791 3500 2922 3539 mss.
2951 3484 3006 3538 ln
3039 3500 3136 3539 ms.
3167 3485 3235 3538 22
3259 3483 3386 3538 bibl.
3418 3483 3644 3548 Lincol.,
3675 3492 3729 3537 et
3757 3482 3809 3550 in

2249 3591 2351 3630 ms.
2379 3576 2481 3629 217
2519 3575 2644 3628 bibl.
2667 3573 2810 3640 Caii,
2841 3583 2895 3628 et
2924 3574 2977 3627 in
3010 3589 3114 3627 ms.
3143 3574 3248 3628 203
3295 3573 3428 3627 aula:
3465 3571 3814 3637 Pembrocb.,

2248 3675 2303 3718 et
2332 3666 2384 3718 in
2409 3680 2511 3718 ms.
2549 3663 2796 3728 Cisterc.,
2830 3666 2894 3717 ac
2921 3662 2974 3715 in
3003 3662 3236 3718 editione
3289 3660 3639 3730 Nuremberg.
3666 3675 3807 3715 anno

2249 3751 2381 3806 H91
2437 3752 2523 3806 hic
2568 3751 2704 3812 liber
2758 3751 3045 3818 inscriptus
3092 3751 3286 3821 legitur
3345 3749 3422 3804 De
3473 3751 3809 3804 sacramentis

2202 3849 2207 3860 ‘
2249 3841 2518 3896 Ecclesiae.
2558 3841 2674 3908 Quo
2701 3842 2886 3896 eodem
2915 3841 3068 3896 titulo
3092 3841 3239 3895 illum
3260 3842 3391 3896 citat
3422 3839 3481 3895 S.
3534 3840 3732 3894 Bonav.
3760 3848 3802 3896 t.

2248 3933 2336 3987 Vll
2356 3973 2370 3997 ,
2398 3942 2550 4002 parte
2580 3947 2630 3985 tv
2651 3971 2667 3995 ,
2693 3931 2746 3986 in
2771 3946 2817 3985 c.
2849 3933 2872 3985 1
2918 3932 3086 3984 tertiae
3130 3923 3514 3999 Res'ponsionis
3542 3928 3812 3998 Apologia:

2247 4036 2560 4091 pauperum.
2592 4020 2840 4075 Diversus
2862 4020 2994 4075 alios
3017 4019 3196 4074 titulos
3226 4020 3416 4074 videiu
3435 4019 3598 4074 variis
3621 4019 3813 4072 lectio-

2246 4111 2427 4165 nibus.

2317 4201 2430 4267 Qua
2457 4209 2633 4255 autem
2665 4208 2822 4254 aetate
2855 4199 2971 4252 duae
3014 4199 3129 4250 ista:
3155 4185 3390 4265 epistola:
3415 4196 3630 4262 scriptae
3652 4201 3761 4248 sint
3787 4233 3804 4258 ,

660 4283 815 4360 Varia
846 4292 928 4338 est
962 4283 1182 4351 hujusce
1211 4280 1390 4349 operis
1419 4279 1723 4334 distributio
1744 4317 1760 4344 ,
1804 4287 1862 4331 ut
1891 4279 1943 4332 in
1985 4279 2147 4332 variis

2245 4292 2322 4346 sic
2348 4289 2682 4358 conjieimus.
2735 4286 3015 4341 Anselmus
3057 4284 3384 4338 Waleranno
3426 4283 3537 4350 jam
3584 4282 3808 4335 miserat

583 4374 904 4431 lectionibus
935 4383 1174 4428 notatum
1206 4381 1318 4436 est;
1360 4372 1513 4440 queis
1557 4371 1692 4424 adde
1739 4371 1880 4450 quod
1932 4370 1985 4423 in
2038 4384 2140 4424 ms.

585 4469 690 4524 112
716 4469 904 4523 domus
927 4466 1094 4521 sancti
1128 4463 1269 4518 Petri
1303 4465 1352 4516 in
1397 4461 1586 4531 Anglia
1631 4461 1684 4515 in
1724 4461 1858 4514 duos
1887 4467 2145 4514 tractatus

585 4562 688 4615 iste
731 4559 864 4612 liber
899 4555 1154 4611 dividitur
1195 4553 1436 4623 :primus
1483 4560 1568 4606 est
1615 4552 1680 4604 de
1727 4549 2059 4619 praescientia
2092 4555 2147 4603 et

583 4644 1080 4717 prmdestinatione;
1133 4641 1267 4695 alter
1295 4641 1360 4706 de
1388 4640 1558 4707 gratia
1600 4645 1652 4692 et
1681 4638 1847 4692 libero
1875 4636 2099 4692 arbitrio
2127 4653 2139 4689 :

583 4745 642 4790 at
659 4735 857 4802 justius
906 4734 957 4786 in
984 4747 1082 4786 ms.
1113 4731 1216 4784 205
1252 4729 1385 4784 aula:
1412 4728 1726 4783 Pembroch.
1757 4727 1807 4780 in
1833 4737 1941 4780 tres
1968 4735 2143 4795 partes

583 4825 921 4881 distribuitur
954 4841 965 4876 :
1003 4825 1058 4876 1ο
1084 4822 1152 4876 de
1181 4820 1514 4890 praescientia
1559 4828 1612 4873 et
1659 4819 1827 4872 libero
1877 4815 2138 4881 arbitrio;

579 4918 643 4970 2ο
671 4917 737 4971 de
765 4895 1232 4983 pnedcslinatione
1280 4921 1334 4966 ct
1362 4910 1533 4964 libero
1565 4909 1810 4973 arbitrio;
1838 4909 1897 4962 5°
1935 4907 2000 4960 de
2029 4921 2145 4976 gra-

587 5007 659 5058 tia
683 5015 735 5058 et
757 5005 926 5058 libero
958 5002 1202 5057 arbitrio.
1234 5000 1289 5054 In
1321 5015 1420 5054 ms.
1449 4999 1781 5055 bibliotheca:
1809 4997 2142 5050 Villariensis

584 5098 639 5149 in
672 5097 952 5168 Brabantia
1002 5092 1198 5148 dicitur
1252 5092 1407 5145 Liber
1453 5093 1608 5145 trium
1633 5091 2006 5161 quaestionum.
2053 5089 2142 5142 Di-

585 5201 719 5255 gnus
745 5199 875 5238 sane
897 5184 1030 5238 liber
1057 5183 1148 5254 qui
1183 5184 1313 5237 tanti
1344 5182 1444 5236 viri
1472 5183 1637 5236 vitam
1675 5180 1969 5236 clauderet.

585 5285 830 5329 hensum
867 5291 1004 5328 unm
1045 5291 1137 5328 seu
1175 5290 1444 5329 t-zrtsrom
1477 5274 1548 5326 De
1578 5289 1762 5341 azyma
1791 5281 1837 5324 et
1868 5272 2137 5338 fermento.

659 5363 874 5417 Librum
919 5363 1059 5417 hunc
1102 5379 1194 5416 seu
1237 5363 1513 5432 epistolam
1550 5376 1672 5415 esse
1722 5359 1956 5413 Ansclmi
2016 5373 2140 5426 pro-

539 5463 850 5508 .tcstautur
904 5455 1080 5508 omnia
1123 5471 1243 5508 cum
1310 5469 1502 5507 excusa
1552 5465 1658 5504 tum
1709 5468 1832 5504 mss.
1874 5450 2142 5517 exempla-

589 5542 667 5593 ria
721 5553 824 5595 τοι
875 5544 986 5612 ipsc
1039 5543 1374 5601 Detlt‘cluinus
1433 5543 1495 5593 ad
1542 5557 1664 5593 ann.
1727 5539 1894 5600 'ltlfll;
1941 5537 2029 5590 sed
2089 5549 2138 5590 Ct

2243 4379 2521 4450 epistolam
2545 4378 2609 4431 de
2639 4391 2855 4446 azymo,
2886 4384 2945 4427 ut
2966 4375 3077 4441 ipse
3106 4375 3155 4426 in
3187 4373 3287 4425 line
3312 4371 3530 4439 hujusce
3558 4372 3803 4438 opusculi

2244 4467 2527 4538 significat.
2556 4465 2752 4518 Deinde
2777 4477 2839 4514 ex
2863 4478 2912 4516 c.
2944 4462 3038 4513 ult.
3067 4459 3300 4528 epistolae
3331 4458 3633 4512 Waleranni
3660 4467 3712 4512 et
3739 4473 3807 4513 ex

2244 4571 2292 4611 c.
2326 4557 2348 4609 1
2393 4555 2626 4623 epistolae
2655 4554 2826 4605 sancti
2852 4550 3082 4603 Anselmi
3109 4557 3317 4602 constat
3345 4549 3483 4615 quod
3527 4555 3653 4602 tunc
3678 4547 3806 4600 Wa-

2243 4645 2492 4697 lerannus
2521 4640 2759 4693 Paschali
2783 4639 2822 4690 11
2853 4646 2993 4692 esset
3009 4637 3382 4692 reconciliatus
3406 4678 3421 4702 ,
3455 4643 3509 4691 et
3536 4636 3666 4689 adeo
3707 4636 3804 4703 ipsi

2244 4733 2521 4788 familiaris
2549 4772 2562 4797 ,
2591 4741 2644 4784 ut
2675 4729 3020 4785 cardinalium
3044 4727 3152 4795 jam
3186 4737 3295 4780 tum
3341 4737 3479 4781 esset
3519 4740 3804 4781 consecre-

2245 4823 2409 4878 tarius
2434 4860 2450 4885 ,
2495 4829 2553 4873 ut
2595 4820 2760 4874 refert
2798 4817 2992 4872 Paulus
3020 4817 3249 4886 Langius
3294 4817 3347 4872 in
3379 4810 3645 4871 Chronico
3672 4813 3804 4868 Citi-

2243 4913 2405 4966 zensi.
2432 4912 2598 4981 Igitur
2633 4909 2883 4978 scriptam
2931 4908 3128 4962 censeo
3162 4908 3300 4962 hanc
3345 4906 3517 4960 sancti
3567 4903 3805 4958 Anselmi

2242 5001 2518 5070 epistolam
2561 5015 2702 5054 anno
2727 4998 2891 5061 1102,
2931 5013 3037 5066 quo
3072 4996 3358 5051 Ansclmus
3390 4994 3639 5060 Ecclesiae
3666 4994 3806 5046 bono

2244 5100 2383 5145 totus
2404 5089 2716 5159 invigilavit,
2731 5087 3039 5157 priusquam
3061 5099 3126 5139 ex
3149 5085 3335 5154 Anglia
3363 5085 3585 5136 Romam
3610 5082 3803 5135 iterum

2241 5189 2504 5249 pergeret,
2536 5193 2641 5247 quo
2670 5178 2912 5246 pervenit
2939 5177 3081 5231 circa
3106 5177 3261 5229 linem
3291 5175 3414 5227 anni
3447 5172 3601 5225 “03.
3636 5171 3699 5222 Et
3727 5169 3800 5223 ita

2245 5271 2299 5322 S.
2336 5269 2617 5322 Ansclmus
2645 5281 2740 5337 per
2757 5267 3032 5321 duosistos
3069 5281 3154 5317 an.
3186 5263 3314 5316 1101
3349 5272 3402 5315 et
3429 5261 3564 5312 1102
3588 5257 3804 5324 scripsit

2244 5361 2433 5412 librum
2467 5360 2538 5410 De
2559 5360 2877 5426 processione
2907 5359 3127 5427 Spiritus
3158 5356 3340 5408 sancti.
3374 5351 3572 5406 Deinde
3601 5349 3795 5402 librum

2245 5451 2317 5501 Dc
2347 5465 2559 5516 azyma,
2606 5460 2656 5504 ct
2693 5450 2903 5504 tandem
2946 5446 3218 5517 epistolam
3261 5444 3335 5499 De
3363 5451 3797 5498 sacramentorum
3837 5483 3839 5486 .

2244 5541 2566 5605 differentiis.
