4174 6204
348 225 418 282 es
721 195 738 210 ’
1407 212 1720 271 censum
1758 207 2036 267 Oi'ERUM
2074 208 2131 262 s.
2175 203 2486 260 usus".
3504 183 3575 236 es

650 329 892 388 Cnssuna
921 323 1230 396 Oﬂ‘endiculi
1261 326 1605 380 sacerdotum.

421 422 522 479 llic
551 421 688 476 liber
735 427 912 474 exstat
951 416 1285 485 Cantabriga:
1313 416 1362 467 in
1420 429 1521 467 ms.
1549 413 1657 467 235
1700 409 1907 480 collegii

352 513 542 570 Sancti
565 508 871 571 Benedicti,
905 506 956 559 in
987 518 1087 557 ms.
1118 503 1158 558 Ε
1188 503 1253 557 10
1281 501 1618 566 Corbeiensi,
1648 509 1704 554 et
1729 499 1779 552 in
1806 513 1905 551 ms.

354 605 411 659 S.
445 597 732 667 Ebrulphi,
761 611 829 650 ex
853 608 958 664 quo
985 593 1160 659 ipsum
1185 589 1468 645 edidimus.
1519 587 1570 643 ls
1599 597 1773 642 tamen
1806 600 1909 638 non

351 693 495 749 aliud
526 700 611 747 est
635 704 793 759 quam
814 694 1121 754 excerptum
1145 699 1209 738 ex
1239 682 1298 737 S.
1333 679 1571 736 Ansclmi
1599 678 1818 746 epistola
1847 675 1912 727 ad

2291 315 2531 370 CENSUBA
2573 325 2782 365 DMLOGI
2825 308 2898 362 De
2934 311 3283 376 grammatico.

2012 405 2166 477 (Vide
2195 418 2475 460 censuram
2502 401 2698 468 dialogi
2736 399 2813 452 De
2847 413 2972 450 casu
3002 392 3195 448 diaboli
3216 432 3231 457 ,
3284 402 3340 447 ct
3381 385 3572 456 dialogi

2602 489 2681 543 De
2721 485 2978 554 veritate.)

2473 582 2720 637 Csxsuns
2759 577 3122 632 lloniutnuu.

2081 672 2521 743 Quandoquidem
2547 667 2836 740 pastoralis
2883 674 2966 719 est
2996 661 3233 716 muneris
3279 656 3444 711 verbo
3484 657 3577 710 Dei

353 744 700 841 Guillelmuin
731 780 975 834 abbatem
1000 817 1016 842 ,
1045 790 1164 846 quae
1185 772 1353 830 cst56
1381 771 1415 826 Ι.
1456 786 1505 832 ι,
1541 778 1601 824 ιιι
1631 744 1914 836 utrumque
2015 781 2229 837 gregem
2275 774 2524 834 pascere,
2561 758 2902 818 Anselmum,
2945 753 3035 823 qui
3087 749 3332 805 facundia
3375 757 3430 837 et
3468 744 3582 798 zelo

354 871 551 942 legenti
579 869 639 923 fit
663 867 902 924 evidens.
954 865 1108 920 Hunc
1135 871 1313 917 autem
1359 858 1698 916 Guillelmum
1747 857 1917 911 Dede-

356 961 550 1018 cbinus
583 958 652 1012 ad
680 963 808 1012 ann.
839 955 975 1011 1094
1012 955 1088 1009 ait
1129 952 1294 1008 fuisse
1317 949 1565 1006 abbatem
1605 946 1917 1016 Dersagien-

359 1067 505 1117 sem;
542 1051 637 1106 sed
683 1048 850 1103 abbas
880 1045 1274 1115 Hirsangiensis
1312 1041 1507 1097 dicitur
1554 1039 1606 1093 in
1650 1037 1919 1093 veteribus

364 1139 704 1198 monimentis
730 1145 916 1192 contra
963 1134 1333 1190 schismatieos
1371 1147 1402 1185 a
1439 1130 1754 1184 Sebastiano
1777 1127 1917 1181 'l‘en-

369 1227 732 1302 gnagelediLis
766 1240 907 1281 anno
949 1224 1122 1290 lGl2,
1161 1232 1217 1277 et
1243 1221 1378 1276 mihi
1426 1233 1457 1274 a
1501 1217 1807 1273 doctissimo
1853 1217 1918 1269 ῐ).

369 1319 581 1374 Baluzio
615 1313 1057 1377 communieatis,
1104 1310 1196 1366 ubi
1249 1311 1366 1365 haec
1427 1307 1651 1378 epistola
1708 1305 1920 1375 legitur.

364 1409 534 1475 Quam
557 1405 691 1461 falso
711 1405 920 1478 libellus
944 1403 1032 1458 hic
1050 1402 1349 1457 aseribatnr
1373 1397 1609 1456 Honorio
1627 1394 1921 1467 Augustod.

364 1508 404 1552 ι.
457 1495 545 1551 Xll
581 1495 716 1550 Bibl.
747 1493 849 1550 PP.
889 1508 953 1548 ex
976 1490 1211 1561 praefatis
1234 1490 1421 1560 liquet.

495 1586 742 1641 (lessons
775 1597 916 1638 metu
952 1583 1026 1636 De
1054 1573 1245 1651 nuptiis
1273 1562 1797 1648 consanguineorum.

2017 826 2084 911 ad
2113 826 2422 910 “dicendum
2471 857 2748 919 promptus
2794 856 3006 912 semper
3058 854 3121 894 ac
3165 847 3383 908 paratus
3419 826 3580 892 'erat,

2016 958 2318 1000 sermonem
2349 941 2415 994 ad
2451 937 2703 1009 populum
2739 934 3049 1002 frequenter
3075 927 3322 983 habuisse
3362 940 3464 979 non
3503 931 3586 993 est

2019 1035 2159 1089 unde
2195 1033 2316 1103 quis
2344 1030 2568 1085 dubitet.
2601 1026 2894 1082 Eadmerus
2941 1035 3067 1076 eum
3113 1015 3342 1074 diversis
3371 1016 3424 1070 in
3457 1012 3586 1090 locis

2021 1125 2393 1180 concinnatum
2426 1119 2588 1174 fuisse
2621 1122 2866 1173 testatur.

2090 1216 2168 1269 Ex
2184 1213 2431 1269 omnibus
2453 1217 2631 1264 autem
2657 1202 2829 1280 sancti
2850 1200 3087 1258 Anselmi
3115 1193 3451 1254 sermonibus
3477 1190 3590 1246 sive

2022 1304 2254 1361 homiliis
2279 1301 2615 1373 paucissimae
2635 1306 2860 1354 restant.
2899 1295 2956 1350 ιη
2986 1289 3223 1360 antiquis
3243 1284 3590 1342 editionibns.

1982 1421 1991 1430 ι
2023 1397 2272 1453 videlicet
2297 1395 2500 1449 duabus
2523 1387 2793 1452 Gothicis,
2824 1402 2930 1441 una
2963 1377 3410 1446 Nurembergcnsi
3451 1389 3594 1429 anno

2029 1485 2156 1541 1491
2187 1526 2202 1550 ,
2249 1498 2355 1538 una
2377 1490 2431 1537 et
2455 1481 2620 1536 altera
2654 1475 2942 1532 Parisiensi
2987 1485 3131 1527 anno
3173 1468 3309 1524 1544
3339 1475 3393 1522 εἰ
3423 1465 3594 1528 1519,

2025 1590 2133 1629 una
2162 1573 2364 1627 Veneta
2395 1585 2486 1625 an.
2537 1569 2673 1624 1549
2699 1606 2715 1632 ,
2771 1566 2928 1621 unica
2961 1560 3182 1619 bomilia
3217 1565 3432 1622 exstat,
3478 1569 3598 1625 quae

429 1638 772 1729 ln'editionc
800 1669 1098 1725 Coloniensi
1124 1638 1242 1722 ian.
1285 1667 1422 1722 1612
1465 1638 1696 1735 primum
1720 1702 1737 1726 ,
1785 1660 1928 1732 quod
1953 1638 2002 1698 Β
2029 1674 2112 1719 est
2136 1664 2188 1718 in
2209 1661 2379 1717 illud:
2420 1657 2845 1721 Intravitlesns,
2873 1664 2982 1710 etc.
3027 1652 3094 1706 Et
3140 1651 3194 1704 in
3228 1650 3416 1704 Colon.
3457 1660 3600 1700 anno

362 1762 562 1827 sciam,
591 1773 824 1816 excusas
855 1766 938 1812 est
965 1757 1055 1812 hic
1084 1757 1252 1823 liber,
1304 1766 1361 1811 et
1397 1755 1610 1824 quidem
1648 1754 1788 1807 inter
1814 1751 1930 1820 cpi-

365 1850 554 1906 stolas.
584 1846 694 1904 Nos
717 1853 894 1901 tamen
940 1844 1107 1914 ipsam
1128 1882 1146 1910 ,
1172 1843 1296 1914 quia
1325 1840 1624 1912 dogmatica
1652 1849 1763 1904 est,
1812 1837 1932 1892 aliis

365 1939 636 2012 opusculis
661 1935 1019 2006 adjunximus.
1067 1933 1319 1989 Anselmo
1348 1926 1930 2007 autem'Cantuariensi

364 2004 484 2087 eam
514 2004 820 2098 adiudicarit
843 2023 1123 2093 inscriptio
1161 2036 1280 2090 qua:
1306 2021 1450 2076 illius
1471 2033 1666 2074 nomen
1695 2004 1930 2086 prtefert,

366 2118 646 2176 Methodus
673 2114 970 2185 inquirendi
993 2113 1216 2166 rationes
1239 2127 1416 2165 eorum
1442 2125 1560 2179 qua:
1581 2108 1929 2166 observamus,

367 2218 423 2265 et
444 2204 706 2264 sententia
726 2217 833 2274 qua
859 2203 911 2258 in
943 2216 995 2258 c.
1017 2200 1050 2255 6
1070 2200 1267 2255 dicitur
1291 2213 1386 2268 per
1413 2196 1582 2252 Adam
1613 2204 1722 2251 tota
1745 2201 1934 2248 natura

371 2299 541 2354 fuisse
564 2303 839 2364 corrupta,
869 2292 994 2363 quia
1026 2298 1136 2346 tota
1167 2302 1294 2344 tunc
1316 2288 1368 2342 in
1395 2283 1510 2358 ipso
1532 2295 1676 2348 erat,
1708 2292 1763 2338 et
1782 2290 1933 2338 extra

375 2402 499 2445 eum
529 2399 633 2441 non
654 2393 804 2439 erat:
840 2383 957 2436 haec
977 2380 1120 2436 enim
1150 2377 1331 2434 omnia
1358 2375 1596 2431 Anselmi
1632 2382 1780 2430 sunt.

446 2474 557 2530 Nec
577 2487 731 2544 quem
757 2483 973 2527 movere
1016 2468 1177 2523 debet
1206 2465 1346 2536 quod
1370 2463 1654 2519 Anselmus
1685 2477 1735 2516 e.
1762 2461 1798 2514 3
1822 2468 1875 2515 et
1902 2459 1933 2510 7

372 2562 594 2635 hujusce
617 2562 737 2618 libri
764 2559 987 2616 definiat
1007 2555 1406 2612 matrimonium
1438 2553 1578 2608 inter
1605 2560 1861 2623 cognatos
1881 2550 1934 2603 in

370 2664 526 2712 sexto
551 2653 716 2723 gradu
739 2664 897 2721 posse
923 2645 1191 2710 contrahi,
1223 2658 1346 2700 cum
1375 2650 1554 2697 tamen
1585 2641 1638 2696 in
1665 2639 1935 2709 antiquioo

374 2744 525 2799 ribus
549 2739 714 2795 etiam
750 2735 955 2807 Anglia:
984 2732 1226 2791 conciliis
1248 2771 1266 2798 ,
1300 2738 1356 2786 et
1399 2730 1452 2784 in
1498 2729 1562 2783 iis
1605 2726 1797 2796 quibus
1823 2725 1938 2795 ipsc

375 2829 590 2904 praefuit
611 2868 629 2895 ,
657 2828 924 2898 prohibita
953 2826 1060 2881 sint
1080 2821 1343 2879 connubia
1370 2834 1540 2889 usque
1563 2817 1629 2871 ad
1653 2816 1935 2886 septimum

378 2922 618 2993 gradum.
647 2917 773 2974 Haec
803 2916 946 2993 enim
974 2928 1094 2984 qua:
1139 2913 1352 2967 videtur
1396 2907 1729 2965 dissonantia
1779 2904 1938 2961 facile

376 2991 700 3075 concordat,
735 3009 780 3064 si
807 2991 1117 3064 attendatur
1155 3004 1297 3074 quod
1341 3015 1575 3059 canones
1604 3000 1744 3055 intra
1773 3001 1940 3070 septi-

375 3119 521 3160 mum
552 3101 776 3173 gradum
799 3096 1042 3167 coniugia
1069 3093 1442 3173 prohibuerint
1469 3093 1939 3173 quoadusque”—

375 3164 585 3252 rentela
610 3205 677 3246 ex
704 3164 1142 3257 alterutra—parte
1167 3164 1541 3253 ad'septimum
1572 3182 1793 3251 gradum

373 3283 597 3346 veniat,
625 3287 684 3333 ut
706 3275 956 3345 exprimit
984 3275 1218 3345 synodus
1245 3271 1634 3328 Londoniensis
1675 3271 1775 3325 sub
1802 3269 1943 3324 Lan-

375 3373 612 3435 franco,
674 3380 814 3421 anno
862 3363 1038 3430 1075,
1089 3363 1325 3419 adeout
1373 3361 1415 3415 si
1461 3375 1528 3414 ex
1559 3375 1662 3414 una
1687 3359 1945 3413 duntaxat

375 3469 535 3531 parte
555 3463 742 3513 sextus
767 3451 960 3522 gradus
985 3435 1282 3521 attingitur,
1311 3458 1364 3503 et
1383 3463 1448 3503 ex
1470 3449 1638 3531 altera
1663 3446 1942 3530 septimus,

381 3520 512 3606 tunc
542 3549 594 3603 ln
625 3520 788 3600 sexto
799 3542 964 3613 gradu
984 3520 1382 3596 matrimonium
1414 3525 1581 3606 possit
1606 3520 1872 3591 contrahi.

449 3639 512 3694 P.
543 3634 847 3707 llaynaldus
872 3634 1012 3688 hunc
1035 3633 1231 3688 nodum
1259 3639 1317 3683 ut
1341 3629 1591 3694 solveret,
1615 3628 1667 3681 in
1689 3642 1783 3681 sua
1809 3627 1958 3697 Syn-.

385 3728 501 3783 taxi
527 3725 736 3781 censuit
759 3721 816 3778 S.
839 3717 1148 3776 An'selmum
1170 3734 1234 3774 eo
1263 3718 1364 3773 loci
1392 3717 1590 3788 gradus
1616 3717 1946 3786 cognationis

387 3823 723 3884 eomputasse
749 3827 853 3871 non
879 3827 908 3865 a
938 3809 1105 3864 fratre
1123 3816 1179 3865 et
1203 3821 1386 3863 sorore
1409 3848 1423 3872 ,
1471 3807 1565 3861 sed
1609 3821 1638 3859 a
1671 3815 1862 3873 nepote
1891 3811 1975 3858 et-

387 3907 584 3973 ncpte,‘
626 3901 775 3970 juxta
815 3897 1025 3955 concilii
1058 3893 1540 3965 Salguastadiensis
1563 3893 1944 3948 definitionem.

390 3993 589 4048 Verum
613 4004 731 4060 quae
752 3987 889 4044 ratio
913 3985 1165 4041 Anselmo
1193 3984 1291 4037 fuit
1321 3983 1425 4037 alio
1449 3983 1636 4037 ordine
1658 3981 1744 4034 hic
1766 3994 1953 4035 recen-
2030 4031 2034 4034 .

386 4093 513 4138 sere
541 4080 639 4133 bos
662 4076 857 4148 gradus
883 4089 1042 4145 quam
1077 4073 1128 4126 in
1151 4072 1287 4126 libro
1306 4071 1381 4124 De
1411 4084 1597 4140 azymo
1621 4078 1674 4122 et
1710 4070 1762 4122 in
1788 4083 1950 4124 cano-

389 4167 551 4222 nibus
595 4178 730 4232 quos
776 4165 888 4232 ipse
934 4160 1172 4217 condidit
1205 4161 1258 4213 in
1288 4157 1608 4213 Londiniensi
1658 4171 1810 4212 conc.
1859 4172 1947 4210 an.

391 4255 576 4310 “02?

462 4344 599 4399 fiihil
628 4358 756 4414 ergo
785 4353 1045 4414 repugnat
1069 4382 1084 4407 ,
1107 4339 1199 4397 sed
1224 4340 1402 4395 omnia
1426 4339 1651 4393 suadent
1669 4330 1816 4392 hanc
1841 4337 1954 4406 epi-

400 4435 580 4491 stolam
609 4441 675 4489 ab
703 4434 954 4489 Anselmo
982 4433 1234 4502 scriptam
1267 4429 1448 4484 fuisse.
1491 4429 1596 4483 Sed
1618 4429 1735 4504 cui,
1769 4439 1820 4482 ct
1847 4443 1952 4496 qua

397 4534 585 4588 aetate,
616 4538 720 4580 non
751 4531 836 4579 est
860 4525 999 4578 unde
1027 4521 1331 4592 conjiciam.
1362 4518 1647 4587 Inscriptio
1673 4517 1796 4586 ejus
1835 4533 1954 4570 mu-

400 4613 488 4666 tila
510 4622 585 4668 est
605 4653 622 4678 ,
661 4626 852 4667 nomen
883 4611 1024 4666 enim
1048 4610 1165 4678 ejus
1191 4610 1276 4664 cui
1307 4607 1560 4664 scribitur
1584 4622 1688 4661 non
1721 4606 1912 4676 legitur
1937 4644 1953 4670 ,

298 4767 304 4770 _
392 4717 492 4757 nec
511 4703 794 4757 Anselmus
821 4701 1254 4770 archiepiscopus
1282 4706 1522 4752 vocatur.
1552 4696 1955 4752 Muricrdareho

389 4793 506 4848 sive
548 4792 957 4847 Murcbertacbo
1006 4790 1274 4847 Hiberniae
1304 4790 1458 4859 regi,
1507 4796 1566 4841 ut
1606 4795 1957 4856 cognatorum

390 4881 635 4950 coniugia
666 4881 989 4951 prohibeat,
1044 4880 1103 4936 S.
1132 4879 1414 4934 Anselmus
1454 4877 1637 4931 scribit
1680 4875 1954 4944 epistolam

387 4986 509 5039 qua:
537 4969 747 5025 estin
775 4968 992 5034 libriin,
1029 4979 1082 5023 et
1109 4969 1177 5023 ab
1206 4983 1269 5023 eo
1303 4982 1425 5034 rege
1459 4967 1523 5020 ad
1556 4965 1613 5019 S.
1635 4951 1955 5017 'Anselmnm

387 5059 582 5114 missas
617 5058 871 5128 epistolas
906 5048 1046 5112 anno
1079 5059 1214 5113 1095
1259 5066 1312 5112 et
1349 5056 1483 5112 1096
1528 5071 1623 5125 pro
1666 5070 1952 5109 consecra-

390 5148 536 5201 tione
574 5147 809 5217 cpiscopi
841 5147 1178 5202 Dublinensis
1217 5157 1271 5201 et
1299 5146 1534 5216 episcopi
1574 5144 1953 5207 Wataferdiaz,

391 5238 461 5293 ab
491 5238 758 5292 Eadmero
807 5238 859 5292 in
903 5237 936 5291 1.
969 5255 1006 5292 ιι
1041 5237 1175 5292 llist.
1229 5253 1350 5292 nov.
1403 5236 1674 5291 discimus.
1713 5234 1860 5291 Unde
1892 5236 1959 5288 ab

367 5326 646 5382 .Ansclmo
673 5328 738 5380 ad
766 5328 1048 5395 quemdam
1075 5327 1212 5381 forte
1253 5327 1540 5380 llibcrnum
1571 5339 1634 5379 eo
1674 5333 1913 5392 tempore
1942 5363 1954 5389 ,

391 5418 600 5472 scilicet
641 5417 783 5473 circa
836 5435 1034 5471 annum
1092 5419 1262 5482 1096,
1321 5421 1572 5486 scriptam
1616 5417 1773 5470 fuisse
1825 5417 1957 5469 hanc

392 5507 670 5579 epistolam
695 5519 962 5579 utcunque
985 5510 1171 5579 conjici
1208 5518 1397 5578 potest.

2030 1754 2169 1809 1575
2193 1754 2423 1823 primum
2446 1750 2586 1820 typis
2606 1749 2744 1803 data:
2771 1755 2898 1802 sunt
2919 1744 3287 1800 enarrationes
3308 1755 3399 1794 seu
3430 1738 3600 1803 homi-

2030 1843 2116 1898 li:e
2141 1842 2195 1897 in
2222 1841 2423 1910 aliquot
2446 1836 2758 1910 evangelia,
2807 1842 2859 1889 et
2893 1834 2946 1888 in
2975 1832 3101 1886 illud
3131 1829 3297 1885 Eceli.
3328 1842 3456 1882 xxtv
3487 1843 3501 1879 :
3533 1823 3602 1878 In

2033 1934 2270 1988 omnibus
2324 1928 2582 1998 requiem,
2639 1937 2746 1983 etc.
2784 1921 3023 1981 Ansclmi
3074 1921 3331 1976 Cantuar.
3361 1915 3599 1983 arehiep.

2032 2036 2226 2077 nomen
2264 2016 2629 2089 praeferentes.
2970 1999 2973 2003 ’
3415 2070 3417 2073 ,

2103 2109 2280 2164 Altera
2318 2105 2651 2161 Coloniensis
2678 2117 2821 2158 anno
2850 2100 3020 2168 l6l2,
3069 2107 3126 2155 et
3170 2095 3413 2166 Lugdun.
3463 2105 3605 2146 anno

2033 2199 2171 2276 1650
2194 2239 2210 2265 ,
2239 2197 2457 2254 easdem
2488 2195 2678 2250 eodem
2708 2192 2927 2266 nomine
2965 2189 3247 2246 dederunt.
3292 2185 3441 2253 lpsas
3476 2197 3607 2249 ergo

2034 2274 2098 2344 ea
2130 2287 2233 2342 fide
2255 2327 2271 2354 ,
2311 2285 2412 2340 etsi
2440 2283 2588 2338 nullo
2621 2283 2763 2352 quod
2813 2279 3045 2334 viderim
3088 2290 3192 2330 ms.
3235 2274 3566 2341 suffragante
3589 2309 3603 2328 .

2034 2350 2274 2448 nihilque
2313 2374 2382 2430 de
2429 2374 2562 2444 ipsis
2591 2350 2876 2428 .siadmero
2908 2366 3257 2444 proferente,
3304 2350 3618 2424 edidimus,

2034 2467 2167 2524 nihil
2193 2477 2370 2522 tamen
2401 2462 2524 2518 inde
2544 2457 2883 2544 asserentes,
2937 2457 3032 2512 sed
3072 2453 3213 2524 quod
3259 2451 3566 2522 accepimus
3591 2488 3607 2512 ,

2038 2559 2329 2616 tradentes.
2387 2553 2642 2610 Ordinem
2705 2551 2972 2606 duntaxat
3022 2545 3455 2607 immntavimus,
3515 2555 3612 2596 eas

2035 2645 2365 2718 disponendo
2384 2643 2542 2714 juxta
2559 2639 2763 2697 seriem
2790 2637 3032 2694 locorum
3063 2633 3377 2704 Scriptum,
3402 2644 3524 2699 quia:
3553 2628 3609 2684 in

2038 2738 2122 2794 his
2141 2742 2506 2807 exponuntur.

2104 2829 2408 2885 Adnotasse
2431 2820 2867 2881 sumciateodem
2892 2817 3033 2890 stylo
3086 2823 3143 2873 ct
3190 2827 3348 2869 sensu
3378 2809 3614 2880 scriptas

2039 2935 2160 2976 esse
2211 2914 2519 2987 huiusmodi
2582 2911 2835 2968 homilias
2889 2923 2999 2978 quo
3055 2915 3112 2962 et
3147 2904 3516 2960 enarrationcs
3560 2901 3612 2953 in

2040 3008 2229 3064 Matth.
2263 3020 2400 3075 quas
2423 3000 2764 3058 Coloniensis
2805 2996 2978 3053 editio
3011 2995 3065 3048 in
3093 2993 3281 3049 eodem
3306 2989 3612 3054 \‘olutnine,

2037 3095 2281 3154 Anselmi
2311 3093 2527 3148 nomine
2555 3090 2777 3162 praefixo
2801 3127 2818 3154 ,
2846 3085 3138 3156 compegit.
3164 3082 3221 3137 ld
3243 3081 3396 3136 facile
3423 3094 3617 3135 secun-

2041 3187 2166 3243 dum
2199 3199 2284 3240 me
2302 3185 2572 3240 discernet
2598 3179 2846 3252 quisquis
2879 3178 3083 3248 pariter
3127 3189 3189 3230 ea
3242 3173 3358 3227 loca
3405 3185 3525 3240 qua:
3562 3170 3616 3225 in

2041 3276 2282 3344 utrisque
2311 3272 2582 3342 explorata
2610 3279 2735 3324 sunt
2769 3268 2997 3324 invicem
3028 3256 3338 3320 contulerit.

2112 3366 2333 3422 Omnia:
2360 3364 2575 3434 quidem
2599 3363 2651 3416 in
2688 3376 2790 3416 ms.
2826 3352 3098 3415 2‘2'bibl.
3147 3357 3631 3415 Mcrton..exstant_

2043 3456 2278 3512 bomilia:
2305 3453 2366 3508 Β.
2394 3449 2632 3508 Anselmi
2656 3467 2671 3517 ;
2700 3450 2798 3506 sed
2821 3464 2941 3522 qua:
2965 3456 3019 3505 ct
3038 3457 3201 3517 quot,
3249 3440 3457 3500 discere
3485 3436 3617 3498 ’νου

2044 3546 2212 3616 potui.

2113 3635 2171 3690 In
2201 3648 2300 3688 ms.
2327 3632 2364 3687 S
2389 3633 2454 3688 15
2476 3631 2660 3704 sancti
2679 3629 2934 3698 Ebrnlphi
2962 3644 3065 3682 una
3093 3625 3311 3684 bomilia
3337 3624 3532 3694 legitur
3551 3637 3622 3679 eo

2046 3723 2234 3787 titulo:
2264 3721 2493 3775 Anselmi
2513 3737 2680 3774 sermo
2702 3721 2754 3773 in
2783 3737 2802 3769 ι
2833 3716 3023 3770 Videas
3043 3713 3410 3776 Jesustnrbns,
3444 3730 3462 3763 ι
3486 3722 3619 3773 etc.,

2046 3813 2185 3866 hanc
2211 3813 2278 3864 ad
2307 3824 2403 3864 nos
2432 3808 2803 3863 transmissatn
2833 3805 3023 3860 ordine
3052 3801 3358 3868 secundam
3410 3800 3621 3873 caeteris

2047 3898 2387 3953 inseruimus.

2121 3984 2292 4040 Unam
2330 3997 2542 4052 quoque
2593 3983 2646 4036 in
2689 3981 2822 4036 illud
2853 3979 3094 4050 Apostoli
3129 3997 3142 4032 :
3184 3978 3405 4033 Decebot
3449 3979 3619 4042 enim,

2049 4083 2178 4138 etc.,
2213 4072 2505 4141 adiecimus
2528 4086 2594 4125 ex
2617 4085 2716 4125 ms.
2756 4069 2916 4124 Corb.
2948 4068 2986 4122 S
3007 4067 3141 4131 596,
3179 4069 3280 4122 hoc
3303 4066 3453 4120 titnlo
3483 4085 3496 4119 :
3525 4065 3623 4120 Se-

2050 4164 2274 4220 cundum
2300 4163 2606 4231 magistrum
2659 4160 2961 4214 Anselmum
3007 4175 3164 4227 super
3203 4175 3400 4212 rersnm
3427 4158 3575 4210 illum
3601 4173 3621 4211 .'

1979 4263 2032 4324 ι)
2057 4273 2076 4306 ι
2109 4253 2331 4308 Decebat
2361 4252 2495 4304 enim
2535 4270 2553 4302 ι
2578 4290 2593 4314 ,
2627 4258 2734 4305 etc.

2123 4344 2199 4398 Ea
2221 4355 2382 4412 porro
2403 4356 2522 4411 qua:
2549 4349 2632 4396 est
2655 4341 2706 4394 in
2737 4339 2864 4393 illud
2897 4357 2910 4392 :
2944 4337 3166 4392 Intrarit
3187 4337 3341 4390 Jesns
3361 4377 3375 4393 .
3407 4347 3537 4397 etc.,
3567 4348 3625 4392 et

2053 4447 2212 4504 quam
2235 4444 2428 4486 nonam
2458 4424 2767 4498 poSuimus,
2817 4428 2870 4482 in
2915 4427 3167 4482 omnibus
3185 4432 3322 4486 {cum
3354 4442 3479 4481 mss.
3511 4437 3622 4482 tum

2054 4522 2211 4594 editis
2237 4520 2398 4577 etiam
2425 4519 2820 4588 antiquioribus
2852 4516 3134 4587 repetitur.
3164 4516 3219 4570 In
3259 4532 3386 4570 mss.
3427 4531 3622 4571 nomen

2054 4611 2286 4667 Anscimi
2325 4609 2567 4679 pmfert,
2594 4609 2814 4664 ethunc
2840 4606 3051 4674 titulum
3091 4607 3249 4660 habet
3280 4608 3332 4660 in
3361 4620 3460 4661 ms.
3490 4606 3626 4660 1106

2055 4703 2191 4758 Bibl.
2221 4701 2399 4770 Regia:
2426 4717 2440 4751 :
2469 4698 2536 4751 In
2561 4697 2914 4763 assumptione
2935 4696 3000 4747 Β.
3028 4694 3235 4757 Μανίαν,
3265 4694 3539 4747 Anselntus
3570 4693 3626 4744 in

2056 4791 2188 4846 illud
2221 4807 2235 4843 :
2282 4807 2300 4840 ι
2339 4787 2597 4851 Intravit,
2635 4805 2654 4838 ι
2687 4793 2792 4840 etc.
2823 4784 2880 4838 In
2914 4798 3017 4837 ms.
3041 4781 3203 4836 Corb.
3239 4782 3274 4836 P
3296 4780 3418 4844 507,
3440 4779 3623 4833 Sermo

2057 4880 2284 4949 Anselmi
2311 4879 2363 4932 in
2387 4878 2770 4946 Assumptione,
2795 4875 2866 4943 ζὶη
2895 4874 3026 4927 illud
3056 4887 3081 4924 ες
3111 4893 3128 4924 ι
3165 4873 3382 4926 Intravit
3407 4913 3422 4935 ,
3459 4891 3476 4925 ι
3510 4883 3620 4927 etc.

2057 4969 2112 5023 In
2139 4983 2237 5023 ms.
2270 4967 2372 5021 596
2400 4965 2590 5028 Corb.,
2616 4965 2699 5018 Ea:
2719 4965 2873 5017 dictis
2893 4963 3091 5016 domini
3111 4961 3339 5015 Anseimi
3362 4961 3622 5027 archiepi-

2057 5059 2216 5127 scopi.
2248 5057 2303 5110 ln
2333 5071 2431 5109 ms.
2452 5055 2705 5110 Breviaro
2732 5053 2982 5108 Ecclesim
3003 5051 3446 5106 Carcassonensis
3475 5067 3487 5102 :
3523 5048 3623 5104 Pro

2059 5149 2189 5218 [esto
2243 5146 2624 5213 Assnntptionis
2671 5143 2736 5198 Β.
2790 5144 2979 5198 Maria:
3043 5140 3309 5211 Virginis:
3347 5159 3366 5190 ι
3418 5140 3483 5193 In
3533 5143 3624 5194 iilo

2058 5250 2310 5306 tempore,
2343 5236 2580 5299 intravit,
2621 5253 2638 5286 ν
2668 5244 2772 5289 etc.
2807 5233 3040 5286 llomilia
3071 5231 3371 5285 venerabilis
3395 5230 3626 5283 Anselini

2059 5327 2284 5394 archiep.
2316 5323 2546 5378 Consule
2580 5325 2757 5376 varias
2781 5323 3079 5380 lectiones,

2131 5415 2275 5468 llanc
2307 5405 2581 5466 ltmniliani
2631 5411 2686 5464 S.
2728 5411 3010 5464 A-nsclntus
3038 5424 3065 5460 :t
3112 5407 3390 5461 Gnillehno
3432 5406 3623 5459 abbate

2061 5503 2365 5560 'F'Escancnsi
2400 5512 2451 5556 et
2491 5504 2556 5556 ab
2583 5500 2802 5555 Arnulfo
2831 5499 3150 5553 Trcarncnsi
3181 5499 3369 5553 abbate
3411 5507 3621 5564 rogatus
