4174 6204
360 163 435 220 ss
1421 141 1743 218 inausum
1786 158 2066 217 orrum:
2096 161 2155 216 s.
2197 160 2514 220 asseram
3513 157 3586 213 so

365 275 502 333 cuit.
551 272 610 329 In
645 272 684 344 ’ᾗ
736 273 770 327 5
823 270 954 326 dicit
999 271 1140 342 quod
1166 271 1310 327 solus
1345 271 1485 326 Deus
1502 264 1625 326 rere
1649 281 1809 327 estet
1845 281 1928 327 est
1956 275 2008 334 Α

364 381 555 422 verum
581 365 852 429 esse,sine
881 379 988 433 quo
1013 365 1141 417 ηυΗὶ
1172 364 1489 432 potestbene
1511 362 1776 418 esse.lloc
1789 364 1926 418 idem

367 457 426 511 in
448 453 750 523 Honologio
780 465 834 508 et
854 452 974 506 aliis
993 452 1233 522 pluribus
1259 451 1313 505 in
1336 451 1469 507 locis
1495 461 1713 507 sanctus
1745 451 1928 506 Ansel-

362 563 492 604 mus
513 545 782 615 exposuit.

438 637 593 691 Licet
626 649 755 705 ergo
783 633 835 687 in
865 634 1051 704 paucis
1094 649 1195 688 ms.
1230 633 1529 702 reperiatur
1559 633 1676 687 haec
1706 632 1934 715 medita:

362 728 459 791 tio,
493 724 683 780 saltem
713 726 812 780 sub
839 724 1077 778 Anselmi
1104 722 1339 787 nomine,
1371 722 1511 777 banc
1539 730 1716 776 tamen
1748 729 1930 776 sancto

362 813 622 872 Anselmo
642 828 750 869 non
784 827 1002 883 possum
1040 811 1366 880 abjudicare.
1400 816 1407 823 ‘

797 923 1032 978 Censura
1056 923 1407 976 meditationis
1433 922 1487 975 2.

437 1035 498 1092 In
522 1036 773 1091 omnibus
800 1034 959 1088 editis
989 1034 1103 1088 hate
1130 1042 1306 1088 exstat
1345 1033 1422 1088 sic
1457 1033 1711 1102 inscripta
1737 1050 1749 1084 :
1783 1031 1936 1087 Liber

368 1127 438 1181 de
460 1126 671 1179 miseria
715 1122 959 1178 hominis.
1011 1123 1200 1177 Exstat
1227 1131 1280 1175 et
1307 1123 1358 1176 in
1387 1136 1490 1177 ms.
1538 1123 1807 1186 omnibus,
1838 1122 1936 1176 sed

375 1215 588 1271 diverso
618 1211 718 1267 sub
743 1210 918 1266 titulo.
969 1211 1025 1266 ln
1055 1226 1156 1266 ms.
1190 1212 1251 1265 Ι).
1282 1210 1438 1281 Bigot
1465 1212 1768 1266 intitulatur
1799 1229 1814 1264 :
1857 1210 1932 1265 De

375 1312 564 1357 terrore
611 1301 828 1356 extremi
874 1301 1091 1370 judicii.
1133 1302 1213 1355 ln'
1241 1317 1344 1364 ms.
1374 1301 1519 1356 2024
1549 1301 1683 1355 Bibl.
1724 1301 1930 1371 Regia,

372 1392 424 1445 in
452 1406 554 1446 ms.
575 1389 808 1446 Cisterc.
830 1394 886 1442 et
913 1391 965 1442 in
991 1390 1110 1444 aliis
1137 1390 1455 1445 inscribitur
1503 1408 1516 1444 :
1559 1389 1832 1443 Medit‘atio
1863 1390 1932 1442 ad

367 1482 736 1538 concitandum
762 1483 1019 1536 timorem.
1037 1466 1268 1536 Consule
1297 1481 1474 1535 varias
1494 1480 1771 1536 lectiones.
1785 1481 1934 1535 Illam

365 1573 438 1628 ab
468 1572 706 1628 Anselmi
731 1572 1011 1647 monachis
1037 1587 1097 1627 se
1125 1570 1396 1640 accepisse
1426 1570 1615 1625 scribit
1653 1570 1935 1626 Durandus

365 1664 532 1734 epist.
561 1664 651 1728 6|,
694 1661 817 1719 libri
866 1680 905 1720 t.
947 1664 1026 1719 Ex
1060 1662 1166 1732 qua
1192 1670 1246 1716 et
1292 1677 1357 1716 ex
1393 1661 1632 1720 Anselmi
1676 1676 1935 1731 responso

359 1754 540 1826 liquet
567 1756 690 1810 eam
712 1755 781 1810 ab
814 1755 1070 1811 Anselmo
1086 1767 1206 1808 esse
1235 1753 1434 1808 editam
1477 1762 1765 1823 antequam
1793 1753 1937 1808 essiet

371 1847 559 1910 abbas.
581 1846 687 1900 hoe
721 1855 806 1900 est
848 1853 973 1899 ante
1000 1859 1199 1898 annum
1255 1841 1412 1896 1078.
1438 1841 1495 1895 In
1527 1832 1617 1896 illa
1649 1841 1795 1895 enim
1820 1841 1933 1894 An-

370 1936 572 1990 selmus
600 1949 703 1988 non
728 1941 788 1988 ut
812 1933 980 1993 abbas
1005 1932 1290 1996 salutatur,
1322 1945 1421 1986 nec
1467 1930 1521 1984 in
1564 1945 1630 1985 eo
1655 1931 1822 1986 abbas
1853 1930 1937 1984 in-

368 2023 645 2079 scribitur.
669 2021 953 2076 Durandus
972 2031 1148 2076 autem
1177 2021 1315 2075 hanc
1343 2019 1739 2075 meditationem
1781 2036 1938 2075 acce-

368 2123 550 2184 perat.
584 2113 708 2168 dum
737 2113 887 2168 esset"
919 2112 1089 2168 abbas
1108 2111 1424 2167 monasterii
1457 2110 1750 2177 Casa-Dei,
1785 2111 1937 2180 cujus

371 2205 618 2275 regimen
643 2205 810 2259 tenuit
838 2204 906 2258 ab
933 2218 1075 2258 anno
1099 2203 1234 2258 1068
1261 2202 1327 2260 ad
1357 2217 1482 2256 ann.
1526 2202 1685 2265 i078,
1734 2202 1840 2271 quo
1882 2204 1934 2256 in

371 2295 704 2350 Claremout.
734 2293 877 2350 Eccl.
923 2294 1091 2364 episc.
1124 2293 1328 2348 electus
1360 2301 1462 2346 est.
1511 2290 1664 2346 Unde
1689 2292 1936 2346 ab-anno

373 2385 518 2442 {068
540 2385 606 2450 ad
662 2401 747 2439 an.
796 2384 953 2451 {078,
1002 2400 1109 2456 quo
1157 2383 1444 2439 Anselmus
1495 2381 1779 2438 Beccensis
1823 2399 1938 2438 mo-

374 2477 599 2532 nasterii
647 2471 822 2533 {actus
872 2484 957 2532 est
979 2476 1176 2542 abbas,
1235 2490 1352 2530 eam
1402 2474 1658 2544 scriptam
1712 2489 1831 2530 esse
1877 2475 1938 2530 ﬁt

374 2567 742 2624 manifestum.

439 2656 750 2712 Hanccitat
793 2655 852 2712 S.
912 2656 1202 2726 Bonayent.
1267 2670 1317 2710 e.
1356 2656 1391 2710 5
1435 2655 1682 2725 Soliloq.,
1732 2663 1788 2710 et
1815 2670 1937 2710 eam

369 2746 581 2816 integre
628 2745 886 2803 describit
921 2738 993 2802 ’8.
1041 2745 1384 2816 Antoninus,
1449 2763 1505 2817 p.
1562 2763 1636 2812 ιι,
1684 2748 1769 2801 tit.
1823 2748 1935 2813 t6,

371 2834 719 2909 αιδην.
1200 2871 1212 2875 -

446 2923 561 2980 Duo
603 2916 691 3008 hic
733 2915 1014 2992 iobservo,
1075 2928 1126 2982 t.
1183 2925 1325 3008 Inter
1349 2928 1406 2984 S.
1452 2930 1706 3008 Bernardi
1771 2945 1933 3002 Opera
1960 2927 2003 2985 C

339 3028 344 3029 ’
372 3025 585 3072 exstare
613 3005 807 3071 librum
833 3016 924 3086 qui
952 3017 1204 3072 eumdem
1230 3006 1464 3085 titulum,
1499 3017 1573 3072 De
1597 3005 1806 3073 miseria
1839 3023 1935 3073 Ito-

367 3106 526 3159 ntinis
542 3146 558 3170 ,
581 3103 828 3174 praefert;
861 3107 954 3160 sed
979 3105 1070 3177 qui
1093 3104 1160 3161 ab
1210 3107 1313 3162 isto
1335 3108 1556 3162 omnino
1571 3109 1711 3162 alius
1733 3118 1843 3173 est;
1875 3110 1932 3165 2.

366 3193 544 3263 Ipsam
585 3191 724 3249 inter
747 3205 936 3263 preces
958 3210 992 3249 ι·
1010 3183 1219 3252 Joanne
1240 3197 1434 3252 abbate
1457 3199 1714 3255 collectas
1749 3202 1932 3256 haberi

367 3284 422 3339 in
443 3283 570 3338 eod.
597 3299 700 3337 ms.
729 3283 991 3340 Mettensi.
1022 3285 1175 3354 Quod
1206 3303 1311 3342 non
1350 3283 1457 3343 levi
1510 3300 1827 3359 argumento
1853 3300 1938 3347 est

365 3385 564 3443 preces
613 3374 748 3427 istas
794 3374 863 3428 ab
903 3385 968 3428 eo
1022 3377 1194 3445 magis
1237 3379 1536 3446 exscriptas
1594 3393 1715 3433 esse
1774 3395 1935 3450 quam

365 3464 720 3535 centpositas,
751 3474 809 3519 ut
831 3461 997 3520 fusius
1024 3466 1162 3523 infra
1185 3467 1696 3524 demonstrabimus.

802 3577 1033 3633 Censura
1056 3580 1408 3635 meditationis
1435 3581 1487 3636 5.

444 3689 573 3744 Haec
625 3690 687 3744 in
727 3691 978 3745 omnibus
1009 3691 1169 3746 editis
1193 3701 1246 3747 et
1277 3707 1408 3748 mss.
1441 3691 1844 3746 lleditationcm
1873 3690 1932 3746 S.

368 3779 613 3836 Anselmi
641 3781 1035 3850 exemplaribus
1064 3782 1257 3851 legitur
1283 3800 1306 3835 τε
1331 3783 1737 3853 inscriptionum
1761 3784 1938 3843 diver-

370 3865 590 3924 sitatem
622 3868 738 3926 vide
762 3869 812 3922 in
839 3871 1001 3923 variis
1014 3869 1353 3926 lectionibus.

447 3957 617 4028 ipsam
670 3973 862 4014 censeo
892 3975 959 4013 ex
1012 3961 1116 4014 illis
1167 3975 1286 4016 esse
1326 3962 1542 4016 contriti
1574 3963 1751 4018 cordis
1806 3977 1939 4033 opu-

369 4045 545 4100 sculis
599 4060 713 4114 qua-
765 4045 1346 4130 prml'atusnnrandus
1368 4051 1636 4119 accepisse
1665 4067 1722 4105 se
1751 4062 1935 4122 gratu-
1981 4088 1985 4093 -

371 4131 956 4202 laturinpwudductt
1012 4137 1205 4205 epist.;
1263 4138 1403 4190 unde
1450 4147 1504 4192 et
1532 4139 1718 4192 eadem
1774 4141 1934 4195 :ctate

2342 274 2576 327 Censura
2593 258 2979 328 ntctlitationum
3004 271 3065 339 4,
3086 269 3122 326 5
3145 283 3191 328 et
3217 272 3274 327 8.

2096 365 2243 418 Inter
2270 363 2331 419 S.
2359 365 2596 418 Auselmi
2623 365 3015 425 tneditationcs,
3042 379 3136 418 eas
3157 363 3359 418 habent
3401 362 3585 416 omnia

2028 469 2158 508 mss.
2213 469 2334 510 cum
2388 454 2582 522 quibus
2603 454 2809 508 coliatre
2844 463 2963 509 sunt
2991 462 3044 506 et
3087 468 3190 506 ms.
3221 451 3390 515 909.4,
3445 451 3583 506 Bibl.

2029 542 2229 612 Regia),
2261 551 2315 596 et
2331 557 2432 596 ms.
2465 543 2524 595 D.
2555 542 2726 609 Bigot.
2760 544 2890 595 Vide
2916 541 3384 594 variaslcctiones.

2146 701 2148 704 ν
2455 632 2686 686 Censura
2737 633 3084 685 meditationis
3113 633 3163 683 't'.

2099 724 2228 778 Eam
2242 723 2734 794 PaterRaynaudu's
2758 705 3588 796 ediditcompositamet'diversis

2035 816 2278 883 partibus
2306 830 2427 884 qua:
2449 815 2508 871 in
2540 813 2660 868 aliis
2690 814 3023 879 orationibus
3083 813 3327 880 leguntur
3358 826 3585 878 quarunt

2033 903 2090 956 S.
2113 891 2348 956 Anseln‘ti
2374 912 2456 955 est
2482 911 2670 955 auctor
2697 902 2983 954 indubins:
3018 914 3136 960 nos,
3192 900 3261 952 iis"
3305 901 3553 967 Sepositis
3571 940 3586 959 ,

2034 992 2179 1045 illam
2209 992 2455 1045 dedimus
2507 991 2610 1044 illis
2651 992 2914 1044 duntaxat
2965 991 3283 1042 instructam
3322 1004 3440 1056 qua:
3491 988 3589 1055 ipsi

2033 1091 2159 1138 sunt
2179 1083 2391 1154 propria
2418 1097 2517 1136 nec
2543 1084 2596 1136 in
2632 1082 2750 1136 aliis
2777 1083 3135 1150 reperiuntur.

2104 1173 2266 1227 Primi
2297 1173 2402 1228 duo
2430 1172 2652 1241 hujusce
2665 1173 3026 1232 meditationis
3057 1171 3593 1240 paragrapliibabcn-

2035 1270 2123 1315 tur
2151 1262 2203 1316 in
2254 1278 2356 1316 ms.
2397 1261 2456 1316 8.
2509 1261 2667 1316 Mart.
2692 1262 2945 1325 Tornac.,
2981 1261 3132 1329 cujus
3173 1270 3590 1330 transsntuptum

2034 1353 2186 1407 nobis
2207 1353 2427 1408 missum
2457 1361 2539 1408 est
2575 1371 2589 1407 :
2631 1354 2764 1408 duos
2785 1354 2918 1407 alios
2949 1354 3001 1406 in
3032 1354 3176 1406 nullo
3207 1370 3306 1407 ms.
3331 1353 3591 1422 comperi.

2033 1451 2090 1495 et
2128 1442 2182 1496 in
2233 1441 2346 1496 sola
2392 1441 2455 1496 P.
2509 1440 2787 1511 Theophili
2848 1442 2950 1496 [ide
3002 1433 3216 1511 protuli,
3271 1457 3335 1496 eo
3379 1443 3593 1509 quidem

2034 1530 2283 1586 libentius
2338 1532 2481 1602 quod
2525 1532 2581 1586 in
2638 1533 2718 1587 eis
2744 1541 2976 1587 mentem
3003 1541 3058 1587 et
3083 1533 3313 1603 linguam
3357 1533 3594 1586 Ansehni

1964 1605 2008 1658 Β
2035 1623 2294 1677 noverim.

2105 1709 2454 1766 Dissimulare
2474 1711 2562 1768 hic
2581 1727 2796 1783 nequeo
2821 1714 2955 1769 duos
2983 1714 3191 1782 priores
3221 1714 3586 1782 paragraphos

2035 1800 2275 1871 integros
2295 1801 2395 1870 legi
2418 1803 2467 1856 in
2492 1803 2629 1857 libro
2656 1804 2730 1856 De
2753 1805 3062 1857 contritione
3088 1806 3281 1867 cordis,
3311 1805 3400 1872 qui
3424 1811 3598 1858 exstat

2034 1891 2089 1944 in
2116 1892 2571 1960 Appenuieetom.
2608 1893 2678 1947 IX
2703 1891 2934 1962 Operum
2980 1892 3038 1946 S.
3067 1895 3368 1962 Augustini.
3401 1893 3595 1947 Verum

2035 1979 2089 2034 id
2113 1979 2242 2033 nihil
2286 1979 2428 2048 juris
2473 1981 2532 2035 S.
2575 1981 2829 2035 Anselmo
2855 1981 3112 2043 detrahit,
3164 1997 3286 2035 cum
3340 1982 3470 2033 lillCl‘
3498 1981 3597 2036 iste

2035 2068 2169 2122 nihil
2195 2069 2266 2122 sit
2289 2068 2604 2138 aliudquam
2632 2082 2944 2139 excerptum
2969 2085 3032 2124 ex
3057 2072 3593 2124 variismetlitationi-

2034 2157 2138 2214 bus
2176 2166 2234 2212 et
2284 2159 2621 2221 orationibus
2668 2177 2804 2230 quas
2843 2160 3079 2214 Anselnti
3117 2163 3407 2232 csseomni
3447 2172 3598 2214 certo

2035 2248 2236 2302 certius
2255 2257 2356 2303 est.
2390 2248 2445 2302 Id
2478 2250 2616 2303 intra
2644 2250 3134 2303 demonstrabimus
3158 2250 3210 2303 in
3236 2249 3443 2317 judicio
3477 2251 3596 2303 libri

2035 2337 2101 2392 de
2123 2339 2295 2393 cordis
2326 2340 2650 2393 contritione.

2487 2428 2716 2484 Censura
2746 2431 3097 2484 meditationis
3113 2431 3165 2484 8.

2104 2519 2170 2574 Δ.
2230 2519 2292 2575 P.
2352 2520 2651 2590 Theophila
2691 2523 2921 2591 primum
2950 2523 3090 2576 edita
3130 2531 3212 2577 est
3248 2537 3312 2602 es
3367 2537 3468 2575 ms.
3513 2523 3598 2576 lii-

2036 2609 2226 2665 hlioth.
2253 2610 2445 2678 ,Vatic.
2475 2620 2531 2665 ct
2586 2612 2637 2666 in
2692 2614 2753 2666 ca
2799 2612 2932 2666 nihil
2971 2613 3203 2667 occurrit
3231 2613 3287 2666 S.
3348 2613 3600 2666 Ansclmo

2038 2701 2337 2774 indignum.
2834 2771 2837 2773 _

2255 2848 2257 2851 ,
2459 2789 2691 2845 Censura
2720 2792 3068 2846 meditationis
3106 2792 3159 2846 9.

2112 2879 2236 2936 Hinc
2261 2881 2560 2947 meditatio,
2585 2896 2702 2950 qua:
2734 2880 2955 2948 incipit,
2982 2879 3162 2933 Jesnm
3217 2879 3550 2932 Nazarcmsm
3580 2917 3594 2941 ,

2033 2981 2162 3037 etc.,
2181 2972 2323 3026 inter
2345 2971 2403 3025 8.
2434 2972 2666 3025 Anselmi
2689 2970 2867 3040 Opera
2905 2972 2954 3024 in
2979 2971 3227 3024 omnibus
3247 2969 3598 3036 cscusislcgi-

2035 3067 2123 3114 tur
2151 3061 2250 3114 sub
2278 3060 2377 3114 hoc
2425 3059 2576 3112 titulo
2609 3074 2624 3111 :
2651 3058 2923 3126 Speculum
2970 3059 3248 3128 evangelici
3303 3060 3595 3122 sermonis;

2035 3150 2191 3213 alias,
2230 3149 2486 3204 Stimnlus
2512 3151 2726 3203 amoris.
2749 3149 2804 3203 lu
2837 3165 2934 3202 ms.
2962 3149 3023 3202 D.
3058 3149 3207 3217 Bignt
3239 3149 3547 3202 inscribitur
3580 3166 3594 3201 :

2037 3241 2112 3295 De
2144 3241 2498 3305 humanitate;
2535 3240 2586 3292 in
2625 3255 2725 3293 ms.
2759 3240 2990 3294 ()ratorii
3023 3238 3193 3292 Paris.
3224 3241 3364 3294 hunc
3389 3240 3596 3292 titulum

2037 3329 2236 3384 habet:
2280 3323 2467 3382 Passio
2523 3327 2729 3382 Domini
2782 3329 2945 3403 nostri
3007 3329 3130 3381 Iesu
3171 3328 3388 3385 Christi.
3417 3332 3598 3382 mundi

2036 3419 2363 3482 Saluatoris,
2419 3416 2700 3472 secundum
2758 3418 2821 3471 Β.
2863 3421 3160 3472 Anselmmn
3202 3410 3595 3489 arcltiepisci..lu

2036 3518 2165 3563 tom.
2198 3508 2304 3571 \‘ll,
2330 3509 2565 3577 Operum
2601 3508 2658 3561 S.
2716 3508 2911 3562 Bonav.
2940 3524 3076 3562 unus
3098 3520 3273 3563 exstat
3317 3502 3458 3564 liber
3503 3512 3593 3565 cui
3621 3545 3625 3551 -

2039 3600 2262 3656 titulus:
2304 3601 2558 3655 Stimulns
2604 3602 2836 3664 amoris;
2862 3611 2917 3669 at
2945 3608 3089 3653 totus
3144 3602 3212 3653 ab
3245 3603 3347 3654 isto
3403 3603 3592 3655 distat.

2037 3690 2228 3747 Fateor
2255 3690 2465 3758 quidem
2496 3689 2632 3743 inter
2667 3689 2723 3742 S.
2777 3689 3031 3743 Bernardi
3078 3688 3254 3757 Opera
3304 3705 3596 3743 nt~eur.ere

2038 3781 2174 3834 hanc
2205 3779 2605 3832 meditationem
2638 3779 2979 3846 inscriptam:
3011 3778 3190 3831 Sermo
3249 3779 3311 3832 Β.
3341 3779 3596 3832 Bernurdi

2036 3871 2101 3928 de
2140 3869 2393 3922 Passione
2422 3868 2653 3922 Domini.
2710 3868 2882 3931 At‘S.
2917 3868 3188 3923 Bcrnardo
3228 3884 3344 3923 eam
3388 3871 3598 3935 abjudi-

2037 3970 2162 4016 cant
2202 3959 2290 4029 qui
2343 3973 2462 4038 eam
2515 3957 2773 4010 Bcrnardi
2809 3955 2948 4026 ston
3004 3957 3222 4012 minime
3271 3959 3597 4026 descriptum

2037 4046 2350 4111 advertunt;
2395 4059 2492 4098 nec
2523 4059 2620 4114 ego
2649 4054 2766 4096 eam
2788 4043 3045 4105 Anselmo
3073 4045 3279 4098 ﬁrmius
3325 4062 3588 4107 asseram,

2036 4153 2158 4191 cum
2187 4138 2238 4189 in
2269 4151 2332 4188 ea
2357 4133 2591 4188 Auselmi
2620 4133 2777 4186 verba
2801 4149 2904 4187 non
2923 4133 3129 4202 legam;
3165 4135 3225 4189 in
3251 4136 3394 4198 nullo
3415 4144 3593 4198 tamen

373 4241 493 4281 eam
553 4223 718 4280 fuisse
749 4227 1102 4296 compositam
1149 4243 1254 4298 qua
1296 4227 1603 4297 praecedens
1648 4215 1789 4285 ediia
1828 4242 1938 4301 est,
1973 4226 2154 4300 Dejus
2188 4226 2442 4277 doctrina:
2488 4238 2552 4276 ac
2576 4222 2756 4291 pietati
2809 4231 3086 4290 repugnat,
3132 4231 3184 4276 et
3212 4239 3424 4280 nomen
3472 4224 3595 4291 ejus

376 4312 562 4371 lubens
588 4320 844 4373 concedo.

447 4403 504 4458 P.
535 4400 859 4476 Theophilus
890 4410 940 4462 in
969 4426 1064 4463 sua
1091 4409 1311 4479 hujusce
1341 4410 1697 4466 meditationis
1723 4413 1931 4479 syntaxi

379 4495 616 4563 agitatan
643 4513 737 4551 sua
765 4498 864 4552 sibi
887 4501 1329 4569 criminasztoque
1351 4502 1618 4555 nomian
1650 4501 1935 4558 Anselmns

375 4583 468 4638 hic
494 4586 776 4656 exprobret
828 4599 882 4644 et
928 4591 1320 4654 describat;'ct
1367 4598 1606 4660 negando
1634 4592 1932 4657 concludit,

369 4688 443 4728 ne
465 4673 581 4743 plus
609 4692 764 4745 sequo
793 4693 900 4732 sua:
920 4679 1087 4732 tanta:
1109 4680 1362 4756 prodigus
1376 4679 1604 4733 Sanctus
1636 4679 1720 4734 hic
1746 4683 1935 4736 doctor

363 4762 655 4833 juficctur.
720 4768 914 4822 Verum
971 4770 1250 4824 delicatior
1314 4770 1426 4823 haec
1473 4771 1602 4824 mihi
1678 4771 1788 4824 visa
1849 4781 1932 4826 est

369 4858 560 4925 religio
591 4876 604 4912 :
664 4859 734 4913 Ut
776 4862 902 4929 quid
930 4860 1181 4918 'Ansclmi
1217 4861 1599 4916 conscientiam
1639 4869 1927 4915 excutere.

365 4958 528 5014 quem
557 4960 588 4998 a
619 4945 834 5014 pietatis
862 4949 1038 5002 studio
1066 4941 1356 5003 recessisse
1379 4959 1436 5001 ut
1458 4949 1560 5003 sibi
1605 4949 1923 5018 indulgeret.

366 5034 669 5090 Eadmcrus
725 5037 838 5105 ipse
900 5038 1121 5091 scribit?
1177 5037 1274 5093 Sat
1328 5038 1399 5092 sit
1454 5036 1760 5092 Anselmum
1822 5053 1932 5091 sua:

360 5127 667 5196 jurentutis
718 5128 910 5183 delicta
963 5143 1102 5181 verm
1161 5117 1490 5200 pmnitentia:
1540 5128 1796 5196 lacrymis
1844 5127 1944 5180 di--

366 5217 537 5273 luisse

441 5306 635 5362 Plures
717 5308 935 5376 hujusce
1004 5303 1363 5365 meditatibnis
1420 5308 1714 5365 sententias
1769 5307 1926 5364 habet

2020 4315 2349 4386 .prazl‘ert-in:
2385 4314 2634 4369 omnibus
2661 4314 2822 4368 etiam
2857 4315 3245 4382 antiquioribus
3282 4317 3514 4383 excusis,
3540 4327 3594 4373 et

2036 4407 2088 4458 iu
2112 4403 2380 4473 aliquibus
2415 4404 2548 4456 niss.

2388 4525 2391 4528 ι
2428 4490 2684 4544 ιϐειιειιτα
2713 4493 3060 4545 meditationis
3088 4492 3167 4544 l0.

2104 4584 2179 4637 Ex
2229 4598 2327 4637 ms.
2392 4581 2563 4635 V'atic.
2614 4597 2731 4634 eam
2780 4581 2840 4635 P.
2875 4581 3154 4650 'l‘heuphil.
3210 4583 3405 4652 publici
3455 4583 3593 4653 juris

2035 4673 2188 4732 fecit:
2231 4684 2285 4728 et
2324 4675 2452 4728 mihi
2491 4689 2594 4728 non
2623 4683 2705 4727 est
2751 4673 2889 4726 unde
2915 4673 3059 4727 illam
3097 4673 3154 4728 8.
3199 4676 3436 4732 Ansclmi
3486 4692 3590 4733 non

2032 4781 2153 4821 esse
2166 4765 2421 4834 judicem.
3130 4823 3135 4827 ,

2447 4853 2677 4908 Censura
2713 4854 3065 4908 meditationis
3097 4855 3182 4909 ll.

2103 4946 2157 5000 In
2187 4946 2439 4998 omnibus
2481 4954 2590 4998 tam
2643 4946 2858 5003 excusis
2886 4961 3043 5013 quam
3098 4961 3228 5009 mss.
3255 4945 3314 5000 8.
3346 4945 3587 5010 Ansrim:

2030 5037 2466 5093 meditationibus
2513 5035 2627 5090 lucc
2671 5034 2885 5103 legitur.
2939 5035 2992 5087 In
3054 5050 3154 5088 ms.
3211 5035 3290 5089 22.
3336 5036 3582 5091 biblintti.

2028 5126 2272 5182 Lincoln.
2301 5125 2457 5179 habet
2487 5125 2626 5178 hunc
2644 5120 2873 5185 titulum,
2903 5123 3303 5177 Derecreatione
3341 5126 3585 5180 hominis.

2029 5217 2279 5274 Diversus
2305 5214 2486 5269 titulos
2506 5215 2626 5268 vide
2656 5214 2712 5266 in
2738 5215 2900 5267 variis
2932 5215 3267 5279 lectionibus.

2099 5297 2396 5365 Eadmerus
2423 5305 2458 5357 l.
2515 5321 2573 5359 ιι.
2621 5304 2695 5357 De
2723 5303 2837 5372 ejus
2869 5305 3024 5368 Vita.
3049 5314 3271 5358 testatur
3301 5307 3470 5373 ipsam
3517 5309 3584 5363 ab

365 5412 418 5453 c.
466 5396 538 5464 59
578 5399 698 5453 libri
753 5400 1150 5455 Meditationum
1181 5441 1195 5464 ,
1226 5402 1314 5470 qui
1355 5399 1413 5456 8.
1453 5401 1752 5471 Augustino
1787 5400 1927 5456 'falso
2023 5397 2283 5455 Anselmo
2315 5394 2554 5463 Lugduni
2612 5395 2864 5462 scriptam
2903 5409 3022 5448 esse
3044 5411 3191 5450 anno
3245 5397 3382 5452 £099
3407 5430 3430 5462 ,-
3463 5408 3584 5468 post

369 5486 645 5544 tribuitur.

2029 5489 2217 5542 lzbtum
2255 5487 2326 5539 De
2356 5496 2595 5554 conceptu
2623 5486 2876 5549 rirqinali,
2913 5495 3015 5540 etc.
